3818 6168
169 292 250 348 969

1014 285 1446 341 ALLEGORIE
1483 285 1562 342 IN
1601 287 1891 344 SACRAM
1931 287 2412 345 SCRIPTURAM‘.

3245 288 3350 352 970

166 415 294 471 corde
309 429 393 467 suo
410 409 892 480 concupiscentiam
913 411 1211 476 occultare,
1243 411 1380 482 quin
1401 413 1522 482 ejus
1559 412 1672 466 vir-
1691 415 1743 474 Α
1825 417 2058 482 Impius,
2087 415 2328 484 populus
2354 415 2621 470 Iudaicus
2657 415 2944 470 Christum
2983 433 3348 509 persequens,
3432 465 3444 478 .

166 511 282 558 tates
303 501 642 554 destruantur.
671 501 825 565 Ignis
871 515 1036 570 paena
1071 505 1302 565 aeterna,
1336 506 1400 554 ut
1439 500 1497 554 in
1527 500 1630 555 Job
1657 519 1670 567 ;

165 611 184 642 ι
207 588 454 646 Devorabit
505 603 628 641 eum
674 587 842 657 ignis,
891 589 988 658 qui
1037 605 1148 642 non
1193 589 1549 644 succenditur
1567 589 1608 654 ¹,
1643 607 1671 642 ro

163 679 274 750 quod
298 675 562 748 reprobum
589 675 896 746 quemlibet
923 677 1070 746 ignis
1107 677 1398 748 gehennae,
1439 679 1535 749 qui
1562 693 1676 732 non

159 765 456 831 consumitur,
475 770 680 818 exuret.
693 766 842 832 Ignis
865 781 1054 830 urens,
1086 773 1174 820 est
1188 766 1420 838 spiritus
1433 767 1671 834 fervens,

158 855 328 909 dicente
347 854 541 924 psalmo
564 872 576 906 :
601 871 626 904 «
648 853 754 917 Qui
774 853 911 907 facis
943 855 1175 924 angelos
1203 861 1332 910 tuos
1361 855 1634 926 spiritus’,
1647 875 1671 907 »

155 944 266 1014 quod
289 942 577 1012 spirituales
607 941 756 997 viros
795 943 1090 997 constituis
1119 944 1348 998 nuntios
1377 945 1628 999 veritatis
1659 963 1672 998 :

1756 508 1821 556 ut
1847 503 1906 556 in
1934 501 2036 556 Job
2070 520 2081 556 :
2105 521 2129 554 ι
2162 503 2320 557 Sicut
2339 502 2568 574 impius,
2595 503 2857 559 inimicus
2886 505 3124 571 meus“,
3149 524 3178 559 ι»
3201 501 3351 578 quod

1755 590 1912 662 plebs
1929 591 2178 656 Iudaica,
2203 608 2328 662 quae
2347 593 2632 648 Christum
2653 595 3037 664 persequendo
3073 595 3350 663 imitatur,

1755 678 2046 749 impietate
2075 679 2240 750 plena
2260 686 2364 734 est.
2388 682 2618 749 Impius,
2643 681 2882 752 quilibet
2900 680 3188 752 reprobus,
3211 679 3354 738 utin

1756 765 1860 820 Job
1891 784 1902 819 ε
1934 785 1962 820 α
1998 767 2130 820 Haec
2153 772 2241 820 est
2267 783 2398 838 pars
2436 767 2681 822 hominis
2727 767 2887 839 impii
2911 769 2976 834 ¹⁵,
3011 790 3039 822 »
3073 769 3222 840 quod
3261 786 3353 825 re-

1758 855 1966 926 probus
1995 855 2231 925 quilibet
2260 861 2480 926 partem
2509 856 2567 910 in
2596 873 2762 927 poena
2791 862 3002 912 aeterna
3037 857 3207 913 habet
3225 875 3356 913 cum

1759 943 2000 998 diabolo.
2021 945 2252 1012 Impius,
2271 945 2666 1011 Antichristus,
2685 953 2751 1000 ut
2785 946 2846 1000 in
2865 947 3104 1001 Psalmis
3126 964 3138 999 :
3160 965 3187 999 α
3207 948 3355 1003 Dum

159 1054 174 1082 ι
201 1037 245 1086 et
265 1030 518 1084 ministros
544 1036 690 1097 tuos,
722 1031 912 1101 ignem
943 1036 1221 1098 urentem,
1249 1051 1274 1085 ρ
1304 1033 1453 1104 quod
1477 1033 1676 1104 spiritu
1760 1031 2014 1104 superbit
2031 1032 2257 1104 impius,
2291 1033 2610 1088 incenditur
2647 1051 2862 1106 pauper
2880 1035 2944 1100 ¹⁶,
2980 1054 3007 1088 n
3040 1036 3190 1106 quod
3219 1036 3355 1090 dum

151 1121 371 1174 ferventes
410 1119 536 1173 facis
574 1119 678 1173 tibi
725 1121 1050 1175 servientes.
1084 1121 1225 1175 Item
1260 1139 1274 1175 :
1311 1140 1336 1172 «
1388 1122 1495 1186 Qui
1541 1122 1678 1176 facis
1759 1121 1818 1175 in
1848 1126 2072 1176 tantum
2085 1121 2466 1176 Antichristus
2484 1123 2786 1190 extollitur,
2808 1124 3052 1180 humiles
3075 1124 3146 1179 ab
3171 1141 3238 1180 eo
3262 1141 3358 1197 op-

155 1230 170 1258 ι
191 1209 378 1278 angelos
402 1213 520 1262 tuos
543 1209 776 1279 spiritus
795 1209 838 1275 ³,
874 1228 901 1260 1)
935 1210 1084 1280 quod
1113 1209 1209 1280 qui
1242 1215 1376 1264 sunt
1417 1211 1676 1282 incorpo-
1758 1209 3124 1283 primuntur.Impius,antiquushostis,utinJob;
3143 1215 3360 1270 «Terra

149 1298 208 1351 rei
229 1297 443 1368 spiritus,
458 1298 678 1368 quando
707 1298 807 1365 vis,
827 1299 1014 1352 nuntii
1053 1299 1191 1354 fient
1215 1303 1327 1354 tuae
1351 1299 1520 1366 vocis,
1556 1318 1582 1351 (ι
1621 1305 1679 1354 et
1762 1317 1790 1352 α
1815 1299 1950 1354 data
1978 1303 2066 1353 est
2101 1299 2162 1353 in
2199 1315 2404 1354 manus
2440 1299 2598 1372 impii
2617 1301 2681 1366 '7,
2719 1318 2742 1352 r
2777 1302 2926 1372 quod
2969 1318 3100 1356 caro
3149 1302 3360 1358 Christi

151 1406 170 1435 ι
190 1386 435 1440 ministros
471 1393 598 1440 tuos
643 1385 833 1457 ignem
880 1387 1198 1451 urentem‘,
1249 1408 1272 1439 ι
1319 1388 1468 1459 quod
1505 1389 1674 1443 etiam
1757 1388 1968 1442 tradita
1995 1394 2082 1442 est
2108 1387 2166 1442 in
2194 1393 2530 1460 potestatem
2561 1389 2769 1444 diaboli
2797 1391 2868 1444 ad
2898 1391 3236 1462 passionem.

149 1475 384 1546 Serapbim
409 1475 466 1529 in
493 1475 870 1530 ministerium
895 1482 1059 1530 tuum
1090 1477 1288 1541 mittis,
1314 1480 1334 1500 ⁶
1353 1477 1558 1531 ardens
1587 1478 1676 1531 in-
1829 1479 2010 1533 Imber
2054 1483 2140 1532 est
2183 1478 2460 1546 Christus,
2504 1483 2569 1533 ut
2603 1478 2666 1533 in
2709 1479 2856 1534 Osca
2887 1494 2902 1534 :
2937 1497 2964 1532 ι
2993 1480 3166 1534 Venit
3198 1479 3360 1535 nobis

145 1569 441 1634 terpretatur.
482 1565 655 1630 Ignis,
689 1565 1003 1636 indignatio
1045 1565 1266 1630 dicitur,
1297 1567 1462 1636 juxta
1488 1566 1628 1621 illud
1659 1585 1672 1619 :
1759 1566 1919 1636 quasi
1960 1565 2142 1620 imber
2187 1571 2585 1638 temporaneus
2627 1573 2686 1622 et
2727 1568 3009 1623 serotinus
3043 1573 3208 1624 terrae
3229 1569 3294 1634 ‘3,
3328 1587 3355 1622 ν)

149 1671 164 1702 ι
189 1652 435 1707 Concaluit
461 1669 556 1706 cor
584 1669 774 1708 meum
797 1653 949 1708 intra
977 1669 1066 1707 me
1080 1655 1122 1719 ⁵,
1151 1674 1174 1705 ι
1193 1654 1344 1725 quod
1363 1654 1678 1726 inquietum
1759 1655 1908 1726 quod
1927 1655 2187 1710 Christus
2197 1656 2368 1722 venit,
2377 1657 2472 1728 qui
2489 1657 2736 1728 primum
2756 1657 2985 1728 quidem
3001 1657 3062 1711 in
3077 1656 3362 1728 gentilita-

141 1741 271 1830 εαξρῇ
300 1757 426 1805 esse,
461 1760 485 1792 ‹
532 1747 597 1830 et
649 1743 708 1796 in
759 1742 1124 1798 meditatione
1183 1759 1312 1796 mea
1357 1743 1678 1799 exardescet
1699 1748 1893 1830 Btem,
1918 1749 1978 1798 et
1993 1744 2352 1815 postmodum
2385 1744 2444 1800 in
2473 1745 2742 1812 Judzeam,
2767 1746 3064 1800 humorem
3090 1763 3206 1802 suae
3227 1763 3360 1817 gra-

145 1849 161 1877 ε
186 1829 317 1899 ignis,
349 1847 373 1882 ι
405 1829 548 1901 quod
578 1837 829 1886 mentem
858 1832 1108 1886 corrodit
1149 1833 1370 1888 fervens
1414 1833 1676 1904 indigna-
1701 1829 1729 1830 ί
1759 1833 1850 1887 tiae
1866 1832 2089 1890 infudit.
2112 1835 2312 1898 Imber,
2331 1833 2654 1904 praedicatio
2675 1834 3005 1901 divrnitatis,
3035 1841 3101 1889 ut
3127 1834 3187 1889 in
3215 1834 3355 1890 Job:

139 1917 210 1971 tio.
223 1919 388 1973 Timeo
408 1919 555 1973 enim
591 1925 848 1975 sanctum
873 1921 1009 1975 dare
1037 1921 1270 1976 canibus
1293 1939 1304 1974 :
1334 1921 1507 1976 timeo
1526 1923 1678 1978 enim
1764 1942 1788 1973 ι
1821 1922 1890 1976 Et
1917 1921 2098 1976 imber
2125 1921 2472 1976 fortitudinis
2499 1939 2615 1977 suae
2635 1923 2700 1987 ‘9,
2736 1926 2756 1946 ⁴⁵
2793 1943 2816 1974 ι
2861 1928 2920 1977 et
2952 1924 3363 1994 praedicationis

138 2006 299 2060 cibaria
314 2024 510 2079 negare
533 2010 841 2076 conservis,
865 2016 923 2064 et
940 2011 1076 2064 dum
1097 2011 1167 2064 de
1186 2011 1292 2065 hac
1313 2012 1676 2067 ﬂuctuatione
1759 2010 2068 2065 divinitatis
2115 2027 2250 2064 suae.
2284 2013 2483 2077 Imber,
2534 2011 2844 2066 exuberans
2889 2012 3164 2077 doctrina,
3197 2018 3265 2068 ut
3302 2013 3361 2067 in

136 2097 308 2150 tacendi
326 2103 380 2150 et
391 2097 616 2153 dicendi
637 2099 898 2166 meditor,
921 2105 988 2154 ut
1005 2099 1214 2156 frustra
1234 2101 1515 2172 indignor.
1529 2104 1678 2170 Ignis
1759 2100 1787 2153 J
1793 2099 1863 2153 ob
1887 2117 1899 2152 :
1923 2118 1948 2150 «
1967 2099 2105 2164 Quis
2123 2099 2280 2153 dedit
2297 2099 2790 2154 vehementissimo
2808 2098 2976 2154 imbri
2995 2100 3283 2154 cursum”
3301 2101 3360 2154 7»

134 2185 311 2238 nomine
327 2187 600 2256 cupiditas
625 2187 978 2258 intelligitur,
1009 2189 1229 2244 dicente
1261 2189 1438 2244 David
1467 2208 1478 2242 :
1511 2211 1533 2240 ι
1560 2191 1678 2244 Vox
1761 2189 1909 2258 quod
1932 2189 2086 2243 solus
2108 2189 2260 2243 Deus
2289 2187 2422 2242 facit
2445 2193 2510 2242 ut
2536 2188 2791 2242 doctrina
2819 2187 3130 2243 exuberans
3159 2189 3230 2243 ab
3259 2189 3362 2244 ho-

133 2289 155 2320 ι
175 2273 363 2328 Domini
401 2275 790 2331 intercidentis
837 2279 1126 2332 ﬂammam
1182 2277 1330 2348 ignis
1348 2279 1391 2346 ⁸,
1443 2297 1465 2328 ι
1529 2279 1678 2350 quod
1755 2277 1912 2330 mine
1961 2277 2316 2348 suscipiatur.
2362 2279 2560 2342 Imber,
2611 2276 2842 2330 humilis
2885 2277 3160 2345 doctrina,
3191 2283 3258 2332 ut
3300 2277 3360 2332 in

130 2363 397 2430 pmdicaﬁo
416 2365 632 2420 Christi
662 2367 905 2422 destruit
926 2366 1174 2421 furorem
1193 2367 1386 2437 ignita:
1409 2367 1681 2438 cupidita-

131 2449 197 2502 tis.
222 2453 358 2518 Ignis
395 2454 700 2509 iracundos
729 2454 1010 2526 exprimit,
1038 2457 1204 2526 juxta
1229 2450 1370 2510 illud
1407 2475 1418 2509 :
1455 2476 1478 2508 ι
1504 2456 1674 2526 Ignis,

127 2555 147 2586 ε
168 2541 367 2607 grando,
392 2543 509 2606 nix,
535 2549 673 2610 etc.,
689 2543 920 2598 laudent
944 2560 1149 2598 nomen
1177 2544 1451 2612 Domini“,
1491 2564 1515 2597 »
1547 2545 1676 2600 dra-

127 2642 257 2681 cones
279 2629 700 2686 virulentissimi
732 2638 864 2686 sunt
884 2633 1534 2704 desperatissimiJgnis,
1563 2635 1678 2688 ira-

123 2717 253 2770 cundi
266 2737 278 2783 ;
289 2722 520 2787 grando,
536 2728 950 2792 persecutores;
967 2725 1083 2788 nix,
1101 2722 1405 2793 hypocriten
1425 2741 1438 2788 ;
1457 2725 1675 2790 glacies,

123 2803 334 2861 obdurati
357 2827 369 2875 ;
390 2813 634 2878 spiritus
644 2814 1042 2880 procellarum,
1064 2811 1418 2878 tumultuosi,
1441 2811 1499 2864 hi
1517 2811 1680 2866 nimi-

119 2907 214 2946 rum
238 2893 438 2950 faciunt
477 2897 720 2952 verbum
757 2898 858 2954 Dei
895 2898 1008 2953 sive
1057 2900 1308 2955 conversi
1348 2899 1679 2970 complenda

113 2980 364 3051 justitiam,
396 2987 513 3040 sive
558 2987 878 3056 incorrecti,
923 2987 1170 3043 debitam
1215 2989 1480 3061 patiendo
1508 2989 1678 3043 mise-

1761 2366 1909 2420 Isaia
1935 2365 2252 2420 :IMandabo
2270 2364 2514 2420 nubibus
2533 2365 2693 2431 meis,
2709 2382 2781 2420 ne
2800 2366 2999 2437 pluant
3033 2381 3206 2436 super
3233 2382 3360 2420 eam

1761 2454 1996 2510 imbrem
2018 2455 2086 2520 3‘,
2130 2474 2153 2506 ι
2185 2454 2244 2508 id
2273 2460 2360 2509 est
2387 2453 2844 2525 praedicatoribus
2873 2454 3035 2522 meis,
3069 2471 3143 2508 ne
3159 2455 3221 2508 in
3247 2455 3357 2509 hu-

1762 2544 1952 2598 milem
1993 2543 2294 2598 infundant
2329 2543 2660 2597 doctrinam.
2697 2544 2898 2609 Imber,
2929 2543 3264 2614 persecutio,
3296 2548 3362 2598 ut

1763 2633 1822 2688 in
1841 2632 2100 2688 Cantico:
2122 2651 2147 2684 «
2165 2631 2354 2688 Imber
2365 2630 2565 2686 abiit”
2587 2649 2612 2683 ι
2635 2631 2694 2686 id
2709 2636 2813 2696 est,
2836 2636 3143 2702 tempestas
3175 2648 3362 2703 perse-
3400 2623 3406 2629 ’

1761 2721 2002 2776 cutionis
2027 2721 2280 2776 cessavit.
2296 2722 2405 2775 Per
2419 2723 2673 2785 imbrem,
2697 2719 2866 2774 verba
2881 2720 3196 2787 doctorum,
3217 2726 3285 2775 ut
3299 2721 3360 2776 in

1761 2810 1864 2865 Job
1898 2829 1911 2864 :
1949 2829 1972 2862 ι
2005 2811 2156 2875 Quos
2176 2809 2386 2864 imbres
2413 2810 2692 2864 montium
2721 2810 2910 2880 rigant
2925 2808 2992 2875 ’3,
3029 2829 3051 2860 ι
3083 2809 3234 2880 quod
3257 2809 3359 2864 hu—
3395 2877 3402 2884 .

1762 2899 1923 2954 miles
1953 2899 2123 2954 verba
2149 2898 2476 2954 sublimium
2499 2899 2794 2953 doctorum
2815 2897 3140 2954 infundunt.

1833 2990 1999 3044 Inous
2027 2992 2114 3043 est
2131 2987 2406 3052 diabolus,
2429 2993 2495 3042 ut
2511 2987 2573 3041 in
2587 2986 2691 3042 Job
2724 3005 2735 3040 :
2771 3007 2794 3040 ι
2829 2988 2898 3042 Et
2925 2987 3168 3058 stringet
3187 2987 3351 3059 quasi

115 3069 240 3124 riam.
265 3074 411 3141 Ignis
440 3082 691 3131 aeternus
722 3093 888 3132 omne
915 3078 1141 3145 dicitur,
1171 3079 1240 3132 de
1271 3095 1382 3150 quo
1407 3095 1509 3150 per
1536 3079 1740 3150 psal-C
1762 3077 2106 3132 malleatoris
2123 3075 2348 3142 incus“,
2378 3095 2400 3127 ι
2428 3077 2577 3148 quod
2596 3081 2818 3131 aeternae
2839 3076 3216 3131 damnationis
3227 3083 3357 3131 tun-

113 3174 232 3213 mum
266 3180 276 3214 :
309 3181 332 3212 ¢
350 3165 576 3219 Cadent
607 3183 777 3236 super
803 3183 900 3222 eos
916 3167 1186 3222 carbones
1202 3168 1244 3233 ⁸,
1275 3187 1302 3220 ›)
1328 3169 1477 3239 quod
1496 3167 1676 3222 malos

108 3250 384 3318 oppriment
410 3253 471 3308 in
491 3255 718 3325 judicio
737 3256 915 3310 sancti
945 3257 1062 3311 zelo
1081 3257 1184 3310 Dei
1213 3256 1522 3312 ferventes:
1548 3275 1575 3308 α
1610 3256 1674 3310 In

111 3354 128 3380 ι
153 3336 316 3404 ignem
343 3342 583 3412 dejicies
617 3360 711 3398 eos
727 3344 768 3409 θ,
817 3364 842 3396 ››
895 3345 1318 3415 comparatione
1350 3351 1672 3399 sanctorum

106 3423 362 3484 damnatos
388 3449 401 3483 :
428 3450 458 3484 cr
481 3434 552 3487 In
584 3433 836 3487 miseriis
853 3449 966 3487 non
985 3433 1366 3500 subsistant“),
1393 3455 1414 3484 ι
1441 3433 1539 3488 sed
1552 3433 1673 3488 sine

104 3512 284 3572 defectu
325 3519 619 3575 deﬁcient.
671 3523 801 3589 Igne
841 3521 1093 3592 intellige
1139 3521 1490 3577 divinitatem
1537 3521 1675 3576 vitia

100 3609 255 3659 nostra
287 3610 307 3630 ⁶
333 3615 856 3664 consummantem.
890 3611 1050 3665 Unde
1087 3611 1148 3666 in
1174 3612 1300 3682 lege
1330 3616 1672 3683 praeceptum

98 3697 177 3756 est,
197 3697 334 3764 quod
347 3699 544 3753 Aaron
577 3698 850 3753 carbones
877 3699 1028 3754 vivos
1056 3717 1122 3754 ex
1152 3701 1282 3772 igne
1314 3701 1514 3756 altaris
1547 3719 1672 3755 sus-

96 3787 266 3852 ceptos,
299 3786 714 3859 thuribuloque
733 3805 906 3844 aureo
925 3789 1218 3862 impositos
1241 3791 1299 3845 in
1327 3795 1525 3845 sancta
1547 3806 1674 3845 san-

95 3875 274 3927 ctorum
283 3875 556 3944 deferret,
587 3883 650 3930 et
657 3878 774 3932 Deo
785 3878 919 3933 thus
932 3879 1002 3933 ad
1007 3880 1201 3934 oleret.
1215 3882 1407 3934 Aaron
1417 3879 1673 3934 Christus

94 3965 174 4024 est,
193 3967 430 4019 sacerdos
454 3966 828 4033 sacriﬁcium,
861 3969 1118 4022 carbones
1135 3971 1252 4022 viri
1277 3967 1471 4022 validae
1501 3967 1673 4022 virtu-

91 4054 179 4113 tes,
191 4053 329 4117 ignis
347 4058 568 4109 altaris
597 4055 779 4110 deitas
804 4055 1006 4124 Patris,
1031 4057 1386 4111 thuribulum
1405 4073 1664 4124 aureum,

91 4150 164 4188 cor
186 4139 367 4196 divina
393 4143 692 4216 sapientia
719 4144 946 4214 plenum
969 4149 1028 4198 et
1043 4145 1173 4214 igne
1201 4145 1480 4216 passionis
1507 4161 1670 4199 exco-

87 4233 210 4290 ctum
241 4249 251 4284 :
284 4231 500 4288 Sancta
513 4239 849 4288 sanctorum
869 4249 1046 4304 regna
1061 4234 1349 4288 caelorum.
1374 4234 1528 4288 Thus
1539 4234 1671 4288 ado-

88 4313 178 4369 lere
209 4318 338 4386 Deo,
371 4325 466 4375 est
495 4321 880 4393 acceptabiles
904 4322 1061 4376 Patri
1081 4322 1281 4377 offerre
1301 4339 1511 4394 preces.

1757 3165 2009 3220 sionibus
2038 3165 2295 3220 diabolus
2323 3164 2570 3218 traditus
2597 3169 2702 3219 est.

1833 3256 1992 3308 India
2031 3260 2119 3309 est
2157 3254 2422 3318 mundus,
2452 3259 2516 3307 ut
2561 3253 2620 3308 in
2665 3253 2770 3308 Job
2801 3271 2812 3306 :
2851 3271 2878 3304 «
2911 3254 3038 3308 Non
3066 3254 3352 3310 confertur

1755 3343 2033 3414 sapientia
2067 3343 2258 3397 tinctis
2285 3342 2456 3398 Indiae
2483 3341 2838 3408 coloribus”,
2865 3361 2886 3392 ι
2920 3341 3071 3412 quod
3099 3343 3354 3398 Christus

1755 3431 2036 3486 nobilibus
2045 3438 2104 3486 et
2117 3431 2381 3486 divitibus
2401 3431 2599 3485 mundi
2616 3431 2788 3501 hujus
2808 3431 3220 3502 comparandus
3239 3449 3352 3488 non

1754 3526 1860 3575 est.

1825 3611 2056 3664 Inauris
2102 3613 2189 3662 est
2235 3607 2572 3674 obedientia,
2601 3613 2667 3661 ut
2701 3607 2762 3660 in
2785 3606 2888 3661 Job
2928 3625 2940 3660 :
2981 3624 3010 3660 α
3039 3609 3300 3662 Inaurem
3325 3612 3348 3632 "

1753 3715 1938 3753 meam
1957 3713 2188 3752 auream
2199 3695 2264 3762 κ,
2291 3715 2319 3749 ι
2343 3695 2495 3766 quod
2517 3695 2739 3750 Christo
2757 3695 2951 3750 ﬁdeles
2973 3696 3060 3750 sui
3080 3696 3348 3752 obedien-

1753 3785 1892 3840 tiam
1920 3790 2288 3858 spontaneam
2307 3800 2436 3838 cum
2455 3783 2730 3838 charitate
2749 3783 3010 3838 offerunt.

1823 3876 2021 3942 Infans
2049 3879 2138 3928 est
2165 3873 2443 3940 Christus,
2488 3878 2552 3928 ut
2586 3873 2648 3928 in
2675 3873 2822 3928 Isaia
2853 3891 2865 3926 :
2903 3891 2931 3926 (ί
2969 3873 3350 3930 Delectabitur

1751 3964 1936 4018 infans
1959 3963 2030 4018 ab
2059 3963 2230 4018 ubere
2247 3961 2314 4029 ³⁷,
2351 3982 2377 4015 ››
2409 3962 2558 4033 quod
2589 3962 2846 4018 Christus
2893 3963 2954 4017 in
2988 3963 3115 4034 ipsa
3147 3965 3346 4020 nativi-

1751 4058 1866 4108 tate
1894 4069 1998 4108 sua
2023 4052 2456 4107 delectationem
2479 4051 2792 4107 sanctitatis
2819 4053 3086 4123 possedit.
3123 4055 3340 4122 Infans,

1752 4142 1989 4215 quilibet
2015 4142 2244 4208 electus,
2276 4146 2342 4196 ut
2366 4141 2427 4195 in
2455 4141 2659 4196 Genesi
2693 4159 2705 4196 :
2743 4161 2766 4194 ι
2796 4142 2986 4198 Infans
3031 4148 3225 4198 octavo
3253 4143 3346 4198 die

1750 4231 2180 4287 circumcidetur
2201 4232 2258 4285 in
2283 4229 2434 4286 vobis
2452 4230 2519 4298 ’ᾗ
2554 4251 2580 4284 ››
2612 4230 2760 4302 quod
2793 4231 3029 4302 quilibet
3049 4233 3258 4287 electus
3283 4232 3344 4287 in

1751 4321 2162 4376 resurrectione
2185 4321 2388 4376 ultima
2413 4317 2484 4375 ab
2513 4319 2668 4375 omni
2697 4319 2806 4374 erit
2829 4320 3186 4392 corruptione
3209 4319 3348 4376 libe-

138 4407 307 4476 Imago
333 4417 426 4465 est
453 4411 594 4482 ipsa
621 4411 822 4477 deitas,
857 4417 920 4465 ut
949 4412 1007 4466 in
1039 4413 1244 4466 Genesi
1275 4429 1287 4464 :
1318 4432 1341 4464 ι
1375 4413 1669 4468 Faciamus
1691 4404 1929 4466 Dratus.
1959 4413 2176 4478 Infans,
2209 4426 2394 4464 sermo
2423 4409 2544 4476 Dei,
2579 4409 2721 4464 utin
2751 4409 2938 4464 Exodo
2971 4429 2982 4464 :
3017 4426 3048 4462 α
3080 4409 3139 4464 Si
3165 4409 3346 4464 fomi-

86 4510 104 4542 ε
131 4495 407 4554 hominem
429 4501 508 4554 ad
527 4500 841 4571 imaginem
862 4506 1114 4556 nostram
1134 4502 1197 4568 “,
1236 4520 1260 4552 ι
1297 4503 1446 4572 quod
1476 4518 1671 4556 secun-

79 4582 187 4638 dum
200 4587 452 4643 animam
471 4589 656 4644 homo
667 4590 782 4644 Deo
799 4589 858 4644 in
878 4590 1067 4661 aliquo
1081 4590 1443 4644 assimilatur.
1459 4592 1664 4658 Imago,

81 4676 301 4745 exempla
331 4679 511 4744 mala,
540 4684 614 4732 ut
640 4678 700 4732 in
727 4679 982 4744 Psalmis,
1013 4699 1035 4730 ι
1061 4680 1126 4734 In
1147 4679 1368 4734 civitate
1397 4685 1494 4734 tua
1524 4679 1668 4733 ima-

81 4781 96 4810 ι
119 4762 292 4831 ginem
310 4767 594 4839 ipsorum
613 4768 684 4822 ad
703 4767 946 4823 nihilum
958 4769 1182 4838 redigas
1195 4769 1256 4835 '3,
1276 4789 1298 4819 ι
1323 4769 1473 4840 quod
1489 4785 1671 4823 exem-

81 4850 150 4915 Pla
175 4870 340 4922 prava
369 4857 434 4912 in
467 4857 676 4911 anima
705 4863 765 4912 et
790 4858 1145 4930 deceptiones
1171 4859 1462 4913 haereticas
1491 4859 1551 4913 in
1573 4859 1670 4913 Ec-

77 4938 216 4997 clesia
239 4945 519 5002 destruit.

131 5031 384 5104 lmpetigo
413 5042 515 5090 est
534 5036 796 5101 avaritia,
821 5043 888 5090 ut
914 5035 972 5090 in
1004 5037 1247 5092 Levitico
1276 5055 1289 5102 ;
1317 5056 1343 5089 (ι
1367 5037 1425 5091 Si
1447 5036 1672 5108 impeti-

79 5134 96 5164 ε
120 5119 296 5189 ginem
319 5123 384 5180 in
404 5140 661 5196 corpore
681 5124 744 5192 ‘3,
770 5144 791 5175 ι
815 5125 872 5179 id
900 5129 1004 5192 est,
1021 5126 1068 5179 si
1090 5125 1385 5180 avaritiam
1403 5126 1669 5180 exercuit.

131 5279 143 5311 ¹
169 5281 268 5336 Job
299 5299 396 5349 xx,
447 5284 552 5339 26.

1749 4505 1907 4555 catus
1925 4499 2098 4554 fuerit
2116 4499 2320 4564 infans,
2346 4517 2372 4552 ι
2395 4498 2453 4553 id
2480 4503 2586 4563 est,
2616 4497 2664 4551 si
2683 4513 2866 4552 sermo
2895 4497 2968 4551 ad
2996 4497 3205 4552 bonum
3219 4498 3342 4568 jam

1750 4589 1808 4644 in
1835 4589 2026 4644 anima
2052 4589 2306 4660 pervenit
2332 4589 2610 4642 effectum.

1821 4681 2085 4747 Infernus
2133 4684 2220 4732 est
2267 4675 2541 4742 diabolus,
2590 4680 2654 4729 ut
2705 4673 2764 4728 in
2813 4673 2918 4728 Job
2963 4693 2977 4728 :
3013 4695 3037 4727 ι
3071 4675 3344 4748 Omnipo-

1749 4773 1874 4823 tens
1892 4767 1957 4832 ’9,
2005 4774 2134 4832 etc.,
2185 4765 2515 4837 profundior
2559 4769 2654 4824 est.
2678 4763 2914 4828 inferno,
2944 4781 2970 4817 υ
2999 4765 3149 4836 quod
3193 4765 3346 4820 Deus

1752 4855 2161 4928 omnipotentis
2187 4873 2290 4910 sua
2311 4854 2498 4926 ipsum
2528 4853 2812 4908 diabolum
2841 4860 3089 4925 superat.
3122 4856 3349 4922 Inferni

1753 4946 1980 5000 nomine
2030 4961 2226 4999 omnes
2273 4943 2456 5015 iniqui
2497 4943 2884 5013 designantur,
2945 4943 3168 4999 dicente
3214 4945 3236 4968 ‘
3285 4944 3346 4998 in

1751 5034 2106 5107 Apocalypsi,
2157 5051 2285 5088 cum
2345 5034 2416 5087 de
2467 5032 2659 5088 futuro
2709 5031 2924 5102 judicio
2961 5032 3346 5103 loqueretur:

1759 5145 1782 5176 ι
1799 5123 2128 5180 Etinfernus
2147 5129 2208 5178 et
2224 5139 2374 5178 mors
2395 5121 2553 5177 missi
2572 5127 2707 5176 sunt
2723 5121 2783 5176 in
2803 5125 3069 5192 stagnum
3091 5120 3343 5190 igni530,v

609 5283 632 5318 ²
658 5285 804 5338 Psal.
847 5298 967 5349 cm,
1000 5286 1054 5340 4.
1103 5284 1129 5319 ³
1157 5285 1298 5340 Ibid.
1330 5285 1352 5320 ⁴
1382 5284 1522 5340 Ibid.
1563 5283 1586 5317 ⁵
1627 5284 1778 5339 Psal.
1812 5298 2040 5349 xxxvm,
2086 5285 2138 5338 4.
2187 5283 2211 5318 ⁸
2253 5283 2401 5337 Psal.
2447 5296 2640 5344 xxvm,
2691 5279 2744 5336 7.
2792 5281 2814 5316 ⁷
2858 5280 3005 5335 Psal.
3037 5293 3267 5335 cnxvnr.
3293 5279 3345 5335 8.

71 5345 238 5421 {Psal.
271 5345 517 5420 (κρέως,
579 5353 662 5410 11.
706 5356 730 5389 9
773 5355 912 5411 Ibid.
953 5345 1001 5391 ίο
1028 5355 1170 5412 Ibid.
1217 5357 1259 5391 ¹¹
1293 5357 1436 5410 Gen.
1469 5371 1508 5421 ι,
1541 5353 1630 5412 26.
1682 5354 1898 5410 1’Psal.
1932 5345 2102 5420 Lxxrr,
2143 5354 2230 5410 ‘20.
2281 5352 2334 5388 ¹³
2370 5354 2499 5408 Lev.
2545 5367 2657 5418 xxr,
2707 5351 2796 5407 20.
2844 5351 2891 5387 ¹⁴
2935 5349 3040 5406 Job
3088 5363 3260 5417 xxvrr,
3293 5351 3346 5405 7.

129 5422 222 5493 Job
246 5439 338 5489 xx,
374 5427 475 5482 29.
505 5417 569 5461 ’¹⁶
604 5425 749 5480 Psal.
778 5441 854 5489 Ix,
879 5425 934 5483 2.
967 5427 1010 5462 ¹⁷
1039 5427 1144 5482 Job
1182 5443 1258 5493 Ix,
1302 5426 1391 5482 24.
1443 5417 1644 5481 1⁸086.

1825 5467 1836 5479 .
1882 5426 1927 5460 ¹⁰
1951 5425 2054 5480 Job
2083 5417 2288 5490 sxxvrr,
2321 5421 2374 5480 6.
2405 5423 2578 5478 “Job
2607 5437 2838 5480 xxxvnr.
2871 5421 2960 5477 25.
2987 5421 3031 5455 ²¹
3064 5422 3172 5476 Isa.
3206 5436 3260 5484 v,
3289 5421 3346 5477 6.

74 5485 254 5565 {Cen
282 5485 348 5565 η’,
392 5497 488 5555 11.
524 5497 582 5530 ³³
611 5497 712 5551 Job
739 5485 889 5564 xxrv,
909 5496 964 5552 9.
1013 5497 1059 5533 ²⁴
1088 5498 1192 5553 Job
1220 5485 1331 5564 xu,
1365 5497 1448 5554 15.
1479 5495 1527 5532 ³⁵
1557 5497 1661 5552 Job

1819 5513 1880 5564 η,
1916 5495 1998 5554 16.
2038 5495 2085 5531 ’θ
2109 5495 2212 5552 Job
2241 5485 2373 5560 xm,
2411 5495 2495 5549 il.
2535 5493 2580 5529 ⁵³⁷
2609 5495 2715 5550 Isa.
2747 5508 2824 5558 x1,
2859 5493 2910 5550 8.
2960 5493 3007 5528 9⁸
3037 5493 3178 5548 Gen.
3212 5508 3348 5559 xvu,

75 5560 140 5614 li.
170 5560 345 5624 ’9Job
375 5584 459 5634 xr,
501 5569 562 5625 8.
601 5567 649 5602 ³ο
674 5571 846 5642 Apoc.
878 5560 970 5636 kx,
1007 5567 1092 5626 14.

436 5670 729 5730 ΡΑτιοι..
758 5667 940 5731 CXII.

2962 5667 3034 5725 3i
