3818 6168
436 253 544 309 975

1033 251 1096 303 Β.
1140 248 1410 302 RABANI
1450 245 1682 300 MAURI
1720 245 2059 300 ARCHIEP.
2099 244 2424 302 MOGUNT.
2469 247 2766 302 GPERUM
2803 247 2986 302 PARS
3027 247 3122 302 Ill.

3565 251 3649 309 976

439 391 636 431 eorum
656 373 964 429 combussit
975 373 1210 426 ﬂamma
1227 369 1492 424 libidinis.
1513 371 1761 433 Juvcncs,
1781 370 1948 434 leves,
1971 374 2036 422 ut
2050 368 2098 429 Α
2120 369 2260 424 facio
2295 389 2306 424 :
2333 372 2453 442 jam
2477 387 2590 426 non
2613 388 2716 442 ego
2745 387 2948 442 operor
2977 371 3143 425 illud:
3174 373 3285 438 sed,
3315 374 3452 444 quod
3474 375 3655 434 habitat

438 464 498 518 in
526 463 630 518 Job
663 481 674 515 :
713 481 736 510 σ
776 459 1057 514 Videbant
1101 477 1191 520 me
1231 459 1484 530 juvenes,
1532 465 1590 512 et
1619 458 2032 513 abscondeban-

437 553 592 618 tur‘,
626 572 653 605 »
684 551 743 606 id
772 557 876 617 est,
909 550 1006 621 qui
1049 550 1198 604 leves
1237 549 1297 603 in
1345 548 1596 604 naoribUS
1633 554 1814 612 erant,
1849 564 2038 602 coram

437 655 528 695 me
553 655 825 712 apparere
851 655 964 694 non
995 639 1298 694 audebant.
1737 694 1748 699 ἡ

506 732 774 784 Iuventus
795 733 882 783 est
898 728 1164 800 primaeva
1182 733 1336 794 aetas,
1356 733 1420 782 ut
1439 729 1497 781 in
1519 727 1757 781 Psalmis
1780 746 1790 778 :
1816 747 1838 778 α
1863 727 2032 790 Deus,

438 818 680 874 docuisti
718 835 809 874 me
838 835 873 872 a
894 819 1189 888 juventute
1219 815 1396 882 mea’,
1431 836 1456 869 »
1486 817 1544 869 id
1573 822 1677 881 est,
1711 833 1745 869 a
1773 815 2036 886 primaeva

437 923 582 962 mea.
614 911 901 972 Iuventus,
935 907 1163 964 initium
1201 907 1361 961 bona:
1394 905 1850 970 conversationis,
1882 911 1948 958 ut
1974 903 2032 958 in

434 997 871 1052 Deuteronomio
907 1015 918 1050 :
953 1014 980 1050 α
1011 996 1168 1051 Sicut
1192 996 1312 1050 dies
1353 994 1664 1066 juventutis
1691 999 1820 1058 tuae,
1853 995 1935 1047 ita
1975 999 2034 1047 et

433 1091 692 1141 senectus
725 1091 827 1140 tua
853 1085 895 1152 ³,
927 1086 985 1140 id
1031 1091 1134 1152 est,
1172 1086 1395 1157 qualem
1437 1083 1671 1138 fervoris
1716 1083 2031 1138 claritatem

433 1175 682 1231 habuisti
720 1175 780 1229 in
815 1175 1124 1248 primordio
1153 1173 1589 1229 conversationis
1619 1179 1750 1240 tum,
1775 1173 1948 1228 talem
1976 1177 2034 1226 et

433 1264 600 1319 modo
626 1263 800 1319 habes
825 1263 882 1318 in
920 1265 1033 1318 ﬁne
1071 1269 1189 1331 tuo,
1223 1267 1509 1328 Iuventus,
1549 1262 1794 1317 reversio
1830 1262 1901 1316 ad
1929 1260 2030 1316 bo-

425 1369 590 1419 num,
623 1359 688 1408 ut
713 1353 773 1408 in
804 1353 1043 1408 Psalmis
1076 1369 1086 1405 :
1123 1371 1150 1404 «
1181 1351 1563 1407 Renovabitur
1592 1358 1657 1406 ut
1685 1351 1888 1422 aquilae
1916 1351 2032 1404 vita

431 1449 534 1497 tua
557 1442 598 1508 4,
638 1461 662 1494 ι
688 1442 746 1496 id
795 1449 896 1508 est,
956 1443 1027 1496 ad
1072 1442 1252 1496 instar
1305 1441 1504 1512 aquila:
1559 1459 1594 1494 a
1647 1457 1819 1512 prava
1869 1446 2030 1494 vetu-

433 1536 598 1586 state.

503 1623 600 1675 Ira
627 1622 742 1686 Dei,
775 1635 889 1674 non
933 1627 1020 1674 est
1067 1618 1414 1691 perturbatio
1467 1619 1692 1684 mentis,
1726 1619 1826 1673 sed
1872 1634 2033 1689 expe-

2124 457 2179 512 in
2201 476 2292 513 me
2312 466 2622 532 peccatum.
2641 461 2766 516 Scio
2789 461 2941 514 enim
2962 460 3109 531 quod
3133 477 3240 514 non
3266 461 3540 517 habitat‘in
3564 482 3653 524 me,

2123 547 2228 602 hoc
2241 554 2344 616 est,
2359 550 2418 602 in
2433 567 2599 604 carne
2616 566 2744 604 mea
2761 549 2870 603 bon
2877 566 2990 603 um.
3007 548 3183 620 Igitur
3197 541 3375 604 mente
3391 553 3551 606 servio
3569 554 3655 624 legi

2120 636 2241 702 Dei,
2255 655 2422 693 carne
2441 645 2632 694 autem
2655 640 2776 709 lege
2797 639 3028 710 peccati.
3052 658 3076 690 ιο
3091 639 3294 693 Idcirco
3300 639 3442 710 justo
3457 641 3576 695 illud
3587 643 3659 696 de-

2119 725 2389 782 siderium
2420 735 2710 800 peccatum
2740 735 2827 782 est
2853 728 3086 796 dictum,
3117 728 3259 798 quod
3298 735 3352 782 et
3388 745 3534 800 paena
3557 747 3659 801 pec-

2117 815 2227 868 cati
2268 821 2325 869 et
2365 833 2538 871 causa
2577 817 2791 888 peccati
2823 836 2834 870 :
2878 817 3024 887 quod
3067 817 3232 870 dum'
3263 833 3358 871 nos
3387 819 3452 872 ad
3485 819 3658 890 aliquid

2115 904 2444 960 delectando
2471 913 2682 970 monet,
2715 906 2762 960 si
2805 906 3208 973 consentimus,
3240 907 3298 961 in
3325 912 3533 978 peccato
3554 925 3660 978 ope-

2112 1009 2342 1061 ramur;
2375 995 2462 1048 sin
2492 1001 2680 1050 autem
2716 995 2776 1048 in
2817 993 2978 1048 nobis
3021 1000 3303 1066 operatur,
3337 996 3473 1066 quod
3505 1001 3660 1050 tamen

2113 1098 2215 1136 nos
2259 1101 2426 1154 agere
2467 1083 2752 1138 dicimur:
2797 1084 2946 1154 quod
3007 1101 3119 1138 non
3167 1090 3253 1138 est
3295 1083 3444 1154 vigor
3488 1090 3662 1139 natura

2113 1173 2326 1239 alienae,
2359 1173 2458 1226 sed
2485 1173 2723 1243 languor
2752 1178 2958 1227 nostrae
2992 1190 3003 1225 :
3053 1174 3150 1244 qui
3183 1173 3354 1244 igitur
3379 1173 3554 1226 illicito
3589 1174 3660 1227 de-

2113 1247 2318 1316 siderio
2361 1261 2773 1317 consentientes
2813 1262 3026 1333 pariter
3070 1268 3398 1333 operantur,
3429 1279 3530 1316 non
3569 1279 3664 1316 am-

2113 1351 2310 1406 bulant
2337 1352 2395 1405 in
2421 1352 2545 1422 lege
2572 1351 2816 1413 Domini,
2851 1351 2946 1422 qui
2975 1349 3108 1406 dicit
3131 1371 3142 1404 :
3181 1363 3202 1402 ι
3235 1351 3455 1406 Declina
3481 1368 3512 1404 a
3529 1353 3662 1415 malo,

2113 1447 2171 1496 et
2220 1441 2307 1494 fac
2339 1439 2549 1494 bonum
2577 1440 2618 1492 θ.
2657 1459 2680 1491 ι
2722 1441 2830 1504 Qui
2886 1457 3016 1494 vero
3057 1440 3131 1494 id.
3163 1440 3335 1494 sentit
3388 1440 3442 1494 in
3488 1457 3556 1501 se,
3590 1440 3666 1493 sed

2114 1530 2166 1584 ei
2206 1529 2639 1604 contradicendo
2696 1545 2807 1583 non
2863 1529 3160 1596 consentit,
3220 1529 3280 1583 in
3320 1529 3437 1600 lege
3484 1528 3666 1583 Domini

2114 1617 2382 1684 ambulat,
2417 1625 2473 1673 et
2499 1618 2650 1672 Deus
2678 1623 2765 1671 est
2792 1617 3036 1688 denique
3070 1636 3080 1671 :
3131 1619 3282 1690 quod
3317 1619 3538 1672 tentatio
3575 1617 3668 1670 vita

431 1709 640 1764 rientia
659 1709 828 1779 justm
845 1708 1107 1776 ultionis;
1137 1709 1240 1774 vel,
1260 1709 1346 1763 ira
1374 1708 1476 1764 Dei
1503 1715 1590 1762 est
1610 1713 1794 1762 motus
1823 1707 2026 1762 animae
2046 1684 2094 1744 Β
2113 1713 2198 1762 est
2225 1707 2385 1762 bonis
2414 1726 2584 1780 super
2615 1716 2845 1774 terram,
2891 1714 2948 1763 et
2977 1708 3024 1762 si
3064 1725 3100 1761 a
3127 1707 3504 1762 criminalibus
3535 1707 3668 1776 longe

433 1797 714 1853 cernentis
741 1798 923 1868 legem
965 1797 1067 1852 Dei
1095 1815 1131 1851 a
1158 1798 1308 1852 malo
1335 1797 1564 1852 homine
1598 1797 1892 1869 praeteriri,
1928 1813 2032 1868 per

435 1904 602 1959 quem
636 1893 854 1942 motum
894 1887 1074 1942 multa
1116 1887 1504 1954 vindicantur;
1549 1887 1656 1954 vel,
1689 1887 1774 1941 ira
1803 1887 1905 1942 Dei
1943 1893 2031 1941 est

428 1975 760 2043 obscuritas,
806 1992 929 2048 quae
992 1975 1353 2047 consequitur
1409 1981 1884 2047 transgressores;
1944 1977 2029 2030 ira

430 2058 549 2120 Dei'
563 2071 650 2120 est
675 2081 844 2138 poena
863 2064 1208 2136 purgatoria.
1239 2065 1462 2130 Fervor,
1486 2070 1698 2120 aeterna
1739 2065 2028 2120 damnatio

427 2153 490 2208 in
515 2171 746 2226 corpore
774 2161 832 2210 et
859 2155 1066 2209 anima.
1103 2154 1262 2208 Unde
1300 2154 1360 2208 in
1384 2155 1623 2208 Psalmis
1662 2171 1676 2208 :
1709 2172 1736 2207 ε(
1766 2154 2023 2220 Domine,

432 2259 504 2298 ne
539 2243 600 2298 in
639 2242 828 2298 furore
855 2249 954 2298 tuo
999 2260 1204 2313 arguas
1233 2260 1344 2310 me,
1377 2249 1482 2298 etc.
1505 2244 1528 2277 ⁵
1563 2265 1584 2294 ι
1631 2244 1794 2298 Sicut
1832 2243 2028 2298 durius

431 2337 520 2387 est
569 2332 730 2404 argui
783 2349 953 2404 quam
997 2332 1223 2404 corripi,
1263 2333 1343 2386 sic
1387 2333 1582 2387 durior
1629 2339 1820 2388 noster
1873 2333 2031 2387 furor

430 2439 601 2494 quam
626 2422 734 2476 ira.
764 2421 942 2492 Argui
978 2421 1183 2494 quippe
1212 2428 1298 2476 est
1322 2423 1592 2477 accusari.
1633 2422 1739 2478 Ubi
1778 2428 2030 2478 metuen-

387 2571 398 2580 _
430 2511 568 2566 dum
596 2517 700 2579 est,
728 2527 800 2566 ne
828 2511 1109 2566 accusatio
1138 2513 1308 2565 ﬁnem
1351 2511 1556 2566 habeat
1582 2512 2025 2566 damnationem.

431 2599 650 2670 Corripi
679 2615 810 2654 vero
837 2600 908 2654 ad
937 2600 1388 2654 emendationem
1429 2601 1592 2656 valet.
1619 2601 1706 2655 Illi
1737 2601 1796 2654 in
1817 2600 2030 2671 judicio

428 2694 758 2759 arguentur,
783 2689 889 2742 hoc
916 2694 1019 2753 est,
1043 2688 1482 2756 damnabantur,
1508 2691 1656 2762 quod
1685 2690 1808 2744 sine
1835 2689 2032 2743 funda-

427 2782 640 2844 mento,
671 2777 820 2848 quod
851 2777 1107 2832 Christus
1135 2783 1238 2845 est,
1273 2778 1628 2834 invenientur
1662 2797 1672 2832 :
1707 2779 1787 2832 illi
1837 2784 2028 2832 autem

423 2861 819 2938 corripiantur,
859 2867 965 2920 hoc
1005 2873 1110 2933 est,
1153 2867 1626 2934 emundabuntur,
1665 2867 1760 2939 qui
1807 2884 1977 2938 super
2004 2869 2026 2890 ⁴

422 2954 792 3010 fundamenta
810 2954 1089 3008 aediﬁcant
1104 2955 1276 3026 ligna,
1295 2956 1504 3022 fenum,
1531 2956 1818 3026 stipulam.
1844 2954 2030 3010 Detri-

344 3103 352 3113 κ
422 3049 680 3098 mentum
711 3043 864 3098 enim
895 3046 916 3066 "
941 3045 1252 3114 patiuntur,
1279 3044 1384 3116 ipsi
1413 3061 1544 3098 vero
1573 3044 1709 3098 salvi
1738 3049 1922 3109 erunt,
1949 3044 2028 3098 sic

423 3139 617 3187 tamen
647 3132 808 3204 quasi
835 3148 936 3204 per
970 3132 1177 3202 ignem.
1213 3134 1348 3190 Erat
1374 3133 1552 3204 igitur
1580 3133 1688 3186 iste
1724 3132 2022 3204 paenitens,

323 3229 333 3242 '
427 3237 540 3276 non
559 3222 742 3276 solum
761 3227 826 3276 ut
849 3227 1060 3276 aeterna
1076 3221 1437 3276 damnatione
1455 3209 1688 3276 minime
1707 3222 2026 3287 damnetur,

425 3325 623 3365 verum
648 3309 820 3364 etiam
849 3325 920 3364 ne
947 3309 1128 3380 poenis
1153 3310 1464 3382 purgatorii
1505 3311 1846 3364 emundetur
1883 3329 1894 3362 :
1929 3309 2029 3364 sed

424 3399 612 3471 potius
655 3402 678 3423 θ
713 3399 1035 3460 experiatur
1071 3399 1342 3470 pietatem
1383 3399 1587 3454 mentis
1628 3399 1933 3460 medicina,
1981 3397 2028 3452 si

423 3489 636 3543 sentiat
663 3487 1020 3543 severitatem
1049 3489 1180 3543 irati
1201 3488 1427 3559 judicis.

495 3581 774 3648 Iniquitas
805 3578 1028 3650 proprie
1075 3577 1298 3644 dicitur,
1345 3578 1618 3649 quidquid
1649 3577 1719 3631 ab
1763 3577 2026 3649 aequitate

423 3666 722 3738 discrepat.
754 3667 915 3722 Unde
944 3668 1188 3722 Joannes
1216 3667 1276 3721 in
1307 3667 1589 3738 Epistola:
1631 3685 1657 3720 α
1685 3667 1900 3734 Omnis,
1940 3667 2028 3719 in-

425 3755 568 3828 quit,
601 3755 696 3827 qui
741 3755 877 3810 facit
921 3762 1232 3828 peccatum,
1266 3763 1325 3810 et
1364 3757 1723 3828 iniquitatem
1753 3755 1890 3810 facit
1924 3773 1935 3808 :
1973 3761 2030 3809 et

424 3849 718 3916 peccatum
755 3849 843 3900 est
877 3845 1148 3916 iniquitas
1169 3847 1211 3898 ⁸.
1256 3865 1278 3898 ι
1313 3846 1423 3901 Sed
1461 3861 1589 3899 cum
1637 3845 1820 3900 omnis
1861 3844 2029 3898 homo

422 3933 725 4005 aliquando
755 3933 890 3988 facit
915 3933 1293 4006 iniquitatem,
1332 3935 1458 4004 quis
1488 3935 1612 3988 sine
1640 3941 1868 4006 peccato
1899 3932 2029 3988 est?

423 4024 592 4078 Juxta
609 4038 801 4077 vocem
821 4023 1041 4089 Psaltaa,
1063 4022 1170 4088 Qui
1192 4029 1500 4094 operantur
1518 4023 1896 4095 iniquitatem,
1916 4039 2029 4077 non

425 4110 720 4166 ambulant
755 4111 814 4164 in
868 4111 991 4181 lege
1043 4112 1328 4179 Domini",
1379 4118 1436 4167 et
1476 4111 1602 4166 ideo
1657 4111 1878 4166 liberati
1915 4127 2029 4166 non

425 4205 578 4256 sunt.
611 4200 748 4264 Quis
783 4216 916 4270 ergo
953 4199 1270 4255 liberatus?
1309 4201 1418 4256 Sed
1461 4201 1574 4256 alia
1611 4207 1698 4256 est
1736 4201 2023 4272 iniquitas,

2112 1815 2326 1864 sumus,
2385 1815 2500 1853 non
2560 1799 2736 1865 deest,
2787 1815 2918 1852 cum
2972 1797 3079 1852 nisi
3124 1796 3426 1868 aliquando
3472 1795 3547 1848 vel
3586 1795 3670 1848 levi

2111 1893 2336 1958 peccato
2357 1887 2794 1944 consentiamus.
2811 1887 2921 1942 Sed
2945 1887 3094 1957 quod
3116 1885 3178 1940 in
3199 1885 3291 1938 via
3307 1885 3404 1939 Dei
3426 1884 3498 1939 sic
3523 1884 3667 1938 solum

2110 1977 2353 2042 deviant,
2371 1993 2471 2047 pro
2491 1993 2602 2030 non
2627 1975 2986 2048 peccantibus
3005 1982 3064 2028 et
3083 1975 3270 2029 beatis
3298 1973 3527 2028 habendi
3545 1979 3666 2027 sunt.

2111 2067 2318 2120 Beatus
2345 2066 2497 2120 enim
2527 2065 2619 2120 cui
2657 2081 2771 2120 non
2821 2065 3120 2136 imputavit
3148 2065 3308 2119 Deus
3335 2069 3596 2135 peccatum
3617 2061 3668 2112 ¹⁰.

2113 2155 2266 2209 Solet
2293 2172 2425 2225 ergo
2447 2171 2608 2209 sacra
2636 2155 2928 2226 Scriptura
2961 2170 3074 2208 non
3105 2153 3296 2208 solum
3325 2153 3461 2207 levia
3483 2156 3672 2222 peccata

2112 2260 2213 2314 per
2237 2237 2608 2314 iniquitatem-
2633 2243 2968 2314 signiﬁcare,
3014 2243 3112 2296 sed
3141 2242 3322 2298 etiam
3351 2239 3572 2296 nefanda
3592 2240 3674 2294 cri-

2111 2333 2284 2399 mina,
2317 2333 2461 2388 sicut
2499 2339 2557 2386 et
2601 2333 2669 2386 de
2721 2339 2903 2387 morte
2949 2331 3198 2386 Domini.
3246 2331 3401 2386 Unde
3445 2328 3597 2384 David
3626 2328 3672 2381 in

2111 2439 2351 2494 persona
2369 2422 2579 2477 Christi
2604 2441 2614 2475 :
2643 2439 2668 2472 «
2693 2422 2928 2476 Intende
2949 2421 3019 2474 ad
3041 2421 3357 2475 visitandas
3378 2435 3556 2474 omnes
3569 2434 3677 2488 gen-

2109 2517 2197 2566 tes
2224 2511 2290 2578 “,
2323 2529 2350 2564 »
2383 2511 2438 2566 id
2467 2518 2570 2578 est,
2613 2511 2672 2564 in
2702 2527 2930 2565 censum
2958 2517 3016 2564 te
3036 2509 3250 2582 praebe,
3283 2514 3460 2582 pater,
3489 2515 3548 2562 ut
3569 2522 3680 2560 arca

2112 2601 2508 2672 compluatur:
2548 2619 2572 2652 ‹
2607 2615 2720 2654 non
2757 2599 3078 2654 miserearis
3121 2598 3411 2664 omnibus,
3453 2597 3540 2668 qui
3581 2611 3683 2666 ope-

2113 2694 2314 2744 rantur
2344 2689 2718 2760 iniquitatem,
2767 2707 2792 2742 ι
2823 2688 2876 2742 id
2909 2693 3012 2748 est,
3055 2705 3169 2742 non
3201 2687 3494 2759 compluas
3519 2684 3678 2747 vellus,

2111 2779 2260 2850 quod
2297 2778 2478 2832 imbre
2517 2778 2714 2850 gratiae
2754 2778 2954 2848 rejecit
2989 2795 3025 2831 a
3061 2795 3122 2831 se
3154 2797 3165 2831 :
3211 2784 3283 2832 et
3331 2777 3400 2831 ad
3437 2777 3571 2830 hunc
3606 2789 3681 2826 ne-

2108 2875 2246 2938 gant
2285 2884 2373 2922 me
2415 2867 2650 2932 venisse,
2683 2872 2741 2920 et
2781 2866 2878 2920 alii
2915 2866 2984 2920 de
3013 2882 3126 2920 non
3173 2865 3464 2921 reddendo
3503 2862 3681 2918 malum

2111 2973 2210 3027 pro
2241 2957 2409 3011 malo.
2451 2982 2468 3000 ν
2502 2956 2758 3021 Domine,
2788 2955 2834 3010 si
2867 2955 2972 3009 feci
3015 2955 3184 3021 istud,
3220 2973 3258 3008 υ
3293 2955 3494 3011 scilicet
3519 2951 3680 3007 nefan-

2110 3046 2272 3112 dum;
2324 3045 2458 3116 quid
2504 3051 2590 3099 est
2627 3045 2730 3100 id?
2773 3063 2798 3096 α
2832 3044 2880 3098 si
2917 3050 3005 3099 est
3034 3043 3317 3115 iniquitas
3367 3045 3424 3098 in
3461 3039 3682 3097 manibus

2109 3135 2268 3200 meis,
2302 3156 2322 3184 ρ
2374 3135 2478 3188 hoc
2517 3140 2621 3198 est,
2653 3134 2711 3188 in
2760 3133 3022 3205 operibus
3069 3133 3228 3198 meis,
3291 3149 3459 3206 quam
3509 3127 3681 3200 iniqui-

2110 3228 2286 3278 tatem
2315 3223 2453 3278 dicis
2479 3229 2542 3278 tu
2559 3224 2584 3276 7
2605 3228 2797 3295 aperte
2831 3241 2842 3276 :
2881 3241 2908 3274 α
2935 3222 2984 3277 si
3015 3222 3234 3276 reddidi
3281 3219 3681 3277 retribuentibus

2111 3312 2248 3365 mihi
2289 3313 2454 3378 mala,
2493 3333 2516 3360 ο
2551 3327 2678 3365 ecce
2723 3311 3013 3381 iniquitas,
3049 3327 3190 3381 quae,
3237 3311 3406 3381 juxta
3446 3306 3683 3363 Zacharia:

2109 3417 2299 3456 vocem
2331 3401 2618 3472 prophetae
2647 3399 2712 3466 η,
2744 3399 2902 3454 sedet
2943 3415 3114 3470 super
3141 3399 3433 3454 talentum
3483 3394 3682 3470 plumbi.

2111 3492 2256 3546 Sunt
2290 3491 2462 3546 etiam
2501 3494 2801 3561 operantes
2830 3489 3213 3560 iniquitatem,
3253 3489 3353 3560 qui
3382 3488 3612 3542 volentes
3637 3499 3684 3536 se

2105 3580 2416 3649 justiﬁcare
2445 3579 2689 3632 fundunt
2707 3578 2932 3649 culpam
2960 3594 3123 3632 suam
3152 3577 3211 3631 in
3231 3583 3562 3641 creatorem,
3583 3571 3687 3627 stel-

2112 3668 2194 3722 las
2223 3673 2538 3722 asserentes
2566 3667 3054 3730 dominicales,eos
3083 3683 3330 3732 creasse,
3358 3675 3420 3721 ut
3447 3681 3550 3719 non
3577 3677 3685 3734 pos-

2110 3757 2223 3811 sint
2249 3775 2284 3811 a
2312 3762 2538 3828 peccato
2577 3773 2637 3810 se
2666 3755 2966 3822 abstinere,
2996 3755 3140 3810 sicut
3180 3756 3430 3827 denique
3459 3753 3549 3826 qui
3583 3765 3687 3820 ope-

2111 3851 2312 3900 rantur
2340 3845 2422 3899 ita
2448 3843 2806 3915 iniquitatem
2835 3843 3109 3916 pertinaci
3135 3844 3350 3910 studio,
3384 3849 3452 3899 ut
3473 3842 3512 3896 ii
3541 3852 3686 3908 usque

2111 3935 2183 3988 ad
2209 3936 2383 3988 ﬁnem
2411 3933 2537 3987 vitae.
2566 3937 2944 4004 perseverent,
2989 3933 3085 4004 qui
3113 3949 3415 4004 nunquam
3453 3927 3690 3984 carebunt

2111 4023 2292 4094 culpa.
2325 4023 2406 4077 De
2445 4021 2654 4076 talibus
2700 4021 2912 4076 dictum
2961 4027 3090 4076 est:
3135 4040 3162 4076 α
3205 4021 3281 4076 Et
3329 4020 3690 4092 dispergentur

2111 4129 2324 4179 omnes,
2374 4112 2470 4184 qui
2527 4115 2832 4182 Operantur
2873 4111 3236 4182 iniquitatem
3252 4110 3319 4164 ω.
3369 4127 3396 4162 ι
3439 4106 3684 4176 Iniquitas

2111 4203 2341 4273 ponitur
2367 4199 2680 4272 cmphatice
2708 4217 2808 4271 pro
2834 4199 3062 4271 iniquis,
3087 4199 3315 4254 dicente
3345 4197 3518 4254 David
3549 4213 3561 4247 :
3593 4212 3613 4244 ι
3635 4191 3692 4245 Et

429 4289 534 4344 hoc
563 4294 650 4344 est
671 4294 963 4362 peccatum
986 4289 1107 4344 sine
1129 4307 1240 4362 quo
1266 4307 1432 4344 nemo
1453 4297 1574 4358 est;
1599 4296 1656 4345 et
1684 4291 1796 4345 alia
1815 4298 1901 4345 est
1926 4290 2291 4360 ini-Domnis
2318 4290 2587 4361 iniquitas
2617 4289 2893 4361 oppilabit
2925 4305 2986 4343 os
3017 4305 3182 4344 suum
3202 4287 3266 4356 i‘,
3295 4309 3322 4342 »
3347 4286 3494 4360 quod
3523 4295 3688 4338 omnes

429 4378 634 4450 quitas,
685 4395 854 4450 quam
899 4378 996 4450 qui
1026 4381 1047 4402 ⁴⁵
1101 4385 1423 4450 operantur,
1478 4397 1590 4434 non
1636 4380 1929 4434 ambulant
1970 4379 2030 4434 in

429 4468 553 4538 lege
579 4468 822 4534 Domini,
848 4484 950 4522 nec
979 4466 1176 4522 beatus
1207 4475 1310 4537 est,
1343 4468 1798 4540 quandoquidem
1823 4469 1880 4523 id
1907 4485 2030 4540 pec-

431 4563 620 4610 catum
641 4557 716 4612 sit
741 4557 1004 4612 illicitum
1031 4558 1217 4613 carnis
1243 4566 1302 4614 et
1318 4560 1341 4582 *
1367 4559 1625 4612 violentae
1652 4558 2024 4626 desiderium;

432 4645 539 4699 hoc
595 4651 943 4717 postremum
992 4647 1148 4718 pravi
1177 4647 1362 4719 operis
1403 4649 1463 4703 in
1499 4664 1630 4702 voce
1657 4647 2032 4720 pertinacissi-

432 4749 592 4788 mum
619 4735 888 4801 studium,
920 4751 1100 4807 usque
1128 4737 1268 4791 adeo
1299 4736 1356 4790 id
1385 4737 1444 4790 in
1485 4736 1798 4792 volentibus
1839 4753 2033 4808 opera-

433 4825 547 4890 tur,
577 4827 644 4877 ut
668 4824 970 4895 Apostolus
999 4825 1070 4879 de
1103 4824 1198 4880 illo
1237 4825 1351 4879 sive
1391 4841 1494 4880 sua
1525 4826 1639 4880 sive
1677 4825 2032 4880 inﬁrmorum

434 4925 568 4966 voce
586 4905 932 4984 pronuntiet,
955 4913 1146 4968 dicens
1171 4931 1183 4966 :
1211 4932 1238 4968 α
1263 4916 1388 4969 Non
1410 4914 1467 4968 id
1484 4915 1633 4985 quod
1653 4915 1775 4970 volo
1797 4915 2028 4981 bonum,

433 5001 540 5057 hoc
591 4999 768 5068 facio;
821 5001 919 5056 sed
967 5001 1116 5072 quod
1149 5003 1278 5056 nolo
1331 5003 1563 5072 malum,
1618 5004 1723 5058 hoc
1770 5005 1940 5074 ago“;
2003 5021 2027 5056 ι

435 5091 543 5146 hoc
577 5095 680 5156 est,
731 5089 926 5146 illicita
969 5089 1152 5162 cupio.
1193 5091 1484 5156 Quomodo
1529 5109 1662 5164 ergo
1703 5092 1763 5148 in
1798 5093 1889 5147 via
1927 5092 2030 5149 Dei

435 5178 710 5248 ambulas,
733 5196 767 5234 ο
789 5177 998 5236 Paule?
1021 5199 1046 5232 ι
1071 5179 1130 5234 Si
1145 5199 1172 5233 ι
1198 5185 1409 5246 autem,
1434 5181 1637 5253 inquit,
1661 5201 1684 5235 ‹
1709 5182 1858 5254 quod
1877 5182 2030 5254 nolo,

2111 4379 2311 4450 iniqui,
2333 4379 2448 4434 sive
2476 4378 2674 4444 Judaei,
2705 4395 2821 4432 Sive
2848 4377 3116 4444 haeretici,
3147 4393 3280 4432 cum
3309 4393 3425 4432 non
3457 4371 3690 4429 habeant.

2112 4469 2261 4541 quod
2291 4473 2486 4522 contra
2515 4467 2871 4522 manifestam
2900 4467 3194 4520 veritatem
3235 4465 3450 4531 dicant,
3483 4453 3689 4516 convicti

2115 4558 2518 4613 obmutescent.

2885 4737 2935 4790 K

2187 4914 2441 4969 Kalendae
2467 4912 2848 5009 aliquandqin
2874 4910 3022 5009 bpno
3055 4919 3378 4977 sumuntur,
3399 4917 3465 4967 ut
3569 4904 3692 5009 libro

2113 5003 2349 5058 Numeri
2382 5019 2396 5056 :
2434 5022 2457 5055 ι
2485 5003 2551 5058 In
2569 4993 3020 5056 solemnitatibus
3048 5007 3106 5056 et
3137 5001 3406 5056 Kalendis
3431 5003 3489 5054 et
3515 4997 3571 5052 in
3588 4993 3693 5049 sab-

2112 5092 2259 5147 batis
2295 5091 2492 5146 vestris
2510 5091 2588 5159 ‘5;
2629 5111 2652 5142 ι
2687 5089 2986 5163 aliquando
3021 5091 3083 5146 in
3116 5090 3283 5158 malo,
3324 5095 3393 5145 ut
3427 5089 3489 5143 in
3515 5083 3649 5141 Isaia
3677 5097 3688 5133 :

2117 5201 2142 5236 ι
2181 5181 2464 5236 Kalendas
2493 5180 2640 5236 odivi
2668 5179 2858 5235 anima
2875 5180 3080 5236 mea“.
3111 5197 3140 5236 ν

513 5391 533 5426 ¹
558 5389 662 5445 Job
689 5405 837 5460 xxrx,
871 5391 922 5448 8.
956 5392 982 5426 ³
1007 5392 1154 5448 Psal.
1187 5407 1313 5460 Lxx,
1347 5393 1434 5452 17.
1464 5392 1488 5428 ³
1513 5394 1676 5449 Deut.
1704 5407 1899 5460 XXXIII,
1931 5392 2023 5451 25.
2047 5393 2074 5430 ⁴
2099 5395 2248 5452 Psal.
2282 5408 2380 5460 cn,
2413 5393 2466 5448 5.
2501 5393 2690 5447 5Psal.
2723 5405 2781 5446 vr
2812 5396 2870 5446 et
2895 5407 3104 5460 xxxvn,
3137 5391 3187 5449 1.
3217 5391 3244 5426 ⁸
3277 5392 3298 5446 Ι
3333 5391 3612 5460 ,ἰοειιιηῃις
3639 5379 3686 5460 f1-

441 5459 464 5496 ⁷
495 5461 644 5534 Psal.
683 5475 798 5534 xiv,
826 5453 882 5516 li.
917 5463 942 5498 ⁸
969 5461 1136 5518 Rom.
1163 5478 1264 5530 vn,
1292 5453 1379 5520 19.
1409 5466 1432 5499 ⁸
1459 5465 1606 5520 Psal.
1631 5480 1825 5533 xum,
1851 5453 1922 5522 15
1945 5485 1958 5534 ;
1993 5466 2020 5522 Ι
2046 5467 2197 5522 Petr.
2227 5480 2311 5534 III,
2337 5453 2428 5520 1'1.
2462 5463 2510 5498 ¹⁰
2538 5464 2862 5534 Psal.xxx1,
2885 5465 2940 5518 2.
2965 5465 3006 5500 ¹¹
3033 5453 3359 5528 Psal.Lxm,
3390 5461 3448 5515 6.
3479 5457 3526 5494 ”
3541 5453 3688 5511 Zach-

445 5546 498 5600 v,
531 5530 583 5599 7,
610 5533 664 5589 8.
696 5531 742 5568 ¹³
766 5533 916 5588 Psal.
943 5547 1058 5600 χοι,
1101 5534 1182 5593 ιο.
1213 5535 1262 5570 ¹⁴
1289 5535 1438 5591 Psal.
1473 5549 1586 5606 CVI,
1614 5535 1705 5596 43.
1744 5537 1792 5573 ¹⁵
1814 5530 1990 5592 Num.
2019 5553 2030 5594 2

2113 5552 2215 5607 IIII,
2251 5530 2336 5595 ll.
2368 5537 2414 5572 ω
2437 5537 2547 5592 Isa.
2580 5549 2620 5604 ι,
2658 5533 2742 5593 14.
2835 5553 2842 5560 ·
