3818 6168
184 334 266 391 977
1059 324 1490 381 ALLEGORIIE
1528 327 1606 382 IN
1644 327 1936 382 SACRAM
1971 325 2450 382 SCRIP’I‘URAM.
3297 325 3403 383 9'18

895 452 938 506 L
1732 455 1784 515 Α
1802 453 2090 508 auditores
2109 453 2182 508 ad
2204 452 2478 508 interiora
2497 451 2740 507 caelestis
2761 453 2922 523 regni
2943 453 3103 524 quasi
3124 452 3261 508 vitia
3278 469 3407 510 mea

177 567 333 623 Laud.
658 559 912 614 labrum.
1192 563 1460 615 ιαιίιααο,
1802 543 2078 597 trahendo
2109 542 2364 615 perduxi.
2399 544 2523 608 Lac,
2561 541 2902 607 innocentia,
2937 548 3002 597 ut
3029 542 3087 596 in
3124 542 3354 598 Cantico
3389 561 3400 596 :

175 638 431 692 labrusca.
653 632 774 685 Lac.
1189 633 1376 686 Linea.
1803 647 1832 682 α
1865 631 2002 695 Quae
2031 632 2174 686 lacte
2203 636 2338 685 sunt
2363 632 2492 685 lotae
2514 631 2576 696 “,
2601 649 2630 681 ι
2663 630 2720 684 id
2755 636 2859 694 est,
2903 647 3026 701 qum
3067 635 3202 685 sunt
3239 631 3406 687 inno-

175 710 333 763 ιασιιδο
655 703 910 756 “duo”
1187 703 1383 787 Lm!“-
1803 720 1991 774 centia
2015 725 2286 791 purgatae.
2323 722 2443 786 Lac,
2468 719 2618 774 bona
2633 719 2798 784 actio,
2827 724 2892 774 ut
2911 719 2970 774 in
2991 719 3136 774 Isaia
3160 736 3172 772 :
3214 738 3240 772 ε
3271 719 3408 774 Bibe

178 781 378 828 Lacerta.
659 773 1032 828 Lanauncula.
1188 775 1423 828 Lumfer.
2037 815 2076 828 _.
2113 810 2191 828 ,Η
2243 808 2288 828 ..
2430 809 2482 828 ε,
2545 815 2618 828 --ι
2926 807 3226 828 num.--”
3283 825 3368 828 μμ

174 781 378 915 ιίέἓῖηίὲῑ
653 776 953 910 33351337
958 776 1032 826 ¹⁰·
1184 776 1423 912 ῗξῗέῗν·
1803 811 1996 915 in”?
2015 776 2083 915 Et
2112 776 2199 863 ῖέιο
2243 808 2306 915 ¹²ς
2337 828 2383 915 .’
2429 776 2487 863 id
2536 776 2882 915 θεῖ’..θιένοθ
2917 807 3248 915 ὲδθοξὶοξπξ.
3272 825 3407 915 φετ-

176 897 349 975 ᾖζιξέῇζ
653 897 910 982 “gnam,
1187 897 1410 970 5%,”,
1802 899 2226 970 templationem
2253 904 2311 952 et
2337 897 2543 953 bonam
2574 898 2873 953 actionem.
2905 899 3028 965 Lac,
3061 897 3410 954 blandimen-

173 993 281 1046 Luz.
653 987 878 1047 Litium.
1187 989 1404 1059 Lippus.
1802 994 1924 1042 tum
1954 987 2204 1059 peccati;
2248 993 2313 1041 ut
2339 987 2398 1041 in
2427 987 2616 1042 Exodo
2647 1006 2659 1041 :
2701 1007 2724 1039 ι
2766 987 2894 1042 Non
2942 1003 3148 1058 coques
3183 987 3407 1043 haedum

173 1063 398 1150 Lucerna.
1191 1057 1362 1150 Liber.

1900 1083 2025 1132 acte
2065 1078 2262 1132 matris
2301 1094 2414 1131 suae
2439 1075 2504 1142 *3,
2535 1095 2563 1128 »
2612 1075 2668 1130 id
2719 1082 2821 1141 est,
2869 1093 2984 1130 non
3033 1075 3242 1131 fovebis
3284 1094 3408 1150 pec-

352 1132 388 1181 ἲ
651 1129 916 1252 figimus.
1185 1131 1514 1268 2136:”?ng
1802 1173 2050 1220 catorem
2083 1167 2142 1220 in
2171 1129 2558 1220 blandimento
2601 1166 2778 1237 culpae
2811 1129 2950 1220 suae.
2993 1168 3115 1232 Lac,
3151 1129 3408 1222 doctrfina

172 1254 339 1328 Litum.
649 1271 881 1336 chatio.
1194 1254 1324 1325 Leo,"
1802 1256 1960 1325 legis,
1991 1263 2054 1310 ut
2080 1256 2136 1309 in
2169 1255 2374 1309 Genesi
2407 1274 2420 1308 :
2454 1275 2479 1305 «
2513 1255 2722 1309 Dentes
2759 1256 2882 1324 ejus
2931 1254 3076 1309 lacte
3113 1255 3404 1310 candidio-

174 1348 315 1399 Lsna.
647 1343 834 1416 Lepus.
859 1414 866 1416 ἓ
1195 1344 1400 1396 Lectus.
1802 1361 1892 1398 res
1923 1345 1985 1411 1‘,
2029 1364 2051 1395 ι
2089 1363 2112 1395 ι
2147 1345 2296 1415 quod
2324 1343 2494 1398 verba
2514 1344 2725 1398 Christi
2747 1344 3002 1398 doctrina
3020 1344 3162 1414 legis
3181 1344 3409 1416 profun-

173 1416 387 1469 libanw-
653 1414 884 1495 ιερτοείο
1186 1416 1386 1468 Lector-
1802 1434 1962 1488 diora
2006 1414 2180 1488 sunt:
2209 1435 2329 1492 Lac.
2381 1433 2709 1504 temporalis
2757 1414 3199 1500 administratio,
3243 1440 3309 1489 ut
3348 1435 3408 1488 in

173 1487 363 1539 Lancea.
650 1485 929 1536 Levzatan.
1186 1487 1432 1539 Leaatus.
1809 1523 1831 1539 τ
1995 1523 2005 1534 .
2168 1523 2207 1539 η
2553 1523 2566 1539 .
2644 1528 2654 1539 ,
2717 1523 2788 1539 υ.
2843 1537 2894 1539 ,ν
2951 1521 3033 1539 ο..
3247 1523 3260 1539 .

173 1502 378 1623 ῧξςξέ.
650 1502 929 1608 ᾖξζξξξαη·
1186 1502 1432 1624 ῖξῇξςξδο
1803 1523 2046 1577 Jeremia
2065 1541 2078 1575 :
2113 1544 2135 1574 ι
2165 1523 2532 1577 Candidiores
2550 1523 2695 1576 lacte
2715 1521 2968 1577 Nazaraei
2989 1521 3052 1588 ιδ,
3074 1541 3098 1573 ι
3115 1523 3266 1593 quod
3280 1539 3409 1578 con-

173 1610 446 1695 Laquearia.
653 1626 827 1694 Lapis.
1188 1610 1370 1681 Locus.

1899 1612 2111 1682 iplativi
2140 1611 2250 1666 illis
2288 1612 2385 1682 qui
2433 1611 2767 1682 temporalia
2809 1610 3208 1666 administrant
3235 1614 3259 1636 θ
3291 1612 3407 1684 spi-

169 1698 318 1750 Latus.
649 1697 913 1764 Laqueus.
1187 1700 1432 1753 Locutus.
1803 1701 2032 1756 ritualia
2059 1706 2208 1756 sunt.

172 1769 399 1822 Latrones.
649 1768 828 1821 Later.
1185 1771 1413 1824 Lumen.

1745 1798 1785 1856 B
1874 1792 2044 1843 Lacus
2074 1789 2326 1843 infernus
2357 1794 2461 1852 est,
2497 1793 2562 1842 ut
2587 1789 2645 1842 in
2679 1787 2828 1842 Isaia
2871 1807 2882 1840 :
2935 1807 2965 1842 ac
3008 1789 3149 1843 Cum
3196 1789 3265 1843 iis
3314 1790 3410 1861 qui

225 1876 366 1929 Labia
387 1881 514 1928 sunt
531 1875 882 1945 Deijudicia,
907 1881 972 1930 ut
1007 1876 1067 1930 in
1111 1877 1259 1931 Job:
1311 1895 1336 1930 ι
1371 1877 1442 1930 Et
1481 1877 1726 1948 aperiret
1804 1879 2216 1933 descenderunt
2235 1877 2294 1931 in
2341 1878 2528 1931 lacum
2574 1877 2638 1942 “5,
2691 1896 2716 1926 υ
2767 1875 2823 1932 id
2867 1882 2971 1942 est,
3020 1893 3150 1932 cum
3194 1877 3262 1932 iis
3313 1879 3410 1950 qui

167 1961 288 2016 labia
310 1979 403 2017 sua
428 1962 526 2018 tibi
555 1963 592 2030 ¹,
632 1983 658 2014 ι
691 1964 748 2018 id
779 1970 884 2029 est,
920 1965 1193 2020 revelaret
1217 1965 1432 2037 judicia
1457 1982 1561 2020 sua
1598 1964 1720 2020 tibi.
1805 1968 2036 2022 fuerunt
2059 1967 2118 2021 in
2148 1966 2451 2020 infernum.
2489 1967 2630 2020 Item
2667 1966 2911 2019 Joannes
2937 1965 2997 2019 in
3023 1967 3362 2038 Apocalypsi
3394 1987 3407 2022 :

170 2053 303 2105 Labia
326 2051 484 2107 verba
525 2053 758 2116 Christi,
803 2055 967 2124 juxta
1015 2055 1155 2110 illud
1194 2071 1411 2126 sponsae
1456 2071 1720 2127 sponsum
1809 2076 1835 2107 «
1873 2057 1941 2110 Et
1968 2055 2122 2110 misit
2148 2055 2382 2125 angelus
2407 2053 2610 2108 falcem
2639 2069 2803 2107 suam
2844 2053 2904 2107 in
2933 2060 3166 2120 terram,
3201 2060 3260 2109 et
3285 2055 3409 2110 vin—

168 2139 434 2195 laudantis:
464 2161 485 2193 ι
510 2141 686 2196 Labia
711 2142 992 2197 illiuslilia
1011 2143 1285 2199 stillantia
1305 2145 1595 2216 myrrham
1615 2144 1726 2215 pri-
1805 2145 2075 2200 demiavit
2096 2144 2317 2198 vineam
2348 2149 2532 2209 terrae,
2561 2147 2620 2196 et
2643 2143 2798 2196 misit
2836 2142 2898 2196 in
2942 2143 3130 2198 lacum
3169 2143 3268 2198 ira;
3308 2144 3413 2199 Dei

167 2244 290 2282 mam
311 2228 347 2296 ³,
377 2249 398 2281 ι
428 2231 590 2302 Lquod
636 2230 810 2285 verba
850 2232 1116 2288 doctrina:
1159 2233 1385 2299 Christi,
1432 2250 1555 2304 quae
1597 2233 1724 2287 dul-
1807 2234 1997 2306 magni
2019 2235 2082 2300 ¹“¹,
2109 2252 2136 2287 ι
2161 2249 2424 2288 exercens
2451 2232 2602 2286 enim
2631 2231 2768 2286 ordo
2796 2231 3230 2302 praedicatorum
3253 2233 3410 2303 judi-

167 2317 378 2372 cedinem
407 2319 556 2389 regni
583 2320 828 2374 caalestis
857 2321 1214 2392 promittunt,
1255 2327 1640 2394 contemptum
1669 2327 1728 2376 et
1806 2324 1954 2379 cium
2002 2340 2166 2377 suum
2216 2327 2410 2377 contra
2465 2327 2739 2386 terrenos,
2956 2321 3238 2376 malorum

168 2406 606 2465 mortiﬁcationem
635 2409 949 2464 carnalium
987 2411 1336 2482 voluptatum
1379 2411 1584 2482 ubique
1625 2411 1726 2465 dit-
1807 2429 1978 2482 quam
2001 2411 2061 2465 in
2087 2417 2240 2464 terra
2269 2411 2608 2470 nutrierant,
2640 2415 2698 2462 et
2869 2408 2994 2462 illos
3014 2408 3074 2462 in
3103 2407 3407 2476 infernum,

167 2495 383 2563 fundunt,
439 2503 500 2552 ut
543 2497 788 2552 libenter
834 2516 1030 2554 amara
1075 2499 1288 2568 bibant,
1341 2501 1438 2572 qui
1480 2500 1726 2570 gloriosa
1806 2501 1901 2556 ubi
1929 2499 2366 2554 innumerabiles
2395 2499 2699 2554 vindictam
2729 2497 2832 2552 Dei
2861 2496 3253 2554 sustinebunt:
3293 2517 3316 2549 ι
3344 2498 3414 2553 Et

165 2583 456 2641 desiderant.
487 2589 677 2654 Labia,
714 2588 1127 2659 praedicatores,
1161 2589 1382 2644 dicente
1419 2606 1622 2660 sponso
1653 2590 1724 2643 ad
1806 2591 2050 2644 calcatus
2080 2593 2166 2642 est
2191 2589 2346 2642 lacus
2375 2592 2533 2642 extra
2559 2587 2844 2641 civitatem
2868 2587 2934 2653 ‘3,
2974 2608 3000 2636 ι
3033 2587 3184 2657 quod
3224 2587 3409 2658 puniti

170 2690 391 2743 sponsam
421 2694 432 2728 :
463 2695 484 2726 ι
521 2677 684 2731 Sicut
713 2677 852 2731 vitta
882 2679 1142 2733 coccinea
1171 2677 1320 2734 labia
1349 2685 1466 2743 tua,
1515 2685 1573 2732 et
1605 2679 1722 2733 elo-
1805 2685 1939 2734 sunt
1973 2679 2032 2732 in
2083 2677 2320 2743 inferno,
2365 2677 2460 2748 qui
2515 2677 2746 2731 fuerunt
2801 2680 2960 2730 extra
3002 2682 3256 2731 sanctam
3304 2676 3408 2731 Ec-

166 2762 326 2832 quium
367 2769 516 2818 tuum
561 2766 728 2819 dulce
757 2767 798 2818 ³.
835 2784 862 2820 ι»
915 2767 1335 2833 Praedicatores,
1379 2767 1529 2821 labia
1567 2773 1720 2834 sunt,
1805 2769 2052 2833 clesiam,
2085 2767 2170 2820 vel
2217 2767 2471 2820 infernus
2501 2765 2810 2837 completus
2853 2770 2940 2818 est
2976 2764 3253 2832 ﬁdelibus,
3293 2782 3320 2816 α
3351 2771 3410 2820 et

170 2850 373 2922 dumque
388 2853 574 2908 dentes
594 2859 812 2922 terunt,
837 2855 935 2909 alii
955 2856 1323 2926 restringunt.
1352 2856 1499 2910 Dum
1521 2856 1724 2910 ﬂuidas
1805 2857 1973 2912 exivit
1997 2855 2228 2927 sanguis
2253 2855 2322 2910 de
2351 2855 2476 2908 lacu
2495 2871 2673 2926 usque
2701 2854 2772 2908 ad
2813 2853 2998 2909 frenos
3041 2870 3336 2926 equorum,
3371 2871 3403 2908 ι

164 2940 478 3009 cogitationes
492 2943 850 3015 praedicando
885 2945 1255 3016 restringunt,
1286 2945 1527 3000 coccinei
1561 2951 1722 3000 sunt:
1811 2947 1958 3018 quod
1987 2963 2088 3017 pro
2127 2950 2373 3016 peccato,
2417 2943 2565 3014 quod
2602 2943 2661 2997 in
2709 2943 2928 2998 inferno
2969 2948 3074 3009 est,
3116 2959 3295 3014 usque
3333 2943 3406 2998 ad

164 3029 284 3098 quod
304 3030 558 3087 Dominici
571 3033 870 3102 sanguinis
879 3034 1262 3105 pretium,quo
1273 3034 1549 3105 redempti
1567 3041 1718 3102 sunt,
1749 3101 1780 3107 _
1809 3035 1960 3107 ipsos
1988 3035 2270 3090 daemones
2289 3032 2604 3105 puniendos
2619 3035 2640 3055 ’
2662 3031 2980 3095 exundavit,
3007 3031 3103 3102 qui
3125 3029 3408 3102 subjectos

163 3118 421 3186 praedicare
449 3128 503 3176 et
529 3101 746 3177 imitari
776 3101 897 3177 non
917 3101 1201 3188 desinunt,
1237 3129 1294 3178 et
1335 3101 1496 3195 quasi
1525 3101 1721 3180 coccus
1739 3101 1783 3162 θ
1805 3101 1937 3179 suos
1965 3125 2036 3180 ad
2076 3101 2310 3178 malum—
2330 3122 2584 3177 trahunt.
2636 3121 2928 3185 Quomodo
2951 3119 2976 3172 ?
3016 3101 3044 3171 ti
3088 3136 3190 3192 per
3227 3101 3412 3175 stadia

163 3205 229 3260 bis
254 3207 441 3264 tinctus
463 3212 706 3281 geminae
733 3211 1025 3266 charitatis
1062 3212 1262 3266 ardore
1307 3213 1718 3280 ﬂammescunt,
1806 3215 1959 3268 mille
1988 3218 2267 3279 sexcenta,
2305 3233 2331 3264 »
2367 3212 2471 3265 hoc
2497 3215 2600 3276 est,
2633 3227 2734 3280 per
2761 3225 2955 3263 omnes
2985 3209 3296 3275 saeculares,
3321 3207 3408 3263 vel

162 3310 366 3363 quorum
393 3299 675 3370 eloquium
705 3299 865 3353 dulce
906 3305 1010 3364 est,
1060 3301 1208 3372 quod
1251 3301 1493 3371 denique
1531 3301 1726 3355 dicunt
1805 3305 2070 3369 minores,
2104 3303 2190 3356 vel
2230 3302 2492 3371 majores,
2535 3300 2618 3353 vel
2663 3314 2916 3369 magnos.
2958 3297 3216 3352 Stadium
3256 3297 3408 3352 dice-

160 3381 354 3452 faciunt,
383 3388 832 3458 praedicationem
875 3405 1038 3444 suam
1071 3389 1390 3444 hominibus
1431 3389 1592 3461 quasi
1631 3407 1721 3444 sa-
1804 3393 1988 3459 batur,
2024 3397 2298 3463 quantum
2329 3387 2592 3444 currebat
2619 3387 2886 3442 Hercules
2910 3403 3025 3442 uno
3051 3386 3324 3454 anhelitu,
3352 3391 3411 3440 et

163 3472 296 3541 Pidas
319 3493 465 3532 escas
495 3482 513 3500 '
537 3484 852 3550 opponunt.
1805 3500 1905 3554 per
1928 3481 2173 3536 stadium
2205 3477 2608 3534 mensurabant
2635 3476 2812 3532 Graeci
2843 3476 3078 3547 plateas,
3118 3476 3178 3528 in
3207 3473 3410 3546 quibus

215 3563 380 3630 Labia,
409 3567 516 3622 oris
543 3567 774 3633 locutio,
822 3573 887 3622 ut
931 3568 990 3622 in
1028 3568 1131 3622 Job
1186 3587 1197 3622 :
1242 3588 1267 3620 «
1309 3569 1722 3626 Tantummodo
1805 3573 2081 3626 luderent.
2115 3569 2369 3624 Stadium
2399 3566 2680 3636 signiﬁcat
2710 3565 3011 3620 mundanis
3049 3563 3410 3619 varietatibus

159 3649 281 3706 labia
305 3654 440 3710 circa
468 3657 668 3712 dentes
709 3673 862 3711 meos
891 3657 932 3723 ⁴,
988 3676 1015 3712 ιο
1063 3658 1212 3729 quod
1255 3659 1476 3729 quando
1525 3676 1723 3730 passus

157 3747 226 3795 est
247 3743 503 3813 Christus,
538 3750 557 3770 '
584 3747 770 3801 solum
797 3747 865 3801 de
895 3747 992 3801 illo
1022 3746 1359 3802 habuerunt.

213 3834 427 3888 Labrum
448 3842 534 3890 est
550 3835 886 3907 baptismus,
909 3842 975 3890 ut
995 3836 1054 3890 in
1073 3836 1234 3891 libris
1253 3837 1470 3908 Regum
1495 3856 1506 3890 :
1536 3858 1559 3888 ι
1578 3837 1723 3892 Duo-

155 3918 305 3975 decim
334 3923 494 3978 boves
524 3925 830 3997 portabant
860 3925 1080 3980 labrum
1111 3927 1153 3992 δ,
1192 3946 1214 3977 ι
1249 3927 1398 3998 quod
1429 3927 1723 3981 duodecim

155 4012 361 4078 apostoli
390 4013 729 4085 baptismum
752 4015 1148 4086 praedicabant.
1173 4018 1435 4082 Labrum,
1459 4032 1725 4087 compun-

155 4097 268 4166 ctio,
293 4108 352 4155 ut
378 4103 434 4156 in
464 4104 651 4158 Exodo
685 4123 696 4156 :
740 4122 767 4155 (ί
808 4104 1054 4158 Labrum
1099 4121 1316 4158 aeneum
1366 4105 1435 4159 de
1485 4105 1724 4175 speculis

155 4189 420 4246 mulierum
446 4193 487 4256 ⁸.,
524 4212 548 4244 )›
583 4193 641 4246 id
676 4198 780 4258 est,
813 4193 883 4247 de
914 4194 1180 4264 exemplis
1205 4193 1541 4248 animarum.

212 4279 469 4334 Labrusca:
487 4287 622 4336 sunt
637 4281 792 4348 vitia,
815 4287 880 4336 ut
902 4282 958 4336 in
985 4283 1156 4338 Isaia:
1189 4303 1211 4334 ι
1231 4283 1307 4336 Ut
1323 4283 1532 4337 faceret
1561 4298 1716 4350 uvas,

152 4363 262 4420 fecit
285 4375 464 4424 autem
493 4371 780 4425 labruscas
807 4371 848 4434 ⁷,
878 4393 900 4422 ι
930 4371 986 4426 id
1012 4377 1115 4437 est,
1149 4373 1366 4443 speravi
1405 4372 1553 4442 quod
1585 4388 1718 4442 pro-

153 4452 299 4510 terret
323 4458 569 4526 virtutes,
605 4461 703 4514 sed
730 4461 862 4514 fecit
881 4461 1036 4516 vitia.

212 4547 300 4599 Lac
338 4554 420 4602 est
463 4550 601 4604 ordo
657 4555 861 4604 nostra:
910 4550 1310 4622 conceptionis,
1360 4557 1426 4604 ut
1467 4550 1524 4604 in
1567 4529 1670 4605 Job
1705 4569 1716 4604 :

156 4651 172 4682 ι
210 4633 351 4690 Sicut
404 4638 487 4691 lac
538 4639 783 4693 mulsisti
838 4656 949 4707 me,
990 4640 1048 4694 id
1096 4645 1199 4704 est,
1251 4657 1318 4694 ex
1367 4656 1534 4694 carne
1587 4657 1722 4694 con-

152 4729 317 4793 ceptus
342 4743 483 4780 sum.
531 4730 652 4793 Lac,
701 4728 934 4799 simplex
975 4728 1267 4796 doctrina;
1306 4734 1371 4783 ut
1400 4729 1460 4782 in
1497 4729 1672 4783 Paulo
1708 4747 1719 4782 :

155 4828 172 4858 ίι
197 4811 292 4866 Lac
315 4814 464 4869 vobis
493 4823 688 4888 potum
717 4817 846 4871 dedi
879 4834 1064 4872 escam
1079 4818 1120 4884 ⁸,
1148 4837 1172 4871 »
1209 4818 1266 4872 id
1299 4824 1403 4885 est,
1447 4817 1725 4889 simplicia

153 4899 280 4956 vobis
308 4905 620 4974 pradicavi,
665 4922 781 4960 non
807 4907 992 4961 fortia.
1027 4907 1098 4962 Et
1133 4906 1265 4960 alibi
1300 4926 1311 4960 :
1351 4927 1372 4957 ι
1407 4907 1561 4961 Facti
1589 4907 1724 4962 estis

152 4989 326 5056 quibus
353 4993 495 5048 lacte
525 5011 666 5068 opus
690 5000 794 5060 est,
846 5012 960 5049 non
1003 4995 1178 5050 solido
1226 4995 1349 5049 cibo
1387 4995 1428 5048 9.
1475 5016 1501 5048 ››
1549 4998 1724 5051 Laetis

151 5079 348 5134 nomine
370 5083 648 5154 simplices
667 5083 954 5138 auditores
975 5084 1248 5154 intellige,
1269 5085 1490 5139 dicente
1517 5100 1722 5156 sponso

152 5163 458 5225 inCantico:
489 5192 512 5223 ι
537 5171 659 5226 Bibi
679 5171 874 5228 vinum
907 5190 1096 5228 meum
1122 5190 1251 5228 cum
1273 5173 1416 5228 lacte
1439 5189 1564 5227 meo
1585 5172 1657 5238 ¹⁰;
1692 5191 1719 5226 ι

152 5255 276 5320 quod
305 5263 360 5311 et
381 5257 552 5312 fortes
583 5260 894 5314 caelestium
928 5261 1318 5332 praedicatores
1359 5267 1416 5314 et
1443 5260 1724 5331 simplices

1803 3661 2040 3728 deditos,
2101 3676 2214 3724 sex,
2267 3655 2584 3722 inferiores;
2634 3660 2881 3719 centum,
2939 3652 3402 3720 excellentiores;

1805 3750 1979 3814 mille,
2013 3745 2534 3815 excellentissimos,
2570 3745 2759 3808 Lac-us,
2803 3741 3093 3796 calamitas
3137 3740 3334 3796 mundi
3390 3758 3402 3792 :

1805 3845 1870 3894 ut
1896 3839 1954 3892 in
1980 3835 2218 3892 Psalmis
2253 3853 2264 3886 :
2299 3853 2324 3884 α
2358 3832 2561 3888 Eduxit
2588 3849 2678 3886 me
2721 3831 2790 3884 de
2829 3830 2954 3884 lacu
2997 3830 3239 3884 miseria:
3273 3830 3335 3896 ιθ,
3379 3849 3405 3880 ι

1803 3929 1860 3982 id
1889 3932 1993 3994 est,
2019 3927 2088 3980 de
2106 3923 2428 3978 calamitate
2457 3921 2672 3975 mundi.
2697 3922 2887 3984 Lacus,
2912 3924 2999 3973 est
3014 3919 3120 3972 iste
3137 3919 3408 3985 mundus,

1804 4033 1933 4072 cum
1954 4014 2309 4070 miseriarum
2326 4010 2766 4083 profunditatem
2782 4024 2896 4062 non
2915 4007 3186 4060 videmus.
3211 4009 3404 4073 Lacus,

1805 4105 2088 4176 corruptio
2117 4103 2320 4166 carnis,
2342 4100 2560 4154 dicente
2590 4099 2812 4153 Christo
2851 4097 2922 4150 ad
2951 4096 3178 4150 Patrem
3213 4114 3225 4148 :
3263 4115 3291 4150 ι
3321 4096 3408 4150 Ad

1803 4203 1880 4260 te,
1913 4193 2168 4259 Domine,
2193 4191 2342 4263 quod
2367 4190 2582 4244 intente
2611 4187 2782 4242 orabo
2823 4191 3076 4256 tempore
3109 4184 3404 4254 passionis.

1801 4286 1951 4340 Deus
1981 4299 2158 4348 meus,
2193 4297 2294 4352 per
2321 4295 2488 4350 quem
2517 4277 2696 4331 factus
2719 4291 2843 4329 sum
2888 4290 2955 4327 ex
2996 4272 3234 4327 muliere
3259 4271 3326 4339 ²⁰,
3380 4291 3405 4326 ι

1807 4376 1826 4396 ⁵
1857 4389 1928 4427 ne
1957 4372 2142 4437 sileas,
2183 4369 2404 4423 dicente
2438 4385 2449 4420 :
2491 4388 2512 4418 ι
2546 4367 2596 4420 Α
2623 4381 2732 4430 me,
2758 4364 2946 4427 Pater,
2971 4361 3019 4415 si
3046 4360 3170 4415 ﬁeri
3200 4366 3404 4431 potest,

1743 4468 2074 4546 Dtranseat,
2125 4475 2158 4512 a
2195 4475 2285 4512 me
2317 4457 2457 4511 calix
2498 4456 2602 4509 iste
2630 4453 2673 4488 ἰ
2713 4473 2724 4506 :
2759 4469 2830 4506 ne
2863 4451 3089 4522 quando
3134 4453 3326 4546 taceas
3369 4465 3405 4502 a

1803 4569 1895 4607 me
1923 4551 2200 4604 clamante
2236 4566 2247 4601 :
2282 4548 2467 4611 Pater,
2500 4543 2746 4598 clariﬁca
2785 4540 2990 4595 Filium
3035 4545 3199 4593 tuum
3223 4535 3304 4606 ²²;
3352 4543 3410 4592 et

1804 4642 1851 4696 si
1879 4647 2064 4695 tacere
2091 4638 2192 4703 vis,
2235 4634 2589 4690 assimilabor
2625 4627 3091 4686 descendentibus
3133 4627 3193 4681 in
3232 4625 3409 4681 infer-

1804 4747 1940 4786 num
1962 4727 2040 4794 ’3;
2078 4747 2103 4779 ι)
2133 4726 2189 4780 id
2220 4733 2322 4790 est,
2356 4723 2486 4778 talis
2515 4739 2612 4776 ero
2661 4720 2855 4792 quales
2901 4723 3036 4772 sunt
3077 4716 3160 4770 illi
3214 4715 3310 4788 qui
3349 4715 3409 4770 in

1805 4817 2221 4890 corruptionem
2249 4812 2432 4868 carnis
2458 4813 2685 4866 cadunt.
2715 4808 2890 4864 Silere
2917 4812 3108 4862 autem
3126 4804 3212 4858 vel
3235 4809 3410 4858 tacere

1805 4909 2010 4965 dicitur
2030 4951 2044 4970 ,
2105 4903 2330 4976 quando
2387 4918 2499 4956 non
2545 4901 2646 4954 dat
2694 4899 2844 4970 quod
2893 4901 3144 4967 rogatur.
3197 4895 3366 4948 Lacus
3392 4931 3408 4958 ,

1807 4997 2052 5054 mundus
2083 4995 2208 5059 iste,
2240 4993 2400 5062 cujus
2428 4989 2787 5044 miseriarum
2817 4985 3258 5059 profunditatem
3297 4995 3411 5034 non

1804 5087 2076 5150 videmus,
2111 5089 2170 5138 et
2196 5081 2476 5136 maximus
2495 5079 2796 5134 descensus
2826 5083 2931 5141 est,
2963 5091 2999 5129 a
3022 5075 3139 5129 Deo
3163 5069 3405 5135 deviare,

1805 5184 1863 5231 et
1890 5193 1951 5230 se
1980 5175 2051 5229 ad
2081 5174 2253 5243 hujus
2276 5169 2474 5225 mundi
2500 5167 2758 5222 miserias
2797 5164 3065 5218 inclinare
3095 5181 3107 5216 :
3146 5174 3412 5216 ascensus

1804 5283 1935 5319 vero
1966 5249 2226 5328 celestis,
2260 5261 2330 5314 iis
2356 5257 2601 5314 miseriis
2639 5255 2710 5308 ad
2751 5253 2901 5308 bona
2943 5257 3219 5324 perpetua
3260 5246 3412 5302 festi.

208 5405 342 5460 'Jo'u
372 5425 541 5476 xxxii,
575 5410 662 5468 20.
689 5411 714 5446 ³
743 5413 904 5466 Cant.
937 5427 988 5477 v,
1027 5411 1110 5466 13.
1142 5385 1168 5446 έ
1193 5412 1356 5466 Cant.
1388 5426 1464 5477 1v,
1488 5409 1545 5467 3.
1573 5410 1596 5444 ⁴
1623 5408 1727 5464 Job
1761 5422 1873 5473 xxx,
1905 5405 1995 5462 20.
2028 5405 2104 5477 δΑΙ
2133 5403 2273 5477 Reg.
2309 5417 2406 5467 vn,
2431 5401 2520 5477 2:}.
2553 5392 3133 5477 °__E_xod.‘xxxvm,.é.
3165 5393 3325 5477 nisi}.
3349 5403 3403 5454 ν,

152 5471 223 5530 24.
265 5478 286 5512 ε
319 5481 342 5534 I
373 5461 696 5537 ὃᾶὲῗὶιῖἶᾰ.
728 5461 958 5550 οἰῖἐῐίιιζ
976 5461 1156 5548 'v,"1'2.
1203 5461 1660 5547 ῖοᾝὲιιὶζᾘξλιλ

1919 5493 1974 5543 v,
2006 5475 2096 5550 12.
2128 5475 2176 5550 ff
2198 5461 2426 5550 (ait,
2464 5474 2526 5550 f_l_.
2575 5467 2823 5550 “anxod.
2852 5463 3136 5550 “11512.
3181 5462 3233 5550 2
3255 5461 3400 5550 ﬁeri.

154 5558 278 5612 XLIX.
303 5550 392 5607 12.
441 5553 483 5586 ’⁵
511 5553 719 5610 Thren.
752 5531 908 5620 ινζγτ.
955 5531 1136 5608 “113a.
1168 5555 1398 5618 χχχνιιί,
1431 5531 1528 5609 48.⁷
1571 5552 1615 5586 ¹⁷
1648 5571 1662 5606 λ

1897 5531 1973 5615 w,’
2001 5531 2089 5621 19.
2137 5547 2178 5582 ιε
2205 5545 2345 5602 ibid.
2382 5531 2428 5597 υ.
2460 5545 2550 5599 so.
2605 5540 2653 5576 η
2681 5539 2828 5596 Psal.
2863 5549 3050 5600 XXXIX,
3079 5533 3137 5587 3..
3181 5531 3230 5566 ιο
3255 5531 3405 5588 Psal.

155 5629 328 5674 Lxxxv.
361 5623 412 5678 7.
437 5622 482 5696 ’ἲ
512 5625 710 5681 Matth.
742 5640 913 5692 xxvn,
949 5623 1034 5682 39.
1066 5624 1114 5659 ’³
1141 5625 1300 5680 Joan.
1334 5638 1468 5684 xvii.
1507 5623 1553 5680 t.
1581 5620 1795 5676 ³³Ρεειι.
1832 5633 2002 5685 xxvn,
2037 5620 2090 5672 1.
