3818 6168
441 322 548 379 97“.)

1039 324 1098 376 Β.
1143 321 1413 376 RABANI
1453 320 1686 375 MAURI
1724 319 2058 375 ARCHIEP.
2098 321 2424 377 MOG‘UNT.
2467 319 2765 376 OPERUM
2803 319 2986 374 PARS
3025 319 3126 374 III.

3577 325 3664 384 980

444 463 600 502 nare.
630 449 710 502 De
741 449 844 502 hoc
869 449 990 507 lacu
1018 455 1082 501 ut
1110 447 1168 501 in
1208 447 1452 502 .ieremia
1481 448 1890 512 extraheretur,
1925 447 2040 501 dati
2057 450 2107 508 Α
2125 448 2462 520 ρωηίῐθηῐθε
2492 447 2641 500 facit.
2677 447 2784 500 Per
2813 449 3006 500 lanam
3035 451 3465 502 sustentamenta
3488 455 3666 522 tempo-

439 543 576 600 sunt
604 538 658 591 ei
677 555 788 591 non
825 538 1004 590 solum
1053 537 1232 602 funes,
1285 537 1382 590 sed
1427 544 1486 590 et
1532 542 1747 590 veteres
1798 537 1968 607 panni
2002 537 2041 600 ί,

445 626 595 696 quod
627 625 876 695 quisquis
901 642 936 680 a
960 625 1251 695 profundis
1279 626 1446 696 hujus
1471 625 1666 678 mundi
1705 625 1947 681 miseriis
1975 625 2045 677 ad

444 715 654 785 gaudia
681 715 928 768 cmlestia
956 715 1247 784 pervenire
1286 715 1589 779 desiderat,
1624 731 1850 770 necesse
1879 714 2048 768 habet

443 810 511 858 ut
539 805 701 871 fune:
725 810 1130 874 praeceptorum
1160 803 1262 857 Dei
1287 803 1526 858 ﬁrmiter
1557 803 1615 857 in
1663 803 1925 858 manibus
1967 810 2047 858 te-

445 898 596 958 neat,
625 893 738 946 illis
769 909 828 947 se
859 893 1120 958 involvat,
1151 892 1261 946 illis
1289 893 1578 947 inhaereat.
1605 893 1712 947 Sed
1738 892 1888 963 quod
1905 893 2048 948 dura

443 982 707 1036 videntur
734 999 802 1036 ea
829 999 952 1053 quae
970 981 1244 1053 iubentur
1295 1001 1306 1034 :
1357 982 1638 1036 addantur
1683 981 1911 1038 Mnibus
1951 998 2047 1035 ver

445 1077 594 1131 teres
639 1072 832 1142 panni,
892 1072 995 1126 hoc
1043 1076 1146 1138 est,
1193 1071 1486 1142 praeceptis
1530 1070 1631 1125 Dei
1675 1071 2050 1125 adhibeantur

445 1162 704 1232 exempla
732 1169 984 1215 veterum
1033 1162 1282 1226 Patrum,
1336 1161 1431 1231 qui
1481 1178 1549 1215 ea
1593 1178 1762 1232 opere
1809 1162 2047 1232 comple-

445 1256 666 1315 verunt,
715 1266 838 1320 qum
893 1250 1091 1309 auditu
1138 1250 1418 1305 dixerunt.
1473 1251 1589 1304 Hoc
1628 1256 1819 1304 autem
1879 1250 2045 1306 modo

447 1339 684 1410 quisque
711 1340 784 1398 ad
813 1339 1018 1392 bonam
1047 1340 1219 1393 vitam
1247 1340 1570 1404 attrahitur,
1600 1339 1647 1393 si
1679 1339 1792 1392 vita
1823 1344 2044 1393 sancto-

445 1443 574 1482 rum
605 1433 732 1498 post
757 1434 1037 1500 pracepta
1070 1429 1293 1484 Domini
1333 1429 1386 1482 ei
1421 1429 1491 1482 ad
1532 1427 2044 1482 corroborationem

445 1516 730 1576 inducimr
763 1535 774 1568 :
809 1533 940 1570 nam
971 1517 1186 1571 facilius
1205 1518 1441 1588 quisque
1461 1518 1652 1572 studet
1669 1517 1879 1571 imitari
1899 1517 2049 1587 quod

445 1604 516 1663 ab
564 1606 675 1659 alio
717 1605 866 1660 videt
911 1608 1052 1660 fieri.
1111 1609 1294 1670 Lacus,
1339 1607 1494 1672 vitia,
1545 1613 1614 1660 ut
1661 1606 1718 1659 in
1760 1606 1998 1667 Psalmis
2031 1623 2043 1658 ε

2129 538 2289 602 ralia,
2329 545 2390 589 ut
2419 537 2476 594 in
2510 536 2793 596 Ezechiele
2829 554 2839 587 :
2883 551 2910 586 α
2940 534 3110 592 Lenis
3139 535 3536 605 operiebamini,
3561 557 3666 608 με-

2126 643 2256 696 gem
2287 631 2475 679 autem
2511 642 2698 678 meum
2731 641 2842 678 non
2875 623 3185 694 pascebatis
3206 625 3268 688 η’,
3309 647 3323 670 ι
3359 625 3410 677 id
3445 632 3538 692 est,
3567 645 3666 682 sus-

2127 720 2477 769 tentamenta
2529 714 2864 785 temporalia
2909 729 2944 766 a
2989 711 3224 776 subditis
3264 713 3551 784 accepistis,
3592 718 3666 772 sed

2129 822 2323 860 eorum
2346 804 2708 868 salvationem
2741 820 2854 858 non
2883 802 3235 874 prazvidistis.

2200 897 2415 949 Lancea:
2443 900 2578 952 sunt
2597 894 2786 964 jacula
2814 892 3160 956 tentationis,
3192 897 3257 945 ut
3280 891 3337 946 in
3365 891 3496 947 .lob:
3529 915 3549 948 ι
3578 895 3672 951 Cir

2129 983 2415 1038 cumdedit
2440 999 2531 1036 me
2559 981 2764 1040 lanceis
2791 981 2908 1035 suis
2936 980 3001 1045 ‘9,
3035 998 3064 1034 ι
3095 980 3152 1033 id
3186 985 3288 1045 est,
3319 982 3672 1038 tentaticnibus

2129 1071 2262 1126 suis.
2315 1074 2545 1141 Lancea),
2593 1071 2819 1125 fraudes
2862 1068 3281 1141 praemeditata),
3323 1075 3386 1123 ut
3417 1070 3471 1124 in
3507 1071 3628 1128 Isaia
3659 1093 3669 1127 :

2133 1179 2160 1213 «
2193 1160 2531 1222 Conﬂabunt
2561 1162 2782 1218 lanceas
2813 1176 2942 1213 suas
2960 1159 3018 1211 in
3037 1158 3206 1211 falces
3226 1156 3292 1224 ³ο,
3322 1178 3343 1208 ι
3367 1159 3420 1212 id
3439 1167 3531 1226 est,
3560 1179 3672 1234 pre-

2128 1251 2400 1320 cogitatas
2419 1250 2645 1306 fraudes
2675 1249 2958 1320 abjicient,
2990 1253 3049 1302 et
3085 1247 3319 1304 utilitati
3346 1249 3673 1318 proximorum

2127 1339 2406 1392 insistent.
2909 1339 2916 1348 “

2201 1429 2358 1496 Lapis
2391 1427 2646 1484 Christus
2677 1424 3027 1495 intelligitur,
3053 1425 3122 1488 de
3149 1425 3340 1496 quoin
3367 1425 3677 1489 Zachariale-

2128 1517 2284 1587 gitur
2307 1536 2317 1570 :
2351 1535 2378 1567 α
2400 1518 2464 1571 ln
2485 1533 2596 1578 uno
2621 1514 2805 1586 lapide
2837 1520 3054 1584 septem
3091 1514 3240 1568 oculi
3269 1520 3400 1568 sunt
3425 1513 3487 1584 ²¹,
3516 1535 3538 1568 n
3565 1517 3680 1587 quod

2130 1605 2188 1659 in
2219 1605 2440 1659 Christo
2471 1603 2760 1675 plenitudo
2791 1603 3070 1658 donorum
3097 1602 3473 1673 spiritualium
3490 1602 3679 1660 habitat.

449 1712 476 1745 «
510 1695 747 1749 Salvasti
775 1713 865 1750 me
895 1714 929 1750 a
956 1696 1420 1750 descendentibus
1449 1697 1506 1750 in
1526 1697 1710 1750 lacum
1739 1695 1781 1762 ⁸,
1812 1715 1832 1746 ι
1856 1695 1914 1750 id
1939 1701 2044 1760 est,
2067 1727 2116 1792 Β
2134 1697 2295 1750 Hunc
2321 1695 2565 1765 lapidem
2597 1698 2654 1748 et
2681 1692 2878 1746 Daniel
2906 1692 2978 1745 de
3005 1697 3195 1746 monte
3230 1691 3351 1746 sine
3379 1692 3609 1746 manibus
3624 1692 3685 1746 in-

443 1799 482 1836 a
508 1783 890 1856 profunditate
918 1785 1199 1838 vitiorum.

517 1875 777 1938 Laolucz,
817 1880 951 1927 sunt
999 1874 1350 1938 afflictiones,
1399 1879 1463 1928 ut
1503 1875 1562 1927 in
1611 1874 1797 1928 Exodo
1845 1893 1856 1926 :
1909 1875 2050 1927 Cum

445 1963 677 2024 lactucis
707 1962 1023 2032 agrestibus
1049 1963 1090 2030 ⁸,
1127 1983 1152 2014 »
1186 1963 1243 2016 id
1274 1968 1377 2026 est,
1405 1979 1531 2016 cum
1563 1963 1772 2016 amaris
1793 1962 2052 2016 afflictio-

447 2051 632 2106 nibus.
701 2058 708 2070 '

520 2143 744 2195 Lacerta
773 2146 860 2194 est
890 2140 980 2193 via
1015 2138 1212 2210 iniqui,
1257 2144 1323 2194 ut
1361 2140 1419 2193 in
1469 2140 1712 2194 Levitico
1745 2158 1755 2192 :
1791 2159 1814 2191 ι
1851 2141 2050 2193 Lacer-

447 2237 568 2284 tam
593 2247 706 2284 non
735 2228 1039 2284 comedetis
1057 2229 1098 2293 ⁴,
1147 2249 1173 2281 η
1227 2229 1374 2298 quod
1420 2230 1592 2283 vitam
1634 2228 1792 2299 impii
1842 2229 2052 2288 imitari

451 2336 562 2374 non
589 2319 879 2374 debemus.

525 2411 842 2476 Laguncula
868 2415 954 2462 est
981 2425 1182 2478 corpus
1211 2407 1440 2473 Christi,
1465 2413 1530 2460 ut
1547 2407 1605 2460 in
1639 2407 1783 2462 Isaia
1810 2427 1820 2460 :
1860 2426 1886 2457 α
1915 2408 2058 2462 Con-

449 2497 658 2567 fringet
686 2498 1042 2568 lagunculam
1066 2497 1107 2562 ⁵,
1144 2517 1164 2547 ι
1207 2497 1354 2566 quod
1395 2512 1597 2566 corpus
1629 2496 1836 2550 Christi
1875 2497 2056 2550 cruci-

451 2588 624 2644 fixum
651 2592 753 2640 est.
781 2587 888 2646 Per
916 2590 1280 2652 lagunculam
1309 2585 1680 2651 conscientiae,
1715 2592 1779 2638 ut
1815 2585 1873 2639 in
1903 2584 2006 2638 Job
2037 2604 2048 2638 :

457 2693 483 2726 (ί
515 2675 674 2738 Quod
706 2675 1032 2744 lagunculas
1063 2690 1233 2728 novas
1262 2673 1476 2744 dirupit
1501 2674 1542 2738 ⁸,
1569 2692 1595 2726 ι
1620 2675 1675 2728 id
1696 2679 1800 2740 est,
1829 2690 2058 2728 renova-

451 2768 545 2817 tus
573 2763 940 2817 consclentias
960 2763 1131 2818 lmdit.

527 2855 744 2920 Lagona
771 2857 857 2906 est
886 2853 1026 2907 ﬁdes
1055 2851 1339 2922 baptismi,
1371 2857 1434 2906 ut
1460 2852 1518 2906 in
1541 2851 1839 2922 Evangelia
1863 2869 1874 2904 :
1906 2871 1928 2902 σ
1954 2852 2056 2906 Oc-

456 2947 646 3000 currat
672 2941 828 2996 vobis
869 2942 1128 3012 lagonam
1172 2958 1333 3012 aquse
1381 2941 1638 3012 bajulans
1681 2939 1731 3005 7,
1771 2960 1792 2992 ι
1846 2940 1904 2996 id
1947 2947 2051 3008 est,

2133 1785 2346 1840 tellexit
2364 1783 2428 1850 π’,
2453 1789 2516 1838 ut
2537 1783 2628 1836 hic
2647 1785 2667 1806 ⁴’
2689 1788 2776 1835 est
2795 1781 3079 1835 Christum
3099 1781 3167 1834 de
3187 1782 3400 1851 populo
3417 1781 3684 1834 Judzeorum

2132 1875 2252 1928 sine
2282 1889 2450 1944 Opere
2475 1871 2754 1942 conjugali
2775 1869 3150 1942 progenitum,
3175 1870 3278 1939 qui
3300 1874 3486 1941 postea
3501 1871 3551 1924 in
3566 1888 3688 1925 mon-

2133 1969 2248 2016 tem
2287 1978 2556 2032 magnum
2608 1963 2628 1984 ⁴
2669 1961 2850 2014 factus
2889 1958 3142 2029 implevit
3181 1959 3496 2012 universam
3529 1959 3686 2013 faciem

2129 2058 2296 2106 terrae
2331 2069 2342 2103 :
2373 2051 2522 2122 quod
2554 2055 2672 2106 tam
2701 2053 2920 2120 gentes,
2955 2064 3125 2118 quam
3152 2049 3382 2103 Judaeos
3408 2047 3689 2104 fecundave-

2133 2145 2224 2196 rat
2249 2139 2418 2193 verbo
2447 2139 2712 2198 doctrina;
2741 2155 2875 2192 suae.
2919 2138 3142 2206 Lapides
3170 2123 3688 2208 intelliguntur-pro-

2137 2231 2335 2301 pheta,
2353 2231 2515 2300 juxta
2533 2229 2671 2282 illud
2697 2247 2708 2280 :
2737 2247 2764 2278 α
2785 2226 3068 2290 Quoniam
3087 2227 3428 2297 placuerunt
3436 2227 3590 2281 servis
3604 2225 3692 2280 tuis

2135 2318 2351 2390 lapides
2380 2320 2503 2388 ejus
2527 2317 2591 2383 ⁸⁸,
2636 2338 2658 2369 ν)
2707 2316 2967 2370 videlicet
3013 2315 3147 2370 Sion
3197 2333 3212 2366 ε
3268 2317 3414 2387 quod
3454 2316 3692 2387 propheta

2138 2408 2468 2479 placuerunt
2492 2405 2778 2477 apostolis,
2801 2404 2954 2458 dicta
2973 2404 3204 2458 illorum
3221 2421 3326 2476 per
3335 2405 3584 2476 Spiritum
3598 2421 3696 2458 san-

2138 2502 2290 2550 ctum
2311 2494 2778 2564 intelligentibus:
2800 2512 2826 2544 σ
2845 2493 3086 2547 Etterrae
3097 2494 3231 2563 ejus
3253 2493 3652 2554 miserebantur,
3676 2511 3692 2542 ι

2137 2587 2244 2640 hoc
2261 2591 2365 2650 est,
2389 2581 2745 2640 inferioribus
2773 2582 3093 2636 Iudaeorum
3120 2599 3235 2652 per
3257 2583 3552 2637 doctrinam
3578 2585 3697 2653 Apo-

2138 2675 2412 2730 stolorum
2457 2671 2842 2726 misericordia
2886 2671 3276 2742 impendatur,
3328 2673 3410 2726 vel
3449 2688 3698 2743 synagoga:

2137 2765 2470 2836 placuerunt
2483 2761 2766 2831 Apostolis
2791 2778 2800 2813 :
2827 2760 2976 2814 unde
3007 2766 3066 2813 et
3091 2759 3456 2814 inferioribus
3483 2762 3592 2830 ejus
3616 2760 3697 2813 mi-

2137 2852 2274 2907 serti
2303 2856 2451 2904 sunt.
2486 2850 2587 2903 Vel
2626 2866 2720 2920 per
2754 2849 2988 2920 lapides,
3029 2850 3364 2920 prophetas,
3409 2855 3468 2904 ut
3493 2850 3545 2902 in
3572 2848 3696 2902 libris

2137 2943 2355 3011 Regum
2373 2959 2384 2992 :
2415 2963 2442 2992 ι
2463 2939 2703 3010 Lapides
2719 2939 2962 3009 grandes
2977 2938 3038 2992 in
3047 2939 3424 2996 fundamento
3436 2936 3698 3009 templiup

455 3031 696 3103 populus
749 3031 1102 3088 Christianus
1156 3031 1324 3084 ﬁdem
1367 3031 1628 3102 baptismi
1671 3029 1900 3084 habens.
1949 3031 2058 3086 Per
2077 3031 2287 3123 Cquod
2318 3046 2488 3100 super
2514 3029 2817 3100 prophetas
2845 3029 2960 3086 vita
2979 3034 3038 3082 et
3063 3027 3311 3082 scientia
3340 3029 3572 3099 insignes
3596 3043 3698 3081 san-

457 3124 712 3188 lagenam
741 3126 966 3178 terrena
995 3135 1247 3190 corpora,
1272 3120 1412 3172 utin
1433 3119 1575 3173 libro
1605 3119 1899 3173 Iudicum“
1921 3121 2056 3174 socii
2094 3117 2104 3123 “
2143 3126 2232 3174 cta
2263 3119 2505 3173 Ecclesia
2533 3117 2767 3172 fundata
2793 3122 2896 3170 est.
2927 3119 3102 3186 Lapis,
3138 3117 3254 3184 lex,
3290 3135 3412 3188 quae
3431 3118 3613 3188 scripta
3637 3121 3705 3168 est

457 3210 737 3264 Gedeonis
755 3209 1150 3278 confregerunt
1172 3211 1418 3279 lagenss,
1442 3210 1591 3284 quod
1606 3217 1883 3281 martyres
1905 3212 2060 3267 Chri-

456 3299 529 3352 sti
559 3299 916 3353 tradiderunt
937 3298 1008 3352 ad
1041 3305 1280 3354 mortem
1305 3315 1540 3370 corpora
1568 3316 1688 3354 sua.

530 3391 768 3443 Lamina
821 3393 908 3442 est
954 3387 1180 3442 claritas
1227 3389 1554 3454 divinitatis,
1611 3394 1674 3443 ut
1717 3390 1776 3444 in
1826 3391 2054 3445 Exodo:

465 3495 492 3528 ‹‹
525 3477 764 3534 Lamina
792 3477 862 3530 de
891 3493 1029 3530 anno
1058 3477 1358 3548 purissimo
1385 3477 1428 3543 ⁸,
1463 3495 1489 3530 n
1518 3478 1574 3531 id
1607 3484 1709 3542 est,
1749 3479 2060 3538 claritatem

457 3567 527 3620 de
555 3567 672 3621 Deo
711 3567 944 3621 excelso.
989 3569 1245 3632 Lamina,
1293 3567 1463 3622 corda
1505 3567 1844 3633 Iudaeorum,
1893 3575 1958 3622 ut
2001 3569 2059 3623 in

457 3655 562 3710 Job
589 3675 600 3708 :
629 3675 652 3707 ι
689 3657 757 3709 Et
785 3655 976 3726 populi
997 3656 1244 3710 'lamina
1262 3656 1326 3720 ίθ,
1354 3675 1379 3707 ))
1402 3656 1458 3709 id
1478 3663 1580 3720 est,
1607 3657 1666 3710 in
1681 3657 1846 3710 corde
1867 3659 2058 3729 populi

459 3745 695 3799 Judaicl.
740 3746 846 3798 Per
897 3748 1142 3798 laminas
1193 3761 1365 3816 opera
1410 3745 1658 3815 pietatis,
1703 3751 1768 3798 ut
1807 3747 1862 3800 in
1903 3745 2058 3800 libris

459 3834 676 3904 Regum
711 3851 721 3886 :
763 3853 785 3883 ε
821 3834 1010 3887 Afﬂxit
1037 3833 1276 3887 laminas
1305 3825 1471 3887 clavis
1495 3835 1558 3899 ¹¹,
1595 3853 1622 3887 ι
1655 3834 1711 3888 id
1759 3841 1862 3900 est,
1914 3834 2061 3890 bona

459 3939 630 3994 Opera
659 3923 1041 3976 remuneravit
1066 3922 1312 3992 pmmiis
1341 3923 1582 3976 aeternis.

532 4013 723 4065 Lamia
735 4015 822 4064 est
831 4011 1132 4072 simulatio,
1153 4016 1218 4064 ut
1231 4011 1289 4064 in
1303 4010 1449 4064 Isaia
1465 4029 1476 4064 :
1499 4029 1524 4064 α
1539 4011 2022 4079 Cubavitlamia“,
2035 4034 2057 4065 ι)

458 4099 517 4152 id
545 4105 648 4164 est,
681 4099 954 4169 requievit
983 4098 1287 4153 simulatio.

535 4190 686 4241 Lana
717 4191 803 4241 est
829 4187 1176 4258 simplicitas,
1212 4193 1276 4242 ut
1303 4187 1360 4242 in
1382 4188 1819 4246 Deuteronomio
1845 4209 1855 4243 :
1892 4211 1917 4242 ι
1937 4192 2060 4245 Non

461 4277 666 4331 induas
691 4281 901 4330 vestem
931 4277 1046 4330 lino
1075 4278 1314 4348 lanaque
1343 4283 1660 4335 contextam
1685 4279 1747 4345 1³,
1799 4299 1821 4329 ι
1866 4280 1920 4334 id
1954 4285 2057 4345 est,

2141 3210 2200 3263 in
2229 3210 2411 3280 lapide
2439 3215 2682 3274 tantum,
2719 3213 2782 3261 ut
2817 3208 3068 3278 psalmus
3109 3209 3179 3262 de
3227 3208 3450 3264 Christo
3479 3206 3702 3278 loquitur,

2139 3287 2479 3370 quodetiam
2508 3297 2778 3353 membris
2806 3302 3066 3368 captatur
3089 3315 3100 3350 :
3134 3315 3160 3348 ε(
3185 3299 3258 3352 In
3280 3298 3530 3352 manibus
3555 3301 3706 3368 porta-

2141 3387 2283 3443 bunt
2311 3395 2389 3454 te,
2423 3405 2494 3442 ne
2524 3388 2666 3442 forte
2701 3387 2952 3440 olfendas
2982 3386 3181 3457 pedem
3229 3394 3394 3442 tuum
3419 3386 3494 3454 '5;
3538 3408 3560 3438 ι)
3588 3383 3703 3456 quod

2141 3478 2395 3533 membra
2416 3495 2520 3532 sua
2539 3476 2812 3530 ministris
2832 3476 2948 3530 suis
2968 3481 3025 3530 et
3043 3476 3274 3532 auxiliis
3295 3477 3412 3532 suis
3432 3475 3700 3531 minabunl.

2143 3585 2213 3622 ne
2250 3567 2432 3638 legem
2461 3565 2764 3621 carnaliter
2791 3565 3127 3635 intelligant,
3163 3581 3242 3620 ne
3272 3564 3704 3638 spiritualiterin-

2139 3657 2424 3714 tellectum
2481 3655 2762 3726 complere
2806 3653 3114 3724 negligant,
3163 3671 3242 3710 ne
3292 3656 3403 3726 legi
3450 3652 3702 3724 implenda

2140 3745 2344 3799 timore
2365 3761 2562 3815 poene,
2587 3744 2683 3797 sed
2705 3759 2896 3797 amore
2915 3743 3168 3814 Justitite.
3195 3745 3322 3798 Hoc
3347 3740 3484 3798 dixit
3500 3747 3704 3797 tentatur

2143 3833 2384 3898 Christo,
2416 3834 2486 3887 de
2514 3833 2806 3887 divinitate
2830 3834 2954 3903 ejus
2982 3832 3288 3896 dubitans;
3321 3833 3536 3888 volebat
3549 3838 3702 3885 autem

2143 3923 2416 3988 diabolus,
2459 3929 2650 3980 utrum
2681 3937 2809 3976 vere
2855 3922 3023 3976 homo
3065 3927 3295 3978 tantum
3335 3929 3498 3988 esset,
3536 3939 3593 3976 ex
3624 3925 3704 3974 hoc

2144 4012 2382 4084 probare
2407 4031 2418 4064 :
2444 4012 2492 4066 si
2515 4011 2720 4066 auxilio
2740 4012 3091 4080 angelorum,
3119 4013 3287 4083 quasi
3309 4013 3413 4066 sibi
3435 4009 3703 4066 necessario

2143 4103 2404 4158 deorsum
2427 4102 2631 4155 missus
2653 4101 2942 4167 allevetur,
2966 4101 3150 4171 angeli
3169 4119 3311 4171 ergo
3331 4103 3446 4156 Deo
3465 4101 3705 4155 ministra.

2141 4190 2296 4257 bant,
2321 4205 2434 4244 non
2453 4207 2519 4244 ex
2538 4190 2893 4253 necessitate,
2917 4190 3077 4260 quasi
3096 4189 3422 4260 impotenti,
3461 4191 3549 4244 sed
3575 4186 3705 4258 quasi

2142 4298 2209 4334 ex
2237 4279 2419 4333 ofﬁcio
2453 4299 2463 4332 :
2498 4296 2601 4333 nec
2635 4280 2760 4334 ideo
2789 4279 2948 4332 illum
2994 4279 3064 4332 ad
3101 4280 3306 4334 celum
3355 4279 3703 4334 ascendentem

461 4381 572 4420 non
600 4366 862 4419 ostendas
887 4366 955 4419 de
985 4365 1120 4420 foris
1145 4367 1578 4438 simplicitatem,
1609 4373 1667 4421 et
1684 4367 1838 4422 intus
1853 4368 2460 4442 habeastortabant.
2495 4369 2644 4438 quod
2674 4368 2916 4433 caderet,
2949 4368 2996 4422 si
3030 4384 3141 4422 non
3173 4373 3498 4439 portarent;
3539 4366 3623 4421 sed
3656 4370 3705 4418 ut

457 4455 864 4527 duplicitatem.
898 4457 1070 4520 Lana,
1101 4455 1256 4526 virgo
1288 4456 1482 4520 Maria,
1525 4461 1590 4510 ut
1624 4457 1682 4510 in
1723 4457 1866 4511 libro
1899 4459 2058 4512 Judi-

456 4560 585 4598 cum
622 4561 632 4595 :
659 4561 688 4594 ei
719 4545 934 4597 Ponam
965 4544 1066 4597 hoc
1097 4544 1275 4598 vellus
1301 4545 1442 4599 lana;
1480 4545 1537 4598 in
1580 4562 1715 4599 area
1751 4546 1813 4612 η,
1853 4567 1878 4599 »
1911 4549 2057 4618 quod

455 4633 748 4703 virginitas
777 4633 968 4686 Mariae
997 4633 1308 4687 honoratur
1330 4634 1386 4686 in
1416 4635 1678 4688 Ecclesia.
1709 4636 1879 4701 Lana,
1913 4637 2059 4691 bona

457 4721 622 4788 actio,
649 4727 713 4775 ut
731 4721 788 4774 in
807 4720 1093 4775 Parabolis
1120 4741 1131 4775 :
1158 4741 1182 4776 «
1199 4722 1463 4786 Quaesivit
1482 4724 1670 4777 lanam
1689 4724 1932 4778 etlinum
1952 4726 2015 4792 ιδ,
2029 4746 2050 4777 ι

455 4810 514 4865 id
543 4815 647 4875 est,
670 4811 920 4865 exercuit
938 4811 1214 4865 actionem
1235 4817 1292 4864 et
1309 4813 1860 4883 contemplationem.
1881 4815 2052 4880 Lana,

452 4899 752 4966 mansueti,
787 4899 927 4954 utin
958 4901 1196 4956 Psalmis
1227 4919 1238 4953 :
1276 4921 1296 4951 σ
1333 4901 1439 4964 Qui
1471 4901 1570 4955 dat
1600 4901 1785 4959 nivem
1815 4904 1962 4958 sicut
1980 4905 2056 4959 la—

451 4989 660 5055 nam“,
703 5006 728 5040 η
756 4989 904 5060 quod
940 4989 1066 5044 illos
1104 5004 1510 5060 nonnunquam
1551 4997 1874 5046 mansuetos
1901 4994 2050 5058 facit,

451 5079 549 5149 qui
592 5079 746 5150 prius
793 5077 1176 5132 intractabiles
1205 5084 1384 5132 erant.
1421 5097 1449 5130 ει
1489 5079 1761 5134 Nebulam
1801 5083 1946 5137 sicut
1982 5084 2056 5138 ci-

449 5183 642 5222 nerem
667 5166 884 5238 spargit
912 5167 976 5232 ιτ,
1007 5186 1029 5216 ι
1071 5167 1219 5250 quod
1249 5167 1521 5238 quosdam
1566 5169 1722 5240 prius
1753 5177 2054 5226 excaecatos

2140 4457 2517 4512 ministerium
2528 4456 2728 4511 debitae
2739 4455 3700 4527 subjectionisimpenderentPedems

2139 4547 2276 4602 dicit
2305 4546 2509 4600 mentis
2539 4546 2906 4602 affectionem.
2941 4547 3117 4613 Lapis,
3145 4545 3426 4612 diabolus,
3455 4546 3542 4617 qui
3561 4545 3705 4597 durus

2141 4641 2228 4690 est
2253 4653 2354 4706 per
2376 4635 2848 4706 impasnitentiam
2879 4639 2936 4688 et
2961 4634 3314 4705 ponderosas
3345 4652 3447 4706 per
3472 4631 3702 4703 iniquita-

2139 4731 2254 4780 tem
2291 4743 2301 4778 :
2334 4725 2404 4778 de
2432 4741 2543 4795 quo
2563 4725 2783 4796 Moyses
2803 4722 2939 4776 dicit
2959 4723 3019 4776 in
3039 4723 3260 4777 cantico
3279 4724 3453 4778 Exodi
3473 4741 3485 4776 ε
3511 4743 3532 4774 (ι
3563 4717 3704 4776 Electi

2137 4813 2416 4884 principes
2437 4813 2560 4882 ejus
2581 4811 2855 4865 submersi
2879 4816 3013 4864 sunt
3034 4811 3093 4864 in
3125 4813 3273 4865 mari
3299 4813 3365 4879 ³⁸,
3403 4831 3432 4864 ι»
3461 4811 3595 4883 quod
3623 4807 3704 4860 mi-

2137 4901 2302 4956 nistri
2327 4900 2533 4955 diaboli
2561 4906 2618 4953 et
2653 4899 3006 4954 sublimiores
3043 4915 3146 4971 per
3183 4900 3486 4956 adventum
3529 4894 3701 4956 Christi

2137 4989 2612 5062 demerguntur-in
2631 4989 2849 5043 ardenti
2864 4989 3114 5043 inferno:
3134 5010 3156 5039 ι
3174 4989 3378 5061 Abyssi
3399 4990 3703 5061 operuerunt

2137 5097 2232 5136 eos
2250 5080 2314 5145 3",
2349 5102 2374 5132 »
2411 5081 2560 5150 quod
2588 5079 2865 5150 profunda
2892 5079 3111 5134 malitia
3139 5079 3419 5150 depressit
3442 5094 3566 5133 eos:
3591 5073 3700 5126 cde-

2136 5171 2474 5226 scenderunt
2493 5169 2548 5222 in
2570 5169 2930 5240 profundum,
2955 5169 3116 5240 quasi
3134 5168 3296 5240 lapis,
3320 5187 3345 5221 ›)
3369 5169 3473 5222 hoc
3487 5172 3581 5227 est,
3603 5163 3699 5216 sine

526 5329 543 5362 ¹
586 5329 698 5390 Jer.
744 5342 974 5392 xxxviii,
1032 5327 1112 5396 ll,
1162 5326 1253 5384 12.
1297 5327 1320 5360 ³
1352 5328 1500 5381 Psal.
1553 5344 1702 5394 xx1x,
1749 5329 1800 5386 4.
1833 5329 1856 5363 3
1889 5332 2055 5386 Exod.

2139 5346 2188 5397 u,
2221 5331 2272 5385 8.
2303 5331 2326 5364 ⁴
2353 5331 2481 5385 Lev.
2513 5344 2589 5394 x1,
2627 5328 2714 5384 30.
2745 5330 2768 5362 ⁵
2797 5328 2906 5382 Isa.
2954 5344 3006 5394 x,
3062 5327 3153 5384 33.
3199 5327 3222 5362 °
3267 5327 3373 5380 Job
3417 5340 3578 5390 xxxn,
3620 5321 3693 5397 iii.

451 5399 672 5470 "Marc.
716 5391 830 5464 xiv,
872 5400 948 5456 l3.
994 5399 1016 5434 ⁸
1049 5391 1176 5464 Jud.
1223 5414 1320 5462 vn,
1355 5397 1443 5455 ΩΟ.
1497 5401 1522 5436 ο
1551 5391 1719 5455 Exod.
1755 5417 1949 5468 xxvm,
1995 5403 2055 5457 δε

2139 5391 2185 5441 ι⁰’
2209 5401 2312 5456 Job
2341 5417 2453 5462 xIx,
2487 5391 2586 5456 2i.
2612 5401 2652 5438 ¹¹
2695 5399 2718 5454 Ι
2748 5400 2885 5470 Reg.
2915 5391 3107 5464 vum.
3157 5399 3202 5434 ¹²
3239 5399 3352 5452 Isa.
3397 5411 3582 5470 xxxiv1

455 5468 500 5503 ³⁸
527 5469 692 5530 Deut.
721 5461 854 5535 XXII,
885 5473 970 5524 il.
1000 5461 1244 5525 “'Judic.
1281 5461 1354 5536 vI,
1389 5471 1476 5525 37.
1507 5473 1552 5508 ¹⁵
1591 5475 1746 5526 Prov.
1783 5461 2048 5538 xxx1,'l3.
2085 5475 2130 5514 1⁸
2162 5473 2308 5528 Psal.
2339 5461 2544 5533 excvn,
2585 5473 2662 5524 id.
2695 5471 2738 5516 ι’
2770 5461 2907 5525 Ibid.
2942 5461 2988 5510 *⁸
3018 5471 3209 5528 Ezech.
3243 5483 3429 5534 xxxrv,
3459 5468 3509 5522 3.
3543 5464 3584 5538 ¹9
3610 5461 3695 5538 qu

450 5551 562 5605 xvi,
583 5533 888 5617 _i3:_’:l.sa.
914 5541 1061 5617 n,_4.
1093 5540 1136 5578 ²¹
1167 5533 1440 5606 Ζτιεὴξιιι,
1473 5543 1526 5598 9.
1553 5542 1758 5598 nDan.
1785 5533 1950 5610 11,34.
1978 5545 2055 5600 ⁸³]

2139 5543 2579 5608 lLCI,15.“III
2609 5543 2745 5617 Reg.
2779 5557 2831 5608 ν,
2867 5543 3026 5597 17.²⁵
3059 5542 3318 5604 Psalxc,
3355 5540 3434 5596 12.
3469 5538 3515 5572 ’θ
3547 5533 3690 5592 Exod.

450 5624 540 5664 xv.
572 5609 624 5666 4.
657 5608 702 5644 ⁸⁷
733 5609 874 5664 Ibid.
907 5628 958 5666 υ.
987 5609 1040 5664 5.
