3818 6168
179 357 260 420 981
1062 347 1493 410 ALLEGORLE
1529 349 1610 410 IN
1650 347 1945 410 SACRAM
1983 345 2466 408 SCRIPT’U'RAM.
3313 344 3421 408 982

178 501 258 559 spe
281 475 784 544 resurrectionis,ad
814 475 1291 532 instardurissimi
1311 473 1533 548 lapidis.
1552 475 1733 546 Lapis,
1753 475 1949 539 Arum
1975 475 2040 544 ’³,
2075 477 2224 549 quod
2263 479 2360 550 qui
2398 495 2532 534 vasa
2563 477 2816 535 veritatis
2861 475 3128 546 existunt,
3169 477 3228 534 et
3267 477 3424 533 intus

179 571 369 646 quilibit
385 569 620 640 iniquus,
651 565 796 621 utin
814 565 1149 638 Apocalypsi
1173 583 1184 618 :
1212 583 1239 618 ci
1256 567 1326 620 Et
1340 566 1568 620 sustulit
1592 583 1738 621 unus
1818 569 2028 623 bonum
2055 568 2396 624 desiderium
2426 573 2484 622 et
2505 569 2527 592 "
2555 567 2708 622 intus
2736 567 2942 623 bonam
2987 565 3266 623 actionem
3319 565 3424 623 ha-

179 662 376 734 angelus
405 658 556 712 fortis
584 655 842 727 lapidem,
882 653 1042 726 quasi
1066 655 1338 708 molarem
1370 670 1658 725 magnum,
1683 657 1741 714 et
1819 656 1971 714 bent.
1991 655 2100 712 Per
2121 657 2416 726 lampades,
2446 656 2671 714 fraudes
2686 656 3073 731 reproborum,
3105 661 3171 711 ut
3190 655 3250 710 in
3270 651 3376 711 Job
3407 674 3418 709 :

179 751 367 806 misitin
383 763 550 812 mare,
570 745 756 800 dicens
780 763 791 798 :
813 743 931 798 Hoc
945 743 1159 814 impetu
1185 740 1443 798 mittetur
1463 743 1735 817 Babylon,
1824 766 1847 798 (
1882 743 1963 800 De
1993 755 2088 800 ore
2113 745 2234 816 ejus
2255 746 2564 816 procedunt
2583 743 2948 822 lampades“,
2985 763 3012 798 ι
3036 743 3184 820 quod
3200 744 3270 800 de
3298 761 3427 817 sug-

181 841 256 895 illa
309 851 500 906 magna
532 833 722 888 civitas
745 833 786 902 ί,
827 853 849 884 ι
876 837 981 886 etc.
1017 833 1276 899 Angelus,
1326 829 1602 895 Christus,
1637 849 1740 906 pa-
1821 835 2074 906 gestione
2099 834 2306 890 diaboli
2328 841 2534 892 exeunt
2561 835 2672 892 doli
2728 837 2786 890 et
2835 833 3078 892 fraudes.
3135 833 3245 892 Per
3281 835 3426 889 lam-

177 937 320 984 temae
345 925 482 980 vocis
499 923 745 984 nuntius,
778 923 943 990 fortis
975 925 1078 988 est,
1136 919 1226 974 cui
1269 935 1434 974 nemo
1479 919 1740 977 resistere
1817 926 2035 994 pedem,
2059 923 2286 978 claritas
2308 923 2727 991 miraculorum,
2763 928 2830 978 ut
2852 924 2912 978 in
2941 921 3086 979 libro
3113 921 3375 980 Iudicum
3409 941 3422 976 :

178 1019 345 1088 potest.
403 1009 576 1078 Unde,
638 1027 660 1062 ι
704 1009 808 1064 Cui
865 1007 1063 1062 similis
1115 1021 1284 1088 nemo
1314 1009 1599 1066 invenitur
1633 1007 1676 1066 ’.
1709 1030 1737 1065 ι
1827 1029 1854 1064 ι
1879 1011 2192 1084 Lampades
2223 1017 2279 1067 et
2310 1011 2540 1086 lagenas
2586 1027 2790 1070 vacuas
2846 1012 2904 1070 in
2952 1009 3136 1068 medio
3193 1011 3426 1086 lagena—

179 1085 324 1173 lapis,
355 1098 580 1172 quilibet
606 1097 813 1170 impius
861 1085 1124 1169 pr0pter‘
1156 1095 1425 1152 duritiam
1462 1097 1646 1154 cordis
1687 1105 1744 1154 et

184 1197 492 1265 peccatorum
521 1188 759 1261 pondus,
793 1187 889 1258 qui
918 1190 1151 1240 molaris
1197 1187 1468 1242 asseritur
1513 1195 1744 1263 propter

183 1279 540 1336 volubilitatem
605 1275 958 1331 saecularium
1014 1290 1226 1341 rerum,
1271 1287 1442 1347 quam
1486 1277 1744 1352 sequitur

181 1375 384 1434 tantum,
407 1367 461 1421 in
483 1361 720 1422 Psalmis
750 1385 760 1420 :
788 1389 808 1415 ιι
826 1365 890 1421 In
907 1365 1143 1420 circuitu
1165 1363 1324 1438 impii
1345 1363 1688 1422 ambulant’.
1714 1385 1736 1418 »

187 1463 382 1528 Magnus
437 1457 607 1512 etiam
656 1457 880 1522 dicitur,
929 1461 1160 1528 propter
1212 1453 1556 1526 potentiam:
1592 1455 1740 1530 quod

182 1561 542 1618 nonnunquam
569 1543 848 1600 bonorum
877 1543 1046 1599 etiam
1083 1542 1425 1598 dominatur.
1476 1544 1626 1599 Mare
1657 1551 1743 1600 est

183 1640 394 1700 infernus
419 1636 651 1690 ardens:
679 1637 943 1702 Babylon,
979 1631 1267 1705 collocatio
1293 1633 1744 1700 malorum,sicut

184 1729 326 1800 igitur
350 1726 572 1794 angelus
597 1723 846 1794 lapidem
876 1722 934 1777 in
955 1723 1132 1778 altum
1164 1721 1319 1788 tulit,
1346 1727 1402 1777 et
1417 1740 1622 1794 magno
1641 1724 1743 1778 im-

1824 1118 1952 1158 rum
1979 1102 2044 1169 ‘5,
2068 1121 2092 1154 »
2119 1101 2268 1174 quod
2287 1119 2522 1174 corpora
2537 1105 2858 1160 sanctorum
2881 1105 3198 1177 martyrum
3223 1101 3249 1128 ‘
3271 1107 3329 1158 et
3362 1119 3428 1158 ex

1823 1190 1904 1244 eis
1924 1189 2217 1246 miracula.

1895 1281 2139 1348 Laqueus
2168 1285 2254 1334 est
2277 1279 2579 1350 suggestio,
2612 1284 2677 1335 ut
2719 1279 2778 1334 in
2810 1275 3049 1335 Psalmis
3083 1299 3094 1334 :
3125 1299 3150 1332 «
3182 1277 3309 1354 Ipse
3364 1281 3430 1335 li-

1823 1367 2037 1424 beriavit
2082 1386 2172 1428 me
2213 1369 2282 1423 de
2339 1370 2539 1443 laqueo
2599 1369 2880 1424 venatoris
2937 1369 3000 1436 ¹⁶,
3047 1387 3074 1422 »
3106 1369 3165 1428 id
3208 1373 3311 1434 est,
3360 1365 3430 1425 de

1823 1455 2182 1530 snggestione
2211 1457 2528 1518 daemonum
2569 1458 2930 1514 tentantium.
2999 1455 3108 1514 Per
3147 1463 3428 1531 laqueum,

1823 1545 2197 1622 deceptiones,
2242 1552 2308 1601 ut
2347 1547 2406 1603 in
2451 1545 2691 1604 Psalmis
2740 1565 2753 1601 :
2791 1567 2818 1599 «
2867 1545 3034 1604 Pluet
3089 1563 3260 1621 super
3299 1565 3427 1622 pec-

1822 1641 2038 1691 catores
2061 1635 2292 1708 laqueos
2309 1632 2374 1704 17,
2410 1655 2435 1688 »
2469 1631 2528 1689 id
2549 1640 2654 1702 est,
2687 1632 2937 1693 eihmdet
2991 1652 3162 1711 super
3219 1634 3424 1709 impios

1823 1723 2201 1798 deceptiones.

183 1797 350 1888 petuin
375 1829 524 1868 mare
538 1813 696 1867 misit
727 1833 742 1867 :
766 1813 848 1866 ita
869 1811 1128 1866 Christus
1140 1827 1546 1883 nonnunquam
1570 1811 1749 1867 malos
1765 1797 1812 1860 Β
1904 1797 2210 1886 Laqueam'a
2240 1817 2375 1869 Sunt
2399 1813 2680 1886 simplices
2700 1809 2760 1868 in
2789 1811 3053 1884 Ecclesia,
3094 1815 3161 1870 ut
3187 1812 3248 1874 in
3287 1809 3436 1871 Can-

183 1902 442 1958 honoribus
471 1908 526 1956 et
544 1899 920 1971 dignitatibus
951 1900 1148 1968 elevat,
1172 1906 1236 1955 ut
1253 1899 1311 1954 in
1339 1899 1519 1972 poenis
1541 1899 1745 1956 inferni

182 1994 368 2064 gravius
393 1993 702 2060 demerget.
730 1988 973 2062 Reprobi
995 1990 1144 2044 enim
1173 1991 1384 2062 quanto
1429 1991 1556 2062 plus
1599 1990 1746 2044 exal-

181 2089 354 2148 tantur,
379 2085 530 2136 tanto
563 2079 793 2152 gravius
832 2079 1050 2148 cadent,
1101 2079 1147 2133 si
1201 2095 1315 2132 non
1356 2079 1510 2150 prius
1565 2077 1746 2136 humi-

182 2171 368 2226 lientnr.
386 2170 482 2224 Vel
511 2171 592 2224 ita
625 2190 641 2223 :
668 2168 897 2224 sustulit
923 2169 1156 2239 angelus
1184 2167 1429 2238 lapidem
1451 2183 1738 2240 magnum,

183 2260 310 2332 quasi
333 2259 616 2326 molarem,
653 2263 713 2312 et
759 2257 1059 2312 volubilem
1119 2257 1296 2311 mittit
1353 2256 1412 2312 in
1439 2257 1741 2312 infernum.

184 2351 328 2418 Lapis,
357 2349 559 2403 duritia
575 2346 784 2412 cordis,
832 2351 896 2400 ut
923 2347 982 2400 in
1031 2345 1330 2416 Evangelio
1364 2363 1376 2398 :
1415 2364 1443 2399 α
1479 2345 1746 2419 Nunquid

181 2437 383 2512 lapidem
411 2437 566 2492 dabit
583 2435 714 2490 illi?
742 2435 766 2470 ⁴
789 2455 810 2484 ι
847 2437 869 2459 '
889 2433 1281 2490 Fundamenta
1311 2433 1552 2494 civitatis
1595 2436 1750 2492 omni

183 2527 334 2600 lapide
357 2527 596 2598 pretioso
627 2530 832 2580 ornata
861 2543 872 2577 :
913 2524 1060 2596 quod
1117 2525 1402 2600 prophetae
1433 2529 1492 2578 et
1517 2525 1754 2600 apostoli

183 2617 307 2670 omni
341 2615 605 2673 virtutum
654 2613 963 2669 stabilitate
1003 2613 1358 2670 decorentur.
1395 2611 1504 2668 Per
1547 2615 1754 2684 lapides

118 2729 130 2738 θ
183 2706 550 2776 praedicatores,
584 2710 652 2758 ut
673 2703 729 2756 in
761 2703 907 2758 Isaia
945 2719 1004 2755 εί(
1029 2701 1164 2756 Ecce
1195 2707 1447 2756 sternam
1477 2719 1578 2778 per
1599 2701 1749 2757 erdi-

185 2809 286 2850 nem
309 2794 508 2866 lapides
529 2799 660 2848 tuos
683 2793 724 2858 ⁵,
751 2811 776 2843 »
803 2793 857 2846 id
895 2796 998 2856 est,
1059 2789 1314 2844 ordinate
1358 2791 1750 2866 praedicatores

183 2887 284 2936 tuos
305 2881 506 2940 locabo.
538 2883 652 2936 Per
683 2881 906 2949 lapides,
962 2885 1178 2934 mentes
1215 2884 1559 2948 sanctorum,
1581 2884 1645 2934 ut
1689 2877 1749 2934 in

181 2969 294 3024 Job:
325 2992 344 3020 ι
375 2971 553 3026 Littus
584 2967 861 3042 sapphiri,
888 2967 1100 3042 lapides
1127 2970 1267 3040 ejus,
1291 2987 1317 3022 a
1351 2969 1499 3042 quod
1538 2974 1756 3024 mentes

181 3059 392 3114 ﬁdelium
423 3059 679 3114 ccelestia
704 3059 970 3128 cogitant.
1017 3057 1126 3111 Per
1155 3059 1362 3126 lapides
1390 3056 1657 3130 religiosi,
1689 3063 1754 3113 ut

180 3148 227 3201 in
249 3150 468 3204 Jeremia
499 3169 559 3202 :a
591 3148 846 3222 Dispersi
904 3151 1038 3200 sunt
1090 3147 1305 3220 lapides
1353 3147 1657 3201 sanctuarii
1696 3147 1755 3200 in

181 3238 330 3308 capite
352 3238 600 3292 omnium
651 3237 967 3312 platearum
993 3233 1036 3294 °.
1062 3255 1088 3284 ν)
1139 3236 1286 3306 quod
1328 3235 1604 3302 nonnulli,
1653 3237 1747 3312 qui

183 3325 392 3396 religiosi
409 3341 527 3381 esse
557 3324 897 3389 debuerunt,
925 3321 1232 3396 plusquam
1248 3325 1602 3380 seeculatores
1631 3330 1749 3380 ter-

184 3413 307 3469 renis
332 3415 565 3488 negotiis
593 3415 976 3486 implicantur.
1019 3413 1126 3468 Per
1155 3416 1360 3482 lapides
1389 3414 1646 3490 apostoli,
1686 3419 1752 3470 ut

184 3503 230 3556 in
279 3505 454 3558 Exodo
489 3503 713 3577 lapides
755 3502 1050 3558 duodecim
1106 3499 1162 3556 in
1183 3499 1445 3558 rationali
1475 3503 1753 3578 pontiﬁcis

184 3599 318 3647 erant
341 3612 352 3646 :
383 3591 528 3664 quod
549 3591 848 3648 duodecim
880 3590 1117 3664 apostoli
1139 3591 1196 3646 in
1215 3591 1324 3646 fide
1337 3591 1544 3646 Christi
1571 3591 1751 3648 excel-

187 3681 335 3735 lente;
349 3687 508 3736 erant
519 3681 563 3734 ⁸⁷.
586 3681 700 3735 Per
725 3682 950 3750 lapides,
971 3681 1231 3753 gentiles,
1258 3689 1323 3736 ut
1347 3679 1406 3734 in
1418 3681 1716 3752 Evangelio
1735 3700 1746 3736 :

190 3786 209 3820 ι
233 3769 300 3824 De
330 3769 603 3843 lapidibus
663 3771 784 3824 istis
804 3771 829 3792 "
889 3769 1153 3824 suscitate
1193 3770 1338 3823 ﬁlios
1379 3767 1616 3825 Abrahm
1646 3768 1688 3838 ³,
1723 3789 1749 3820 »

1825 1903 1936 1958 tico
1969 1920 1981 1956 :
2021 1920 2048 1956 α
2081 1899 2394 1976 Laquearia
2422 1906 2616 1958 nostra
2631 1901 3040 1973 cupressinis“,
3080 1921 3104 1956 ο
3137 1899 3285 1976 quod
3307 1901 3436 1958 sim-

1827 1991 2016 2064 plices,
2051 1989 2146 2066 qui
2177 1995 2310 2046 sunt
2335 1991 2397 2047 in
2425 1989 2688 2059 Ecclesia,
2717 1989 2926 2046 bonum
2949 2008 3015 2046 ex
3039 2009 3100 2045 se
3122 1988 3436 2047 sanctitatis

1827 2081 2058 2138 odorem
2100 2079 2368 2134 emittunt
2387 2078 2450 2132 ιο.

1901 2169 2059 2224 Later
2087 2173 2174 2223 est
2199 2185 2357 2225 mens
2377 2169 2622 2237 terrena,
2656 2171 2722 2223 ut
2771 2170 2830 2226 in
2868 2167 3154 2226 Ezechiele
3185 2188 3197 2222 :
3257 2187 3287 2219 α
3321 2163 3436 2246 Fili

1825 2259 2090 2325 hominis,
2118 2257 2400 2313 describes
2418 2256 2477 2311 in
2499 2257 2674 2314 latere
2693 2257 2974 2315 civitatem
2997 2257 3330 2324 Jerusalem,
3351 2249 3430 2308 ⁸⁵»
3501 2303 3514 2313 .

1830 2347 1976 2420 quod
2019 2345 2288 2422 praelatus
2325 2345 2628 2422 depingere
2668 2342 2836 2402 debet
2882 2343 2939 2402 in
2983 2351 3210 2402 terreno
3267 2339 3436 2402 corde

1835 2435 2072 2509 subjecti
2103 2435 2188 2491 sui
2215 2435 2425 2508 gaudia
2453 2433 2652 2507 patriae
2671 2435 2930 2492 caelestis.
2956 2433 3188 2500 Lateres,
3207 2429 3438 2506 negotia

1833 2529 2078 2590 terrena,
2111 2523 2253 2582 utin
2277 2524 2464 2580 Exodo
2498 2543 2510 2578 :
2549 2542 2574 2576 «
2597 2519 2874 2596 Operibus
2904 2523 3060 2580 duris
3097 2519 3204 2579 luti
3249 2527 3308 2576 et
3359 2516 3437 2576 al-

1834 2614 1974 2670 taris
2016 2612 2084 2681 ²¹,
2125 2633 2146 2666 ι
2193 2613 2251 2668 id
2299 2615 2402 2682 est,
2455 2611 2784 2688 ponderosls
2833 2607 3048 2669 actibus
3099 2605 3336 2668 luxuriae
3381 2615 3440 2666 et

1835 2699 2216 2776 occupationis
2245 2701 2546 2758 saecularis.
2570 2701 2678 2756 Per
2706 2706 2899 2757 lateres
2929 2705 3147 2756 mentes
3174 2695 3438 2756 libidino-

1831 2810 1924 2860 sae,
1949 2798 2012 2846 ut
2038 2789 2095 2846 in
2113 2791 2318 2847 Genesi
2347 2811 2358 2846 :
2394 2813 2416 2843 «
2433 2787 2984 2848 Habueruntlateres
3007 2807 3108 2866 pro
3131 2791 3280 2845 saxis
3301 2781 3367 2857 ”,
3404 2809 3432 2842 ι

1833 2883 1979 2954 quod
2010 2879 2254 2955 reprobi,
2287 2879 2519 2954 abjectis
2549 2879 2810 2956 operibus
2837 2877 3022 2949 bonis,
3047 2881 3266 2936 mentes
3310 2873 3434 2934 libi-

1837 2969 2063 3027 dinosas
2093 2967 2400 3042 possident.

1909 3059 2074 3115 Latus
2103 3063 2189 3115 est
2213 3077 2420 3114 corona
2442 3059 2747 3134 justorum,
2779 3057 2846 3115 ut
2873 3057 2931 3112 in
2951 3051 3190 3114 Psalmis
3223 3075 3235 3112 :
3273 3070 3296 3110 ι
3331 3051 3438 3114 Ca-

1837 3147 1973 3204 dent
2001 3167 2036 3204 a
2061 3147 2240 3205 latere
2266 3155 2365 3206 tuo
2385 3144 2539 3205 mille
2568 3143 2634 3218 η,
2669 3167 2696 3202 ι
2739 3143 2796 3202 id
2825 3153 2929 3214 est,
2980 3141 3267 3202 innumeri
3297 3141 3439 3203 deﬂ-

1831 3238 1980 3292 cient
2023 3255 2056 3293 a
2114 3255 2319 3294 corona
2359 3239 2666 3308 justorum.
2713 3233 2900 3303 Latus,
2953 3234 3266 3306 munimen,
3288 3235 3440 3291 utin

1833 3324 2122 3384 Parabolis
2148 3345 2159 3380 :
2199 3346 2224 3380 «
2250 3325 2523 3384 Dominus
2545 3326 2654 3383 erit
2679 3327 2740 3382 in
2766 3327 2944 3382 latere
2966 3331 3088 3395 tuo,
3116 3342 3189 3384 ne
3205 3323 3229 3350 δ
3249 3317 3440 3400 capia-

1833 3415 1910 3471 ris
1937 3411 2007 3483 “,
2031 3412 2088 3470 id
2111 3419 2214 3484 est,
2230 3414 2519 3471 munimen
2547 3415 2728 3470 aderit
2752 3409 2855 3469 tibi
2875 3409 3048 3481 Deus,
3063 3431 3134 3468 ne
3148 3413 3209 3472 in
3251 3418 3442 3472 tenta-

1835 3505 1990 3559 tione
2011 3506 2034 3528 ⁴
2061 3504 2380 3562 vindicaris.
2426 3505 2610 3570 Latus,
2657 3502 2950 3558 meditatio
3005 3495 3438 3575 contemplatio-

1835 3593 1942 3660 nis,
1972 3595 2039 3648 ut
2057 3593 2116 3648 in
2132 3589 2450 3647 Ezechiele:
2490 3611 2512 3642 ι
2541 3592 2763 3664 Aquam
2791 3585 3174 3663 egredientem
3205 3583 3274 3648 de
3302 3595 3444 3646 tem-

1832 3682 1924 3754 plo
1954 3699 1989 3736 a
2016 3683 2191 3736 latere
2221 3679 2416 3738 dextro
2447 3675 2512 3747 ’5,
2541 3698 2576 3733 λα
2601 3675 2658 3736 id
2681 3685 2768 3736 est
2782 3673 3226 3752 compunctionis
3245 3691 3444 3754 proce-

1836 3769 2062 3825 dentem
2088 3771 2158 3825 de
2193 3769 2383 3828 anima
2413 3767 2472 3824 in
2515 3762 2882 3826 meditatione
2931 3761 3442 3840 contemplationis.

187 3857 232 3911 id
259 3863 348 3925 est,
381 3859 450 3914 de
500 3857 788 3931 gentibus,
832 3857 1090 3928 figuratis
1132 3873 1234 3929 per
1271 3855 1488 3934 lapides
1519 3859 1677 3926 istos,
1698 3857 1758 3917 id
1845 3856 2022 3927 Latus,
2053 3877 2232 3930 mens,
2254 3859 2387 3914 utin
2401 3857 2631 3916 Actibus
2651 3858 3064 3931 apostolorum:
3093 3877 3118 3909 ε
3151 3859 3447 3914 Percusso-

189 3950 272 4011 est.
289 3963 420 4020 quos
448 3954 582 4004 ante
608 3963 706 4002 vos
735 3946 891 4002 ducis
917 3961 1076 4001 veros
1105 3947 1315 4002 ﬁdeles.
1843 3967 1952 4021 que
1979 3949 2155 4004 latere
2183 3945 2335 4003 Petri
2365 3948 2626 4003 excitavit
2679 3959 2810 4002 eum
2855 3940 3091 4018 angelus
3133 3941 3200 4014 ’⁸,
3238 3967 3260 3998 ι
3295 3939 3444 4020 quod

247 4037 458 4106 Lampus
479 4044 564 4092 est
585 4035 825 4108 quilibet
841 4037 1094 4111 simplex,
1113 4041 1176 4090 ut
1196 4037 1255 4091 in
1283 4036 1387 4092 .l'ob
1419 4055 1430 4090 :
1468 4055 1494 4088 «
1523 4035 1764 4112 Lampas
1844 4055 2108 4112 percusso
2137 4037 2302 4093 corde
2323 4037 2630 4109 peccatoris
2649 4053 2750 4110 per
2771 4033 3167 4108 paenitentiam
3187 4053 3222 4091 a
3247 4052 3445 4110 pecca-

187 4131 479 4198 contempta
518 4127 560 4190 θ,
603 4147 624 4178 ι
671 4126 820 4198 apud
865 4125 1232 4197 cogitationes
1279 4125 1550 4181 divitum:
1615 4125 1762 4200 quod
1845 4130 1904 4182 to
1958 4123 2158 4200 surgit,
2206 4121 2290 4182 vel
2312 4143 2346 4182 a
2383 4131 2611 4199 peccato
2641 4142 2772 4182 eum
2802 4120 2973 4200 erigit
3014 4121 3309 4202 inspiratio
3357 4121 3447 4184 in-
3536 4159 3540 4164 -

188 4212 394 4286 simplex
414 4213 655 4286 quilibet
682 4214 1010 4286 desperatus
1038 4220 1124 4269 est
1157 4217 1218 4269 in
1244 4219 1545 4286 conspectu
1572 4233 1764 4288 super-
1845 4221 2026 4272 terna.
2044 4213 2153 4270 Per
2170 4219 2348 4270 latera
2361 4215 2472 4270 duo
2493 4211 2874 4280 Testamenta,
2889 4221 2954 4272 ut
2970 4209 3308 4272 inPsalmis:
3337 4234 3360 4268 ι
3382 4215 3448 4273 In

187 4301 380 4357 borum.
441 4307 694 4373 Lampus,
753 4319 988 4358 examen
1035 4304 1252 4374 judicii,
1303 4310 1367 4358 ut
1410 4305 1469 4358 in
1517 4303 1758 4359 Genesi:
1845 4302 2116 4362 lateribus
2146 4301 2347 4360 domus
2377 4300 2572 4370 tuae,”
2605 4322 2632 4356 ›
2662 4299 2719 4358 id
2735 4300 3132 4370 est,induobus
3147 4309 3449 4362 testamen-

187 4391 443 4464 (Lampas
476 4393 627 4464 ignis
657 4391 939 4447 transiens
964 4391 1112 4446 inter
1142 4391 1440 4448 divisiones
1471 4392 1594 4450 illas
1613 4391 1679 4458 ¹⁰,
1732 4411 1759 4446 ι»
1790 4461 1809 4464 ξ
1844 4394 1918 4448 tis
1941 4391 2198 4450 Ecclesiae
2237 4397 2369 4448 tuae.
2395 4389 2504 4447 Per
2531 4397 2726 4460 latera,
2749 4386 3056 4448 familiares
3075 4396 3352 4463 potentes,
3384 4397 3448 4448 ut

186 4481 312 4548 quod
325 4461 574 4536 terribile
595 4479 696 4537 Dei
709 4481 990 4552 judicium
1015 4481 1452 4537 discernetinter
1476 4481 1681 4538 electos
1709 4461 1830 4540 etD
1848 4479 1907 4538 in
1927 4481 2062 4537 Job:
2096 4501 2116 4530 ι
2148 4479 2228 4536 De
2265 4476 2536 4535 lateribus
2566 4481 2690 4551 ejus
2721 4477 2912 4535 anima
2936 4461 3215 4552 dependet
3240 4476 3307 4546 ³⁸,
3339 4497 3365 4531 »
3390 4474 3448 4536 id

185 4570 442 4640 reprobos.
481 4571 592 4625 Per
623 4571 934 4639 lampadem
959 4585 1129 4642 opera
1150 4569 1314 4636 bona,
1345 4576 1410 4625 ut
1430 4570 1489 4624 in
1513 4571 1764 4644 Evange-
1850 4573 1952 4639 est,
1977 4571 2047 4624 de
2074 4567 2443 4626 familiaribus
2462 4568 2586 4641 ejus
2613 4563 2885 4640 procedit.
2919 4563 3027 4624 Per
3046 4571 3242 4634 latera,
3269 4584 3450 4642 popu-

185 4656 246 4711 lio
270 4677 279 4711 :
316 4679 336 4709 ε
367 4661 570 4714 Oleum
600 4661 662 4714 in
683 4659 826 4712 vasis
855 4659 972 4714 suis
997 4673 1124 4713 cum
1155 4659 1507 4731 lampadibus
1534 4657 1599 4726 ¹¹,
1637 4681 1657 4709 ι
1710 4659 1766 4718 id
1846 4657 1888 4716 li
1918 4659 2173 4718 inﬁdeles
2211 4678 2220 4712 :
2255 4661 2319 4712 ut
2348 4656 2406 4712 in
2423 4657 2606 4712 Isaia:
2637 4679 2658 4704 σι
2687 4653 2974 4712 Sedeboin
2995 4651 3266 4712 lateribus
3279 4648 3452 4731 Aqui-

185 4755 272 4812 est,
301 4749 631 4804 charitatem
653 4748 713 4802 in
744 4747 1130 4802 cordibussuis
1151 4761 1277 4802 cum
1295 4748 1556 4820 Operibus
1583 4747 1763 4803 bonis.
1849 4747 1992 4804 lonis
2020 4746 2088 4815 ’9,
2117 4767 2141 4800 »
2173 4747 2229 4801 id
2251 4747 2354 4814 est,
2389 4745 2673 4820 quiescam
2723 4745 2782 4800 in
2811 4741 3033 4820 populis
3061 4743 3172 4800 illis
3202 4745 3298 4818 qui
3350 4763 3452 4821 per

187 4834 278 4888 Per
305 4839 598 4908 lampades,
621 4837 769 4892 dona
780 4835 1301 4908 Spiritussancti.ut
1316 4837 1374 4891 in
1393 4836 1726 4913 Apocalypsi
1753 4854 1766 4891 :
1850 4835 2244 4892 inﬁdelitatem
2265 4834 2453 4906 frigidi
2473 4839 2624 4892 sunt.
2648 4829 2758 4888 Per
2775 4835 2952 4889 latera
2979 4833 3173 4910 populi
3229 4828 3451 4892 Iudaeo-

190 4944 209 4975 ε
230 4926 440 4998 Septem
455 4927 746 4998 lampades
774 4926 1035 4980 ardentes
1055 4931 1185 4980 ante
1204 4925 1452 4980 tribunal
1471 4923 1536 4994 ιθ,
1574 4946 1598 4977 ι)
1620 4925 1768 4998 quod
1849 4943 1998 4992 rum,
2023 4931 2089 4980 ut
2112 4923 2172 4979 in
2193 4923 2380 4980 Exodo
2409 4941 2420 4976 :
2451 4942 2477 4976 α
2501 4921 2566 4978 In
2594 4921 2865 4978 lateribus
2889 4917 3096 4979 tabulae
3151 4928 3264 4978 tuae
3312 4923 3452 4982 fient

190 5022 379 5084 septem
405 5019 427 5040 θ
451 5017 604 5070 dona
621 5015 864 5086 Spiritus
893 5015 1072 5068 sancti
1088 5013 1413 5070 illuminant
1441 5015 1762 5070 Ecclesiam.
1849 5011 2259 5082 castratum”,
2298 5035 2320 5066 ι
2357 5011 2506 5084 quod
2545 5011 2603 5067 in
2627 5013 2649 5036 *
2669 5011 2889 5085 populis
2951 5011 3262 5088 Synagogae
3316 5007 3452 5068 dira:

192 5101 283 5156 Per
335 5107 614 5174 lampades
659 5103 828 5158 corda
883 5109 1226 5169 sanctorum,
1277 5109 1340 5158 ut
1379 5105 1437 5158 in
1487 5104 1762 5160 Cantico:
1848 5105 1954 5160 sibi
1973 5121 2228 5177 personae
2245 5100 3036 5178 jungebantur,sacerdotales
3055 5106 3114 5157 et
3142 5093 3454 5174 regiae.Per

192 5209 215 5240 ι
239 5193 541 5266 Lampades
587 5195 726 5265 ejus,
782 5193 1068 5264 lampades
1114 5192 1261 5264 ignis
1298 5199 1468 5266 atque
1507 5193 1764 5250 tlamma-
1849 5197 2025 5256 latera
2055 5189 2318 5268 gentiles,
2355 5197 2422 5248 ut
2449 5189 2508 5246 in
2537 5189 2811 5252 Psalmis:
2847 5209 2875 5246 α
2914 5187 3074 5250 Mons
3103 5187 3238 5249 Sion
3274 5183 3456 5248 latera

247 5352 264 5385 ¹
284 5354 448 5424 Apoc.
481 5367 641 5421 xvm,
663 5351 752 5411 21.
787 5353 812 5388 ²
839 5353 986 5408 Psal.
1022 5365 1176 5424 tvm,
1212 5353 1264 5418 7,
1291 5349 1346 5406 9.
1378 5349 1574 5424 iPsal.
1607 5367 1683 5419 χι,
1723 5351 1747 5407 9

1901 5367 1998 5424 .uc.
2027 5362 2106 5424 in,
2141 5349 2232 5424 ii.
2271 5350 2295 5384 ⁵
2323 5351 2437 5424 Isa.
2466 5363 2574 5424 Liv,
2596 5363 2686 5424 An.
2728 5348 2753 5384 ο
2781 5346 3094 5424 Thren._1v,
3128 5347 3180 5406 1.
3217 5343 3240 5385 ⁷
3278 5343 3454 5424 Exod.

189 5416 362 5496 βῖῃῂ
399 5425 483 5480 l7.
516 5424 540 5461 ⁸
570 5416 766 5482 Matth.
809 5439 896 5496 In,
927 5425 980 5480 9.
1024 5425 1069 5496 ,9,
1090 5422 1194 5496 Job
1212 5416 1329 5496 3m,
1355 5423 1407 5478 5.
1440 5421 1488 5456 ¹⁰
1509 5422 1653 5496 Gen.
1673 5416 1747 5496 xv

1952 5422 1993 5496 ii
2023 5421 2221 5496 Μέιαὲιο
2254 5431 2380 5487 xxv,
2414 5420 2477 5496 1!;
2500 5419 2750 5496 “-APOC'
2783 5435 2861 5488 Πν
3049 5417 3218 5496 Qut:
3243 5436 3367 5490 Vm,

190 5490 228 5563 ff
251 5486 487 5562 Job‘xcn
523 5498 608 5554 lO.
647 5496 694 5532 *5
721 5497 850 5556 Jud.
879 5486 977 5563 vn,
1010 5495 1098 5554 l6.
1133 5491 1180 5528 ¹⁶
1209 5486 1357 5550 Psal.
1391 5507 1476 5560 xc,
1505 5493 1559 5552 2.
1609 5493 1653 5528 ¹⁷
1679 5494 1747 5554 Ps

1905 5533 1918 5562 ,
1949 5493 2004 5563 _6.
2060 5491 2103 5527 ιθ
2141 5492 2304 5563 Cant.
2337 5486 2379 5560 1,
2412 5487 2499 5550 16.
2545 5492 2592 5528 ¹⁹
2621 5486 2792 5563 Cant.1
2817 5486 2858 5561 ιζ
2893 5489 2948 5549 3.
2985 5491 3034 5528 ³ο
3063 5486 3271 5563 Exerit,
3293 5486 3370 5561 Iv,
3398 5495 3454 5554 1.

190 5560 226 5596 ’⁸
253 5563 415 5621 Exod.
447 5555 606 5638 1,714.
651 5565 698 5603 ³⁸
719 5569 862 5628 Gen.
893 5555 975 5638 x1,
997 5568 1054 5627 3.
1085 5565 1132 5602 ’³
1157 5565 1319 5638 Psal.
1339 5555 1592 5638 ξορρ*
1621 5565 1747 5638 ΡΓΟῚ

1901 5555 2030 5638 [26.
2073 5563 2121 5600 ’³
2151 5561 2345 5624 Ezech.
2366 5555 2560 5626 'xnvu.
2610 5564 2661 5630 l,
2684 5562 2738 5620 2.
2768 5561 2817 5601 ’³
2839 5555 2964 5622 λοι.
2998 5573 3099 5632 xu,
3127 5562 3180 5620 1.
3224 5555 3272 5606 ﬁ
3308 5555 3462 5622 Paul.

193 5610 544 5704 derexi
557 5610 665 5694 iob
692 5610 1125 5706 ιῖἷὲἣῗῖιῖὶε.
1157 5610 1478 5704 avidi?“
1497 5610 1686 5692 'Exoci.’
1699 5610 2008 5704 arma?
