3818 6168
433 299 535 354 983
1032 301 1091 354 Β.
1137 299 1406 354 RABANI
1446 298 1676 356 MAURI
1715 295 2055 354 ARCHIEP.
2091 295 2414 353 MOGUNT.
2457 295 2754 353 OPERUM
2791 294 2975 350 PARS
3011 295 3106 350 III.
3171 321 3179 334 -
3551 298 3635 357 984

429 425 746 497 Aquilonis,
777 426 972 480 civitas
1007 426 1158 496 regis
1185 425 1375 495 magni
1405 425 1444 489 ¹,
1481 444 1506 472 »
1549 424 1697 495 quod
1738 440 1802 476 ex
1827 421 2298 482 JudzeisActulus
2317 429 2509 478 noster
2535 421 2770 480 ﬂoridus
2795 421 2864 488 ³ο,
2889 439 2916 474 ι
2947 421 3007 492 id
3049 428 3148 486 est,
3187 422 3449 477 internum
3495 425 3635 480 otium

433 518 489 567 et
509 513 776 585 gentibus
807 530 920 568 una
950 513 1192 570 Ecclesia
1221 511 1494 568 consistit.
2115 513 2172 566 in
2195 511 2492 568 virtutibus
2531 513 2711 568 floret.
2734 513 2998 576 Lectulus,
3013 527 3136 580 spes
3151 511 3376 576 interna,
3407 519 3466 568 ut
3481 513 3528 568 in
3536 515 3636 596 Job:

501 604 754 658 Latttudo
778 609 865 658 est
887 603 1150 670 Charitas,
1185 608 1249 658 ut
1274 603 1333 658 in
1363 603 1548 657 Exodo
1576 601 1620 669 ',
1655 601 1918 658 Latitudo
1948 608 2035 656 est
2118 621 2141 652 σ
2167 601 2561 656 Consolabitur
2589 617 2680 656 me
2705 599 2944 654 lectulus
2984 616 3140 654 meus
3167 599 3230 666 ’³,
3272 618 3297 652 ι
3328 601 3380 654 id
3416 609 3506 667 est,
3534 605 3642 658 reci-

427 689 557 745 atrii
577 697 801 746 centum
821 691 1156 760 cubitorum,
1185 692 1333 764 quod
1362 689 1607 746 Charitas
1641 690 1816 745 animi
1841 689 2025 763 perfe-
2111 689 2264 762 piam
2285 690 2724 746 consolationem
2739 689 3022 743 internam
3045 705 3142 759 spe
3186 693 3384 743 nostra.
3419 691 3639 754 Lectulus,

425 779 669 834 ctionem
697 779 869 836 habet
887 781 1177 838 virtutum.
1251 823 1258 828 .
2107 779 2267 850 quies
2300 779 2542 844 interna,
2568 784 2633 833 ut
2657 778 2717 833 in
2747 777 2976 832 Cantico
3005 796 3017 831 :
3046 795 3073 829 α
3106 778 3172 832 In
3196 777 3389 832 lectulo
3413 795 3522 833 meo
3566 798 3644 850 per

498 871 714 924 Latomt'
733 875 869 926 sunt
880 871 1155 937 doctores,
1189 875 1252 926 ut
1276 871 1334 925 in
1354 869 1510 924 libris
1530 869 1777 940 Regum:
1812 888 1836 920 ι
1854 868 2024 923 Octo-
2107 873 2328 922 noctem
2359 867 2588 938 quaesivi
2613 883 2780 938 quem
2808 865 3164 920 desiderabat
3201 865 3383 920 anima
3407 883 3519 921 mea
3537 867 3592 934 ³³,
3620 890 3638 920 ι

423 958 586 1027 ginta
602 957 782 1013 millia
810 960 1147 1015 latomorum
1177 959 1220 1025 ³,
1249 960 1306 1014 id
1336 963 1440 1025 est,
1472 959 1746 1023 doctores,
1771 957 1867 1028 qui
1896 973 2025 1010 cum
2106 957 2254 1030 quod
2271 957 2472 1011 devota
2502 955 2692 1010 anima
2711 957 2769 1010 in
2798 955 3090 1027 praesentis
3113 955 3236 1009 vitae
3279 954 3580 1011 obscuritate
3599 958 3642 1011 in

425 1047 687 1102 doctrina
714 1048 976 1120 Decalogi
997 1049 1303 1120 praedicant
1322 1047 1808 1103 resurrectionem.
2059 1073 2065 1078 -
2107 1045 2294 1117 quiete
2321 1063 2427 1100 sua
2445 1045 2626 1100 Deum
2649 1044 2865 1116 quaerit.
2879 1039 3439 1110 Lertu!us,”beatitudo
3458 1053 3643 1109 aeterna,

513 1137 771 1191 Latrones
797 1143 930 1193 sunt
957 1136 1190 1209 maligni
1223 1137 1472 1209 spiritus,
1502 1137 1644 1191 utin
1676 1135 1976 1207 Evangelia
2009 1154 2019 1188 :
2106 1140 2172 1189 ut
2197 1135 2256 1188 in
2285 1134 2514 1190 Cantico
2547 1153 2557 1187 :
2597 1152 2623 1187 α
2677 1135 2964 1188 Lectulum
3007 1134 3320 1187 Salomonis
3339 1137 3358 1155 '
3410 1135 3646 1204 sexaginta

429 1246 452 1275 α
485 1225 758 1280 Inciditin
785 1226 1035 1281 latrones
1061 1227 1102 1290 ‘,
1131 1246 1158 1279 ι
1181 1227 1239 1282 id
1269 1233 1372 1293 est,
1405 1226 1642 1280 incurrit
1670 1226 1728 1280 in
1750 1225 2026 1296 malignos
2106 1223 2278 1279 fortes
2317 1223 2574 1278 ambiunt
2610 1221 2674 1288 ’³,
2699 1223 2847 1295 quod
2896 1229 3164 1278 aeternam
3197 1221 3580 1286 beatitudinem.
3601 1225 3646 1279 in

421 1314 670 1386 spiritus.
2107 1329 2218 1384 qua
2237 1313 2494 1367 Christus
2523 1319 2628 1379 est,
2654 1313 2750 1384 qui
2775 1312 3032 1366 doctrina
3061 1311 3272 1366 similes
3301 1319 3356 1364 et
3377 1313 3647 1383 operatione

493 1406 591 1458 Leo
610 1411 697 1458 est
713 1405 991 1470 Christus,
1025 1403 1165 1459 utin
1201 1403 1535 1476 Apocalypsi
1571 1423 1582 1458 :
1615 1423 1640 1454 «
1668 1403 1928 1458 Vicit'leo
1954 1403 2023 1457 de
2105 1401 2334 1472 perfecti
2365 1407 2499 1456 sunt
2526 1402 2905 1473 speculantur.

422 1491 575 1546 tribu
599 1492 746 1547 Juda
764 1491 805 1558 ⁵,
842 1512 868 1545 »
887 1489 945 1546 id
974 1498 1078 1559 est,
1109 1493 1394 1565 superavit
1426 1492 1712 1548 diabolum
1767 1493 2024 1547 Christus
2177 1493 2280 1545 Lea:
2315 1496 2400 1544 est
2451 1490 2624 1544 Vetus
2669 1491 3116 1556 Testamentum,
3164 1494 3229 1544 ut
3253 1488 3309 1544 in
3357 1489 3647 1560 Evangelia:

423 1585 580 1634 ortus
598 1579 669 1634 de
691 1579 841 1636 tribu
870 1581 1034 1636 Juda.
1064 1583 1180 1644 Leo,
1208 1581 1358 1636 Deus
1382 1567 1575 1652 judex',
1600 1589 1668 1636 ut
1693 1582 1752 1635 in
1789 1582 2026 1653 prophe—
2111 1599 2134 1631 ι
2168 1579 2294 1633 Non
2316 1579 2441 1634 veni
2491 1579 2673 1650 legem
2733 1579 2964 1644 solvere,
3015 1578 3113 1632 sed
3164 1578 3455 1649 adimplere
3485 1577 3542 1642 ν,
3560 1602 3578 1626 ι
3606 1579 3646 1632 id

421 1675 482 1722 ta
513 1686 525 1721 :
561 1669 718 1724 «Leo
749 1669 936 1739 rugiet
962 1687 989 1721 θ
1024 1669 1102 1736 (id
1127 1675 1215 1723 est
1249 1670 1398 1724 Deus
1443 1669 1764 1741 judicabit),
1825 1690 1848 1722 ι
1901 1669 2026 1741 quis
2107 1674 2195 1722 est
2223 1668 2398 1724 Vetus
2427 1669 2851 1723 Testamentum
2900 1667 3210 1722 destruere.
3249 1669 3350 1722 Lex
3376 1667 3502 1720 liber
3527 1667 3650 1722 Psal-

421 1773 534 1810 non
553 1755 778 1811 timebit
802 1757 873 1810 ⁸7
903 1775 929 1808 ι
979 1760 1094 1823 Leo,
1150 1756 1385 1828 quilibet
1429 1757 1801 1830 spiritualiter
1842 1757 2021 1826 fortis,
2039 1761 2089 1823 B
2110 1773 2351 1824 morum,
2382 1763 2448 1812 ut
2467 1757 2523 1811 in
2555 1757 2856 1827 Evangelio
2888 1776 2900 1810 :
2937 1774 2964 1808 «
2999 1757 3201 1810 Nonne
3230 1755 3484 1827 scriptum
3511 1764 3580 1810 est
3608 1757 3650 1809 in

389 1842 556 1898 'utin
585 1843 908 1899 Parabolis:
949 1863 974 1896 «
1008 1845 1203 1900 Justus
1229 1851 1417 1899 autem
1436 1845 1596 1917 quasi
1617 1846 1705 1900 leo
1735 1847 2022 1901 conﬁdens
2103 1847 2226 1916 lege
2252 1851 2438 1901 vestra
2458 1845 2529 1912 (id
2553 1846 2706 1901 estin
2732 1846 2854 1916 lege
2864 1845 3241 1913 Psalmorum)
3266 1845 3651 1916 «quodegodixi,

421 1930 634 2004 absque
661 1938 876 1989 terrore
905 1933 1014 1987 erit
1041 1934 1081 2000 7,
1113 1954 1135 1984 ι
1160 1934 1308 2005 quod
1325 1939 1390 1988 ut
1418 1942 1644 1990 sanctus
1670 1935 2022 1990 conscientia:
2105 1934 2192 1989 Dii
2215 1934 2350 1988 estis
2372 1933 2418 1968 ’5
2450 1936 2474 1988 Ἰ
2507 1957 2528 1986 ι
2566 1935 2677 1989 Lex
2706 1935 3144 2000 Pentateuchus,
3182 1939 3248 1988 ut
3276 1933 3332 1988 in
3366 1933 3648 2004 Evangelia:

419 2037 534 2076 suae
560 2021 811 2076 innitens
837 2021 1047 2094 absque
1093 2028 1310 2077 terrore
1339 2023 1466 2080 erit.
1499 2025 1614 2090 Leo,
1645 2025 1885 2096 populus
1929 2025 2023 2079 Ju-
2109 2042 2134 2074 «
2159 2023 2396 2095 Oportet
2409 2023 2632 2095 impleri
2648 2023 2840 2078 omnia
2863 2041 2985 2095 qua:
2997 2024 3209 2095 scripta
3223 2030 3354 2078 sunt
3366 2023 3539 2092 inlege
3551 2021 3606 2083 ’⁸,
3629 2043 3650 2074 ν

419 2109 635 2175 daicus,
656 2115 722 2165 ut
734 2110 794 2164 in
815 2110 1052 2165 Psalmis
1087 2129 1098 2164 :
1137 2131 1164 2163 ί(
1195 2111 1575 2183 Susceperunt
1601 2129 1712 2178 me,
1735 2112 1882 2166 sicut
1935 2113 2022 2166 leo
2103 2112 2159 2166 id
2190 2119 2293 2177 est,
2318 2113 2377 2166 in
2396 2112 2776 2167 Pentateucho
2807 2112 3011 2182 Moysi:
3037 2116 3055 2135 ⁶
3080 2114 3213 2172 Lex.
3228 2112 3428 2166 Christi
3447 2111 3657 2176 verba,ut

419 2205 652 2270 paratus
677 2199 771 2269 [ad
795 2199 1060 2270 praedam]
1095 2201 1149 2253 δε
1181 2201 1329 2277 quod
1363 2201 1606 2256 crudelis
1651 2206 1882 2274 paratus
1902 2207 2025 2256 erat
2105 2201 2162 2255 in
2195 2201 2674 2272 EpistolaJacobi:
2699 2220 2724 2252 (ί
2751 2201 3290 2272 Quicumquetotam
3305 2201 3473 2272 legem
3493 2201 3558 2268 (id
3574 2205 3655 2264 est,

419 2288 491 2342 ad
523 2287 886 2342 occidendum
919 2289 1225 2343 Christum.
1279 2289 1394 2356 Leo,
1423 2290 1723 2344 austeritas
1751 2290 1911 2361 legis,
1959 2295 2024 2344 ut
2105 2289 2514 2356 Christiverba,
2556 2307 2680 2361 quae
2709 2290 3052 2360 Decalogum
3096 2295 3384 2355 vocantur)
3439 2310 3461 2340 ι(
3504 2305 3656 2343 serva-

422 2376 481 2432 in
502 2375 644 2431 libro
664 2376 926 2432 Iudicum
963 2396 976 2430 :
1011 2395 1038 2430 ι
1073 2378 1317 2432 Examen
1337 2395 1507 2449 apum
1537 2378 1594 2432 in
1633 2395 1730 2433 ore
1754 2378 1930 2433 leonis
1949 2379 1972 2412 9
2004 2398 2016 2446 ;
2105 2379 2248 2432 verit
2271 2377 2337 2431 ’7.
2375 2401 2395 2426 ι
2430 2380 2552 2444 Lex,
2582 2382 2600 2400 '
2625 2377 2928 2450 corruptio,
2951 2379 3090 2432 utin
3108 2379 3385 2432 Psalmis:
3429 2399 3451 2428 ει
3491 2378 3657 2447 Legem

419 2465 478 2519 id
540 2469 644 2530 est,
706 2465 1011 2520 multitudo
1044 2466 1291 2520 dulcium
1328 2473 1386 2520 et
1463 2467 1799 2522 minantium
1847 2467 2024 2524 scien-
2104 2466 2262 2522 dabit
2293 2465 2748 2538 delinquentibus
2794 2484 2854 2521 ιιι
2904 2467 2995 2521 via
3032 2466 3099 2532 ’3,
3141 2489 3168 2516 ι
3223 2467 3368 2538 quod
3403 2483 3515 2521 reos
3555 2482 3659 2520 suos

419 2552 632 2608 tiarum
653 2553 723 2607 de
754 2553 1033 2608 locutione
1063 2554 1222 2624 legis.
1246 2555 1362 2619 Leo,
1388 2555 1697 2625 imperator
1714 2555 2019 2622 Romanus,
2105 2556 2254 2610 Deus
2275 2554 2583 2626 ﬂagellabit
2607 2556 2664 2609 in
2693 2556 2956 2627 praesenti
2986 2557 3118 2610 vita.
3161 2558 3284 2623 Lex,
3324 2555 3562 2620 charitas,
3611 2563 3659 2607 ut

423 2647 488 2696 ut
525 2641 585 2696 in
614 2641 790 2696 Paulo
815 2660 826 2695 :
867 2661 891 2692 «
925 2642 995 2696 Et
1014 2642 1282 2697 liberatus
1302 2659 1427 2697 sum
1449 2643 1518 2698 de
1542 2660 1638 2697 ore
1668 2644 1848 2698 leonis
1874 2643 1938 2709 1°,
1993 2664 2019 2695 »
2105 2645 2163 2698 in
2184 2644 2288 2698 Job
2321 2664 2332 2699 :
2371 2664 2398 2696 (ι
2430 2643 2590 2709 Quod
2619 2645 2910 2716 multiplex
2940 2644 3016 2698 sit
3043 2645 3134 2699 lex
3177 2646 3300 2715 ejus
3319 2643 3382 2710 ’9,
3419 2665 3440 2695 ι
3485 2645 3534 2697 id
3575 2649 3656 2698 est.

421 2729 479 2784 id
502 2735 606 2796 est,
639 2729 709 2783 de
731 2730 934 2784 timore
955 2730 1194 2785 Neronis
1217 2730 1592 2802 imperatoris.
1641 2733 1757 2798 Leo,
1791 2731 2027 2802 quilibet
2107 2733 2256 2804 quod
2313 2733 2612 2788 innumera
2650 2733 2798 2788 bona
2840 2733 3065 2788 venient
3100 2733 3178 2787 de
3230 2734 3505 2788 charitate.
3559 2734 3655 2792 Lex.

419 2817 682 2885 crudelis,
713 2823 780 2872 ut
800 2818 1032 2875 inlibris
1063 2819 1280 2890 Regum
1314 2839 1326 2873 :
1361 2841 1384 2871 ι
1415 2820 1526 2874 Leo
1557 2820 1642 2874 vel
1671 2837 1836 2875 ursus
1857 2821 2022 2876 tolle-
2106 2821 2364 2876 stimulos
2376 2822 2582 2887 carnis,
2617 2829 2674 2876 et
2701 2821 2913 2877 bonum
2936 2819 3308 2889 desiderium,
3333 2818 3465 2877 utin
3481 2821 3655 2876 Paulo:

419 2906 519 2962 bat
545 2905 782 2960 arietem
811 2907 875 2972 ¹¹,
910 2923 937 2960 ι)
957 2905 1106 2978 quod
1134 2907 1375 2962 crudelis
1400 2913 1458 2962 et
1486 2908 1810 2963 immundus
1831 2909 2024 2963 nitun-
2111 2931 2134 2964 ι
2179 2912 2384 2982 Legem
2427 2912 2485 2966 in
2544 2910 2811 2966 membris
2866 2918 3284 2983 repugnantem
3338 2903 3444 2982 legi
3494 2909 3660 2964 mentis

421 3001 517 3050 tur
543 2995 860 3067 opprimere
890 2995 1182 3051 humilem.
1215 2999 1330 3064 Leo,
1366 2997 1744 3054 Antichristus
1783 2998 1844 3052 in
1869 2997 2026 3052 falla-
2107 3016 2244 3054 meae
2266 2998 2333 3066 ³ο,
2372 3019 2395 3051 ι
2454 2999 2512 3054 id
2568 3005 2671 3066 est,
2723 3000 3016 3055 stimulum
3051 3001 3244 3055 carnis
3301 3004 3658 3072 repugnantem

421 3083 508 3137 cia
535 3098 656 3138 sua.
701 3085 724 3106 ‘
753 3083 864 3138 Leo
884 3083 1003 3155 ipse
1042 3083 1298 3140 diabolus
1339 3085 1568 3156 rugiens
1613 3087 1827 3156 tremit,
1875 3078 2380 3158 quodCdesiderio
2403 3091 2423 3112 θ
2444 3089 2648 3144 carnis.

423 3169 701 3238 diabolus,
721 3188 945 3244 semper
963 3189 1160 3244 rapere
1180 3173 1371 3229 studet
1397 3175 1590 3230 ﬁdeles
1622 3174 1684 3228 ¹².
2173 3179 2474 3244 Legistator
2502 3183 2588 3233 est
2618 3177 2893 3244 Christus,
2944 3184 3009 3232 ut
3043 3178 3102 3232 in
3154 3179 3392 3234 Psalmis
3415 3197 3426 3232 :
3453 3197 3475 3230 «
3529 3175 3665 3232 Dabit

493 3261 681 3316 Leana
710 3261 1070 3329 estEcclesia,
1103 3268 1167 3317 ut
1196 3263 1256 3319 in
1283 3261 1387 3317 Job
1421 3281 1432 3315 :
1468 3281 1497 3318 ι
1527 3264 1644 3318 Nec
1671 3264 1896 3318 transiit
1923 3281 2024 3336 per
2103 3265 2396 3336 legistator
2419 3265 2483 3332 3‘,
2517 3285 2546 3320 ιο
2585 3266 2642 3320 id
2699 3261 2802 3332 est,
2855 3267 2951 3337 qui
2997 3267 3160 3322 dedit
3202 3269 3403 3340 legem,
3447 3266 3582 3322 dabit
3621 3271 3665 3318 et

424 3365 551 3404 eam
571 3349 748 3404 leaena
774 3347 838 3415 '3,
869 3351 1017 3422 quod
1041 3357 1238 3406 sancta
1269 3351 1513 3407 Ecclesia
1541 3370 1576 3406 ιι
1603 3352 1766 3424 plebe
1789 3352 2020 3408 Judaica
2103 3354 2368 3425 gratiam.
2418 3357 2733 3423 Legistator,
2764 3355 3167 3423 Antichristus,
3221 3364 3288 3412 ut
3316 3357 3374 3412 in
3428 3356 3660 3412 Psalmis:

423 3434 814 3493 inhonoratur.
2109 3461 2135 3495 α
2189 3444 2480 3498 Constitue
2525 3444 2906 3515 legislatorem
2953 3462 3126 3518 super
3180 3463 3279 3501 eos
3325 3445 3388 3513 3’,
3456 3447 3506 3500 id
3576 3453 3660 3506 est,

491 3527 678 3582 Leana
707 3528 1144 3590 menshumana,
1177 3536 1240 3583 ut
1266 3531 1325 3584 in
1348 3530 1452 3586 Job
1480 3550 1492 3584 :
1529 3532 1808 3604 «Propter
1825 3547 2023 3602 super-
2104 3529 2533 3600 Antichristum,
2558 3533 2784 3605 qualem
2815 3534 3020 3605 perditi
3041 3535 3254 3590 habere
3273 3541 3559 3590 merentur.

422 3612 574 3670 biam
595 3617 756 3687 quasi
788 3619 807 3640 ⁶
836 3617 1070 3672 leaenam
1109 3619 1295 3691 capies
1315 3636 1405 3674 me
1425 3619 1488 3686 ¹⁴,
1545 3640 1568 3671 ι
1615 3620 1671 3674 id
1715 3626 1818 3687 est,
1871 3637 2026 3674 men—
2176 3623 2402 3690 Legatus
2459 3629 2544 3676 est
2584 3623 2861 3688 Christus,
2913 3630 2976 3677 ut
3005 3624 3064 3678 in
3100 3625 3396 3679 Jeremia:
3437 3626 3666 3694 Legatum

421 3711 536 3758 tem
557 3719 761 3771 meam,
795 3723 866 3760 ne
890 3707 1198 3778 superbiat,
1231 3707 1505 3763 domabis.
1539 3710 1744 3776 Leana,
1779 3709 2025 3763 mundus
2106 3710 2259 3764 misit
2287 3711 2358 3765 ad
2384 3717 2582 3782 gentes
2633 3710 2699 3779 33,
2735 3711 2883 3783 quod
2920 3712 3180 3769 Christus
3217 3732 3250 3769 a
3303 3715 3465 3769 Patre
3498 3713 3664 3767 missus

421 3794 564 3862 iste,
599 3802 664 3850 ut
730 3796 788 3850 in
837 3797 1008 3850 Jacob
1046 3815 1058 3850 :
1132 3815 1159 3850 ι
1215 3797 1454 3867 Ru'gitus
1504 3801 1523 3821 ⁶
1572 3799 1764 3853 Ιεεεηω
1815 3807 1872 3854 et
1920 3817 2024 3854 vox
2105 3807 2191 3854 est
2218 3800 2290 3854 ad
2348 3800 2621 3856 homines.
2677 3801 2786 3855 Per
2827 3805 3028 3869 legatos
3084 3804 3492 3873 praedicatores.
3535 3809 3589 3856 ut
3619 3801 3664 3853 in

421 3882 610 3939 leaenae
639 3883 703 3952 ¹⁵,
737 3903 765 3938 ι)
815 3885 872 3940 id
917 3891 1023 3950 est,
1075 3885 1362 3956 suggestio
1408 3887 1584 3942 hostis
1636 3895 1694 3942 et
1730 3889 2021 3960 concupis-
2103 3889 2343 3944 Psalmis
2385 3909 2396 3943 :
2452 3889 2694 3944 Venient
2743 3890 2915 3961 legati
2967 3907 3034 3945 ex
3087 3893 3334 3964 .Egypto
3362 3891 3424 3954 3‘,
3482 3909 3507 3945 »
3547 3887 3665 3961 quod

420 3973 606 4027 centia
639 3973 854 4028 mundi.
2103 3978 2496 4050 pmdimtores
2549 3979 2854 4050 procedent
2881 3979 2950 4034 de
2993 3981 3337 4051 gentilitate.
3377 3983 3481 4036 Per
3505 3984 3667 4048 legatos

493 4063 678 4116 Lectus
708 4068 794 4117 est
816 4078 966 4128 caro,
1001 4065 1065 4118 ut
1093 4062 1150 4116 in
1183 4061 1421 4118 Psalmis
1453 4106 1465 4117 .
1496 4086 1518 4116 ι
1555 4066 1829 4120 Dominus
1857 4083 2021 4138 Opem
2104 4067 2494 4139 praedicatores
2512 4068 2864 4133 Antichristi,
2898 4076 2960 4123 ut
3007 4069 3066 4123 in
3099 4071 3291 4124 Isaia:
3326 4095 3342 4119 ε
3403 4069 3545 4125 Misit
3583 4068 3630 4120 in
3651 4067 3663 4086 '

419 4146 564 4200 ferat
581 4143 662 4199 illi
682 4161 852 4218 super
877 4147 1088 4200 lectum
1115 4148 1324 4202 doloris
1352 4150 1476 4219 ejus
1501 4151 1566 4217 ω,
1601 4169 1628 4203 ι
1658 4150 1715 4204 id
1736 4158 1838 4217 est,
1871 4151 2021 4206 Deus
2102 4156 2246 4210 mari
2266 4157 2480 4228 legatos
2508 4173 2639 4211 suos
2668 4156 2732 4224 ³⁵,
2767 4177 2794 4210 νο
2831 4157 2887 4212 id
2899 4158 3061 4212 estin
3084 4160 3300 4214 mundo
3319 4159 3668 4232 praedicatores

420 4234 590 4289 faciat
615 4250 745 4290 eum
774 4251 942 4290 carne
961 4252 1065 4290 sua
1089 4237 1457 4308 superiorem.
1513 4241 1715 4306 Lectus,
1765 4240 2023 4312 concupi-
2103 4262 2252 4300 suos.

419 4324 650 4391 scentia,
676 4331 740 4380 ut
767 4325 826 4380 in
874 4325 1112 4380 Psalmis
1145 4345 1155 4379 :
1186 4347 1208 4378 ι
1243 4325 1476 4382 Lectum
1532 4345 1719 4384 meum
1759 4329 2087 4408 lacrymis“
2179 4337 2394 4404 Legatio
2423 4342 2509 4390 est
2533 4335 2908 4390 reconciliatio
2939 4343 3388 4408 peccatorum,ut
3409 4338 3465 4391 in
3477 4335 3628 4390 Paulo
3654 4349 3664 4382 :

419 4413 613 4484 rigabo
641 4411 706 4481 ‘7,
739 4433 764 4467 ))
799 4414 854 4468 id
883 4419 986 4480 est,
1017 4433 1121 4488 per
1143 4415 1365 4487 singula
1394 4435 1521 4472 mea
1569 4424 1796 4491 peccata
1837 4392 2091 4474 ﬂendoD
2111 4441 2138 4476 ι
2169 4392 2279 4478 Prb
2301 4425 2523 4478 Christo
2554 4424 2833 4495 legatione
2863 4392 3154 4496 fungimur
3181 4426 3250 4494 ³⁸,
3279 4392 3317 4478 ι’
3335 4426 3392 4480 id
3435 4431 3531 4488 est,
3573 4421 3666 4474 vice

419 4502 702 4558 mundabo
749 4505 1151 4559 conscientiam
1199 4523 1403 4562 meam.
1453 4510 1658 4575 Lectus,
1725 4509 2022 4563 delectatio
2105 4513 2312 4586 Christi
2345 4517 2363 4536 '
2393 4531 2493 4569 nos
2524 4515 2594 4568 de
2621 4513 3070 4570 reconciliatione
3109 4521 3466 4586 peccatorum
3514 4514 3662 4566 intro-

418 4592 622 4658 carnis,
645 4599 711 4646 ut
738 4594 796 4647 in
825 4594 1065 4650 Psalmis
1119 4614 1130 4649 :
1171 4614 1198 4650 α
1241 4597 1297 4650 Si
1354 4597 1657 4652 ascendero
1705 4597 1764 4652 in
1815 4599 2022 4652 lectum
2108 4585 2400 4658 mittimus.
2455 4605 2688 4671 Legatz'o,
2744 4603 3008 4676 lacrymae
3069 4585 3481 4676 poenitentium,
3519 4609 3575 4656 ut
3619 4599 3665 4651 in

416 4681 581 4734 strati
609 4682 838 4752 meif‘h
863 4683 918 4737 id
941 4689 1044 4751 est,
1072 4685 1119 4738 si
1147 4703 1439 4758 sumpsero
1467 4704 1588 4741 esse
1617 4687 1674 4741 in
1695 4687 2022 4742 delectatio-
2108 4693 2404 4764 Evangelio
2437 4712 2448 4746 :
2479 4712 2504 4743 «
2546 4692 2908 4763 Legationem
2966 4693 3162 4760 mittit,
3207 4711 3415 4765 rogans
3464 4709 3527 4748 ea
3566 4705 3666 4760 quin

415 4784 488 4823 ne
511 4771 696 4826 carnis
714 4787 872 4826 mete.
898 4775 1105 4842 Lectus,
1136 4775 1407 4847 reprobus
1441 4792 1662 4843 sensus,
1697 4781 1762 4831 ut
1790 4777 1846 4831 in
1877 4779 2022 4849 Apo-
2102 4783 2256 4854 pacis
2284 4788 2418 4836 sunt
2441 4781 2507 4847 ³⁷,
2537 4802 2564 4835 ι.
2587 4781 2642 4836 id
2664 4788 2768 4847 est,
2801 4782 3077 4853 lacrymas
3091 4784 3438 4855 paenitentiae
3459 4778 3666 4853 [Immit-

413 4859 656 4932 calypsi:
695 4879 721 4912 (ί
747 4861 908 4916 Mitto
937 4862 1159 4918 Jezabel
1203 4864 1264 4918 in
1295 4865 1502 4919 lectum
1531 4865 1594 4930 ‘9,
1627 4884 1652 4918 λυ
1705 4867 1854 4937 quod
1909 4867 2010 4922 im-
2093 4878 2219 4926 tens
2251 4872 2471 4926 veniam
2501 4877 2782 4942 precatur.

413 4950 689 5005 mundum
718 4958 1066 5024 peccatorem
1077 4955 1227 5010 Deus
1248 4957 1270 4978 ⁶
1299 4972 1590 5028 nunquam
1615 4957 1673 5012 in
1703 4957 2004 5030 reprobum
2163 4964 2332 5031 Lepus
2350 4967 2438 5016 est
2465 4960 2700 5032 quilibet
2743 4962 2990 5033 iniquus,
3049 4968 3107 5016 et
3167 4970 3360 5017 tamen
3404 4963 3583 5016 doctus
3619 4956 3662 5007 in

411 5055 640 5094 sensum
663 5040 863 5095 cadere
893 5042 1164 5113 permitit.
2092 5053 2230 5122 lege,
2268 5053 2289 5073 '
2313 5069 2342 5101 α
2374 5051 2575 5122 Lepus,
2597 5067 2730 5104 nam
2762 5057 2818 5106 et
2847 5050 2941 5105 ille
2983 5051 3236 5105 ruminat
3255 5051 3324 5116 ³⁸,
3373 5049 3515 5122 quod
3542 5059 3659 5101 non-

483 5130 730 5184 Lectutus
759 5136 846 5184 est
873 5137 1129 5186 sanctum
1165 5132 1364 5200 otium,
1395 5140 1460 5189 ut
1499 5134 1558 5188 in
1603 5137 1832 5192 Cantico
1867 5157 1878 5192 :
1905 5140 2006 5193 Le-
2087 5139 2229 5195 nulli
2257 5139 2439 5210 iniqui
2458 5145 2516 5193 et
2540 5145 2732 5193 tamen
2759 5139 2911 5194 docti
2929 5145 3082 5194 sunt.

481 5215 499 5250 ¹
531 5215 678 5298 Psal.
703 5217 953 5298 ignvia}.
1001 5219 1025 5254 ³
1059 5220 1231 5298 Ex_od.
1264 5237 1437 5298 gtxvu,
1468 5223 1522 5279 9.
1563 5223 1587 5298 ξ
1615 5225 1695 5298 IlI
1720 5225 1858 5298 Reg.
1889 5243 1941 5294 v,
1973 5231 1989 5283 1

2144 5229 2276 5284 Luc.
2311 5243 2364 5291 x,
2393 5227 2481 5282 30.
2517 5227 2540 5260 ⁵
2567 5228 2738 5298 Apoc.
2791 5243 2845 5290 v,
2875 5228 2928 5282 5.
2973 5228 2998 5261 ⁸
3028 5229 3217 5298 Amos.
3263 5241 3348 5298 in,
3377 5223 3444 5298 8._
3475 5224 3493 5258 ⁷
3520 5223 3652 5277 Prov.

409 5300 606 5368 ξχγξιε,
626 5286 690 5368 ’1.
718 5289 743 5324 ⁸
771 5289 1065 5368 Ρξοιλχγι,
1087 5290 1177 5351 12.
1209 5293 1239 5368 θλ
1257 5295 1384 5368 Jud.
1413 5286 1526 5368 inv,
1555 5295 1608 5351 8.
1640 5295 1687 5331 ¹⁰
1712 5298 1762 5352 ΙΙ
1783 5286 1909 5353 'l‘im

2147 5341 2159 5353 .
2189 5299 2229 5334 ¹¹
2263 5300 2286 5354 Ι
2318 5286 2454 5368 Reg.
2488 5286 2741 5359 xvn,'34.
2790 5286 2843 5333 η’
2868 5299 2891 5352 Ι
2921 5298 3073 5352 Petr.
3102 5297 3236 5368 v,78.
3295 5286 3344 5331 η’
3366 5295 3465 5350 Job
3491 5304 3653 5368 xxvii},

408 5357 460 5436 _8_.
487 5356 662 5436 ζῆθι)
685 5359 1076 5436 χη16ιξ¹⁵ᾼ1οὒ
1105 5377 1180 5428 Iv,
1220 5363 1305 5422 i0.
1337 5365 1384 5436 Ψ
1414 5356 1560 5421 Psal.
1591 5382 1678 5434 XL,
1711 5369 1764 5422 4.
1799 5369 1842 5403 ¹⁷
1867 5371 1916 5423 Ρ.

2159 5372 2211 5425 7.
2236 5371 2282 5404 ¹⁸
2312 5356 2459 5424 Psal.
2495 5356 2678 5434 CXXXI,
2702 5370 2756 5424 3.
2791 5370 2837 5404 ¹⁹
2855 5372 3026 5436 Apoc.
3061 5356 3238 5432 11,92.
3272 5367 3494 5422 ’°Cant.
3524 5379 3558 5422 ι,
3580 5359 3652 5416 16.

405 5427 584 5508 ﬁqu
611 5443 710 5508 _vu,
747 5429 832 5488 13.
861 5430 916 5508 ξ
934 5434 1099 5508 Cant.
1131 5449 1218 5508 In,
1244 5439 1272 5491 1
1300 5455 1313 5504 ;
1349 5435 1488 5492 Ibid.
1521 5455 1571 5492 υ.
1610 5427 1675 5494 7.’
1693 5439 1740 5474 ’³
1765 5441 1913 5496 Matt]

2145 5441 2177 5495 ἵ.
2227 5439 2274 5474 ²⁴
2301 5442 2462 5495 Joan.
2491 5455 2544 5504 x,
2581 5427 2676 5498 34.
2721 5439 2768 5475 ³⁵
2799 5427 2946 5495 Psal.
2979 5427 3160 5504 Lxxxi,
3194 5439 3248 5494 6.
3299 5438 3346 5472 "
3371 5437 3653 5508 Luc._;1_uv.

405 5496 496 5553 44.
531 5497 578 5536 ’τ
597 5501 818 5577 Jama],
854 5501 940 5577 ll).
961 5501 1010 5538 *8
1039 5496 1375 5577 Psaljxxiv,
1411 5507 1462 5564 8.
1496 5509 1544 5544 ’⁸
1567 5509 1671 5565 Job
1695 5526 1771 5576 x1,
1804 5510 1858 5568 6.
1890 5511 1913 5546 ³

2153 5527 2254 5577 vn,
2280 5511 2370 5566 23.
2416 5510 2458 5546 ³¹
2486 5496 2638 5566 Psal.
2670 5526 2902 5577 Lxxxm,
2937 5511 2991 5566 7.
3015 5510 3066 5545 3'
3094 5496 3243 5566 Psal.
3279 5523 3352 5574 ιχ,
3383 5508 3468 5563 21.
3496 5505 3651 5558 3’Jer.

404 5579 554 5634 XLIX,
589 5563 676 5627 Μ.
708 5569 756 5604 ³⁴
783 5563 932 5627 Psal.
965 5585 1134 5640 vau,
1173 5575 1260 5634 32.
1289 5578 1336 5612 ³⁵
1365 5563 1473 5634 isa.
1507 5563 1662 5648 XV'llI,
1685 5563 1898 5642 13°le

1685 5563 1898 5642 ’³⁸⁷11
1929 5563 2144 5649 (ἷόιῖῖἲὶ,
2167 5563 2256 5642 Ξὸἶ
2284 5563 2636 5648 Studia},
2668 5563 2989 5640 ἑέῗῦῖεᾶγζ
3015 5563 3174 5645 infe.
