3818 6168
428 369 535 431 οτι
1027 375 1091 431 Β.
1131 374 1407 434 RABANI
1441 372 1676 435 MAURI
1709 372 2049 436 ARCHIEP.
2087 374 2414 435 MOGUNT.
2450 370 2755 434 OPERU'M
2791 375 2975 432 PARS
3011 377 3104 433 Ν.
3549 380 3636 442 ms

431 499 717 556 Melo
745 518 758 554 :
794 522 817 553 ι
852 500 1080 557 Mensas
1106 502 1372 557 estlimen
1383 501 1613 573 portasi.
1644 520 1667 552 ι
1691 502 1840 573 quod
1861 501 2024 557 Chri-
2045 504 2094 563 Α
2110 501 2256 571 thgit
2270 501 2330 555 in
2351 499 2674 564 solitudine,
2716 497 2812 555 ubi
2840 504 3100 572 paratum
3138 500 3331 560 habuit
3354 504 3591 573 locum",
3616 530 3635 559 s

428 591 925 663 stussntiquorum
947 597 1170 664 patrum
1196 591 1401 646 merita
1418 591 1567 662 apud
1596 606 1658 644 se
1686 591 2025 646 dinumerat.
2110 590 2261 662 quod
2298 595 2495 645 sancta
2522 588 2768 644 Ecclesia
2792 590 2999 644 mentis
3014 591 3362 648 solitudinem
3376 593 3640 657 inveniens,

429 680 642 741 Limen,
660 680 818 746 ﬁdes,
834 686 900 735 ut
915 681 973 735 in
994 680 1150 734 libris
1168 681 1420 751 Regum:
1455 700 1476 731 ι
1503 680 1702 734 Manus
1718 680 1913 751 Dagon
1929 679 2030 734 ab-
2112 679 2399 734 Christum
2412 677 2646 733 invenit.
2668 681 2853 745 Locus,
2879 679 3218 751 innocentia,
3232 688 3297 736 ut
3320 683 3375 738 in
3400 683 3637 739 Psalmis:

426 765 614 823 scisam
624 775 791 823 emt
802 784 975 840 super
990 768 1164 824 limen
1176 768 1219 835 ³,
1255 786 1283 823 s
1302 766 1451 840 quod
1481 784 1653 839 opera
1677 767 1902 834 diaboli,
1932 766 2031 840 qui
2116 784 2140 820 α
2160 768 2287 824 Non
2313 772 2616 838 cognoscat
2642 766 2885 840 amplius
2901 766 3086 824 locum
3118 776 3278 826 etiam
3302 770 3366 841 ¹⁸,
3390 790 3415 825 s
3443 772 3494 826 id
3517 779 3604 837 est,
3628 779 3646 798 θ

428 856 849 926 superstitionis
866 858 1191 913 curiositate
1205 858 1274 912 ad
1293 864 1562 912 «sternam
1582 859 1604 880 θ
1613 857 1893 928 justitiam
1908 872 2032 929 per-
2109 855 2159 910 si
2176 861 2513 929 potestatem
2538 856 2772 928 spiritus
2796 856 3059 912 habentis
3083 872 3253 932 super
3276 864 3335 914 te
3361 860 3645 928 ascenderit,

429 944 604 1011 ducit,
630 945 921 1002 destructa
944 954 1080 1002 sunt
1113 963 1214 1019 per
1235 946 1422 1003 iidem.
1462 947 1607 1001 Nam
1642 946 1838 1016 Dagon
1862 949 2030 1016 piscis
2110 945 2297 1003 locum
2333 951 2496 1000 tuum
2542 960 2657 1000 non
2704 945 3001 1013 dimiserit,
3034 946 3091 1001 id
3125 952 3230 1013 est,
3262 947 3307 1002 si
3346 948 3368 973 ‘
3406 950 3650 1020 praesentis

432 1036 676 1089 institis
714 1035 1121 1109 interpretatur
1151 1036 1212 1090 in
1239 1034 1695 1107 superliminaria
1728 1035 2027 1090 domorum
2110 1034 2286 1089 sibilis
2314 1034 2371 1089 in
2399 1052 2435 1090 a
2471 1076 2482 1089 .
2567 1076 2579 1088 .
2661 1075 2673 1088 .
2756 1075 2768 1087 .
2798 1034 2904 1089 tibi
2934 1034 3305 1113 praevaluerit,
3322 1036 3650 1095 humilitatem

431 1128 491 1177 et
519 1122 579 1177 in
608 1123 1013 1179 intentionibus
1030 1124 1367 1201 animarum.
2080 1122 2452 1195 ‘pcsnitentias
2478 1138 2593 1177 non
2643 1122 3017 1201 derelinquat.
3060 1126 3248 1192 Lam,
3294 1128 3480 1182 sancta
3501 1124 3652 1184 Eccle-

510 1213 708 1266 Linum
730 1219 818 1266 est
842 1213 1082 1284 pepulus
1101 1197 1348 1284 gentilis,
1372 1218 1439 1268 ut
1465 1213 1524 1267 in
1560 1212 1707 1268 Isaia
1735 1230 1747 1265 :
1775 1230 1796 1262 α
1824 1212 2028 1266 Linum
2110 1213 2212 1279 sia,
2240 1219 2305 1267 ut
2330 1212 2390 1267 in
2415 1211 2520 1267 Job
2560 1230 2576 1267 :
2613 1232 2640 1265 ι
2668 1214 2837 1294 Λευ-ο.
2856 1197 3013 1267 locus
3050 1219 3154 1280 est,
3207 1214 3266 1268 in
3293 1230 3400 1287 quo
3423 1215 3654 1272 conﬂatur

431 1299 715 1372 ﬁunigans
729 1317 843 1356 non
861 1302 1182 1373 exstinguet
1198 1302 1240 1369 ³,
1267 1321 1295 1355 s
1328 1302 1384 1356 id
1411 1312 1517 1367 est,
1548 1302 1817 1372 populum
1842 1301 2029 1371 genti-
2111 1300 2174 1365 ’⁸,
2210 1321 2231 1352 ι
2259 1301 2407 1373 quod
2435 1301 2778 1356 examinatio
2798 1302 3055 1374 martyrii
3086 1318 3201 1357 non
3222 1302 3462 1375 prodest,
3496 1304 3588 1359 nisi
3609 1304 3655 1359 in

436 1390 545 1444 lem
572 1407 686 1444 non
724 1390 1035 1445 damnabit.
1078 1393 1303 1449 Linum,
1351 1389 1655 1453 subtilitas,
1687 1396 1753 1444 ut
1776 1390 1836 1444 in
1866 1390 1988 1460 lege
2014 1408 2026 1442 :
2112 1389 2565 1456 Ecclesia.Locus,
2588 1393 2609 1414 '
2633 1390 2860 1446 dilectio
2877 1392 3007 1446 vitae
3032 1392 3343 1465 presentis,
3376 1398 3439 1447 ut
3464 1392 3517 1447 in
3535 1392 3619 1447 Job
3643 1413 3653 1445 :

434 1500 460 1530 ι
486 1479 612 1534 Non
655 1479 857 1534 induas
896 1485 1109 1534 vestem
1149 1479 1262 1534 lino
1302 1480 1546 1550 lanaque
1587 1478 1965 1546 contextam‘,
1996 1496 2027 1532 s
2114 1478 2860 1552 Vittedelectationeimpius
2874 1481 3129 1552 rapietur
3152 1479 3417 1547 “.Locus,
3440 1494 3527 1536 cor
3549 1480 3659 1537 adu-

432 1567 490 1622 id
515 1573 619 1633 est,
650 1583 764 1622 non
792 1568 948 1623 intus
978 1566 1211 1624 malitias
1234 1567 1605 1623 subtilitatem
1634 1572 1812 1638 teges,
1835 1572 1894 1622 et
1907 1582 2033 1622 san-
2112 1568 2373 1634 lantium,
2407 1568 2545 1622 utin
2564 1567 2700 1623 Job:
2732 1569 2848 1623 Nec
2870 1568 3022 1624 ultra
3049 1568 3367 1625 intuebitur
3397 1582 3516 1624 eum
3540 1570 3662 1625 locus

432 1655 689 1712 ctitatem
710 1657 852 1712 toris
889 1658 1173 1713 ostendes.
1210 1660 1433 1721 Linum,
1467 1656 1778 1728 spiritualis
1816 1655 2033 1712 intelle-
2114 1655 2320 1729 eius“.
2341 1676 2363 1709 ι
2397 1657 2545 1729 quod
2572 1657 2809 1729 impium
2832 1664 2960 1729 post
2978 1664 3224 1714 mortem
3253 1658 3569 1718 adulatores.
3589 1662 3663 1732 qui

432 1752 577 1811 ctus,
591 1745 730 1800 utin
746 1746 1064 1801 Parabolis:
1089 1768 1112 1797 ε
1139 1746 1408 1811 Quaesivit
1434 1747 1621 1800 lanam
1635 1752 1694 1800 et
1719 1745 1899 1800 linum
1924 1745 1966 1812 ⁸,
2003 1764 2030 1797 s
2113 1760 2243 1800 eum
2274 1745 2508 1800 adulare
2528 1745 2801 1812 solebant,
2838 1762 2951 1800 non
2988 1746 3322 1802 laudabunt.
3350 1748 3520 1813 Locus,
3540 1762 3667 1803 mens

432 1834 585 1906 quod
630 1841 828 1890 metu
868 1835 1131 1899 Ecclesia,
1194 1834 1310 1889 sive
1368 1835 1570 1888 devota
1621 1833 1830 1900 anima,
1891 1821 2091 1888 sim-3
2118 1834 2383 1902 hominis,
2416 1834 2565 1890 utin
2594 1834 2737 1889 Job:
2778 1838 2807 1862 "
2834 1854 2859 1885 α
2900 1836 3040 1900 Quis
3067 1840 3156 1890 est
3210 1835 3364 1890 locus
3402 1834 3668 1909 intelligen-

434 1923 638 1995 plicem
666 1929 725 1978 et
750 1922 1172 1996 spiritualemin
1198 1938 1357 1979 sacra
1373 1923 1664 1994 Scriptura
1687 1923 2035 1977 intellectum
2114 1923 2209 1978 tiae
2225 1922 2274 1959 ⁸³
2293 1923 2321 1977 ?
2360 1942 2382 1975 ν
2409 1922 2557 1995 quod
2586 1923 2645 1978 in
2676 1926 2866 1978 mente
2893 1923 3139 1978 hominis
3162 1923 3525 1996 intelligentia
3540 1924 3668 1997 quie-

434 2013 654 2085 qusu'it.
2117 2011 2240 2066 scit.
2283 2014 2463 2076 Locus,
2497 2009 2781 2083 superbia,
2820 2017 2888 2066 ut
2942 2010 3001 2066 in
3049 2010 3156 2066 Job
3199 2028 3213 2066 :
3262 2014 3289 2040 "
3309 2031 3337 2066 ι
3383 2012 3670 2068 Convertere

508 2104 677 2157 Linea
730 2108 816 2156 est
851 2102 1131 2159 occultum
1184 2100 1285 2157 Dei
1310 2100 1608 2173 judicium,
1658 2107 1724 2155 ut
1774 2099 1833 2155 in
1881 2099 1987 2155 Job
2018 2118 2029 2154 :
2118 2100 2320 2172 impios
2349 2100 2419 2154 de
2440 2100 2560 2154 loco
2588 2114 2691 2154 suo
2710 2098 2777 2167 ⁸³,
2812 2120 2832 2153 ο
2878 2100 2934 2154 id
2955 2106 3058 2167 est,
3098 2101 3333 2156 destrue
3360 2101 3604 2174 superbos
3625 2101 3670 2157 in

438 2210 465 2243 α
497 2191 637 2255 Quis
672 2191 914 2246 tetendit
951 2208 1120 2264 super
1151 2207 1277 2247 eam
1307 2190 1512 2245 lineam
1541 2190 1565 2225 ⁸
1583 2190 1609 2242 ?
1638 2204 1666 2243 ι
1694 2189 1843 2260 quod
1886 2190 2036 2243 Deus
2118 2190 2241 2260 ipsa
2265 2188 2531 2261 superbia
2554 2204 2770 2244 eorum.
2815 2190 2998 2256 um,
3040 2189 3215 2244 corda
3239 2192 3532 2263 justorum,
3551 2194 3607 2245 ut
3625 2189 3672 2245 in

438 2280 721 2335 occultum
742 2294 909 2336 suum
923 2280 1199 2352 judicium
1215 2282 1275 2335 in
1306 2280 1497 2335 anima
1523 2279 1775 2333 humana
1791 2283 2031 2332 exercet.
2120 2278 2407 2333 Ezechiele
2439 2295 2452 2330 :
2485 2280 2511 2307 ¹
2567 2294 2597 2329 s
2628 2277 2929 2332 Benedicta
2982 2279 3169 2349 gloria
3228 2278 3449 2334 Domini
3493 2278 3674 2335 deloco

438 2371 627 2434 Linea,
640 2385 844 2424 norma
855 2369 1399 2440 aptaeinstitutionis,
1418 2374 1481 2422 ut
1508 2367 1567 2422 in
1590 2366 1747 2421 libris
1768 2366 1985 2437 Regum
2019 2382 2031 2419 ε
2117 2380 2221 2422 suo
2248 2365 2314 2433 ⁸⁸,
2344 2388 2369 2418 »
2402 2367 2669 2439 quoniam
2696 2367 2767 2422 de
2796 2366 3057 2423 cordibus
3078 2369 3391 2439 justorum,
3430 2369 3483 2423 in
3510 2369 3675 2443 quibus

439 2477 465 2511 α
519 2458 824 2513 Duodecim
876 2457 1195 2514 cubitorum
1255 2457 1406 2511 linea
1451 2457 1845 2510 columnarum
1902 2455 1942 2522 ',
2007 2475 2030 2507 ι
2120 2456 2374 2528 quiescit,
2401 2455 2657 2528 procedit
2674 2455 2798 2510 laus
2816 2457 2959 2529 ejus.
2991 2458 3187 2525 Locus,
3214 2458 3546 2513 conversatio
3570 2472 3675 2512 san-

439 2548 589 2619 quod
634 2564 835 2602 norma
870 2548 1257 2620 apostolorum
1310 2547 1452 2601 alios
1510 2545 1904 2617 praedicatores
1952 2545 2036 2600 in-
2116 2549 2226 2612 cta,
2248 2550 2314 2600 ut
2340 2545 2401 2601 in
2426 2545 2551 2616 lege
2583 2563 2597 2598 :
2629 2560 2654 2601 ι
2688 2545 2754 2600 In
2782 2545 2903 2600 loco
2937 2560 3042 2600 suo
3076 2553 3340 2602 vescetur
3369 2546 3435 2601 iis
3459 2546 3677 2602 carnibus

438 2636 581 2691 nuit.
2123 2633 2190 2701 ⁸⁸,
2227 2654 2253 2687 s
2286 2635 2436 2706 quod
2467 2634 2564 2706 qui
2593 2635 2652 2688 in
2679 2640 2877 2689 sancta
2901 2640 3037 2690 sunt
3062 2634 3501 2702 conversatione,
3516 2634 3678 2690 ‘divina

511 2727 688 2783 Linus
724 2732 814 2779 est
838 2725 967 2780 ﬁnis
999 2724 1206 2790 saeculi,
1238 2730 1303 2778 ut
1336 2724 1395 2777 in
1443 2723 1742 2793 Evangelio
1771 2743 1783 2777 :
1813 2743 1840 2775 «
1873 2724 2044 2779 Secus
2126 2729 2260 2778 sunt
2310 2723 2466 2793 digni
2502 2728 2748 2778 tractare
2789 2729 3165 2779 sacramenta.
3225 2727 3410 2795 Locus,
3456 2725 3679 2780 sanctitas

440 2812 602 2868 littus
643 2814 905 2868 sedentes
922 2814 965 2878 ⁸,
992 2833 1018 2863 s
1046 2814 1103 2868 id
1130 2820 1237 2879 est,
1280 2812 1339 2867 in
1376 2814 1489 2866 ﬂne
1532 2812 1718 2866 saeculi
1750 2813 2039 2882 degentes.
2123 2813 2270 2877 vitm,
2295 2818 2361 2868 ut
2384 2813 2443 2867 in
2460 2812 2719 2878 Psalmis,
2755 2813 2984 2867 (Donec
3014 2813 3307 2868 inveniam
3329 2813 3506 2869 locum
3532 2812 3682 2868 Domi-

440 2904 636 2967 Li‘ttus,
670 2902 883 2967 ﬁdeles,
916 2908 983 2957 ut
1010 2903 1067 2957 in
1097 2900 1300 2957 Genesi
1339 2918 1351 2954 :
1403 2919 1431 2954 α
1463 2901 1709 2962 Zabulon
1739 2902 1797 2956 in
1848 2903 2035 2957 littore
2117 2919 2210 2969 no,
2243 2921 2270 2957 ι
2304 2901 2362 2957 id
2390 2908 2494 2967 est,
2527 2902 2704 2956 donec
2754 2901 2814 2955 in
2853 2905 3079 2956 tantum
3108 2903 3493 2958 sanctiﬁcatur
3525 2900 3677 2957 anima

441 2990 615 3047 maris
642 2990 918 3046 habitabit
954 2992 998 3058 ⁸,
1034 3010 1059 3044 »
1106 2992 1255 3063 quod
1303 2990 1483 3046 ﬁdelis
1520 2991 1763 3062 populus
1784 2991 1845 3045 in
1870 2997 2037 3063 partu
2119 3008 2264 3058 mea,
2294 2996 2360 3046 ut
2415 2990 2566 3046 Deus
2605 2989 2665 3045 in
2704 3006 2772 3045 ea
2798 2990 3150 3062 requiescere
3195 2990 3487 3063 dignetur.
3523 2992 3672 3053 Locus.

440 3079 569 3135 ﬁdei
592 3079 819 3150 quievit.
861 3083 1058 3143 Linus,
1091 3079 1371 3136 stabilitas
1395 3080 1860 3146 immortalitatis,
1884 3086 1950 3135 ut
1975 3081 2037 3136 in
2118 3080 2303 3153 patria
2327 3079 2588 3146 caelestis,
2611 3083 2677 3134 ut
2704 3080 2763 3134 in
2792 3078 3031 3134 Psalmis
3058 3097 3071 3133 :
3099 3098 3127 3131 σ
3159 3076 3678 3136 Transibcinlocum

442 3169 738 3240 Evangelia
764 3183 780 3223 :
806 3186 833 3222 ι
862 3169 1161 3242 Discipulis
1184 3168 1242 3224 in
1271 3169 1416 3224 mari
1442 3168 1846 3235 laborantibus,
1867 3170 2029 3223 Jesus
2049 3160 2099 3221 0
2120 3168 2470 3223 tabernaculi
2498 3166 2847 3223 admirabilis
2870 3166 2939 3234 ⁸⁸,
2980 3186 3002 3218 s
3052 3167 3110 3222 id
3141 3173 3252 3239 est,
3287 3166 3590 3241 pertingam
3624 3166 3679 3221 ad

441 3257 628 3313 stabat
655 3258 714 3313 in
740 3258 930 3313 littore
942 3258 1007 3326 ¹⁰,
1046 3259 1233 3331 »quod
1269 3258 1382 3313 illis
1406 3257 1660 3312 mortalis
1671 3258 1800 3312 vitae
1818 3258 2036 3313 fructus
2118 3257 2362 3329 patriam
2389 3257 2693 3324 calestem,
2724 3254 2821 3311 ubi
2849 3262 2936 3311 est
2978 3256 3179 3312 domus
3210 3272 3332 3314 non
3362 3274 3525 3313 manu
3547 3257 3678 3323 facta,

440 3347 811 3404 tolerantibus
835 3348 955 3420 ipse
974 3350 1095 3420 jam
1123 3349 1195 3403 ad
1222 3346 1667 3402 immortalitatis
1695 3348 2039 3403 soliditatem
2120 3351 2331 3401 aeterna
2357 3346 2417 3401 in
2439 3345 2613 3401 ctelis.
2666 3345 2776 3399 Per
2801 3348 3002 3413 locum,
3033 3344 3446 3402 sollicitudines
3471 3344 3678 3401 mentis:

437 3443 787 3508 pervenerat.
2194 3440 2275 3494 ut.
2321 3476 2334 3488 .
2379 3479 2393 3491 .
2439 3476 2451 3488 .
2498 3476 2511 3488 .
2557 3475 2569 3487 .

513 3527 714 3595 Lippus
734 3531 826 3581 est
843 3526 1025 3598 caligo
1046 3526 1271 3593 mentis,
1295 3532 1361 3582 ut
1388 3526 1449 3581 in
1470 3525 1713 3581 Levitico
1742 3540 1758 3579 :
1794 3544 1817 3576 ι
1852 3525 1911 3580 Si
1938 3525 2042 3598 lip-
2196 3527 2420 3580 Lorusta
2448 3528 2536 3579 est
2563 3522 2921 3592 resurrectio,
2954 3525 3095 3580 utin
3120 3524 3402 3582 Psalmis:
3434 3528 3460 3552 '
3482 3543 3504 3578 ι
3535 3521 3684 3580 Excel-

441 3630 565 3687 pus,
599 3615 645 3668 si
671 3614 873 3686 gibbus
899 3617 964 3682 ¹¹,
996 3634 1023 3667 »
1072 3615 1130 3670 id
1159 3628 1264 3680 est,
1305 3615 1351 3670 si
1399 3616 1763 3686 occupatione
1788 3614 2039 3669 saeculari
2121 3630 2217 3670 sus
2237 3629 2365 3669 sum
2399 3613 2545 3669 sicut
2562 3612 2857 3681 locusta”,
2892 3630 2918 3665 ι)
2948 3614 3006 3669 id
3034 3618 3122 3669 est
3145 3612 3218 3670 de
3240 3621 3426 3671 morte
3449 3614 3583 3670 evasi
3613 3612 3683 3666 in-

441 3718 687 3775 pressae.
720 3705 767 3759 si
795 3704 854 3758 in
874 3710 1065 3758 mente
1091 3704 1452 3774 caliginosae.
2121 3706 2437 3775 corruptus.
2466 3705 2710 3769 Lorusta,
2741 3703 3050 3774 gentilitas,
3082 3710 3149 3758 ut
3186 3702 3249 3758 in
3290 3702 3602 3759 Ecclesiaste
3626 3718 3638 3753 :
3661 3704 3683 3724 '

512 3792 669 3847 Liber
687 3799 775 3848 est
793 3793 1094 3864 praesentia
1108 3793 1227 3860 Dei,
1254 3799 1319 3847 ut
1344 3793 1402 3847 in
1423 3792 1665 3847 Psalmis
1696 3810 1708 3845 :
1749 3812 1770 3841 ι
1804 3792 2037 3846 Delean-
2126 3813 2149 3845 ι
2178 3791 2611 3864 Impugnabitur
2638 3792 2857 3847 locusta
2883 3791 2950 3857 ³⁸,
2978 3810 3002 3844 s
3036 3791 3093 3846 id
3131 3797 3240 3861 est,
3286 3788 3684 3848 sanctiﬁcabitur

440 3886 537 3938 tur
556 3881 626 3939 de
654 3882 798 3936 libro
824 3883 952 3936 vitia
972 3881 1034 3949 ¹¹,
1060 3900 1089 3934 s
1111 3882 1167 3936 id
1185 3888 1289 3947 est,
1323 3886 1597 3954 appareat
1617 3896 1713 3936 eos
1746 3894 2037 3952 nunquam
2116 3882 2406 3953 gentilitas
2430 3880 2505 3936 ad
2562 3881 2866 3936 Dominum
2910 3896 3196 3936 conversa.
3254 3884 3496 3949 Locusta,
3536 3878 3681 3935 inanis

440 3970 616 4026 fuisse
661 3971 901 4042 scriptos
940 3970 998 4025 in
1040 3970 1344 4042 praesentia
1401 3972 1504 4025 Dei
1554 3986 1683 4025 cum
1739 3969 2036 4025 salvandis.
2121 3969 2319 4040 gloria,
2351 3975 2416 4024 ut
2438 3969 2498 4024 in
2527 3968 2768 4024 Psalmis
2800 3986 2814 4022 :
2843 3989 2865 4021 ι
2898 3968 2968 4025 Et
3001 3969 3226 4025 labores
3252 3984 3450 4026 eorum
3483 3964 3685 4025 comedit

442 4062 619 4126 Liber,
644 4060 922 4124 Christus,
936 4065 1004 4114 ut
1024 4059 1084 4114 in
1107 4059 1441 4132 Apocalypsi
1464 4078 1522 4114 τι
1548 4059 1714 4116 Liber
1725 4060 1868 4115 alius
1885 4074 2044 4131 aper-
2121 4059 2339 4114 locusta
2365 4057 2433 4126 ⁸⁸,
2472 4078 2494 4110 ι
2514 4058 2571 4113 id
2592 4062 2695 4126 est,
2724 4056 2874 4114 bona
2903 4075 3073 4131 opera
3101 4072 3305 4115 eorum
3339 4058 3571 4115 comedit
3594 4057 3684 4110 ina-

442 4155 536 4203 tus
560 4153 663 4212 est,
697 4148 793 4218 qui
813 4153 900 4202 est
917 4146 1042 4203 vitae
1062 4146 1128 4211 ¹³,
1170 4168 1191 4198 ι
1218 4148 1365 4219 quod
1392 4149 1667 4217 Christus,
1693 4149 1789 4221 qui
1818 4154 1904 4203 est
1930 4148 2044 4202 vita
2123 4149 2212 4203 nis
2228 4148 2551 4219 gloria.Per
2570 4150 2804 4201 locustas
2819 4147 3019 4214 Judaei,
3043 4153 3110 4203 ut
3130 4148 3189 4203 in
3210 4147 3546 4220 Evangelia:
3575 4144 3686 4200 «Lo—

443 4243 656 4303 nostra,
689 4237 747 4291 in
767 4235 980 4308 judicio
1000 4235 1207 4291 Judaeis
1228 4237 1489 4292 omnibus
1526 4238 1836 4310 apparebit.
1865 4238 2040 4303 Liber,
2125 4244 2312 4292 custas
2337 4242 2395 4292 et
2420 4237 2530 4291 mel
2568 4236 2822 4292 silvestre
2861 4236 3064 4292 edebat
3089 4234 3157 4302 ⁸ο,
3196 4256 3219 4288 s
3255 4239 3407 4309 quod
3444 4238 3581 4294 Deus
3603 4231 3684 4288 sibi

442 4326 618 4380 Vetus
635 4326 1079 4393 Testamentum,
1110 4332 1176 4380 ut
1209 4325 1269 4380 in
1305 4327 1641 4399 Apocalypsi
1684 4368 1696 4379 .
1734 4330 1755 4352 θ
1781 4347 1805 4378 ι
1842 4327 2042 4380 Lector
2121 4326 2342 4382 Iudaeos
2355 4332 2412 4380 et
2429 4328 2749 4397 Gentesper
2760 4326 2929 4380 tidem
2944 4324 3348 4398 incorporavit.
3364 4326 3474 4382 Per
3492 4326 3685 4381 locusta:

441 4415 713 4487 scriptum
734 4415 886 4470 intus
915 4422 970 4468 et
998 4414 1136 4469 foris
1160 4413 1222 4479 ¹⁴,
1256 4434 1282 4465 s
1310 4414 1365 4469 id
1385 4420 1488 4480 est,
1509 4416 1684 4470 Vetus
1715 4416 2041 4470 Testamen-
2062 4403 2107 4465 D
2124 4414 2390 4481 haeretici,
2425 4420 2490 4470 ut
2534 4412 2593 4469 in
2616 4414 2950 4487 Apocalypsi
2996 4433 3062 4474 ;,«
3096 4414 3178 4470 De
3206 4414 3368 4471 fumo
3392 4413 3542 4488 putei
3567 4412 3684 4468 exie-

436 4509 580 4567 tum,
614 4504 907 4558 continens
934 4503 993 4558 in
1021 4519 1080 4557 se
1118 4503 1419 4576 mysticum
1449 4510 1506 4559 et
1540 4503 1869 4558 historicum
1915 4520 2040 4558 sen-
2122 4509 2254 4560 runt
2280 4506 2508 4559 locustae
2537 4504 2595 4557 in
2616 4507 2641 4529 "
2661 4502 2897 4570 terra“,
2925 4503 3107 4575 squod
3138 4504 3209 4558 de
3239 4503 3573 4560 obscuritate
3588 4515 3685 4575 pro-

440 4608 586 4647 sum.
605 4594 779 4658 Liber,
800 4593 1184 4662 Evangelium,
1201 4593 1343 4649 utin
1359 4592 1770 4665 Apocalypsin
1786 4593 2042 4648 Habebat
2123 4592 2500 4649 fundierroris
2537 4599 2932 4664 processerunt
2955 4592 3202 4647 haeretici
3222 4594 3285 4648 in
3323 4591 3576 4649 Ecclesia.
3604 4589 3687 4644 Per

441 4678 500 4736 in
516 4696 687 4736 manu
711 4696 815 4736 sua
840 4681 1047 4736 librum
1067 4688 1328 4754 apertum
1339 4681 1416 4748 d5,
1444 4700 1470 4735 ι
1503 4682 1650 4753 quod
1680 4682 2041 4753 Evangelium
2127 4686 2361 4738 locustas
2382 4682 2724 4747 adulatores,
2742 4686 2809 4736 ut
2829 4681 2887 4736 in
2912 4680 3100 4736 Exodo
3125 4701 3141 4736 :
3177 4698 3204 4734 α
3222 4683 3442 4737 Ventus
3462 4675 3686 4736 urensle

441 4784 608 4825 suum
629 4769 887 4825 Christus
906 4786 1074 4842 opere
1084 4771 1400 4842 complevit.
1434 4772 1546 4825 Per
1561 4773 1792 4838 librum,
1825 4772 2044 4827 occulta
2124 4771 2273 4826 vavit
2286 4771 2531 4826 locustas
2540 4768 2608 4837 ³³,
2630 4789 2653 4821 ι
2669 4770 2820 4843 quod
2842 4770 3022 4824 hostis
3039 4775 3303 4826 terrenus
3326 4765 3688 4827 excitavitadu-

440 4859 705 4924 hominis,
734 4863 802 4913 ut
832 4859 893 4913 in
924 4860 1158 4914 Daniele
1203 4876 1216 4912 :
1244 4878 1269 4912 ι
1293 4859 1573 4915 Iudicium
1614 4860 1779 4928 sedit,
1829 4866 1885 4914 et
1911 4860 2042 4916 libri
2125 4861 2350 4914 latores.
2380 4860 2489 4914 Per
2501 4862 2735 4914 locustas
2753 4858 3168 4931 praedicatores,
3191 4861 3331 4914 utin
3354 4858 3487 4915 Job:
3516 4876 3536 4908 ι
3566 4856 3687 4910 Nun-

441 4949 624 5022 aperti
666 4954 800 5004 sunt
826 4948 891 5015 ¹⁶,
927 4970 950 4997 ι
983 4950 1128 5020 quod
1162 4950 1221 5003 in
1257 4949 1470 5020 judicio
1507 4949 1708 5004 ultimo
1747 4948 2045 5004 manifesta
2125 4949 2259 5028 quid
2289 4947 2581 5003 suscitabit
2607 4964 2735 5003 eum
2766 4947 2925 5021 quasi
2958 4948 3204 5004 locustas
3232 4946 3322 5002 ³³2
3356 4966 3378 5001 ι
3414 4945 3555 5021 quod
3578 4956 3688 5017 prae-

442 5043 609 5094 erunt
636 5037 963 5093 abscondita
981 5038 1163 5092 cordis
1181 5037 1380 5093 nostri.
2125 5038 2401 5093 dicatores
2418 5037 2599 5093 sancti
2628 5036 2798 5092 modo
2828 5034 3043 5092 saliunt
3077 5034 3149 5092 ad
3167 5032 3681 5110 contemplationem.

512 5128 677 5182 1.0qu
717 5132 804 5182 est
830 5126 1104 5193 Christus,
1140 5132 1204 5181 ut
1257 5126 1319 5181 in
1371 5126 1707 5200 Apocalypsi
1735 5144 1748 5180 :
1785 5146 1810 5181 ι
1843 5128 2046 5184 Mulier
2126 5127 2294 5183 modo
2324 5127 2566 5201 redeunt
2591 5126 2662 5182 ad
2701 5127 3000 5182 actionem.

509 5302 528 5343 ¹
561 5305 754 5360 Ezech.
788 5318 879 5372 XL,
908 5300 962 5361 6.
1001 5303 1027 5339 ⁸
1069 5304 1256 5376 IReg.
1291 5318 1346 5373 v,
1377 5303 1616 5360 4.31sa.
1647 5320 1783 5373 xw,
1805 5304 1870 5376 _3.
1907 5305 1933 5342 ⁴
1960 5305 2125 5360 Deut.
2162 5316 2298 5374 xxu,
2332 5304 2416 5359 li.
2464 5305 2488 5339 ⁵
2518 5304 2680 5361 Prov.
2722 5318 2872 5371 xm,
2905 5300 2991 5376 i3.
3024 5305 3050 5339 ⁸
3076 5304 3200 5376 Job.
3228 5314 3460 5376 xxxviii,
3487 5300 3598 5376 ξδ’
3622 5296 3681 5355 IIl

437 5377 575 5446 Reg.
606 5389 707 5446 vn,
744 5374 827 5432 15.
858 5376 1098 5432 3Matth.
1136 5373 1259 5446 sui,
1282 5375 1372 5431 48.
1404 5376 1428 5411 ο
1457 5377 1596 5446 Gen.
1617 5389 1765 5443 xux,
1795 5374 1879 5434 13.
1914 5376 1957 5412 ¹⁰
1985 5378 2146 5431 Joan.
2170 5373 2365 5442 xx1,4.
2389 5376 2432 5412 ¹¹
2460 5376 2872 5443 Levit.xx1,‘20.
2896 5375 3112 5431 “Psal.
3141 5389 3333 5439 xsvm,
3367 5375 3456 5435 29.
3480 5373 3524 5410 ¹³

439 5416 731 5523 Χῖῗίῗξὺ
753 5446 924 5523 Ἢ)Ρῆ
958 5462 1013 5513 V9
1043 5417 1364 5523 11.“.4i309
1398 5462 1451 5513 xi
1484 5445 1537 5506 2°
1572 5448 1623 5523 Ψ
1640 5416 1947 5523 Ρδῖἰριζέἔθ,

2171 5418 2308 5523 lpos:
2326 5461 2440 5523 _xn,
2464 5447 2528 5523 _6.
2562 5447 2609 5484 ¹⁸
2629 5416 2906 5523 Pasitigri,
2938 5446 3020 5505 l6.
3057 5446 3104 5482 ¹⁹
3127 5416 3231 5523 Ιξὶ)
3250 5416 3679 5523 ῃξῐῖικιβθῴ

438 5528 610 5583 xxvn,
643 5516 732 5574 2|.
760 5514 939 5572 2rJob
966 5532 1055 5584 xx,
1089 5517 1141 5574 9.
1176 5517 1225 5553 ³³
1246 5514 1352 5573 Job
1377 5532 1571 5585 XXVIII,
1600 5517 1689 5583 12,
1725 5518 1815 5579 20.
1847 5517 1896 5553 ³³
1918 5520 1946 5577 J

2170 5514 2220 5576 7.
2254 5518 2300 5553 υ
2326 5514 2519 5575 Ezech.
2554 5533 2637 5586 lii,
2672 5519 2758 5578 i2.
2797 5517 2846 5554 ³⁵
2870 5518 2999 5577 Lev.
3031 5532 3131 5585 vn,
3168 5514 3223 5574 6.
3259 5516 3306 5553 ⁸⁸
3339 5514 3485 5573 Psal-

435 5586 486 5625 π
519 5578 666 5643 Psal.
709 5600 940 5654 cxcvm,
1118 5587 1167 5624 ³⁸
1206 5589 1386 5644 Eccle.
1424 5601 1522 5655 χιι,
1558 5578 1614 5643 Β.
1673 5578 1721 5625 ίο
1764 5578 1912 5646 Psal.

441 5657 489 5695 ³³
520 5658 627 5716 Job
656 5673 844 5718 mm.
877 5658 970 5718 23.

2169 5588 2236 5648 i6.
2286 5588 2336 5626 ³ο
2376 5588 2548 5645 Marc.
2578 5578 2702 5658 1,6.
2758 5589 2805 5627 ³⁸
2846 5591 3016 5663 Apoc.
3050 5578 3131 5647 ix.
3157 5589 3210 5647 3.
3259 5588 3304 5624 ⁸³
3336 5588 3500 5647 Exod.
3534 5601 3581 5651 v,
3612 5578 3677 5638 i3.
