3942 6158
268 307 378 365 seu
1209 305 1642 369 MLEGORDE
1678 306 1761 363 IN
1797 306 2092 371 secum
2944 356 2947 359 ,
3435 299 3542 363 990

335 435 565 486 Locutus
592 436 679 485 est
702 429 1042 485 conscientia
1072 430 1238 495 mala,
1270 435 1335 488 ut
1362 431 1422 485 in
1452 432 1933 502 Evangelio,te—A
1952 433 2039 488 nit
2067 433 2312 497 lucerna,
2344 436 2409 489 ut
2431 429 2537 489 sub
2564 429 2753 487 modio
2782 432 3025 499 ponatur
3050 425 3115 493 ‘°,
3154 445 3177 476 ι
3208 425 3266 485 id
3293 431 3400 492 est,
3422 441 3539 487 nan

240 520 393 590 'tigit
423 521 573 574 Deus
604 520 849 574 loculum
884 519 918 583 ¹,
958 519 1106 588 quod
1139 519 1287 572 Deus
1334 537 1435 590 per
1481 520 1867 591 paenitentiam
1949 523 2103 579 venit
2119 523 2395 586 Christus,
2433 526 2496 576 ut
2523 519 2581 573 in
2610 519 2743 574 solis
2768 518 2974 577 Judmis
3003 516 3395 575 abscondatur.
3434 518 3539 571 Lu~

270 609 670 663 conscientiam
694 614 880 662 movet
895 608 1282 679 peccatricem.
1314 610 1560 674 Locutus,
1588 610 1868 669 conscien-
1946 627 2114 668 cerua
2146 611 2359 667 amicus
2378 612 2587 679 sponsi,
2616 615 2682 665 ut
2700 609 2759 662 in
2781 608 3017 665 Psalmis
3042 626 3052 660 :
3091 632 3110 658 υ
3142 607 3340 665 Paravi
3359 606 3542 665 lucer—

265 700 343 752 tia
371 699 536 760 bona,
569 706 632 755 ut
660 699 716 759 in
748 696 988 752 Genesi:
1030 716 1050 747 ι
1087 697 1358 753 Conditus
1389 698 1733 755 aromatibus
1764 716 1864 771 po-

264 788 405 841 situs
425 788 485 840 in
514 788 695 843 loculo
720 785 760 849 9,
800 812 822 835 ιι
859 786 1008 857 quod
1039 785 1274 856 quilibet
1310 791 1539 841 sanctus
1568 787 1866 845 virtutibus

265 877 503 930 refectus
534 877 593 929 in
623 875 969 930 conscientia
994 891 1096 928 sua
1126 876 1380 945 quiescit.

337 967 639 1033 Longitudo
694 972 777 1018 est
833 964 1252 1033 longanimitas,
1315 971 1378 1018 ut
1428 965 1486 1017 in
1538 965 1861 1019 Ezechiele:

267 1075 291 1105 ί(
328 1056 555 1113 Mensas
602 1060 688 1111 est
735 1054 946 1113 atrium
989 1053 1338 1122 longitudine
1381 1058 1609 1111 centum
1654 1054 1867 1109 cubito-

263 1161 410 1209 rum,
447 1166 473 1197 υ
506 1136 657 1214 (ιιιοά
684 1143 949 1214 perfectio
975 1150 1296 1201 sanctorum
1327 1142 1385 1205 in
1438 1130 1864 1213 longanimitate

263 1234 520 1291 consistit
544 1232 586 1286 ³.
622 1234 945 1300 Longitudo,
978 1232 1300 1289 zemrnitas:
1340 1238 1403 1287 ut
1430 1232 1489 1285 in
1540 1231 1857 1289 Parabolis:

264 1342 287 1373 (ς
321 1322 641 1391 Longitudo
668 1321 891 1379 dierum
918 1321 977 1382 in
1008 1320 1236 1381 dextera
1267 1321 1389 1390 ejus
1420 1319 1475 1372 4:
1518 1340 1545 1373 ii
1590 1321 1738 1391 quod
1767 1338 1863 1375 su-

259 1426 447 1480 pernae
476 1408 671 1480 patriae
697 1409 969 1479 gaudium
988 1408 1109 1465 sine
1137 1409 1249 1467 ﬁne
1267 1409 1512 1471 durabit.
1542 1411 1861 1476 Longitudo,

261 1498 419 1563 fides,
454 1504 516 1553 ut
548 1499 605 1555 in
634 1498 874 1557 Genesi:
917 1520 935 1546 ι
970 1499 1373 1559 Trecentorum
1412 1498 1727 1557 cubitorum
1761 1498 1867 1553 erit

260 1586 555 1655 longitudo
583 1587 704 1656 ejus
721 1585 761 1651 ⁵,
800 1605 823 1637 ι
866 1585 1013 1656 quod
1045 1587 1103 1640 in
1138 1586 1410 1658 mysterio
1449 1592 1651 1643 sanctae
1680 1586 1867 1641 Triniv

262 1675 393 1730 tatis
424 1676 680 1733 consistit
709 1675 847 1731 ﬁdes
880 1675 1153 1737 Ecclesiae.

1948 716 2080 753 nam
2108 700 2332 753 Christo
2366 714 2489 751 meo
2510 696 2574 761 ⁵1,
2614 716 2635 746 ν
2672 696 2727 748 id
2754 702 2857 761 est,
2892 696 3079 767 paravi
3108 697 3399 757 Joannem,
3446 695 3539 765 qui

1944 789 2286 859 praecederet
2314 787 2618 843 Christum.
2654 788 2922 850 Lucerna,
2949 784 3170 855 justitia
3197 788 3538 848 sanctorum,

1948 884 2013 935 ut
2039 879 2098 934 in
2128 876 2449 935 Parabolis:
2497 896 2523 926 «
2556 877 2683 931 Non
2714 876 3106 945 exstinguetur
3142 875 3199 931 in
3245 879 3407 929 nocte
3455 873 3542 927 lu-

1948 983 2116 1020 cerna
2145 968 2266 1037 ejus
2286 964 2350 1029 ﬂ,
2387 986 2412 1017 υ
2448 966 2502 1019 id
2525 973 2626 1029 est,
2646 965 2869 1034 justitia
2899 964 3153 1018 Ecclesiae
3184 980 3295 1021 non
3323 961 3546 1023 deﬁciet

1947 1056 2004 1111 in
2035 1055 2295 1127 praesenti
2316 1055 2669 1113 adversitate.
2696 1056 2960 1120 Lucerna,
2983 1070 3124 1122 opus
3152 1052 3381 1117 bonum,
3403 1056 3467 1106 ut
3485 1051 3543 1103 in

1950 1146 2134 1201 Exodo
2160 1163 2168 1197 :
2201 1165 2222 1195 ι
2249 1145 2457 1199 Ardent
2484 1143 2942 1213 semperlucerna
2966 1142 3023 1201 in
3042 1140 3400 1205 tabernaculo
3419 1139 3482 1205 *3,
3515 1161 3539 1190 »

1947 1235 2001 1289 id
2027 1240 2129 1299 est,
2153 1238 2423 1303 appareat
2438 1231 2585 1287 bona
2604 1232 2748 1287 actio
2767 1231 2825 1285 in
2854 1230 3099 1291 homine.
3122 1232 3388 1295 Lucerna,
3409 1244 3541 1297 grav

1947 1324 2027 1377 tia
2053 1323 2257 1387 divina,
2293 1328 2356 1377 ut
2384 1322 2440 1377 in
2470 1320 2603 1374 Job:
2631 1340 2655 1373 ‹‹
2692 1320 3031 1391 Splendebat
3057 1321 3285 1379 lucerna
3313 1320 3434 1388 ejus
3457 1335 3545 1375 su-

1950 1430 2048 1483 per
2062 1419 2229 1483 caput
2248 1427 2437 1468 meum
2458 1409 2522 1475 9",
2553 1432 2577 1461 »
2597 1410 2654 1464 id
2670 1415 2775 1476 est,
2791 1409 3041 1479 fulgebat
3056 1408 3244 1478 gratia
3255 1407 3441 1465 divina
3453 1424 3543 1462 su-

1948 1519 2050 1573 per
2080 1507 2327 1557 mentem
2356 1517 2560 1557 meam.
2596 1501 2860 1566 Lucerna,
2885 1499 3173 1568 Scriptura
3193 1513 3351 1555 sacra
3390 1502 3454 1553 ut
3482 1496 3541 1555 in

1950 1591 2196 1661 Epistola
2226 1590 2375 1645 Petri
2404 1608 2414 1641 :
2443 1612 2463 1638 ι
2491 1588 2662 1654 Quasi
2682 1589 2922 1645 lucernae
2941 1587 3147 1645 lucenti
3162 1587 3219 1645 in
3240 1586 3542 1656 caliginoso

1947 1681 2069 1735 loco
2099 1679 2164 1745 ³⁵,
2197 1680 2253 1735 id
2282 1685 2387 1744 est,
2417 1678 2719 1748 Scriptum
2748 1693 2918 1734 sacrae
2947 1676 3004 1729 in
3054 1674 3393 1730 obscuritate
3420 1674 3547 1729 vitm

334 1767 539 1825 Larum
560 1771 646 1819 est
664 1770 1005 1836 praeceptum
1031 1765 1359 1836 disciplinae,
1382 1770 1447 1819 ut
1474 1764 1533 1821 in
1563 1766 1590 1819 J
1597 1764 1666 1821 ob
1694 1784 1704 1823 :
1731 1783 1759 1819 α
1779 1765 1864 1820 Ad
1884 1750 1932 1810 B
1952 1768 2257 1839 praesentis,
2281 1770 2547 1831 Lucerna,
2573 1784 2756 1823 sermo
2778 1764 3209 1836 praedicationis,
3238 1768 3301 1818 ut
3320 1764 3376 1816 in
3394 1763 3544 1817 Psal-

264 1855 540 1909 arandum
569 1855 690 1907 loco
721 1858 818 1909 tuo
850 1855 890 1915 θ,
932 1874 953 1903 ι
996 1855 1145 1924 quod
1174 1854 1325 1909 Deus
1372 1853 1641 1924 superbos
1682 1853 1867 1909 saeculi

264 1944 544 2014 principes
573 1942 878 2013 disciplinis
899 1960 1013 2003 suae
1042 1950 1319 2013 praecepto
1346 1943 1523 2013 ligare
1543 1948 1747 2013 potest.
1761 1943 1870 1999 Per

264 2034 454 2098 legem,
488 2030 708 2087 vincula
735 2031 1001 2089 custodite
1026 2037 1247 2095 nostrai,
1271 2039 1334 2087 ut
1353 2032 1412 2089 in
1436 2031 1591 2086 libris
1614 2033 1829 2101 Regum
1851 2052 1862 2086 :

268 2139 292 2173 ι
325 2119 401 2177 Ex
432 2137 542 2175 aere
573 2121 693 2175 lora
718 2120 1094 2190 dependentia
1113 2121 1152 2186 ⁷,
1187 2140 1211 2172 »
1246 2121 1393 2192 quod
1433 2121 1635 2191 spretis
1677 2128 1866 2179 custo-

266 2208 367 2262 diae
388 2209 624 2261 vinculis
655 2208 870 2279 praelati
900 2208 1180 2279 subjectos
1212 2212 1286 2261 ·.
1369 2253 1379 2263 .
1473 2251 1484 2261 .
1569 2251 1580 2262 .
1662 2252 1673 2263 .
1757 2251 1768 2265 .
1850 2252 1861 2262 .

334 2299 455 2357 Lua:
481 2304 569 2351 est
597 2299 746 2356 Deus
773 2299 960 2365 Pater,
986 2303 1049 2353 ut
1072 2298 1131 2357 in
1154 2297 1295 2357 libro
1317 2298 1643 2369 Sapientiae:
1667 2319 1693 2353 ι
1719 2302 1866 2354 Con-

265 2386 415 2440 ditor
445 2392 532 2441 est
560 2387 701 2443 lucis
730 2392 950 2447 aeternae
974 2388 1015 2455 ⁸,
1055 2407 1079 2439 υ
1116 2388 1262 2459 quod
1291 2387 1552 2449 Christus
1578 2395 1665 2443 est
1691 2389 1866 2459 glori-

270 2476 454 2533 ficatio
486 2475 587 2537 Dei
615 2476 818 2533 Patris.
850 2478 985 2543 Lua,
1017 2475 1293 2542 Christus,
1328 2482 1391 2532 ut
1420 2477 1480 2535 in
1528 2478 1860 2546 Evangelia:

270 2584 293 2613 ‹‹
326 2565 462 2618 Erat
518 2565 613 2621 lux
645 2582 776 2621 vera
803 2565 844 2633 9,
885 2588 901 2615 ο
950 2565 1097 2637 quod
1138 2566 1325 2623 nullus
1357 2566 1725 2629 illuminatur,
1759 2567 1866 2623 nisi

267 2671 366 2724 per
382 2654 563 2709 illum.
588 2656 726 2721 Lua,
750 2654 1003 2726 apostoli,
1040 2654 1179 2708 utin
1202 2655 1500 2725 Evangelia
1524 2674 1574 2709 επ
1602 2655 1711 2711 Vos
1732 2655 1866 2709 estis

268 2743 356 2799 lux
388 2743 604 2808 mundi,
642 2763 667 2795 ι
701 2743 757 2796 id
787 2749 890 2807 est,
924 2744 1149 2801 claritas
1190 2744 1463 2801 Ecclesiae.
1498 2746 1630 2809 Lur,
1652 2744 1863 2809 ﬁdeles,

268 2832 409 2895 utin
440 2832 651 2889 Paulo:
688 2854 711 2879 η
749 2833 909 2893 Nunc
939 2839 1129 2889 autem
1166 2833 1257 2885 lux
1288 2832 1344 2889 in
1371 2832 1611 2887 Domino
1641 2832 1705 2899 ιο,
1741 2852 1766 2885 ι
1810 2832 1865 2891 id

1949 1859 2055 1913 mis
2081 1876 2091 1909 :
2131 1879 2155 1909 α
2188 1858 2443 1914 Lucerna
2465 1856 2699 1926 pedibus
2731 1856 2869 1908 inuis
2896 1853 3127 1909 verbum
3157 1858 3317 1906 tuum
3347 1851 3411 1913 αδ,
3442 1870 3465 1903 ›>
3488 1850 3541 1904 id

1950 1954 2053 2008 est,
2088 1946 2404 2017 praedicatio
2436 1952 2534 2000 tua
2564 1946 2713 1999 lucet
2760 1942 3021 2015 Operibus
3063 1942 3224 1999 meis.
3274 1944 3541 2006 Luccrna,

1949 2036 2097 2093 bona
2127 2037 2232 2093 vita
2252 2034 2571 2105 cujuslibet,
2596 2038 2659 2089 ut
2687 2033 2744 2089 in
2770 2030 3067 2102 Evangelio
3092 2049 3102 2084 :
3142 2049 3167 2083 «
3200 2031 3324 2083 Non
3346 2045 3543 2083 accen-

1949 2127 2091 2180 dunt
2118 2127 2426 2187 lucernam,
2453 2129 2511 2177 et
2537 2128 2754 2192 ponunt
2774 2137 2898 2175 eam
2913 2119 3017 2179 sub
3037 2119 3225 2175 modio
3244 2117 3308 2186 ’7,
3347 2138 3367 2171 ι
3394 2117 3544 2188 quod

1948 2215 2095 2271 bona
2122 2215 2236 2269 vita
2267 2230 2378 2271 non
2408 2218 2494 2269 est
2513 2210 2926 2272 abscondenda,
2945 2209 3042 2263 sed
3067 2208 3127 2263 in
3146 2207 3398 2278 exemplo
3419 2205 3543 2265 aliis

1950 2304 2225 2375 ponenda.
2254 2305 2518 2365 Lucerna,
2536 2300 2758 2359 interna
2774 2298 3035 2362 visitatio,
3061 2302 3123 2351 ut
3142 2297 3199 2350 in
3219 2294 3506 2351 Parabolis
3522 2296 3542 2318 ⁶

1954 2412 1979 2444 ςι
2013 2394 2264 2452 Lucerna
2294 2389 2536 2454 Domini,
2580 2388 2923 2458 spiraculum
2956 2386 3201 2445 hominis
3225 2384 3290 2449 9⁸,
3337 2404 3360 2437 »
3396 2384 3543 2454 quod

1949 2482 2172 2536 interna
2198 2479 2442 2532 visitatio
2470 2478 2711 2531 viviﬁcat
2736 2477 3042 2535 hominem.
3080 2477 3343 2539 Lucerna,
3364 2471 3547 2543 gloria

1950 2569 2334 2640 reproborum,
2378 2573 2443 2623 ut
2490 2567 2547 2625 in
2595 2566 2698 2621 Job
2743 2564 2827 2617 29:
2888 2584 2909 2616 ι
2945 2565 3197 2620 Lucerna
3240 2561 3541 2632 impiorum

1948 2659 2352 2726 exstinguetur,
2391 2676 2412 2711 υ
2446 2656 2504 2711 id
2533 2661 2637 2720 est,
2666 2654 2847 2724 gloria
2874 2652 3171 2724 pravorum
3200 2652 3542 2707 destruetur.

2022 2750 2227 2805 Lmncn
2248 2752 2336 2801 est
2355 2745 2612 2801 Christus
2643 2750 2706 2798 ut
2729 2743 2789 2797 in
2826 2741 3124 2811 Evangelio
3152 2759 3162 2792 :
3212 2741 3426 2797 Lumen
3475 2739 3544 2795 ad

1949 2836 2341 2893 revelationem
2359 2833 2612 2904 gentium
2643 2831 2709 2899 ³ο,
2746 2851 2771 2883 »
2807 2830 2955 2902 quod
2977 2830 3233 2885 Christus
3261 2834 3460 2898 gentes
3485 2826 3548 2882 il-

267 2927 368 2987 est,
404 2921 571 2975 modo
599 2920 825 2983 claritas
854 2921 913 2977 in
943 2921 1198 2976 Domino.
1232 2923 1364 2984 Lua‘,
1399 2920 1545 2983 bona
1583 2920 1748 2982 actio,
1804 2928 1869 2979 ut
1950 2926 2206 2983 luminat.
2242 2927 2468 2987 Lumen,
2502 2921 2760 2993 apostoli,
2793 2920 2935 2979 utin
2956 2918 3222 2974 Psalmis:
3253 2917 3545 2975 «Amictus

264 3008 322 3071 in
354 3008 689 3079 Evangelio:
727 3030 747 3060 ι
786 3010 995 3069 Luceat
1034 3010 1129 3063 lux
1166 3014 1349 3067 vestra
1396 3026 1585 3064 coram
1624 3010 1866 3071 homiui-
1951 3014 2162 3073 lumine
2189 3012 2336 3067 sicut
2362 3011 2696 3067 vestimento
2714 3009 2780 3076 3‘,
2837 3028 2858 3060 ι
2912 3007 2968 3063 id
3017 3012 3119 3073 est,
3170 3004 3545 3063 circumdatus

266 3097 367 3152 bus
397 3098 462 3161 ¹¹η
486 3098 539 3151 id
562 3104 666 3165 est.
691 3098 959 3152 clarescat
981 3098 1126 3154 bona
1146 3098 1291 3152 actio
1311 3104 1501 3155 vestra
1527 3116 1717 3157 coram
1748 3116 1869 3154 ma—
1886 3102 1930 3161 Ο
1951 3102 2232 3174 Apostolis
2256 3090 2677 3161 'adhmrentibus
2696 3098 2856 3159 lateri
2891 3103 3007 3151 tuo.
3042 3098 3269 3160 Lumen,
3302 3092 3543 3164 cognitio

266 3185 355 3248 iis.
390 3189 525 3255 Lua,
559 3187 880 3258 praedicatio
910 3187 1250 3257 evangelica,
1287 3193 1349 3243 ut
1396 3188 1453 3241 in
1485 3188 1660 3249 Isaia:
1701 3206 1726 3240 α
1760 3190 1868 3245 Po—
1949 3191 2222 3257 veritatis,
2256 3196 2320 3245 ut
2348 3191 2406 3249 in
2436 3189 2571 3247 Job:
2613 3210 2638 3240 α
2672 3188 2785 3259 Ipsi
2814 3187 3045 3241 fuerunt
3091 3183 3325 3243 rebelles
3373 3182 3542 3239 lumie

266 3276 434 3345 pulus
466 3275 561 3345 qui
581 3275 728 3328 sedit
746 3275 802 3328 in
823 3275 1071 3330 tenebris
1096 3276 1235 3331 vidit
1254 3277 1435 3333 lucem
1455 3294 1719 3350 magnam
1740 3277 1802 3346 ’9,
1842 3299 1864 3333 ι)
1951 3282 2008 3342 ni
2025 3280 2090 3347 ³2,
2118 3300 2143 3333 »
2168 3280 2225 3334 id
2250 3285 2352 3345 est,
2375 3276 2898 3339 veritatisnotitiam
2918 3274 3201 3344 suscipere
3220 3272 3542 3326 noluerunt.

265 3363 321 3423 id
354 3369 460 3430 est,
492 3365 733 3437 populus
759 3364 1035 3436 gentium,
1070 3366 1165 3437 qui
1194 3372 1318 3427 erat
1343 3366 1402 3423 in
1432 3384 1640 3433 errore,
1671 3368 1869 3438 praedi—
1951 3374 2178 3433 Lumen,
2202 3368 2543 3439 praedicatio,
2568 3373 2632 3420 ut
2659 3367 2718 3425 in
2737 3365 2840 3419 Job
2866 3384 2875 3417 :
2916 3384 2937 3415 α
2974 3365 3190 3423 Lumen
3207 3360 3357 3415 illius
3376 3376 3547 3432 super

267 3453 549 3507 cationem
579 3452 857 3524 intelligat
891 3454 1287 3525 evangelicum.
1336 3457 1469 3521 Lux,
1517 3456 1701 3526 gloria
1742 3462 1864 3515 Vitae

1954 3477 2145 3519 omnes
2175 3458 2447 3516 terminos
2466 3454 2707 3521 terrae”,
2745 3475 2770 3509 ››
2804 3454 2861 3510 id
2881 3459 2983 3519 est,
3008 3450 3371 3522 Evangelium
3396 3449 3549 3503 illius

266 3541 585 3615 praesentis,
612 3548 676 3599 ut
698 3542 756 3596 in
785 3542 920 3599 Job:
956 3543 1142 3607 Quare
1161 3544 1288 3599 data
1310 3549 1396 3598 est
1410 3545 1615 3601 misero
1631 3543 1817 3603 lux?13
1837 3562 1863 3599 ι
1950 3548 2284 3623 praedicatur
2304 3546 2362 3599 in
2385 3544 2643 3599 universo
2670 3543 2899 3597 mundo.
2918 3544 3146 3605 Lumen,
3189 3539 3545 3605 miraculum,

268 3632 324 3687 id
355 3638 460 3698 est,
494 3632 678 3701 gloria
694 3632 819 3686 vitae
834 3632 1124 3702 prgsentis
1159 3633 1276 3686 viro
1304 3640 1493 3689 sancto
1517 3653 1527 3685 :
1556 3633 1650 3703 qui
1680 3634 1737 3695 in
1762 3634 1869 3687 hoc
1952 3638 2089 3697 utin
2113 3635 2215 3691 Job
2238 3653 2249 3689 :
2288 3654 2309 3685 ι
2336 3634 2401 3689 In
2415 3632 2518 3685 viis
2544 3632 2655 3691 tuis
2679 3630 2993 3702 splendebit
3012 3627 3273 3691 lumen“,
3310 3647 3337 3679 »
3362 3627 3417 3680 id
3441 3632 3544 3692 est,

269 3721 474 3776 saeculo
492 3720 764 3779 misertim
787 3721 1020 3791 deputat
1039 3723 1329 3791 (sic).Lu.r,
1352 3724 1369 3743 ⁶
1388 3723 1639 3793 gladium
1662 3723 1864 3788 cordis,
1952 3727 2011 3788 in
2040 3723 2300 3796 operibus
2323 3722 2436 3779 tuis
2464 3721 2625 3790 signa
2668 3726 2726 3775 et
2763 3719 3036 3775 miracula
3082 3723 3266 3777 erunt.
3321 3718 3544 3783 Lumen,

275 3818 336 3863 ut
353 3810 548 3863 inJob:
570 3809 1231 3871 «Luxobtenebrescetin
1246 3810 1605 3871 tabernaculo
1621 3812 1818 3881 ejus”,
1843 3834 1864 3863 ι
1951 3815 2133 3887 gratia
2163 3813 2284 3877 Dei,
2318 3817 2382 3866 ut
2411 3810 2468 3869 in
2495 3810 2598 3867 Job
2623 3828 2633 3863 :
2673 3832 2693 3863 ι
2732 3810 2913 3880 Super
2932 3824 3099 3877 quem
3118 3823 3230 3865 non
3259 3805 3441 3875 surgit
3459 3805 3546 3863 lu-

272 3898 330 3961 id
360 3906 466 3965 est,
498 3899 767 3968 gaudium
790 3899 1011 3957 deficiet
1038 3899 1094 3961 in
1121 3900 1287 3955 corde
1317 3901 1456 3970 ejus.
1509 3902 1643 3966 Lua,
1691 3901 1869 3955 sancti
1952 3919 2081 3959 men
2106 3902 2254 3957 illius
2281 3899 2346 3967 ³⁵,
2373 3920 2400 3959 »ι
2433 3900 2489 3957 id
2511 3904 2613 3963 est,
2652 3898 2776 3968 quis
2809 3903 2895 3951 est
2920 3896 2978 3948 in
3005 3912 3115 3966 quo
3131 3912 3244 3953 non
3273 3894 3348 3948 sit
3362 3894 3550 3962 gratia

272 3988 478 4059 angeli,
512 3987 652 4049 utin
682 3988 917 4050 Genesi:
949 4008 973 4038 (ι
1008 3988 1160 4045 Vidit
1187 3989 1337 4042 Deus
1366 3989 1565 4053 lucem,
1603 3990 1747 4059 quod
1780 4007 1868 4047 es-
1951 3991 2107 4062 ejus?
2130 3993 2354 4055 Lumen,
2388 3988 2645 4059 intentio,
2665 3993 2729 4043 ut
2749 3986 2804 4041 in
2830 3984 3130 4055 Evangelia
3155 4002 3166 4038 :
3191 3983 3372 4039 «Vide
3392 4000 3545 4054 ergo,
3580 4042 3588 4048 ,

272 4085 357 4131 set
379 4076 527 4131 bona
556 4076 620 4144 ‘5,
655 4094 680 4129 ν
712 4077 767 4130 id
797 4083 900 4143 est,
932 4077 1261 4148 approbavit
1288 4076 1461 4133 bonos
1491 4079 1737 4148 angelos.
1951 4096 2021 4137 ne
2051 4080 2241 4133 lumen
2274 4078 2421 4149 quod
2468 4078 2526 4137 in
2557 4083 2614 4129 te
2644 4080 2748 4139 est,
2784 4073 3135 4133 tenebrescat
3167 4072 3233 4139 3°,
3267 4091 3292 4125 »
3344 4071 3400 4126 id
3442 4077 3544 4137 est,

342 4166 566 4231 Lucifer
594 4170 680 4217 est
708 4166 983 4230 Christus,
1008 4172 1070 4219 ut
1101 4166 1155 4218 in
1189 4166 1322 4223 Job:
1360 4186 1385 4217 ‹‹
1418 4167 1684 4223 Producis
1712 4167 1869 4225 Luci-
1951 4184 2080 4222 cave
2106 4185 2176 4221 ne
2198 4167 2435 4221 intentio
2452 4172 2551 4220 tua
2571 4164 2918 4219 obscuretur.
2944 4166 3171 4227 Lumen,
3197 4163 3344 4217 Deus
3360 4161 3544 4226 Pater,

270 4256 451 4311 ferum
482 4254 538 4313 in
570 4259 822 4327 tempore
842 4272 944 4309 suo
964 4255 1028 4321 ¹⁶,
1054 4276 1080 4309 ν
1101 4255 1156 4313 id
1179 4263 1281 4321 est,
1316 4255 1678 4310 Christumin
1695 4256 1869 4326 pleni-
1950 4263 2014 4315 ut
2043 4257 2102 4317 in
2142 4256 2438 4326 Evangelia
2479 4275 2489 4308 :
2544 4275 2568 4310 μ
2601 4255 2664 4309 In
2706 4253 2917 4311 lumine
2963 4259 3061 4307 tuo
3106 4250 3415 4307 videbimus
3460 4250 3547 4307 lu-

272 4344 468 4397 tudine
500 4344 786 4415 temporis.
821 4346 1057 4411 Lucifer.
1112 4344 1195 4397 vir
1220 4350 1464 4411 sanctus,
1514 4351 1578 4403 ut
1620 4345 1677 4402 in
1719 4344 1822 4400 Job
1851 4364 1862 4397 :
1887 4363 2080 4434 Dmen
2100 4345 2165 4411 ³⁷,
2200 4365 2226 4397 ι)
2257 4345 2403 4415 quod
2436 4360 2534 4414 per
2560 4343 2762 4396 Filium
2808 4340 3258 4410 recognoscimus
3300 4340 3543 4395 Patrem.

278 4450 297 4482 (ς
329 4432 542 4489 Orieris
566 4438 631 4487 ut
667 4432 884 4491 Lucifer
914 4433 974 4493 ‘7,
1008 4454 1032 4483 »
1064 4433 1118 4487 id
1150 4439 1253 4499 est,
1285 4435 1556 4493 claresces
1584 4435 1653 4488 ad
1692 4427 1931 4491 instar-
1956 4437 2178 4501 Lumen,
2213 4434 2485 4497 doctrina,
2521 4438 2584 4485 ut
2612 4433 2668 4484 in
2708 4429 3041 4501 Apocalypsi
3067 4448 3076 4481 :
3114 4450 3139 4478 ιι
3196 4427 3404 4481 Civitas
3452 4427 3548 4481 illa

273 4521 374 4575 viri
402 4522 599 4577 sancti.
630 4524 869 4593 Lucifer,
894 4521 1167 4596 diabolus,
1195 4528 1259 4577 ut
1278 4523 1335 4577 in
1356 4523 1536 4582 Isaia:
1574 4544 1595 4575 ι
1626 4524 1864 4591 Lucifer,
1950 4542 2063 4579 non
2094 4522 2367 4594 indigebit
2395 4522 2605 4575 lumine
2634 4520 2765 4573 solis
2811 4518 2874 4581 ³⁸,
2921 4518 3066 4589 quod
3108 4522 3411 4571 conventus
3453 4516 3547 4570 ille

270 4611 365 4681 qui
397 4628 564 4670 mane
592 4610 864 4669 oriebaris
894 4612 956 4675 “3,
995 4632 1015 4663 ι
1043 4611 1100 4664 id
1131 4617 1216 4664 est
1246 4611 1519 4677 diabolus,
1553 4614 1647 4683 qui
1677 4614 1735 4669 in
1756 4614 1867 4668 ini-
1949 4630 2206 4684 supernae
2235 4612 2429 4683 patriae
2459 4628 2571 4664 non
2606 4608 2834 4663 habebit
2859 4624 3084 4661 necesse
3129 4613 3194 4660 ut
3242 4605 3311 4659 ab
3358 4607 3547 4676 aliquo

272 4700 349 4754 tio
378 4707 501 4754 erat
525 4699 771 4757 claritas.
818 4696 1049 4767 Luci/cr,
1083 4700 1267 4757 clarus
1308 4701 1643 4768 intellectus,
1694 4710 1758 4755 ut
1810 4704 1866 4763 in
1949 4704 2175 4757 doctore
2194 4702 2476 4755 doceatur.

273 4790 519 4860 Epistola
545 4789 734 4842 Petri:
774 4810 797 4839 ί(
834 4789 1054 4842 Lucifer
1085 4789 1302 4856 oriatur;
1348 4789 1407 4849 in
1455 4790 1714 4849 cordibus
1760 4810 1864 4847 no—

270 4878 397 4933 stris
425 4877 491 4944 ¹⁹,
529 4898 551 4927 ι
582 4877 638 4931 id
670 4883 773 4943 est,
808 4878 991 4935 clarus
1018 4877 1335 4932 intellectus
1356 4877 1565 4949 fulgeat
1589 4878 1647 4932 in
1670 4880 1868 4933 menti-

271 4964 369 5020 bus
397 4965 629 5025 nostris.

342 5056 587 5109 Lucerna
618 5060 706 5109 est
721 5054 993 5120 Christus,
1032 5055 1176 5115 utin
1207 5055 1533 5126 Evangelia:
1576 5077 1597 5109 ε
1629 5059 1754 5115 Non
1775 5076 1868 5113 ve-

2022 4794 2130 4845 Per
2159 4792 2367 4844 lumbos
2398 4804 2645 4860 propago
2694 4783 3070 4852 mortalitatis,
3122 4792 3185 4839 ut
3220 4786 3277 4839 in
3326 4786 3499 4841 Paulo
3530 4805 3540 4839 :

1956 4902 1977 4932 α
2019 4881 2217 4934 Adhuc
2248 4878 2447 4933 eratin
2478 4876 2681 4931 lumbis
2706 4876 2882 4947 patris
2902 4876 2989 4930 sui
3010 4875 3076 4935 3°,
3103 4894 3128 4927 »
3159 4875 3214 4928 id
3243 4881 3346 4937 est,
3364 4875 3548 4928 adhuc

1949 4968 2304 5040 generandae
2356 4970 2495 5020 erat.
2552 4966 2659 5018 Per
2708 4968 2936 5029 lumbos,
2990 4963 3179 5027 libido,
3234 4963 3377 5016 utin
3406 4962 3544 5015 Job:

1956 5079 1979 5111 «
2014 5057 2303 5111 Fortitudo
2335 5057 2457 5125 ejus
2478 5055 2534 5108 in
2563 5054 2768 5107 lumbis
2786 5053 2834 5087 4°
2868 5077 2883 5103 1
2926 5053 3074 5125 quod
3105 5068 3298 5106 sexum
3328 5051 3546 5109 virilem

335 5179 354 5211 ¹
384 5180 515 5232 Luc.
550 5156 744 5242 iixxui,
776 5178 863 5231 14.
892 5177 1075 5233 ’Gen.
1111 5193 1162 5245 L,
1196 5179 1284 5235 25.
1326 5179 1349 5214 ³
1374 5182 1567 5235 Ezech.
1602 5195 1690 5247 XL,
1730 5182 1818 5237 4'1.
1858 5184 1882 5218 ⁴
1923 5185 2085 5238 Prov.
2120 5197 2202 5245 m,
2243 5181 2331 5236 16.
2359 5181 2382 5213 ⁵
2409 5181 2547 5233 Gen.
2582 5193 2657 5243 v1,
2694 5178 2776 5231 15.
2822 5179 2845 5213 θ
2872 5178 2995 5232 Job.
3030 5193 3215 5243 xxxvi,
3256 5177 3340 5232 13.
3395 5178 3415 5212 ⁷
3464 5178 3543 5232 III

268 5249 401 5319 Reg.
435 5264 536 5315 vn,
568 5249 657 5305 29.
702 5250 724 5283 ⁸
766 5251 839 5304 Sa

845 5267 895 5320 p.
939 5265 1038 5317 v11,
1060 5249 1162 5325 ‘26:
1199 5252 1408 5325 ‘onan.
1445 5268 1483 5314 ι,
1520 5253 1572 5307 9.
1604 5253 1671 5325 ᾼ¹⁰
1720 5255 1864 5325 Ephe

1954 5271 2003 5321 v,
2031 5255 2083 5309 6.
2128 5254 2168 5287 “
2207 5252 2403 5306 Matth.
2440 5250 2604 5325 v,_1_6.
2634 5248 2853 5325 _f’__Is_a.
2900 5265 2973 5313 Ix,
3017 5248 3164 5325 2,_“3
3184 5248 3419 5325 ἆορ-ιη,
3450 5247 3539 5305 20.

269 5320 311 5391 ‘j‘
330 5318 433 5373 Job
464 5334 619 5380 xvm,
647 5320 700 5373 6.
729 5321 775 5354 ‘5
798 5318 938 5377 Gen.
972 5336 1009 5384 ι,
1043 5322 1094 5376 4.
1121 5322 1166 5356 ¹⁸
1195 5322 1298 5376 Job
1330 5338 1559 5385 xxxvm,
1597 5323 1681 5377 3'2.
1716 5318 1864 5379 1"'Jol

1954 5318 1999 5391 ι,
2022 5326 2105 5379 17.
2132 5324 2178 5358 ¹⁸
2207 5326 2314 5377 Isa.
2349 5338 2460 5387 xn',
2498 5322 2581 5376 12.
2628 5321 2673 5354 ¹⁹
2702 5322 2751 5374 ΙΙ
2785 5321 2933 5374 Petr.
2971 5336 3009 5381 ι,
3052 5318 3132 5374 19.
3183 5319 3231 5357 ³ο
3260 5321 3429 5374 Marc.
3464 5335 3538 5387 1v,

265 5390 359 5464 21.
377 5391 591 5464 81Psal.
621 5406 806 5453 cxxxr,
842 5391 994 5464 717.,”
1022 5394 1182 5447 Prov.
1218 5394 1479 5455 xxxn18.
1514 5394 1561 5428 ³³
1592 5396 1759 5448 Exod.
1794 5411 1963 5464 xxvn,
1996 5397 2085 5450 20.
2108 5396 2154 5431 ²⁴
2183 5395 2284 5448 Job
2309 5408 2456 5457 xxxx,
2492 5393 2542 5445 3.
2571 5392 2618 5425 ³⁵
2647 5394 2697 5446 II
2725 5392 2943 5464 Petrti,
2978 5391 3061 5464 19.
3092 5391 3139 5429 ³⁸
3168 5392 3314 5445 Psal.
3347 5406 3538 5464 cxvni,

266 5461 388 5519 104.
419 5462 464 5499 ²²
496 5464 693 5535 Matth.
726 5477 775 5535 γ,
804 5463 887 5516 li).
921 5462 971 5535 9‘7
1000 5465 1156 5535 Prov.
1190 5479 1280 5529 xx,
1312 5465 1398 5518 ‘27.
1442 5465 1488 5497 99
1540 5465 1643 5519 Job
1673 5481 1821 5535 xxw,
1856 5461 2026 5525 20.ῆο
2049 5469 2181 5521 Luc.
2218 5481 2276 5531 ιι,
2315 5464 2400 5520 3'2.
2424 5464 2467 5497 ³1
2498 5464 2645 5535 Psal.
2691 5478 2765 5533 ci,
2793 5462 2844 5517 2.
2872 5461 2920 5496 ³³
2944 5462 3047 5516 Job
3068 5478 3219 5535 xxiv,
3258 5464 3340 5518 l3.
3375 5462 3569 5535 3'Job‘

268 5547 473 5606 xxxvii,
507 5533 558 5588 3.
590 5533 637 5569 ³⁴
659 5533 763 5606 Job
790 5548 924 5606 xm,
952 5534 1041 5590 28.
1096 5534 1142 5568 ³⁵
1175 5536 1277 5590 Job
1308 5550 1432 5601 xxv,
1465 5536 1520 5593 3.
1550 5537 1598 5577 ³⁸
1626 5538 1758 5592 Luc.
1790 5533 1866 5602 xx,
1903 5538 1989 5597 35.
2035 5538 2079 5574 ³⁷
2108 5538 2253 5592 Psal.
2283 5550 2445 5602 xxxv,
2492 5534 2576 5592 10.
2622 5533 2668 5575 ³⁸
2706 5538 2877 5606 Apoc.
2931 5550 3043 5599 xxx,
3092 5534 3182 5600 23,
3221 5540 3279 5588 et
3314 5550 3448 5600 xm,
3488 5533 3540 5589 5.

268 5601 315 5637 ³ο
340 5604 509 5659 Hebr.
543 5620 640 5672 vn,
678 5605 761 5659 lO.
789 5604 836 5639 ω
863 5606 967 5660 Job
996 5620 1087 5674 χι..
1124 5608 1208 5664 ll.
