3942 6158
448 301 550 358 ’991

451 517 676 571 luxuria
729 516 931 582 cordis,
963 521 1029 571 ut
1088 516 1148 570 in
1204 518 1370 571 Petro
1413 535 1449 578 ε,
1475 516 1751 572 Succincti
1824 516 2044 571 lumbos

450 605 657 659 mentis
684 609 881 660 vestrae
911 605 951 671 ¹,
997 605 1052 659 id
1094 611 1197 670 est,
1251 605 1529 660 luxuriam
1571 622 1606 659 a
1651 605 1817 660 corde
1864 605 2046 676 expel-

449 692 568 748 lite.
1067 705 1072 720 ί

520 785 791 836 Lumbare
819 789 906 838 est
933 789 1128 838 sancta
1164 783 1426 848 Ecclesia,
1473 787 1539 837 ut
1575 783 1634 837 in
1679 783 1926 838 Jeremia
1955 801 1968 837 :
2021 787 2044 806 '

453 890 477 922 α
506 871 834 926 Possidetur
860 873 1114 927 lumbare
1137 872 1178 939 ⁸,
1214 893 1241 926 »
1274 871 1424 944 quod
1444 872 1700 927 Christus
1717 871 1822 926 sibi
1853 873 2045 950 Eccle-

445 959 591 1014 siam
613 961 802 1031 elegit.

521 1035 678 1104 Luna
707 1057 794 1106 est
821 1051 1085 1117 Ecclesia,
1119 1057 1184 1106 ut
1211 1053 1269 1106 in
1300 1051 1538 1105 Psalmis
1563 1069 1574 1104 :
1615 1071 1636 1103 ι
1680 1052 1866 1105 Donec
1893 1049 2044 1104 aufe-

449 1145 610 1192 ratur
637 1140 772 1194 luna
791 1139 832 1206 3,
873 1160 896 1193 ι
942 1141 999 1194 id
1049 1147 1152 1208 est,
1205 1157 1496 1212 usquequo
1535 1133 1908 1194 transferatur
1945 1141 2044 1192 Ec-

449 1228 636 1283 clesia.
669 1233 845 1296 Luna,
873 1231 1024 1284 fama
1051 1248 1178 1284 cum
1207 1231 1394 1296 laude,
1429 1234 1494 1283 ut
1522 1229 1578 1283 in
1608 1229 1746 1283 Job:
1791 1249 1813 1280 ‹
1849 1229 1918 1282 Et
1955 1229 2042 1282 lu-

448 1333 580 1371 nam
611 1318 965 1373 incedentem
989 1320 1136 1373 clare
1157 1319 1196 1383 ⁴,
1236 1339 1261 1370 »
1294 1319 1351 1372 id
1371 1325 1474 1382 est,
1515 1318 1726 1371 famam
1779 1317 2044 1371 extollen-

447 1411 564 1459 tem
594 1423 654 1460 se
682 1407 1016 1462 sublimiter.
1048 1411 1225 1473 Luna,
1281 1407 1561 1461 mobilitas
1606 1407 1830 1473 mentis,
1874 1413 1940 1460 ut
1983 1406 2042 1458 in

449 1495 866 1551 Ecclesiastico:
905 1517 930 1548 ‹‹
964 1498 1182 1552 Stultus
1226 1502 1291 1550 ut
1327 1497 1463 1550 luna
1507 1501 1777 1561 mutatur,
1818 1515 1840 1547 ι
1893 1497 2042 1566 quod

447 1585 674 1640 claritas
693 1587 880 1641 stultae
889 1587 1094 1640 mentis
1115 1585 1646 1658 perinstabilitatem
1661 1585 1868 1640 deficit.
1884 1587 2043 1640 Luna

449 1674 692 1728 mundus
719 1676 846 1741 iste,
876 1681 942 1730 ut
970 1677 1028 1730 in
1051 1675 1384 1746 Apocalypsi
1417 1694 1428 1728 :
1463 1675 1622 1728 Luna
1664 1673 1767 1728 sub
1808 1673 2042 1744 pedibus

1050 302 1113 356 Β.
1154 301 1430 360 RABANI
1463 297 1696 358 MAURI
1731 299 2069 358 ARCHIEP.
2108 299 2434 358 MOGUNT.
2471 299 2770 358 OPERUM
2806 302 2990 360 PARS
3027 302 3126 358 ΠΙ.

451 429 696 484 multum
727 443 828 499 per
855 425 1146 482 libidinem
1174 427 1346 482 vincit
1371 426 1646 482 diabolus.
1685 428 1795 482 Per
1832 429 2043 483 lumbos
2061 431 2109 488 A
2125 429 2391 482 Marmor.

2637 429 2842 482 Musca.
3173 430 3369 496 Margo.

2125 500 2358 553 Malum.
2631 501 2868 567 Myrtus.
3171 501 3417 554 Munitio.
3463 531 3482 536 -

2124 571 2378 624 Manilia.
2633 572 2794 626 Mota.
3173 573 3389 625 Militia.

2124 642 2398 694 Meridies.
2629 643 3037 697 Mortariolum.
3167 643 3354 696 Mater.

2126 713 2426 780 Manipuli.
2625 714 2846 767 Menses.
3162 715 3402 767 Mustela.

2126 785 2349 837 Mulier.
2623 785 2956 838 Matutinus.
3164 785 3378 838 ania.

2125 855 2284 908 Mire.
2621 856 2829 910 Morus.
3167 857 3429 910 Messores.

2127 925 2463 993 Margarela.
2616 927 2897 981 Meretrix.

2195 1051 2438 1105 Maceria
2465 1057 2551 1105 est
2591 1051 2774 1106 cordis
2827 1051 3138 1124 disciplina,
3183 1056 3248 1105 ut
3281 1051 3340 1104 in
3385 1049 3664 1104 Parabolis:

2129 1157 2154 1191 ς(
2189 1139 2258 1193 Et
2275 1142 2297 1161 ⁶
2317 1139 2375 1193 in
2393 1141 2640 1194 maceria
2657 1140 2906 1212 lapidum
2925 1140 2985 1206 ¹⁷,
3003 1160 3030 1192 »
3049 1140 3106 1194 id
3117 1145 3224 1204 est,
3245 1139 3522 1210 disciplina
3531 1138 3668 1192 stabi-

2125 1228 2263 1282 lium
2274 1229 2678 1299 cogitationum
2699 1251 2720 1281 ι
2739 1231 3026 1284 destructa
3035 1235 3174 1284 erat.
3197 1249 3223 1280 »
3239 1228 3666 1293 Maceria,latus',

2125 1322 2190 1371 ut
2214 1318 2272 1371 in
2293 1318 2551 1374 Cantico:
2585 1339 2608 1370 ι
2643 1319 2707 1374 In
2739 1335 2978 1374 caverna
3005 1319 3262 1373 maceria:
3281 1319 3346 1383 ‘3,
3381 1337 3406 1370 ι
3435 1317 3487 1370 id
3516 1323 3605 1382 est,
3625 1317 3670 1369 in

2125 1407 2353 1461 vulnere
2362 1408 2554 1462 lateris
2565 1408 2794 1476 Christi,
2809 1411 3068 1474 Macerio,
3085 1424 3324 1478 regnum
3335 1406 3672 1472 Judaicum,ut

2123 1496 2182 1548 in
2197 1496 2436 1550 Psalmis
2455 1515 2466 1550 :
2492 1516 2516 1549 ι
2541 1497 2616 1552 Ut
2631 1497 2766 1568 quid
2778 1498 3110 1552 destruxisti
3127 1497 3426 1551 maceriam
3443 1495 3552 1565 ejus
3562 1493 3600 1529 ¹⁹
3615 1494 3634 1546 ?
3647 1513 3670 1545 ο

2125 1585 2274 1655 quod
2291 1601 2526 1655 regnum
2555 1589 2576 1610 ‘
2596 1587 2654 1640 in
2681 1587 2888 1658 populo
2907 1587 3022 1652 illo,
3049 1603 3158 1658 quo
3173 1586 3483 1656 gubernare
3493 1581 3670 1643 debuit.

2124 1674 2396 1729 Dominus
2417 1675 2640 1729 ‘afferri
2669 1673 2944 1747 permisit.
2979 1676 3090 1730 Per
3130 1679 3429 1729 maceriam
3471 1673 3594 1727 ﬁdes
3631 1679 3675 1725 et

449 1763 572 1831 ejus
601 1763 640 1828 ⁵,
679 1783 702 1815 »
736 1765 884 1834 quod
914 1765 1187 1819 mundum
1217 1765 1390 1818 istum
1419 1769 1616 1817 sancta
1647 1763 1893 1817 Ecclesia
1916 1751 2104 1817 con-B
2121 1763 2393 1834 operatio,
2417 1763 2553 1818 utin
2577 1764 2718 1818 libro
2737 1765 3004 1819 Numeri:
3031 1767 3235 1819 «Inter
3261 1765 3400 1818 duas
3423 1761 3672 1822 macerias,

446 1853 666 1906 temnit.
701 1855 876 1919 Luna,
911 1853 1162 1920 scientia,
1191 1857 1256 1907 ut
1283 1853 1342 1906 in
1373 1852 1644 1908 Psalmis:
1683 1871 1709 1904 «
1742 1854 1958 1907 Lunam
1987 1859 2044 1908 et

446 1941 638 1996 stellas
666 1943 726 1996 in
763 1949 1098 2014 potestatem
1144 1943 1322 1997 noctis
1343 1943 1386 2010 θ,
1425 1965 1448 1992 ι
1484 1943 1634 2014 quod
1677 1944 1737 1997 in
1781 1945 2042 2014 praesenti

443 2029 560 2084 vita
585 2031 903 2102 indigemus
945 2031 1179 2086 scientia
1225 2039 1282 2086 et
1329 2031 1490 2086 bonis
1535 2033 1822 2104 exemplis.
1867 2035 2038 2100 Luna,

2125 1852 2328 1923 quibus
2354 1853 2529 1907 vinea:
2557 1853 2928 1925 cingebantur
2963 1853 3028 1922 ’0,
3065 1873 3094 1909 ι
3130 1854 3284 1926 quod
3311 1869 3410 1924 per
3451 1852 3598 1905 ﬁdem
3634 1855 3679 1902 et

2124 1942 2508 2012 operationem
2538 1943 2738 1998 anima:
2766 1944 2958 1998 ﬁdeles
2978 1944 3276 1998 uniuntur.

2195 2033 2416 2086 Macula
2434 2037 2521 2086 est
2547 2039 2854 2103 peccatum,
2888 2037 2953 2086 ut
2975 2033 3034 2087 in
3059 2033 3237 2087 Paulo
3264 2053 3276 2086 :
3305 2051 3332 2084 ε(
3363 2032 3482 2086 Non
3508 2029 3680 2083 haben-

443 2119 768 2187 adversitas,
785 2121 922 2175 utin
945 2121 1214 2176 Psalmis:
1244 2145 1266 2170 ι
1295 2122 1413 2176 Nec
1429 2123 1566 2176 luna
1584 2138 1685 2192 per
1702 2128 1923 2176 noctem
1943 2124 1984 2188 7,
2019 2145 2034 2170 ι
2123 2131 2239 2174 tem
2265 2122 2566 2188 maculam,
2587 2138 2770 2192 neque
2790 2139 2992 2192 rugam
3010 2121 3074 2183 ²¹,
3099 2121 3156 2176 id
3189 2127 3298 2188 est,
3321 2125 3589 2192 peccatum
3613 2117 3678 2170 vel

448 2207 506 2261 id
529 2215 632 2274 est,
659 2226 762 2264 nec
789 2209 1096 2264 adversitas
1121 2215 1178 2264 te
1205 2209 1432 2280 frangat
1457 2227 1559 2282 per
1587 2214 1608 2233 '
1637 2211 2038 2282 impatientias.
2125 2209 2562 2264 simulationem.

515 2299 625 2352 Per
653 2303 807 2368 lupos
835 2299 988 2354 fraus
1019 2304 1078 2354 et
1100 2300 1282 2366 dolus,
1316 2305 1380 2354 ut
1407 2300 1468 2354 in
1511 2301 1808 2372 Evangelia
1831 2319 1844 2354 :
1895 2319 1923 2354 α
1955 2302 2044 2356 In-
2195 2301 2410 2353 Malum
2431 2301 2709 2353 Punicum
2739 2305 2827 2353 est
2852 2300 3082 2370 sanguis
3113 2299 3346 2363 Christi,
3367 2289 3430 2352 ut
3448 2298 3501 2351 in
3521 2296 3681 2350 Canti-

441 2387 720 2442 trinsecus
749 2394 939 2442 autem
971 2393 1105 2443 sunt
1129 2389 1247 2460 lupi
1275 2405 1504 2460 rapaces
1527 2390 1568 2454 3,
1608 2410 1630 2441 ι
1666 2389 1724 2444 id
1752 2395 1855 2456 est,
1889 2391 2042 2444 intus
2124 2404 2223 2442 co:
2263 2408 2288 2440 «
2324 2388 2480 2442 Sicut
2507 2394 2694 2443 cortex
2722 2389 2858 2443 mali
2881 2389 3096 2455 Punici,
3128 2389 3210 2443 ita
3251 2405 3410 2459 gena
3441 2393 3542 2442 tum
3565 2384 3621 2450 ”,
3660 2404 3680 2436 ι

442 2481 576 2530 sunt
602 2477 945 2532 fraudulenti
975 2483 1034 2532 et
1063 2478 1260 2532 dolosi.
2124 2477 2273 2547 quod
2298 2493 2400 2548 per
2429 2478 2756 2532 effusionem
2775 2477 3068 2549 sanguinis
3083 2477 3296 2532 Christi
3319 2482 3506 2540 sancta
3531 2475 3683 2528 Eccle-

515 2568 717 2620 Lutum
746 2575 833 2620 est
857 2565 1104 2621 Verbum
1125 2583 1256 2620 caro
1284 2567 1514 2634 factum,
1533 2573 1599 2621 ut
1616 2568 1677 2621 in
1703 2569 2036 2640 Evangelio:
2121 2565 2208 2619 sia
2235 2564 2340 2619 sibi
2354 2565 2682 2636 patientiam
2713 2567 3039 2638 assumpsit.
3056 2567 3164 2620 Per
3179 2569 3337 2620 mala
3367 2567 3684 2632 Punicaope-

445 2672 472 2707 ε
500 2655 654 2708 Fecit
687 2655 871 2709 lutum
891 2673 956 2709 ex
985 2661 1150 2726 sputo
1178 2656 1218 2720 θ,
1251 2675 1276 2708 )›
1310 2657 1460 2726 quod
1489 2657 1748 2712 Christus
1776 2657 1926 2712 Deus
1955 2663 2043 2712 est
2121 2653 2368 2708 rationes
2387 2654 2565 2720 bonae,
2597 2660 2662 2710 ut
2682 2655 2743 2709 in
2763 2655 2950 2710 Exodo
2981 2675 2992 2708 :
3021 2674 3044 2706 α
3079 2655 3229 2710 Mala
3248 2653 3615 2709 Punicafacies
3632 2667 3684 2704 ex

443 2746 502 2795 et
527 2743 714 2797 homo.
745 2745 969 2808 Lutum,
993 2745 1176 2814 prima
1195 2745 1460 2812 conditio,
1481 2751 1545 2800 ut
1572 2745 1632 2799 in
1659 2746 1762 2800 Job
1788 2765 1798 2799 :
1829 2765 1859 2800 ι
1879 2746 2041 2810 Quod
2121 2743 2424 2814 hyacintho
2443 2743 2508 2810 ³³,
2545 2767 2566 2791 ο
2599 2744 2656 2798 id
2677 2750 2780 2810 est,
2813 2743 2962 2798 bona
2975 2761 3145 2816 opera
3167 2750 3404 2815 propter
3434 2743 3682 2798 caelestem

442 2829 588 2884 sicut
608 2832 790 2886 lutum
811 2832 1008 2886 feceris
1023 2832 1192 2900 me“,
1217 2851 1244 2886 ››
1272 2834 1419 2904 quod
1431 2834 1500 2888 de
1515 2840 1668 2888 terra
1679 2836 1847 2890 homo
1861 2835 2040 2890 factus
2119 2833 2454 2887 mercedem.
2487 2833 2597 2888 Per
2625 2837 2775 2888 mala
2805 2837 3018 2888 Punica
3048 2833 3129 2888 illi
3160 2834 3262 2904 qui
3298 2833 3514 2888 unicam
3543 2831 3684 2884 ﬁdem

443 2927 546 2975 est.
579 2923 800 2988 Lutum,
834 2923 1074 2994 papulus
1090 2923 1430 2988 Iudaeorum,
1452 2930 1516 2978 ut
1543 2925 1601 2978 in
1623 2925 1726 2980 Job
1752 2945 1762 2978 :
1803 2945 1825 2976 ε
1860 2926 2040 2980 Resti-
2117 2927 2332 2986 tenent,
2364 2928 2430 2976 ut
2450 2923 2508 2976 in
2531 2923 2784 2977 Cantico:
2823 2940 2849 2975 α
2873 2923 3466 2976 Paradisusmalorum
3488 2919 3686 2974 Punico-

440 3015 636 3064 tuetur
662 3015 727 3064 ut
753 3011 936 3064 lutum
965 3011 1316 3081 signaculum
1345 3012 1408 3079 “,
1444 3031 1471 3065 »
1502 3013 1651 3084 quod
1690 3013 1888 3078 Judaei,
1941 3015 2035 3086 qui
2060 3079 2092 3086 Α
2119 3027 2246 3064 rum
2265 3009 2330 3077 ²⁴,
2370 3031 2392 3062 ι
2427 3011 2486 3066 id
2514 3017 2616 3077 est,
2654 3011 2917 3076 Ecclesia,
2941 3011 3232 3066 continens
3269 3011 3328 3064 in
3358 3027 3469 3064 una
3495 3009 3595 3062 ﬁde
3620 3007 3686 3059 di-

441 3104 606 3152 erant
633 3098 984 3168 signaculum
1015 3079 1134 3166 Dei,
1165 3099 1238 3178 ob
1265 3079 1717 3155 incredulitatem
1747 3107 1812 3156 ut
1849 3079 2094 3156 lutumC
2117 3117 2290 3154 versae
2319 3100 2678 3171 professionis
2707 3103 2817 3154 '....
2852 3101 2960 3154 Per
2986 3103 3136 3154 mala
3165 3103 3385 3154 Punica
3414 3102 3678 3166 martyres,

441 3189 857 3242 conculcantur.
892 3191 1109 3254 Lutum,
1143 3205 1232 3242 res
1262 3189 1596 3250 mundiales,
1618 3195 1685 3244 ut
1713 3191 1772 3244 in
1801 3192 2038 3263 prophe-
2117 3194 2183 3244 ut
2207 3189 2267 3244 in
2293 3189 2522 3244 Cantica
2548 3207 2560 3242 :
2597 3207 2623 3241 ς(
2658 3190 2716 3243 Si
2746 3191 3060 3244 ﬂoruerunt
3094 3188 3250 3242 mala
3267 3189 3477 3242 Punica
3505 3187 3564 3250 ³⁵,
3592 3206 3612 3235 n
3639 3184 3684 3238 id

441 3283 532 3330 ta:
564 3297 589 3330 α
613 3279 897 3348 Aggravat
915 3279 1151 3332 densum
1173 3279 1354 3332 lutum
1375 3278 1440 3344 ¹¹,
1469 3298 1494 3330 ››
1519 3279 1576 3332 id
1604 3285 1708 3346 est,
1743 3281 2040 3336 nimisstu-
2118 3285 2222 3344 est,
2251 3279 2298 3332 si
2327 3284 2711 3350 apparuerunt
2730 3285 3026 3350 martyres.

439 3366 538 3420 det
566 3383 658 3421 res
683 3373 938 3421 terrenas
971 3368 1360 3439 multiplicare.
1394 3370 1618 3434 Lutum,
1651 3369 1924 3436 doctrina,
1971 3377 2036 3425 ut
2189 3369 2575 3436 Malogranata
2603 3373 2738 3422 sunt
2764 3385 2991 3438 agmina
3019 3368 3356 3434 electorum,
3386 3372 3449 3420 ut
3475 3366 3528 3419 in
3555 3362 3687 3418 libris

438 3455 496 3508 in
525 3458 547 3480 *
572 3457 906 3527 Apocalypsi
936 3456 1186 3510 Abacuc:
1217 3474 1244 3508 α
1263 3458 1326 3511 In
1362 3457 1481 3513 luto
1513 3474 1787 3529 aquarum
1819 3458 1882 3525 1³,
1922 3481 1946 3512 ››
1977 3460 2034 3514 id
2117 3457 2351 3527 Regum:
2371 3475 2398 3509 ι
2418 3457 3170 3527 Malogranatorumducenti
3182 3463 3354 3511 erant
3367 3456 3577 3510 ordines
3589 3451 3644 3516 ³⁸,
3667 3471 3683 3499 ι

437 3551 540 3611 est,
561 3545 622 3598 in
642 3562 813 3616 prava
833 3545 1088 3600 doctrina
1107 3546 1413 3600 multorum
1433 3547 1788 3618 populorum.
1808 3551 2028 3614 Lutum,
2117 3547 2265 3616 quod
2296 3546 2457 3600 electi
2500 3546 2803 3617 perfectam
2833 3546 2934 3600 Dei
2979 3552 3036 3600 et
3077 3545 3326 3617 proximi
3366 3543 3687 3600 dilectionem

435 3633 697 3688 illecebra
721 3633 924 3700 carnis,
957 3639 1023 3688 ut
1049 3635 1108 3688 in
1139 3635 1404 3689 Psalmis:
1440 3655 1462 3686 «
1483 3636 1649 3708 Eripe
1677 3654 1766 3690 me
1789 3637 1857 3691 de
1893 3639 2028 3704 luto,
2114 3639 2311 3690 tenent
2333 3676 2345 3688 .
2408 3637 2794 3703 Malogranata
2818 3675 2831 3702 ,
2889 3635 3127 3688 virtutes
3147 3675 3161 3698 ,
3209 3642 3278 3688 ut
3337 3636 3394 3688 in
3451 3632 3684 3687 Cantico.

437 3728 499 3776 ut
552 3739 665 3778 non
713 3723 919 3794 inﬁgar
961 3723 1026 3789 ‘4,
1075 3743 1098 3776 ι
1158 3724 1213 3777 id
1261 3731 1362 3788 est,
1419 3741 1454 3778 a
1493 3725 1778 3796 voluptate
1821 3728 2032 3781 carnali
2119 3743 2148 3774 αι
2176 3725 2425 3778 Mustum
2445 3725 2960 3794 malogranatorum
2980 3722 3047 3790 ’7,
3081 3743 3108 3776 »
3132 3723 3191 3777 id
3219 3732 3332 3790 est,
3367 3723 3686 3778 sanctitatem

435 3811 654 3866 custodi
685 3828 794 3878 me,
829 3829 900 3866 ne
919 3813 1127 3866 vincar.
1161 3815 1385 3879 Lutum,
1421 3813 1566 3868 fetor
1588 3815 1874 3881 vitiorum,
1897 3815 2033 3870 utin
2117 3830 2241 3883 quae
2268 3813 2520 3884 procedit
2546 3814 2616 3867 de
2643 3813 2941 3868 virtutibus
2960 3819 3289 3868 sanctorum
3305 3859 3317 3870 .

433 3899 538 3955 Job
567 3919 578 3954 :
614 3919 642 3954 α
671 3902 898 3956 Sternet
943 3901 1050 3955 sibi
1083 3918 1289 3955 aurum
1329 3903 1489 3972 quasi
1535 3903 1717 3958 lutum
1731 3903 1794 3970 ‘5,
1827 3922 1854 3957 II
1885 3906 2035 3976 quod
2187 3903 2401 3956 Malum
2423 3907 2510 3956 est
2527 3901 2933 3966 adversitas,ut
2949 3902 3007 3956 in
3028 3903 3333 3974 propheta:
3375 3901 3471 3958 ,εἰ
3491 3905 3570 3954 est
3595 3915 3690 3953 ma-

433 3989 688 4044 diabolus
715 3996 940 4044 sanctos
966 3991 1114 4044 viros
1142 4007 1243 4060 per
1273 3991 1409 4044 vitia
1429 3993 1756 4046 conculcare
1785 3994 1994 4048 studet.
2117 3989 2236 4043 lum
2265 3989 2321 4043 in
2351 3989 2594 4056 civitate,
2631 3991 2778 4060 quod
2800 3989 3072 4044 Dominus
3099 4005 3212 4044 non
3241 3991 3382 4046 fecit
3413 3989 3475 4056 ³³,
3509 4010 3532 4042 ν
3563 3985 3686 4058 quod

506 4080 670 4132 Luter
685 4085 770 4132 est
783 4078 1112 4149 baptismus,
1139 4085 1204 4132 ut
1226 4079 1285 4132 in
1316 4078 1472 4133 libris
1493 4081 1746 4150 Regum:
1785 4102 1807 4132 ε
1829 4085 1850 4105 ¹
1869 4084 2034 4137 Gros-
2115 4078 2510 4132 adversitatem
2531 4079 2592 4132 in
2623 4079 2868 4133 Ecclesia
2882 4079 3156 4133 Dominus
3189 4080 3256 4132 ad
3295 4083 3420 4150 ejus
3449 4076 3686 4133 emenda-

432 4165 618 4219 situdo
643 4167 840 4220 luteris
880 4165 1054 4220 trium
1086 4167 1380 4221 unciarum
1429 4177 1553 4222 erat
1597 4170 1660 4235 1°,
1700 4189 1722 4220 ι
1777 4172 1924 4241 quod
1976 4173 2032 4225 in
2115 4167 2326 4221 tionem
2357 4167 2480 4222 ﬁeri
2507 4167 2804 4238 permittit.

367 4253 374 4259 ’
431 4260 624 4310 sancto
653 4253 989 4327 baptismate
1039 4260 1125 4308 est
1167 4257 1438 4311 confessio
1485 4275 1850 4328 personarum
1905 4277 2030 4314 cum
2187 4257 2582 4310 Mamnmsunt
2599 4256 3009 4328 praedicatores,
3027 4257 3164 4311 utin
3186 4259 3420 4312 Cantico
3445 4277 3456 4310 :
3485 4277 3506 4308 ι
3530 4256 3686 4320 Quam

429 4344 652 4398 Deitate
682 4361 816 4400 una.
2114 4345 2359 4416 pulchrae
2379 4350 2512 4399 sunt
2534 4351 2934 4412 mammeatuae,
2959 4362 3165 4416 sponsa
3181 4346 3247 4410 ³³,
3279 4366 3308 4400 Io
3331 4348 3388 4401 id
3418 4351 3516 4410 est,
3541 4358 3686 4415 quam

1202 4419 1258 4472 M
2045 4439 2094 4496 D
2113 4433 2287 4488 sancti
2306 4439 2440 4487 sunt
2457 4434 2850 4504 praedicatores
2868 4435 2971 4500 tui,
2997 4435 3094 4505 qui
3111 4435 3199 4489 lac
3233 4435 3481 4490 fundunt
3508 4431 3686 4505 praedi-

429 4507 689 4590 ;liaceria.
959 4508 1212 4590 Mammas
1493 4509 1711 4590 Modius

2132 4523 2364 4588 :ationis,
2398 4523 2692 4578 oEcclesia
2711 4523 2738 4576 7
2757 4525 3026 4590 Mammze,
3067 4541 3269 4578 sensus
3301 4525 3596 4586 naturales,
3634 4525 3686 4572 ut

427 4577 663 4643 Myrrha
961 4579 1116 4632 Mons
1493 4581 1681 4634 Mensa

429 4649 662 4700 Maxilla
949 4650 1325 4703 Mereenarius
1496 4653 1696 4704 Manus

2135 4629 2171 4666 n
2221 4577 2530 4682 propheta:
2864 4577 3645 4685 sunt’mammaawpubemtis
3664 4607 3685 4629 "

426 4699 641 4772 Malum
659 4721 828 4784 puni-
2111 4707 2222 4755 tuae
2244 4699 2311 4767 δυ,
2343 4720 2364 4751 ι
2399 4701 2548 4772 quod
2579 4701 2637 4754 in
2664 4702 2856 4756 multis
2885 4702 2944 4756 in
2969 4719 3178 4772 genere
3198 4703 3447 4757 humano
3477 4706 3682 4756 natura-

501 4803 646 4842 cum.
945 4791 1132 4844 Mutus
1479 4794 1680 4846 Messis.
2107 4791 2189 4844 les
2217 4806 2416 4844 sensus
2445 4789 2725 4844 obscurati
2754 4797 2904 4846 sunt.

426 4857 678 4952 Myrrha.
944 4863 1163 4952 Milites:
1454 4864 1652 4952 {ora

2177 4880 2340 4933 Mane
2369 4885 2456 4933 est
2479 4885 2702 4950 tempus
2739 4879 3160 4935 incarnationis.
3194 4886 3217 4903 '
3245 4883 3426 4948 Mane,
3484 4876 3682 4933 initium

424 4957 548 4985 ληῦι.
944 4957 1242 4987 ληαδειιιῑιδ.
1484 4957 1532 4988 Μ
1543 4957 1688 4988 αιιιε.

2132 4967 2238 4999 ξι]οὲ
2286 4975 2347 4999 ne
2370 4969 2426 4999 ἔτι
2449 4968 2633 4999 ῺνΑΑΑ
2654 4987 2665 4998 -
2695 4987 2720 4999 -
2740 4967 3565 4999 una“nne-.ml‘nns..-nnn:kno
3578 4965 3616 4999 3i

422 4933 662 5058 ξῖἷῖιὲαια.
944 4933 1242 5056 milii."
1484 4935 1712 5059 ῖῖίιέῧζῒῗέ.
2111 4967 2260 5059 “dei:
2286 4975 2351 5059 με
2368 4933 2669 5059 emisi
2693 4987 2720 5022 α
2739 4933 3636 5059 Μαηθεδίυηδηηιυτραέιίδυξ
3658 4981 3680 5012 ι

2112 5057 2260 5126 quod
2284 5057 2343 5110 in
2363 5057 2526 5110 initio
2545 5057 2695 5123 ﬁdei,
2726 5058 2822 5128 qui
2841 5059 2901 5112 in
2932 5059 3216 5129 primitiva
3248 5065 3413 5112 erant
3441 5054 3678 5112 Ecclesia.

422 5145 684 5198 Membra.
924 5147 1155 5199 Manna.
1469 5149 1940 5214 Malogranatum.
2109 5145 2272 5200 donis
2294 5145 2538 5216 Spiritus
2567 5146 2744 5200 sancti
2763 5147 3178 5203 reﬁciebantur.
3202 5151 3380 5210 Mane,
3415 5147 3536 5200 vita:
3559 5159 3681 5216 prte-

493 5303 512 5336 ¹
541 5303 661 5357 Pet.
694 5319 730 5368 I,
767 5303 852 5362 13.
884 5305 908 5339 ³
937 5306 1050 5360 Jer.
1081 5321 1202 5373 xm,
1239 5308 1288 5361 1.
1321 5307 1345 5341 ³
1374 5308 1520 5361 Psal.
1556 5320 1726 5372 xvvn,
1757 5306 1808 5360 7.
1834 5307 1858 5340 ⁴
1882 5305 1986 5360 Job
2011 5320 2158 5372 χχχι,
2187 5302 2276 5362 26.
2309 5306 2332 5339 ⁵
2356 5307 2528 5373 Apoc.
2555 5321 2654 5372 XII,
2687 5307 2738 5362 1.
2771 5307 2796 5341 ⁸
2827 5307 2919 5362 Ps.
2953 5323 3150 5372 cxxxv,
3176 5307 3228 5365 9.
3269 5309 3287 5342 τ
3313 5308 3461 5362 Psal.
3488 5319 3604 5367 cxx,
3632 5299 3676 5354 6.

420 5374 444 5408 ⁸
465 5374 662 5428 Matth.
690 5389 787 5440 VII,
827 5377 908 5431 15.
942 5376 966 5410 9
991 5379 1154 5432 Joan.
1187 5393 1262 5443 Ix,
1295 5380 1346 5434 6.
1375 5378 1423 5412 ¹⁰
1445 5377 1549 5432 Job
1573 5392 1626 5440 Χ,
1659 5375 1711 5434 9.
1748 5377 1787 5412 ιί
1818 5377 1922 5431 Job
1949 5391 2043 5430 xxx

2132 5391 2179 5442 :I,
2219 5379 2302 5432 14.
2331 5376 2379 5411 ¹²
2407 5374 2551 5438 Hab.
2585 5393 2646 5443 II,
2674 5379 2726 5432 7.
2756 5377 2798 5412 ¹³
2822 5379 2964 5432 Hab.
2997 5395 3080 5442 III,
3112 5380 3202 5436 15.
3247 5379 3289 5413 ¹⁴
3319 5379 3466 5432 Psal.
3507 5387 3674 5431 I.vaII.

425 5445 510 5520 if}.
540 5443 591 5520 ξξί
613 5443 721 5520 {ob
749 5460 859 5509 xu,
897 5447 999 5520 12A.”
1023 5449 1122 5520 “{I
1149 5450 1284 5520 Reg.
1318 5448 1537 5520 VII,_‘36.
1570 5448 1613 5482 ¹⁷
1646 5450 1807 5503 Prov.
1838 5463 1988 5510 xxxv,
2019 5449 2043 5520 Ξ

2139 5449 2207 5520 At“
2237 5451 2399 5503 Cant.
2431 5463 2491 5516 II,
2531 5449 2614 5520 i4.
2647 5449 2694 5520 f9
2723 5451 2870 5504 Psal.
2905 5464 3089 5516 LXXIX,
3135 5449 3218 5506 13.
3267 5449 3311 5484 ³ο
3361 5451 3528 5504 Num:
3557 5457 3673 5520 xxii.

423 5513 520 5588 2ft.
539 5513 582 5548 ²¹
609 5515 813 5586 Ephes.
841 5531 894 5588 v,
926 5517 1018 5588 27.
1048 5518 1096 5553 ²²
1123 5513 1286 5574 Οωιῖ.
1315 5535 1388 5586 v1,
1406 5513 1468 5575 ’7.
1501 5519 1547 5552 ³³
1572 5520 1742 5574 Exod.
1780 5534 1975 5586 XXVIII,
2010 5519 2040 5576 3

2132 5518 2179 5552 ⁹⁴
2214 5521 2375 5574 Cant.
2405 5513 2487 5582 Iv,
2517 5519 2602 5576 13.
2644 5519 2692 5554 ²⁵
2730 5522 2894 5575 Cant.
2938 5535 3032 5588 VII,
3064 5513 3153 5578 12.
3181 5521 3228 5556 ³⁸
3255 5522 3278 5577 Ι
3305 5521 3440 5588 Reg.
3473 5531 3564 5579 VII,
3597 5513 3672 5568 18.

415 5585 462 5620 ’⁷
492 5585 673 5641 Cant.’
687 5600 808 5651 VIII,
833 5587 888 5640 2.
919 5587 966 5622 ’⁸
993 5591 1165 5642 Amos
1188 5603 1272 5653 III,
1305 5590 1361 5643 6.
1391 5589 1440 5624 ³ο
1468 5591 1630 5644 Cant.
1665 5605 1740 5655 Iv,
1777 5591 1860 5646 10.
1893 5590 1942 5626 ³ο
1966 5585 2043 5646 Ειι

2132 5609 2164 5645 ι.
2196 5605 2354 5658 xvm,
2383 5589 2433 5648 3.
2465 5591 2508 5626 ³¹
2539 5591 2710 5646 Exod.
2739 5607 2852 5658 va,
2881 5589 2934 5647 8.

3883 1093 3885 1148 ἰ

3883 1165 3885 1216 1

3883 1279 3885 1360 l

3884 3543 3885 3616 l
