  <div class='ocr_page' id='page_1' title='image "/cluster/home/n/w/nwhite01/storage/ocr_20150623/112/hvd.32044054759774/502.png"; bbox 0 0 3818 6168; ppageno 0'>
   <div class='ocr_carea' id='block_1_1' title="bbox 225 246 316 305">
    <p class='ocr_par' dir='ltr' id='par_1_1' title="bbox 225 246 316 305">
     <span class='ocr_line' id='line_1_1' title="bbox 225 246 316 305; baseline 0.011 -1"><span class='ocrx_word' id='word_1_1' title='bbox 225 246 316 305; x_wconf 85' lang='lat'>993</span> 
     </span>
    </p>
   </div>
   <div class='ocr_carea' id='block_1_2' title="bbox 1131 252 2529 309">
    <p class='ocr_par' dir='ltr' id='par_1_2' title="bbox 1131 252 2529 309">
     <span class='ocr_line' id='line_1_2' title="bbox 1131 252 2529 309; baseline -0.001 -1"><span class='ocrx_word' id='word_1_2' title='bbox 1131 252 1569 308; x_wconf 60' lang='lat' dir='ltr'>ALLEGORL’E</span> <span class='ocrx_word' id='word_1_3' title='bbox 1603 253 1681 308; x_wconf 89' lang='lat' dir='ltr'>IN</span> <span class='ocrx_word' id='word_1_4' title='bbox 1721 252 2012 308; x_wconf 79' lang='lat' dir='ltr'><strong>SACRAM</strong></span> <span class='ocrx_word' id='word_1_5' title='bbox 2050 253 2529 309; x_wconf 69' lang='lat' dir='ltr'>SCRIPTUﬁAM.</span> 
     </span>
    </p>
   </div>
   <div class='ocr_carea' id='block_1_3' title="bbox 3364 255 3470 314">
    <p class='ocr_par' dir='ltr' id='par_1_3' title="bbox 3364 255 3470 314">
     <span class='ocr_line' id='line_1_3' title="bbox 3364 255 3470 314; baseline 0.009 -1"><span class='ocrx_word' id='word_1_6' title='bbox 3364 255 3470 314; x_wconf 75' lang='grc'>994</span> 
     </span>
    </p>
   </div>
   <div class='ocr_carea' id='block_1_4' title="bbox 218 373 3470 451">
    <p class='ocr_par' dir='ltr' id='par_1_4' title="bbox 218 373 3470 451">
     <span class='ocr_line' id='line_1_4' title="bbox 218 373 3470 451; baseline 0.002 -24"><span class='ocrx_word' id='word_1_7' title='bbox 218 373 376 429; x_wconf 87' lang='lat' dir='ltr'>sentis</span> <span class='ocrx_word' id='word_1_8' title='bbox 403 374 760 444; x_wconf 72' lang='lat' dir='ltr'>prosperitas,</span> <span class='ocrx_word' id='word_1_9' title='bbox 781 375 928 429; x_wconf 89' lang='lat' dir='ltr'>utin</span> <span class='ocrx_word' id='word_1_10' title='bbox 961 375 1337 431; x_wconf 85' lang='lat' dir='ltr'>Ecclesiaste.:</span> <span class='ocrx_word' id='word_1_11' title='bbox 1369 395 1394 428; x_wconf 75' lang='grc' dir='ltr'><strong><em>α</em></strong></span> <span class='ocrx_word' id='word_1_12' title='bbox 1428 377 1604 446; x_wconf 88' lang='lat' dir='ltr'>Cujus</span> <span class='ocrx_word' id='word_1_13' title='bbox 1631 375 1786 448; x_wconf 88' lang='lat' dir='ltr'>prin-</span> <span class='ocrx_word' id='word_1_14' title='bbox 1799 383 1850 442; x_wconf 77' lang='grc' dir='ltr'><strong>Α</strong></span> <span class='ocrx_word' id='word_1_15' title='bbox 1866 376 2036 430; x_wconf 89' lang='lat' dir='ltr'>tendo</span> <span class='ocrx_word' id='word_1_16' title='bbox 2057 377 2313 441; x_wconf 89' lang='lat' dir='ltr'>redeunt,</span> <span class='ocrx_word' id='word_1_17' title='bbox 2329 379 2726 434; x_wconf 84' lang='lat' dir='ltr'>emundantur.</span> <span class='ocrx_word' id='word_1_18' title='bbox 2763 381 2980 446; x_wconf 75' lang='lat' dir='ltr'>Manus,</span> <span class='ocrx_word' id='word_1_19' title='bbox 3004 379 3288 451; x_wconf 88' lang='lat' dir='ltr'>impulsio,</span> <span class='ocrx_word' id='word_1_20' title='bbox 3319 385 3383 434; x_wconf 94' lang='lat' dir='ltr'>ut</span> <span class='ocrx_word' id='word_1_21' title='bbox 3410 381 3470 434; x_wconf 91' lang='lat' dir='ltr'>in</span> 
     </span>
    </p>
   </div>
   <div class='ocr_carea' id='block_1_5' title="bbox 217 464 1790 536">
    <p class='ocr_par' dir='ltr' id='par_1_5' title="bbox 217 464 1790 536">
     <span class='ocr_line' id='line_1_5' title="bbox 217 464 1790 536; baseline 0.002 -21"><span class='ocrx_word' id='word_1_22' title='bbox 217 464 351 534; x_wconf 88' lang='lat' dir='ltr'>cipes</span> <span class='ocrx_word' id='word_1_23' title='bbox 398 479 560 516; x_wconf 87' lang='lat' dir='ltr'>mane</span> <span class='ocrx_word' id='word_1_24' title='bbox 613 464 916 518; x_wconf 87' lang='lat' dir='ltr'>comedunt</span> <span class='ocrx_word' id='word_1_25' title='bbox 941 465 980 530; x_wconf 83' lang='grc'>¹,</span> <span class='ocrx_word' id='word_1_26' title='bbox 1018 485 1043 516; x_wconf 88' lang='grc'><strong>››</strong></span> <span class='ocrx_word' id='word_1_27' title='bbox 1076 465 1133 519; x_wconf 89' lang='lat' dir='ltr'>id</span> <span class='ocrx_word' id='word_1_28' title='bbox 1158 470 1264 529; x_wconf 85' lang='lat' dir='ltr'>est,</span> <span class='ocrx_word' id='word_1_29' title='bbox 1291 465 1452 536; x_wconf 85' lang='lat' dir='ltr'>cujus</span> <span class='ocrx_word' id='word_1_30' title='bbox 1476 465 1692 536; x_wconf 68' lang='lat' dir='ltr'>praelati</span> <span class='ocrx_word' id='word_1_31' title='bbox 1730 465 1790 518; x_wconf 89' lang='lat' dir='ltr'><strong>in</strong></span> 
     </span>
    </p>
   </div>
   <div class='ocr_carea' id='block_1_6' title="bbox 216 551 1792 624">
    <p class='ocr_par' dir='ltr' id='par_1_6' title="bbox 216 551 1792 624">
     <span class='ocr_line' id='line_1_6' title="bbox 216 551 1792 624; baseline 0.001 -20"><span class='ocrx_word' id='word_1_32' title='bbox 216 552 327 605; x_wconf 68' lang='lat' dir='ltr'>vita:</span> <span class='ocrx_word' id='word_1_33' title='bbox 344 551 628 622; x_wconf 69' lang='lat' dir='ltr'>praesentis</span> <span class='ocrx_word' id='word_1_34' title='bbox 661 553 1030 624; x_wconf 67' lang='lat' dir='ltr'>prosperitate</span> <span class='ocrx_word' id='word_1_35' title='bbox 1080 554 1379 608; x_wconf 82' lang='lat' dir='ltr'>exsultant.</span> <span class='ocrx_word' id='word_1_36' title='bbox 1424 555 1605 617; x_wconf 80' lang='lat' dir='ltr'>Mane,</span> <span class='ocrx_word' id='word_1_37' title='bbox 1637 570 1792 608; x_wconf 87' lang='lat' dir='ltr'>exor-</span> 
     </span>
    </p>
   </div>
   <div class='ocr_carea' id='block_1_7' title="bbox 215 639 1784 712">
    <p class='ocr_par' dir='ltr' id='par_1_7' title="bbox 215 639 1784 712">
     <span class='ocr_line' id='line_1_7' title="bbox 215 639 1784 712; baseline 0 -18"><span class='ocrx_word' id='word_1_38' title='bbox 215 639 354 694; x_wconf 88' lang='lat' dir='ltr'>dium</span> <span class='ocrx_word' id='word_1_39' title='bbox 381 639 504 694; x_wconf 64' lang='lat' dir='ltr'>vitaz</span> <span class='ocrx_word' id='word_1_40' title='bbox 533 641 825 711; x_wconf 70' lang='lat' dir='ltr'>praesentis</span> <span class='ocrx_word' id='word_1_41' title='bbox 853 641 1153 712; x_wconf 88' lang='lat' dir='ltr'>cujuslibet</span> <span class='ocrx_word' id='word_1_42' title='bbox 1181 642 1444 708; x_wconf 81' lang='lat' dir='ltr'>hominis,</span> <span class='ocrx_word' id='word_1_43' title='bbox 1477 647 1542 696; x_wconf 90' lang='lat' dir='ltr'>ut</span> <span class='ocrx_word' id='word_1_44' title='bbox 1569 641 1626 696; x_wconf 93' lang='lat' dir='ltr'>in</span> <span class='ocrx_word' id='word_1_45' title='bbox 1656 641 1784 696; x_wconf 87' lang='lat' dir='ltr'>Job:</span> 
     </span>
    </p>
   </div>
   <div class='ocr_carea' id='block_1_8' title="bbox 215 729 1786 802">
    <p class='ocr_par' dir='ltr' id='par_1_8' title="bbox 215 729 1786 802">
     <span class='ocr_line' id='line_1_8' title="bbox 215 729 1786 802; baseline 0.003 -22"><span class='ocrx_word' id='word_1_46' title='bbox 215 747 239 780; x_wconf 69' lang='grc' dir='ltr'><strong>ε</strong></span> <span class='ocrx_word' id='word_1_47' title='bbox 266 729 338 782; x_wconf 92' lang='lat' dir='ltr'>De</span> <span class='ocrx_word' id='word_1_48' title='bbox 364 745 528 782; x_wconf 88' lang='lat' dir='ltr'>mane</span> <span class='ocrx_word' id='word_1_49' title='bbox 571 746 748 800; x_wconf 87' lang='lat' dir='ltr'>usque</span> <span class='ocrx_word' id='word_1_50' title='bbox 796 730 867 784; x_wconf 90' lang='lat' dir='ltr'>ad</span> <span class='ocrx_word' id='word_1_51' title='bbox 918 747 1207 802; x_wconf 81' lang='lat' dir='ltr'>vesperam</span> <span class='ocrx_word' id='word_1_52' title='bbox 1248 734 1270 754; x_wconf 63' lang='grc' dir='ltr'><strong>θ</strong></span> <span class='ocrx_word' id='word_1_53' title='bbox 1299 731 1658 786; x_wconf 78' lang='lat' dir='ltr'>succidantur</span> <span class='ocrx_word' id='word_1_54' title='bbox 1682 729 1722 798; x_wconf 82' lang='grc'><strong>³,</strong></span> <span class='ocrx_word' id='word_1_55' title='bbox 1763 751 1786 784; x_wconf 71' lang='grc' dir='ltr'>ι</span> 
     </span>
    </p>
   </div>
   <div class='ocr_carea' id='block_1_9' title="bbox 212 817 1790 891">
    <p class='ocr_par' dir='ltr' id='par_1_9' title="bbox 212 817 1790 891">
     <span class='ocr_line' id='line_1_9' title="bbox 212 817 1790 891; baseline 0.003 -21"><span class='ocrx_word' id='word_1_56' title='bbox 212 817 342 888; x_wconf 88' lang='lat' dir='ltr'>quod</span> <span class='ocrx_word' id='word_1_57' title='bbox 371 834 404 870; x_wconf 89' lang='lat' dir='ltr'>a</span> <span class='ocrx_word' id='word_1_58' title='bbox 433 817 706 889; x_wconf 86' lang='lat' dir='ltr'>principio</span> <span class='ocrx_word' id='word_1_59' title='bbox 736 819 862 873; x_wconf 71' lang='lat' dir='ltr'>vita:</span> <span class='ocrx_word' id='word_1_60' title='bbox 897 837 1012 874; x_wconf 68' lang='lat' dir='ltr'>sua:</span> <span class='ocrx_word' id='word_1_61' title='bbox 1040 836 1216 891; x_wconf 89' lang='lat' dir='ltr'>usque</span> <span class='ocrx_word' id='word_1_62' title='bbox 1244 821 1315 874; x_wconf 91' lang='lat' dir='ltr'>ad</span> <span class='ocrx_word' id='word_1_63' title='bbox 1359 822 1529 874; x_wconf 89' lang='lat' dir='ltr'>ﬁnem</span> <span class='ocrx_word' id='word_1_64' title='bbox 1559 819 1790 874; x_wconf 82' lang='lat' dir='ltr'>destitui</span> 
     </span>
    </p>
   </div>
   <div class='ocr_carea' id='block_1_10' title="bbox 209 905 1786 980">
    <p class='ocr_par' dir='ltr' id='par_1_10' title="bbox 209 905 1786 980">
     <span class='ocr_line' id='line_1_10' title="bbox 209 905 1786 980; baseline 0.002 -20"><span class='ocrx_word' id='word_1_65' title='bbox 209 905 348 978; x_wconf 86' lang='lat' dir='ltr'>impii</span> <span class='ocrx_word' id='word_1_66' title='bbox 375 923 487 960; x_wconf 87' lang='lat' dir='ltr'>non</span> <span class='ocrx_word' id='word_1_67' title='bbox 517 913 753 962; x_wconf 87' lang='lat' dir='ltr'>cessant.</span> <span class='ocrx_word' id='word_1_68' title='bbox 773 909 954 976; x_wconf 77' lang='lat' dir='ltr'>Mane,</span> <span class='ocrx_word' id='word_1_69' title='bbox 970 909 1307 964; x_wconf 85' lang='lat' dir='ltr'>illuminatio</span> <span class='ocrx_word' id='word_1_70' title='bbox 1325 909 1568 980; x_wconf 86' lang='lat' dir='ltr'>Spiritus</span> <span class='ocrx_word' id='word_1_71' title='bbox 1586 909 1786 975; x_wconf 88' lang='lat' dir='ltr'>sancti,</span> 
     </span>
    </p>
   </div>
   <div class='ocr_carea' id='block_1_11' title="bbox 207 995 1790 1074">
    <p class='ocr_par' dir='ltr' id='par_1_11' title="bbox 207 995 1790 1074">
     <span class='ocr_line' id='line_1_11' title="bbox 207 995 1790 1074; baseline 0.002 -25"><span class='ocrx_word' id='word_1_72' title='bbox 207 995 340 1049; x_wconf 86' lang='lat' dir='ltr'>utin</span> <span class='ocrx_word' id='word_1_73' title='bbox 371 995 603 1050; x_wconf 91' lang='lat' dir='ltr'>Cantica</span> <span class='ocrx_word' id='word_1_74' title='bbox 637 1015 648 1048; x_wconf 91' lang='lat'>:</span> <span class='ocrx_word' id='word_1_75' title='bbox 685 1017 707 1074; x_wconf 67' lang='grc' dir='ltr'>ε</span> <span class='ocrx_word' id='word_1_76' title='bbox 744 998 906 1052; x_wconf 86' lang='lat' dir='ltr'>Mane</span> <span class='ocrx_word' id='word_1_77' title='bbox 935 1014 1234 1069; x_wconf 81' lang='lat' dir='ltr'>surgamus</span> <span class='ocrx_word' id='word_1_78' title='bbox 1275 998 1347 1052; x_wconf 89' lang='lat' dir='ltr'>ad</span> <span class='ocrx_word' id='word_1_79' title='bbox 1388 998 1578 1052; x_wconf 83' lang='lat' dir='ltr'>vineas</span> <span class='ocrx_word' id='word_1_80' title='bbox 1605 997 1647 1062; x_wconf 75' lang='grc'>³.,</span> <span class='ocrx_word' id='word_1_81' title='bbox 1674 1017 1701 1050; x_wconf 69' lang='grc' dir='ltr'><strong><em>ι</em></strong></span> <span class='ocrx_word' id='word_1_82' title='bbox 1732 998 1790 1052; x_wconf 92' lang='lat' dir='ltr'>id</span> 
     </span>
    </p>
   </div>
   <div class='ocr_carea' id='block_1_12' title="bbox 205 1085 1791 1157">
    <p class='ocr_par' dir='ltr' id='par_1_12' title="bbox 205 1085 1791 1157">
     <span class='ocr_line' id='line_1_12' title="bbox 205 1085 1791 1157; baseline 0.001 -18"><span class='ocrx_word' id='word_1_83' title='bbox 205 1089 296 1150; x_wconf 87' lang='lat' dir='ltr'>est,</span> <span class='ocrx_word' id='word_1_84' title='bbox 311 1085 616 1139; x_wconf 88' lang='lat' dir='ltr'>illuminati</span> <span class='ocrx_word' id='word_1_85' title='bbox 633 1086 846 1156; x_wconf 82' lang='lat' dir='ltr'>Spiritu</span> <span class='ocrx_word' id='word_1_86' title='bbox 863 1093 1056 1141; x_wconf 87' lang='lat' dir='ltr'>sancto</span> <span class='ocrx_word' id='word_1_87' title='bbox 1087 1088 1372 1157; x_wconf 81' lang='lat' dir='ltr'><strong>erigamus</strong></span> <span class='ocrx_word' id='word_1_88' title='bbox 1395 1104 1496 1141; x_wconf 91' lang='lat' dir='ltr'>nos</span> <span class='ocrx_word' id='word_1_89' title='bbox 1516 1087 1588 1140; x_wconf 91' lang='lat' dir='ltr'>ad</span> <span class='ocrx_word' id='word_1_90' title='bbox 1608 1103 1791 1140; x_wconf 89' lang='lat' dir='ltr'>exem-</span> 
     </span>
    </p>
   </div>
   <div class='ocr_carea' id='block_1_13' title="bbox 205 1174 1791 1244">
    <p class='ocr_par' dir='ltr' id='par_1_13' title="bbox 205 1174 1791 1244">
     <span class='ocr_line' id='line_1_13' title="bbox 205 1174 1791 1244; baseline 0.003 -18"><span class='ocrx_word' id='word_1_91' title='bbox 205 1174 285 1244; x_wconf 86' lang='lat' dir='ltr'>pla</span> <span class='ocrx_word' id='word_1_92' title='bbox 305 1179 649 1229; x_wconf 89' lang='lat' dir='ltr'>sanctorum.</span> <span class='ocrx_word' id='word_1_93' title='bbox 683 1176 862 1241; x_wconf 77' lang='lat' dir='ltr'>Mane,</span> <span class='ocrx_word' id='word_1_94' title='bbox 886 1175 1193 1229; x_wconf 83' lang='lat' dir='ltr'>consolatio</span> <span class='ocrx_word' id='word_1_95' title='bbox 1227 1175 1470 1242; x_wconf 89' lang='lat' dir='ltr'>interna,</span> <span class='ocrx_word' id='word_1_96' title='bbox 1504 1181 1569 1230; x_wconf 93' lang='lat' dir='ltr'>ut</span> <span class='ocrx_word' id='word_1_97' title='bbox 1596 1176 1654 1230; x_wconf 91' lang='lat' dir='ltr'>in</span> <span class='ocrx_word' id='word_1_98' title='bbox 1685 1177 1791 1231; x_wconf 85' lang='lat' dir='ltr'><strong>Ge-</strong></span> 
     </span>
    </p>
   </div>
   <div class='ocr_carea' id='block_1_14' title="bbox 202 1262 1786 1335">
    <p class='ocr_par' dir='ltr' id='par_1_14' title="bbox 202 1262 1786 1335">
     <span class='ocr_line' id='line_1_14' title="bbox 202 1262 1786 1335; baseline 0.001 -19"><span class='ocrx_word' id='word_1_99' title='bbox 202 1262 308 1317; x_wconf 87' lang='lat' dir='ltr'>nesi</span> <span class='ocrx_word' id='word_1_100' title='bbox 339 1281 350 1314; x_wconf 91' lang='lat'><strong>:</strong></span> <span class='ocrx_word' id='word_1_101' title='bbox 393 1283 416 1313; x_wconf 76' lang='grc' dir='ltr'>ι</span> <span class='ocrx_word' id='word_1_102' title='bbox 457 1263 690 1317; x_wconf 87' lang='lat' dir='ltr'>Factum</span> <span class='ocrx_word' id='word_1_103' title='bbox 721 1269 810 1318; x_wconf 90' lang='lat' dir='ltr'>est</span> <span class='ocrx_word' id='word_1_104' title='bbox 834 1280 1064 1335; x_wconf 80' lang='lat' dir='ltr'>vespere</span> <span class='ocrx_word' id='word_1_105' title='bbox 1084 1269 1141 1318; x_wconf 92' lang='lat' dir='ltr'><strong>et</strong></span> <span class='ocrx_word' id='word_1_106' title='bbox 1187 1281 1352 1318; x_wconf 89' lang='lat' dir='ltr'>mane</span> <span class='ocrx_word' id='word_1_107' title='bbox 1371 1265 1411 1329; x_wconf 78' lang='lat'>‘,</span> <span class='ocrx_word' id='word_1_108' title='bbox 1447 1264 1594 1335; x_wconf 88' lang='lat' dir='ltr'>quod</span> <span class='ocrx_word' id='word_1_109' title='bbox 1622 1265 1786 1319; x_wconf 92' lang='lat' dir='ltr'>modo</span> 
     </span>
    </p>
   </div>
   <div class='ocr_carea' id='block_1_15' title="bbox 205 1351 1788 1425">
    <p class='ocr_par' dir='ltr' id='par_1_15' title="bbox 205 1351 1788 1425">
     <span class='ocr_line' id='line_1_15' title="bbox 205 1351 1788 1425; baseline 0.002 -21"><span class='ocrx_word' id='word_1_110' title='bbox 205 1351 378 1405; x_wconf 86' lang='lat' dir='ltr'>anima</span> <span class='ocrx_word' id='word_1_111' title='bbox 404 1369 512 1422; x_wconf 88' lang='lat' dir='ltr'>per</span> <span class='ocrx_word' id='word_1_112' title='bbox 537 1352 904 1407; x_wconf 89' lang='lat' dir='ltr'>tentationem</span> <span class='ocrx_word' id='word_1_113' title='bbox 939 1352 1287 1418; x_wconf 83' lang='lat' dir='ltr'>obscuratur,</span> <span class='ocrx_word' id='word_1_114' title='bbox 1324 1354 1490 1407; x_wconf 91' lang='lat' dir='ltr'>modo</span> <span class='ocrx_word' id='word_1_115' title='bbox 1528 1371 1660 1408; x_wconf 92' lang='lat' dir='ltr'>vero</span> <span class='ocrx_word' id='word_1_116' title='bbox 1688 1370 1788 1425; x_wconf 89' lang='lat' dir='ltr'>per</span> 
     </span>
    </p>
   </div>
   <div class='ocr_carea' id='block_1_16' title="bbox 199 1441 1786 1508">
    <p class='ocr_par' dir='ltr' id='par_1_16' title="bbox 199 1441 1786 1508">
     <span class='ocr_line' id='line_1_16' title="bbox 199 1441 1786 1508; baseline 0.001 -14"><span class='ocrx_word' id='word_1_117' title='bbox 199 1441 471 1495; x_wconf 87' lang='lat' dir='ltr'>internam</span> <span class='ocrx_word' id='word_1_118' title='bbox 500 1441 813 1498; x_wconf 83' lang='lat' dir='ltr'>claritatem</span> <span class='ocrx_word' id='word_1_119' title='bbox 842 1441 1213 1496; x_wconf 89' lang='lat' dir='ltr'>illuminatur.</span> <span class='ocrx_word' id='word_1_120' title='bbox 1237 1443 1677 1508; x_wconf 77' lang='lat' dir='ltr'>Mane,charitas</span> <span class='ocrx_word' id='word_1_121' title='bbox 1704 1442 1786 1496; x_wconf 79' lang='lat' dir='ltr'>fu-</span> 
     </span>
    </p>
   </div>
   <div class='ocr_carea' id='block_1_17' title="bbox 1875 465 3464 540">
    <p class='ocr_par' dir='ltr' id='par_1_17' title="bbox 1875 465 3464 540">
     <span class='ocr_line' id='line_1_17' title="bbox 1875 465 3464 540; baseline 0.003 -23"><span class='ocrx_word' id='word_1_122' title='bbox 1875 465 2114 518; x_wconf 90' lang='lat' dir='ltr'>Psalmis</span> <span class='ocrx_word' id='word_1_123' title='bbox 2135 484 2147 518; x_wconf 91' lang='lat'><strong><em>:</em></strong></span> <span class='ocrx_word' id='word_1_124' title='bbox 2179 485 2204 518; x_wconf 73' lang='grc' dir='ltr'><strong>α</strong></span> <span class='ocrx_word' id='word_1_125' title='bbox 2222 466 2291 519; x_wconf 90' lang='lat' dir='ltr'>Et</span> <span class='ocrx_word' id='word_1_126' title='bbox 2310 483 2509 522; x_wconf 90' lang='lat' dir='ltr'>manus</span> <span class='ocrx_word' id='word_1_127' title='bbox 2529 467 2837 540; x_wconf 87' lang='lat' dir='ltr'>peccatoris</span> <span class='ocrx_word' id='word_1_128' title='bbox 2856 484 2967 540; x_wconf 87' lang='lat' dir='ltr'>non</span> <span class='ocrx_word' id='word_1_129' title='bbox 2987 474 3208 522; x_wconf 84' lang='lat' dir='ltr'>moveat</span> <span class='ocrx_word' id='word_1_130' title='bbox 3227 485 3317 522; x_wconf 91' lang='lat' dir='ltr'>me</span> <span class='ocrx_word' id='word_1_131' title='bbox 3344 467 3410 522; x_wconf 82' lang='grc' dir='ltr'>³ο.</span> <span class='ocrx_word' id='word_1_132' title='bbox 3438 489 3464 522; x_wconf 89' lang='lat'><strong>»</strong></span> 
     </span>
    </p>
   </div>
   <div class='ocr_carea' id='block_1_18' title="bbox 1873 554 3470 625">
    <p class='ocr_par' dir='ltr' id='par_1_18' title="bbox 1873 554 3470 625">
     <span class='ocr_line' id='line_1_18' title="bbox 1873 554 3470 625; baseline 0.003 -17"><span class='ocrx_word' id='word_1_133' title='bbox 1873 554 2094 620; x_wconf 72' lang='lat' dir='ltr'>Manus,</span> <span class='ocrx_word' id='word_1_134' title='bbox 2126 554 2438 625; x_wconf 78' lang='lat' dir='ltr'>disciplina,</span> <span class='ocrx_word' id='word_1_135' title='bbox 2475 563 2539 611; x_wconf 91' lang='lat' dir='ltr'>ut</span> <span class='ocrx_word' id='word_1_136' title='bbox 2581 557 2640 610; x_wconf 93' lang='lat' dir='ltr'>in</span> <span class='ocrx_word' id='word_1_137' title='bbox 2688 557 2927 611; x_wconf 89' lang='lat' dir='ltr'><strong>Psalmis</strong></span> <span class='ocrx_word' id='word_1_138' title='bbox 2960 578 2971 610; x_wconf 91' lang='lat'><strong>:</strong></span> <span class='ocrx_word' id='word_1_139' title='bbox 3010 574 3037 610; x_wconf 77' lang='grc' dir='ltr'>ι</span> <span class='ocrx_word' id='word_1_140' title='bbox 3067 557 3169 611; x_wconf 93' lang='lat' dir='ltr'>Die</span> <span class='ocrx_word' id='word_1_141' title='bbox 3204 574 3270 612; x_wconf 85' lang='lat' dir='ltr'>ac</span> <span class='ocrx_word' id='word_1_142' title='bbox 3306 564 3470 613; x_wconf 74' lang='lat' dir='ltr'>nocte</span> 
     </span>
    </p>
   </div>
   <div class='ocr_carea' id='block_1_19' title="bbox 1871 645 3470 714">
    <p class='ocr_par' dir='ltr' id='par_1_19' title="bbox 1871 645 3470 714">
     <span class='ocr_line' id='line_1_19' title="bbox 1871 645 3470 714; baseline 0.005 -20"><span class='ocrx_word' id='word_1_143' title='bbox 1871 647 2103 712; x_wconf 87' lang='lat' dir='ltr'>gravata</span> <span class='ocrx_word' id='word_1_144' title='bbox 2133 649 2219 696; x_wconf 92' lang='lat' dir='ltr'>est</span> <span class='ocrx_word' id='word_1_145' title='bbox 2256 660 2425 714; x_wconf 90' lang='lat' dir='ltr'>super</span> <span class='ocrx_word' id='word_1_146' title='bbox 2470 663 2560 700; x_wconf 91' lang='lat' dir='ltr'><strong>me</strong></span> <span class='ocrx_word' id='word_1_147' title='bbox 2600 662 2800 700; x_wconf 90' lang='lat' dir='ltr'>manus</span> <span class='ocrx_word' id='word_1_148' title='bbox 2819 645 2884 711; x_wconf 79' lang='grc'>³¹,</span> <span class='ocrx_word' id='word_1_149' title='bbox 2926 666 2948 696; x_wconf 74' lang='grc' dir='ltr'><strong><em>ι</em></strong></span> <span class='ocrx_word' id='word_1_150' title='bbox 2981 645 3038 700; x_wconf 93' lang='lat' dir='ltr'>id</span> <span class='ocrx_word' id='word_1_151' title='bbox 3069 651 3174 713; x_wconf 92' lang='lat' dir='ltr'>est,</span> <span class='ocrx_word' id='word_1_152' title='bbox 3205 647 3470 703; x_wconf 90' lang='lat' dir='ltr'>continue</span> 
     </span>
    </p>
   </div>
   <div class='ocr_carea' id='block_1_20' title="bbox 1871 730 3469 805">
    <p class='ocr_par' dir='ltr' id='par_1_20' title="bbox 1871 730 3469 805">
     <span class='ocr_line' id='line_1_20' title="bbox 1871 730 3469 805; baseline 0.004 -22"><span class='ocrx_word' id='word_1_153' title='bbox 1871 730 2136 800; x_wconf 75' lang='lat' dir='ltr'>deprimit</span> <span class='ocrx_word' id='word_1_154' title='bbox 2191 749 2280 785; x_wconf 90' lang='lat' dir='ltr'>me</span> <span class='ocrx_word' id='word_1_155' title='bbox 2331 733 2625 804; x_wconf 86' lang='lat' dir='ltr'>disciplina</span> <span class='ocrx_word' id='word_1_156' title='bbox 2676 739 2794 788; x_wconf 91' lang='lat' dir='ltr'>tua.</span> <span class='ocrx_word' id='word_1_157' title='bbox 2827 735 3045 796; x_wconf 78' lang='lat' dir='ltr'>Manus,</span> <span class='ocrx_word' id='word_1_158' title='bbox 3075 735 3277 805; x_wconf 86' lang='lat' dir='ltr'>gratia,</span> <span class='ocrx_word' id='word_1_159' title='bbox 3311 741 3375 790; x_wconf 91' lang='lat' dir='ltr'>ut</span> <span class='ocrx_word' id='word_1_160' title='bbox 3411 735 3469 790; x_wconf 91' lang='lat' dir='ltr'>in</span> 
     </span>
    </p>
   </div>
   <div class='ocr_carea' id='block_1_21' title="bbox 1872 817 3470 893">
    <p class='ocr_par' dir='ltr' id='par_1_21' title="bbox 1872 817 3470 893">
     <span class='ocr_line' id='line_1_21' title="bbox 1872 817 3470 893; baseline 0.004 -23"><span class='ocrx_word' id='word_1_161' title='bbox 1872 817 2110 872; x_wconf 86' lang='lat' dir='ltr'><strong>Psalmis</strong></span> <span class='ocrx_word' id='word_1_162' title='bbox 2139 839 2149 872; x_wconf 94' lang='lat'>:</span> <span class='ocrx_word' id='word_1_163' title='bbox 2180 839 2202 870; x_wconf 75' lang='grc' dir='ltr'>ι</span> <span class='ocrx_word' id='word_1_164' title='bbox 2229 820 2500 874; x_wconf 90' lang='lat' dir='ltr'>Dominus</span> <span class='ocrx_word' id='word_1_165' title='bbox 2525 821 2792 893; x_wconf 85' lang='lat' dir='ltr'>supponit</span> <span class='ocrx_word' id='word_1_166' title='bbox 2819 838 3048 875; x_wconf 89' lang='lat' dir='ltr'>manum</span> <span class='ocrx_word' id='word_1_167' title='bbox 3068 838 3230 876; x_wconf 91' lang='lat' dir='ltr'>suam</span> <span class='ocrx_word' id='word_1_168' title='bbox 3257 821 3323 888; x_wconf 78' lang='grc'><strong>³³,</strong></span> <span class='ocrx_word' id='word_1_169' title='bbox 3354 842 3376 872; x_wconf 72' lang='grc' dir='ltr'>ι</span> <span class='ocrx_word' id='word_1_170' title='bbox 3411 822 3470 876; x_wconf 93' lang='lat' dir='ltr'>id</span> 
     </span>
    </p>
   </div>
   <div class='ocr_carea' id='block_1_22' title="bbox 1874 908 3470 980">
    <p class='ocr_par' dir='ltr' id='par_1_22' title="bbox 1874 908 3470 980">
     <span class='ocr_line' id='line_1_22' title="bbox 1874 908 3470 980; baseline 0.003 -21"><span class='ocrx_word' id='word_1_171' title='bbox 1874 912 1960 960; x_wconf 88' lang='lat' dir='ltr'>est</span> <span class='ocrx_word' id='word_1_172' title='bbox 1980 908 2224 978; x_wconf 85' lang='lat' dir='ltr'>gratiam</span> <span class='ocrx_word' id='word_1_173' title='bbox 2246 925 2406 962; x_wconf 91' lang='lat' dir='ltr'>suam</span> <span class='ocrx_word' id='word_1_174' title='bbox 2425 910 2515 980; x_wconf 89' lang='lat' dir='ltr'>adj</span> <span class='ocrx_word' id='word_1_175' title='bbox 2526 910 2759 964; x_wconf 91' lang='lat' dir='ltr'>utricem</span> <span class='ocrx_word' id='word_1_176' title='bbox 2780 911 3014 976; x_wconf 84' lang='lat' dir='ltr'>confert,</span> <span class='ocrx_word' id='word_1_177' title='bbox 3045 913 3262 976; x_wconf 77' lang='lat' dir='ltr'>Manus,</span> <span class='ocrx_word' id='word_1_178' title='bbox 3287 911 3470 965; x_wconf 91' lang='lat' dir='ltr'>muni-</span> 
     </span>
    </p>
   </div>
   <div class='ocr_carea' id='block_1_23' title="bbox 1873 997 3465 1070">
    <p class='ocr_par' dir='ltr' id='par_1_23' title="bbox 1873 997 3465 1070">
     <span class='ocr_line' id='line_1_23' title="bbox 1873 997 3465 1070; baseline 0.001 -20"><span class='ocrx_word' id='word_1_179' title='bbox 1873 997 2114 1061; x_wconf 89' lang='lat' dir='ltr'>ﬁcentia,</span> <span class='ocrx_word' id='word_1_180' title='bbox 2137 1002 2202 1050; x_wconf 90' lang='lat' dir='ltr'>ut</span> <span class='ocrx_word' id='word_1_181' title='bbox 2219 997 2278 1051; x_wconf 89' lang='lat' dir='ltr'>in</span> <span class='ocrx_word' id='word_1_182' title='bbox 2297 998 2564 1053; x_wconf 88' lang='lat' dir='ltr'><strong>Psalmis:</strong></span> <span class='ocrx_word' id='word_1_183' title='bbox 2587 1019 2610 1050; x_wconf 75' lang='grc' dir='ltr'><strong><em>ι</em></strong></span> <span class='ocrx_word' id='word_1_184' title='bbox 2642 1000 2912 1070; x_wconf 79' lang='lat' dir='ltr'>Apeiistu</span> <span class='ocrx_word' id='word_1_185' title='bbox 2935 1016 3166 1054; x_wconf 90' lang='lat' dir='ltr'>manum</span> <span class='ocrx_word' id='word_1_186' title='bbox 3185 999 3417 1065; x_wconf 68' lang='lat' dir='ltr'>tuam”,</span> <span class='ocrx_word' id='word_1_187' title='bbox 3438 1019 3465 1052; x_wconf 88' lang='lat'>»</span> 
     </span>
    </p>
   </div>
   <div class='ocr_carea' id='block_1_24' title="bbox 1871 1085 3467 1158">
    <p class='ocr_par' dir='ltr' id='par_1_24' title="bbox 1871 1085 3467 1158">
     <span class='ocr_line' id='line_1_24' title="bbox 1871 1085 3467 1158; baseline 0.003 -20"><span class='ocrx_word' id='word_1_188' title='bbox 1871 1085 1928 1140; x_wconf 91' lang='lat' dir='ltr'>id</span> <span class='ocrx_word' id='word_1_189' title='bbox 1951 1091 2054 1151; x_wconf 90' lang='lat' dir='ltr'>est,</span> <span class='ocrx_word' id='word_1_190' title='bbox 2087 1085 2320 1156; x_wconf 89' lang='lat' dir='ltr'>largiter</span> <span class='ocrx_word' id='word_1_191' title='bbox 2335 1087 2614 1158; x_wconf 91' lang='lat' dir='ltr'>impendis</span> <span class='ocrx_word' id='word_1_192' title='bbox 2644 1089 3088 1143; x_wconf 85' lang='lat' dir='ltr'>muniﬁcentiam</span> <span class='ocrx_word' id='word_1_193' title='bbox 3116 1097 3294 1143; x_wconf 88' lang='lat' dir='ltr'>tuam.</span> <span class='ocrx_word' id='word_1_194' title='bbox 3347 1091 3467 1144; x_wconf 80' lang='lat' dir='ltr'>Ma-</span> 
     </span>
    </p>
   </div>
   <div class='ocr_carea' id='block_1_25' title="bbox 1873 1175 3469 1249">
    <p class='ocr_par' dir='ltr' id='par_1_25' title="bbox 1873 1175 3469 1249">
     <span class='ocr_line' id='line_1_25' title="bbox 1873 1175 3469 1249; baseline 0.002 -20"><span class='ocrx_word' id='word_1_195' title='bbox 1873 1191 1998 1240; x_wconf 79' lang='lat' dir='ltr'>nus,</span> <span class='ocrx_word' id='word_1_196' title='bbox 2021 1175 2287 1242; x_wconf 83' lang='lat' dir='ltr'>vindicta,</span> <span class='ocrx_word' id='word_1_197' title='bbox 2320 1182 2385 1231; x_wconf 92' lang='lat' dir='ltr'>ut</span> <span class='ocrx_word' id='word_1_198' title='bbox 2432 1176 2491 1230; x_wconf 91' lang='lat' dir='ltr'>in</span> <span class='ocrx_word' id='word_1_199' title='bbox 2539 1177 2812 1231; x_wconf 85' lang='lat' dir='ltr'><strong>Psalmis:</strong></span> <span class='ocrx_word' id='word_1_200' title='bbox 2845 1196 2871 1230; x_wconf 74' lang='grc' dir='ltr'>α</span> <span class='ocrx_word' id='word_1_201' title='bbox 2903 1178 3264 1232; x_wconf 87' lang='lat' dir='ltr'>Conﬁrmasti</span> <span class='ocrx_word' id='word_1_202' title='bbox 3300 1195 3469 1249; x_wconf 89' lang='lat' dir='ltr'>super</span> 
     </span>
    </p>
   </div>
   <div class='ocr_carea' id='block_1_26' title="bbox 1870 1265 3467 1338">
    <p class='ocr_par' dir='ltr' id='par_1_26' title="bbox 1870 1265 3467 1338">
     <span class='ocr_line' id='line_1_26' title="bbox 1870 1265 3467 1338; baseline 0.003 -20"><span class='ocrx_word' id='word_1_203' title='bbox 1870 1281 1960 1318; x_wconf 93' lang='lat' dir='ltr'>me</span> <span class='ocrx_word' id='word_1_204' title='bbox 1990 1281 2221 1320; x_wconf 92' lang='lat' dir='ltr'>manum</span> <span class='ocrx_word' id='word_1_205' title='bbox 2249 1270 2407 1319; x_wconf 88' lang='lat' dir='ltr'>tuam</span> <span class='ocrx_word' id='word_1_206' title='bbox 2435 1265 2501 1332; x_wconf 80' lang='grc'>³⁴,</span> <span class='ocrx_word' id='word_1_207' title='bbox 2539 1285 2565 1319; x_wconf 80' lang='grc'><strong>»</strong></span> <span class='ocrx_word' id='word_1_208' title='bbox 2597 1266 2653 1320; x_wconf 93' lang='lat' dir='ltr'>id</span> <span class='ocrx_word' id='word_1_209' title='bbox 2685 1273 2789 1333; x_wconf 91' lang='lat' dir='ltr'>est,</span> <span class='ocrx_word' id='word_1_210' title='bbox 2819 1267 3136 1338; x_wconf 88' lang='lat' dir='ltr'>aggravasti</span> <span class='ocrx_word' id='word_1_211' title='bbox 3179 1284 3350 1338; x_wconf 91' lang='lat' dir='ltr'>super</span> <span class='ocrx_word' id='word_1_212' title='bbox 3377 1284 3467 1322; x_wconf 91' lang='lat' dir='ltr'>me</span> 
     </span>
    </p>
   </div>
   <div class='ocr_carea' id='block_1_27' title="bbox 1867 1353 3462 1427">
    <p class='ocr_par' dir='ltr' id='par_1_27' title="bbox 1867 1353 3462 1427">
     <span class='ocr_line' id='line_1_27' title="bbox 1867 1353 3462 1427; baseline 0.001 -20"><span class='ocrx_word' id='word_1_213' title='bbox 1867 1353 2169 1408; x_wconf 87' lang='lat' dir='ltr'>vindictam</span> <span class='ocrx_word' id='word_1_214' title='bbox 2215 1359 2390 1409; x_wconf 89' lang='lat' dir='ltr'>tuam.</span> <span class='ocrx_word' id='word_1_215' title='bbox 2440 1356 2658 1419; x_wconf 75' lang='lat' dir='ltr'>Manus,</span> <span class='ocrx_word' id='word_1_216' title='bbox 2694 1372 2833 1427; x_wconf 86' lang='lat' dir='ltr'>opus</span> <span class='ocrx_word' id='word_1_217' title='bbox 2871 1355 3100 1420; x_wconf 91' lang='lat' dir='ltr'>bonum,</span> <span class='ocrx_word' id='word_1_218' title='bbox 3131 1355 3273 1410; x_wconf 88' lang='lat' dir='ltr'>utin</span> <span class='ocrx_word' id='word_1_219' title='bbox 3315 1356 3419 1410; x_wconf 85' lang='lat' dir='ltr'>Job</span> <span class='ocrx_word' id='word_1_220' title='bbox 3451 1375 3462 1408; x_wconf 94' lang='lat'><strong>:</strong></span> 
     </span>
    </p>
   </div>
   <div class='ocr_carea' id='block_1_28' title="bbox 1872 1443 3463 1514">
    <p class='ocr_par' dir='ltr' id='par_1_28' title="bbox 1872 1443 3463 1514">
     <span class='ocr_line' id='line_1_28' title="bbox 1872 1443 3463 1514; baseline 0.004 -20"><span class='ocrx_word' id='word_1_221' title='bbox 1872 1460 1896 1492; x_wconf 75' lang='grc' dir='ltr'>ι</span> <span class='ocrx_word' id='word_1_222' title='bbox 1930 1443 2160 1496; x_wconf 87' lang='lat' dir='ltr'>Manum</span> <span class='ocrx_word' id='word_1_223' title='bbox 2182 1460 2366 1497; x_wconf 87' lang='lat' dir='ltr'><strong>meam</strong></span> <span class='ocrx_word' id='word_1_224' title='bbox 2394 1460 2599 1514; x_wconf 90' lang='lat' dir='ltr'>ponam</span> <span class='ocrx_word' id='word_1_225' title='bbox 2621 1461 2790 1514; x_wconf 89' lang='lat' dir='ltr'>super</span> <span class='ocrx_word' id='word_1_226' title='bbox 2815 1461 2876 1498; x_wconf 85' lang='lat' dir='ltr'>os</span> <span class='ocrx_word' id='word_1_227' title='bbox 2905 1461 3095 1498; x_wconf 91' lang='lat' dir='ltr'>meum</span> <span class='ocrx_word' id='word_1_228' title='bbox 3130 1444 3196 1510; x_wconf 70' lang='grc'>³⁵.</span> <span class='ocrx_word' id='word_1_229' title='bbox 3216 1463 3241 1496; x_wconf 86' lang='grc'><strong>››</strong></span> <span class='ocrx_word' id='word_1_230' title='bbox 3274 1444 3330 1498; x_wconf 92' lang='lat' dir='ltr'>id</span> <span class='ocrx_word' id='word_1_231' title='bbox 3360 1451 3463 1511; x_wconf 91' lang='lat' dir='ltr'>est,</span> 
     </span>
    </p>
   </div>
   <div class='ocr_carea' id='block_1_29' title="bbox 200 1529 3466 1604">
    <p class='ocr_par' dir='ltr' id='par_1_29' title="bbox 200 1529 3466 1604">
     <span class='ocr_line' id='line_1_29' title="bbox 200 1529 3466 1604; baseline 0.002 -22"><span class='ocrx_word' id='word_1_232' title='bbox 200 1536 324 1583; x_wconf 69' lang='lat' dir='ltr'>tum</span> <span class='ocrx_word' id='word_1_233' title='bbox 350 1529 503 1595; x_wconf 66' lang='lat' dir='ltr'>vitae,</span> <span class='ocrx_word' id='word_1_234' title='bbox 524 1536 588 1584; x_wconf 93' lang='lat' dir='ltr'>ut</span> <span class='ocrx_word' id='word_1_235' title='bbox 614 1531 672 1584; x_wconf 92' lang='lat' dir='ltr'>in</span> <span class='ocrx_word' id='word_1_236' title='bbox 703 1531 941 1584; x_wconf 87' lang='lat' dir='ltr'><strong>Psalmis</strong></span> <span class='ocrx_word' id='word_1_237' title='bbox 965 1549 976 1584; x_wconf 91' lang='lat'><strong>:</strong></span> <span class='ocrx_word' id='word_1_238' title='bbox 1003 1549 1029 1582; x_wconf 75' lang='grc' dir='ltr'><strong><em>α</em></strong></span> <span class='ocrx_word' id='word_1_239' title='bbox 1051 1532 1214 1586; x_wconf 89' lang='lat' dir='ltr'>Mane</span> <span class='ocrx_word' id='word_1_240' title='bbox 1245 1531 1442 1586; x_wconf 87' lang='lat' dir='ltr'><strong>astabo</strong></span> <span class='ocrx_word' id='word_1_241' title='bbox 1472 1531 1592 1596; x_wconf 90' lang='lat' dir='ltr'>tibi,</span> <span class='ocrx_word' id='word_1_242' title='bbox 1627 1537 1681 1585; x_wconf 91' lang='lat' dir='ltr'>et</span> <span class='ocrx_word' id='word_1_243' title='bbox 1701 1531 1785 1584; x_wconf 89' lang='lat' dir='ltr'>vi-</span> <span class='ocrx_word' id='word_1_244' title='bbox 1867 1547 1969 1602; x_wconf 90' lang='lat' dir='ltr'>per</span> <span class='ocrx_word' id='word_1_245' title='bbox 1997 1548 2137 1602; x_wconf 91' lang='lat' dir='ltr'>opus</span> <span class='ocrx_word' id='word_1_246' title='bbox 2167 1531 2376 1587; x_wconf 90' lang='lat' dir='ltr'>bonum</span> <span class='ocrx_word' id='word_1_247' title='bbox 2408 1533 2657 1604; x_wconf 80' lang='lat' dir='ltr'>purgabo</span> <span class='ocrx_word' id='word_1_248' title='bbox 2705 1534 3043 1587; x_wconf 91' lang='lat' dir='ltr'>locutionem</span> <span class='ocrx_word' id='word_1_249' title='bbox 3087 1550 3273 1587; x_wconf 88' lang='lat' dir='ltr'><strong>meam</strong></span> <span class='ocrx_word' id='word_1_250' title='bbox 3301 1533 3466 1588; x_wconf 90' lang='lat' dir='ltr'>illici-</span> 
     </span>
    </p>
   </div>
   <div class='ocr_carea' id='block_1_30' title="bbox 197 1617 3464 1692">
    <p class='ocr_par' dir='ltr' id='par_1_30' title="bbox 197 1617 3464 1692">
     <span class='ocr_line' id='line_1_30' title="bbox 197 1617 3464 1692; baseline 0.001 -22"><span class='ocrx_word' id='word_1_251' title='bbox 197 1617 321 1671; x_wconf 90' lang='lat' dir='ltr'>debo</span> <span class='ocrx_word' id='word_1_252' title='bbox 351 1619 391 1680; x_wconf 83' lang='grc'>⁵,</span> <span class='ocrx_word' id='word_1_253' title='bbox 435 1637 465 1671; x_wconf 72' lang='grc' dir='ltr'>ι</span> <span class='ocrx_word' id='word_1_254' title='bbox 498 1619 647 1690; x_wconf 90' lang='lat' dir='ltr'>quod</span> <span class='ocrx_word' id='word_1_255' title='bbox 673 1625 871 1674; x_wconf 86' lang='lat' dir='ltr'>sancta</span> <span class='ocrx_word' id='word_1_256' title='bbox 895 1620 1140 1674; x_wconf 88' lang='lat' dir='ltr'><strong>Ecclesia</strong></span> <span class='ocrx_word' id='word_1_257' title='bbox 1172 1621 1230 1674; x_wconf 89' lang='lat' dir='ltr'>in</span> <span class='ocrx_word' id='word_1_258' title='bbox 1260 1620 1450 1674; x_wconf 87' lang='lat' dir='ltr'>futuro</span> <span class='ocrx_word' id='word_1_259' title='bbox 1479 1620 1657 1674; x_wconf 89' lang='lat' dir='ltr'>vultui</span> <span class='ocrx_word' id='word_1_260' title='bbox 1686 1619 1786 1674; x_wconf 92' lang='lat' dir='ltr'>Dei</span> <span class='ocrx_word' id='word_1_261' title='bbox 1867 1623 2004 1672; x_wconf 90' lang='lat' dir='ltr'>tam.</span> <span class='ocrx_word' id='word_1_262' title='bbox 2032 1622 2250 1684; x_wconf 81' lang='lat' dir='ltr'>Manus,</span> <span class='ocrx_word' id='word_1_263' title='bbox 2270 1621 2352 1675; x_wconf 87' lang='lat' dir='ltr'>vis</span> <span class='ocrx_word' id='word_1_264' title='bbox 2373 1637 2628 1692; x_wconf 68' lang='lat' dir='ltr'>supernae</span> <span class='ocrx_word' id='word_1_265' title='bbox 2667 1621 2908 1686; x_wconf 86' lang='lat' dir='ltr'>virtutis,</span> <span class='ocrx_word' id='word_1_266' title='bbox 2953 1626 3018 1675; x_wconf 93' lang='lat' dir='ltr'>ut</span> <span class='ocrx_word' id='word_1_267' title='bbox 3045 1621 3103 1674; x_wconf 92' lang='lat' dir='ltr'>in</span> <span class='ocrx_word' id='word_1_268' title='bbox 3135 1621 3417 1676; x_wconf 87' lang='lat' dir='ltr'><strong>Ezechiele</strong></span> <span class='ocrx_word' id='word_1_269' title='bbox 3452 1640 3464 1674; x_wconf 91' lang='lat'><strong>:</strong></span> 
     </span>
    </p>
   </div>
   <div class='ocr_carea' id='block_1_31' title="bbox 195 1707 3469 1786">
    <p class='ocr_par' dir='ltr' id='par_1_31' title="bbox 195 1707 3469 1786">
     <span class='ocr_line' id='line_1_31' title="bbox 195 1707 3469 1786; baseline 0.001 -26"><span class='ocrx_word' id='word_1_270' title='bbox 195 1708 426 1774; x_wconf 85' lang='lat' dir='ltr'>assistet,</span> <span class='ocrx_word' id='word_1_271' title='bbox 461 1724 702 1778; x_wconf 90' lang='lat' dir='ltr'>eumque</span> <span class='ocrx_word' id='word_1_272' title='bbox 727 1708 1219 1780; x_wconf 89' lang='lat' dir='ltr'>contemplabitur.</span> <span class='ocrx_word' id='word_1_273' title='bbox 1251 1711 1429 1776; x_wconf 83' lang='lat' dir='ltr'>Mane,</span> <span class='ocrx_word' id='word_1_274' title='bbox 1445 1709 1620 1780; x_wconf 91' lang='lat' dir='ltr'>prius,</span> <span class='ocrx_word' id='word_1_275' title='bbox 1645 1714 1709 1762; x_wconf 93' lang='lat' dir='ltr'>ut</span> <span class='ocrx_word' id='word_1_276' title='bbox 1728 1709 1786 1762; x_wconf 90' lang='lat' dir='ltr'>in</span> <span class='ocrx_word' id='word_1_277' title='bbox 1803 1727 1850 1786; x_wconf 82' lang='lat' dir='ltr'><strong>B</strong></span> <span class='ocrx_word' id='word_1_278' title='bbox 1873 1727 1897 1758; x_wconf 84' lang='grc'><strong><em>‹</em></strong></span> <span class='ocrx_word' id='word_1_279' title='bbox 1933 1707 2253 1762; x_wconf 91' lang='lat' dir='ltr'>Similitudo</span> <span class='ocrx_word' id='word_1_280' title='bbox 2283 1726 2484 1763; x_wconf 90' lang='lat' dir='ltr'>manus</span> <span class='ocrx_word' id='word_1_281' title='bbox 2503 1710 2875 1781; x_wconf 86' lang='lat' dir='ltr'>apprehendit</span> <span class='ocrx_word' id='word_1_282' title='bbox 2894 1727 2983 1764; x_wconf 91' lang='lat' dir='ltr'>me</span> <span class='ocrx_word' id='word_1_283' title='bbox 3009 1709 3074 1775; x_wconf 71' lang='grc'>³⁸,</span> <span class='ocrx_word' id='word_1_284' title='bbox 3112 1728 3139 1763; x_wconf 66' lang='grc' dir='ltr'><strong><em>ι</em></strong></span> <span class='ocrx_word' id='word_1_285' title='bbox 3165 1711 3220 1764; x_wconf 92' lang='lat' dir='ltr'>id</span> <span class='ocrx_word' id='word_1_286' title='bbox 3253 1716 3356 1777; x_wconf 91' lang='lat' dir='ltr'>est,</span> <span class='ocrx_word' id='word_1_287' title='bbox 3387 1711 3469 1764; x_wconf 86' lang='lat' dir='ltr'>vis</span> 
     </span>
    </p>
   </div>
   <div class='ocr_carea' id='block_1_32' title="bbox 197 1796 3470 1869">
    <p class='ocr_par' dir='ltr' id='par_1_32' title="bbox 197 1796 3470 1869">
     <span class='ocr_line' id='line_1_32' title="bbox 197 1796 3470 1869; baseline 0.001 -19"><span class='ocrx_word' id='word_1_288' title='bbox 197 1796 380 1850; x_wconf 88' lang='lat' dir='ltr'>Genesi</span> <span class='ocrx_word' id='word_1_289' title='bbox 414 1815 428 1848; x_wconf 78' lang='grc' dir='ltr'>ε</span> <span class='ocrx_word' id='word_1_290' title='bbox 466 1815 491 1846; x_wconf 73' lang='grc' dir='ltr'>α</span> <span class='ocrx_word' id='word_1_291' title='bbox 516 1797 680 1851; x_wconf 89' lang='lat' dir='ltr'>Mane</span> <span class='ocrx_word' id='word_1_292' title='bbox 727 1797 982 1851; x_wconf 90' lang='lat' dir='ltr'>comedet</span> <span class='ocrx_word' id='word_1_293' title='bbox 1037 1798 1284 1868; x_wconf 73' lang='lat' dir='ltr'>praedam</span> <span class='ocrx_word' id='word_1_294' title='bbox 1303 1798 1345 1864; x_wconf 76' lang='grc'>⁸,</span> <span class='ocrx_word' id='word_1_295' title='bbox 1383 1817 1407 1849; x_wconf 74' lang='grc' dir='ltr'><strong><em>ι</em></strong></span> <span class='ocrx_word' id='word_1_296' title='bbox 1446 1799 1592 1869; x_wconf 89' lang='lat' dir='ltr'>quod</span> <span class='ocrx_word' id='word_1_297' title='bbox 1633 1797 1788 1869; x_wconf 75' lang='lat' dir='ltr'>prius</span> <span class='ocrx_word' id='word_1_298' title='bbox 1869 1796 2356 1867; x_wconf 69' lang='lat' dir='ltr'>supernaevirtutis</span> <span class='ocrx_word' id='word_1_299' title='bbox 2370 1797 2610 1869; x_wconf 89' lang='lat' dir='ltr'>arripuit</span> <span class='ocrx_word' id='word_1_300' title='bbox 2624 1800 2970 1862; x_wconf 68' lang='lat' dir='ltr'>meJlIanus,</span> <span class='ocrx_word' id='word_1_301' title='bbox 2993 1799 3142 1853; x_wconf 89' lang='lat' dir='ltr'>actio</span> <span class='ocrx_word' id='word_1_302' title='bbox 3161 1797 3389 1864; x_wconf 88' lang='lat' dir='ltr'>Christi,</span> <span class='ocrx_word' id='word_1_303' title='bbox 3406 1805 3470 1853; x_wconf 91' lang='lat' dir='ltr'>ut</span> 
     </span>
    </p>
   </div>
   <div class='ocr_carea' id='block_1_33' title="bbox 196 1884 3466 1958">
    <p class='ocr_par' dir='ltr' id='par_1_33' title="bbox 196 1884 3466 1958">
     <span class='ocr_line' id='line_1_33' title="bbox 196 1884 3466 1958; baseline 0.001 -19"><span class='ocrx_word' id='word_1_304' title='bbox 196 1892 439 1940; x_wconf 87' lang='lat' dir='ltr'>sanctam</span> <span class='ocrx_word' id='word_1_305' title='bbox 457 1885 760 1940; x_wconf 88' lang='lat' dir='ltr'>Ecclesiam</span> <span class='ocrx_word' id='word_1_306' title='bbox 781 1886 976 1940; x_wconf 83' lang='lat' dir='ltr'>affixit.</span> <span class='ocrx_word' id='word_1_307' title='bbox 993 1888 1170 1952; x_wconf 77' lang='lat' dir='ltr'>Mane,</span> <span class='ocrx_word' id='word_1_308' title='bbox 1191 1887 1524 1940; x_wconf 88' lang='lat' dir='ltr'>resurrectio</span> <span class='ocrx_word' id='word_1_309' title='bbox 1555 1887 1782 1952; x_wconf 88' lang='lat' dir='ltr'>Christi,</span> <span class='ocrx_word' id='word_1_310' title='bbox 1868 1884 1927 1938; x_wconf 91' lang='lat' dir='ltr'>in</span> <span class='ocrx_word' id='word_1_311' title='bbox 1946 1885 2229 1939; x_wconf 88' lang='lat' dir='ltr'>Ezechiele</span> <span class='ocrx_word' id='word_1_312' title='bbox 2255 1904 2265 1938; x_wconf 94' lang='lat'><strong>:</strong></span> <span class='ocrx_word' id='word_1_313' title='bbox 2291 1906 2312 1937; x_wconf 73' lang='grc' dir='ltr'>ι</span> <span class='ocrx_word' id='word_1_314' title='bbox 2345 1887 2544 1940; x_wconf 83' lang='lat' dir='ltr'>Manus</span> <span class='ocrx_word' id='word_1_315' title='bbox 2563 1887 2806 1941; x_wconf 89' lang='lat' dir='ltr'>hominis</span> <span class='ocrx_word' id='word_1_316' title='bbox 2828 1887 2931 1940; x_wconf 92' lang='lat' dir='ltr'>sub</span> <span class='ocrx_word' id='word_1_317' title='bbox 2945 1888 3145 1958; x_wconf 88' lang='lat' dir='ltr'>pennis</span> <span class='ocrx_word' id='word_1_318' title='bbox 3175 1904 3370 1941; x_wconf 91' lang='lat' dir='ltr'>eorum</span> <span class='ocrx_word' id='word_1_319' title='bbox 3399 1886 3466 1956; x_wconf 84' lang='grc'>³⁷,</span> 
     </span>
    </p>
   </div>
   <div class='ocr_carea' id='block_1_34' title="bbox 197 1973 3470 2048">
    <p class='ocr_par' dir='ltr' id='par_1_34' title="bbox 197 1973 3470 2048">
     <span class='ocr_line' id='line_1_34' title="bbox 197 1973 3470 2048; baseline 0.001 -20"><span class='ocrx_word' id='word_1_320' title='bbox 197 1981 250 2028; x_wconf 90' lang='lat' dir='ltr'>ut</span> <span class='ocrx_word' id='word_1_321' title='bbox 276 1975 328 2028; x_wconf 87' lang='lat' dir='ltr'>in</span> <span class='ocrx_word' id='word_1_322' title='bbox 347 1974 594 2028; x_wconf 84' lang='lat' dir='ltr'>Psalmis</span> <span class='ocrx_word' id='word_1_323' title='bbox 620 1993 632 2028; x_wconf 90' lang='lat'>:</span> <span class='ocrx_word' id='word_1_324' title='bbox 659 1994 686 2026; x_wconf 85' lang='lat'>«</span> <span class='ocrx_word' id='word_1_325' title='bbox 718 1975 962 2046; x_wconf 77' lang='lat' dir='ltr'>Vespere</span> <span class='ocrx_word' id='word_1_326' title='bbox 990 1981 1048 2029; x_wconf 92' lang='lat' dir='ltr'>et</span> <span class='ocrx_word' id='word_1_327' title='bbox 1074 1975 1294 2038; x_wconf 77' lang='lat' dir='ltr'>mane&quot;,</span> <span class='ocrx_word' id='word_1_328' title='bbox 1320 1996 1341 2026; x_wconf 76' lang='grc' dir='ltr'><strong>ι</strong></span> <span class='ocrx_word' id='word_1_329' title='bbox 1374 1975 1431 2029; x_wconf 92' lang='lat' dir='ltr'>id</span> <span class='ocrx_word' id='word_1_330' title='bbox 1462 1981 1565 2040; x_wconf 87' lang='lat' dir='ltr'>est,</span> <span class='ocrx_word' id='word_1_331' title='bbox 1583 1976 1640 2028; x_wconf 94' lang='lat' dir='ltr'>in</span> <span class='ocrx_word' id='word_1_332' title='bbox 1656 1993 1784 2046; x_wconf 88' lang='lat' dir='ltr'>pas-</span> <span class='ocrx_word' id='word_1_333' title='bbox 1869 1973 1924 2026; x_wconf 91' lang='lat' dir='ltr'>id</span> <span class='ocrx_word' id='word_1_334' title='bbox 1941 1979 2027 2027; x_wconf 90' lang='lat' dir='ltr'>est</span> <span class='ocrx_word' id='word_1_335' title='bbox 2041 1973 2282 2028; x_wconf 83' lang='lat' dir='ltr'>imitatio</span> <span class='ocrx_word' id='word_1_336' title='bbox 2301 1975 2536 2029; x_wconf 89' lang='lat' dir='ltr'>actionis</span> <span class='ocrx_word' id='word_1_337' title='bbox 2557 1975 2766 2029; x_wconf 87' lang='lat' dir='ltr'>Christi</span> <span class='ocrx_word' id='word_1_338' title='bbox 2787 1975 2889 2029; x_wconf 92' lang='lat' dir='ltr'>sub</span> <span class='ocrx_word' id='word_1_339' title='bbox 2924 1977 3112 2030; x_wconf 83' lang='lat' dir='ltr'>volatu</span> <span class='ocrx_word' id='word_1_340' title='bbox 3130 1978 3470 2048; x_wconf 82' lang='lat' dir='ltr'>contempla-</span> 
     </span>
    </p>
   </div>
   <div class='ocr_carea' id='block_1_35' title="bbox 195 2062 3466 2135">
    <p class='ocr_par' dir='ltr' id='par_1_35' title="bbox 195 2062 3466 2135">
     <span class='ocr_line' id='line_1_35' title="bbox 195 2062 3466 2135; baseline 0.001 -19"><span class='ocrx_word' id='word_1_341' title='bbox 195 2063 334 2117; x_wconf 89' lang='lat' dir='ltr'>sione</span> <span class='ocrx_word' id='word_1_342' title='bbox 361 2069 426 2117; x_wconf 89' lang='lat' dir='ltr'>et</span> <span class='ocrx_word' id='word_1_343' title='bbox 453 2065 882 2118; x_wconf 89' lang='lat' dir='ltr'>resurrectione.</span> <span class='ocrx_word' id='word_1_344' title='bbox 905 2067 1083 2130; x_wconf 80' lang='lat' dir='ltr'>Mane,</span> <span class='ocrx_word' id='word_1_345' title='bbox 1118 2065 1301 2135; x_wconf 90' lang='lat' dir='ltr'>prima</span> <span class='ocrx_word' id='word_1_346' title='bbox 1323 2069 1458 2118; x_wconf 70' lang='lat' dir='ltr'>aetas</span> <span class='ocrx_word' id='word_1_347' title='bbox 1506 2064 1702 2118; x_wconf 93' lang='lat' dir='ltr'>mundi</span> <span class='ocrx_word' id='word_1_348' title='bbox 1731 2065 1790 2118; x_wconf 91' lang='lat' dir='ltr'>in</span> <span class='ocrx_word' id='word_1_349' title='bbox 1872 2062 2041 2116; x_wconf 86' lang='lat' dir='ltr'>tionis</span> <span class='ocrx_word' id='word_1_350' title='bbox 2064 2079 2279 2117; x_wconf 91' lang='lat' dir='ltr'>eorum.</span> <span class='ocrx_word' id='word_1_351' title='bbox 2297 2065 2516 2129; x_wconf 76' lang='lat' dir='ltr'>Manus,</span> <span class='ocrx_word' id='word_1_352' title='bbox 2541 2071 2790 2134; x_wconf 89' lang='lat' dir='ltr'>potestas</span> <span class='ocrx_word' id='word_1_353' title='bbox 2807 2065 2927 2128; x_wconf 90' lang='lat' dir='ltr'>Dei,</span> <span class='ocrx_word' id='word_1_354' title='bbox 2954 2070 3018 2118; x_wconf 93' lang='lat' dir='ltr'><strong>ut</strong></span> <span class='ocrx_word' id='word_1_355' title='bbox 3046 2065 3106 2118; x_wconf 89' lang='lat' dir='ltr'>in</span> <span class='ocrx_word' id='word_1_356' title='bbox 3135 2066 3420 2120; x_wconf 87' lang='lat' dir='ltr'>Ezechiele</span> <span class='ocrx_word' id='word_1_357' title='bbox 3451 2083 3466 2119; x_wconf 90' lang='lat'><strong>:</strong></span> 
     </span>
    </p>
   </div>
   <div class='ocr_carea' id='block_1_36' title="bbox 196 2152 3468 2224">
    <p class='ocr_par' dir='ltr' id='par_1_36' title="bbox 196 2152 3468 2224">
     <span class='ocr_line' id='line_1_36' title="bbox 196 2152 3468 2224; baseline 0.001 -20"><span class='ocrx_word' id='word_1_358' title='bbox 196 2152 486 2222; x_wconf 83' lang='lat' dir='ltr'>Evangelio</span> <span class='ocrx_word' id='word_1_359' title='bbox 520 2171 532 2206; x_wconf 92' lang='lat'><strong>:</strong></span> <span class='ocrx_word' id='word_1_360' title='bbox 567 2170 591 2202; x_wconf 76' lang='grc' dir='ltr'>ι</span> <span class='ocrx_word' id='word_1_361' title='bbox 623 2153 811 2206; x_wconf 91' lang='lat' dir='ltr'>Primo</span> <span class='ocrx_word' id='word_1_362' title='bbox 859 2169 1024 2207; x_wconf 90' lang='lat' dir='ltr'>mane</span> <span class='ocrx_word' id='word_1_363' title='bbox 1069 2154 1381 2207; x_wconf 90' lang='lat' dir='ltr'>conducere</span> <span class='ocrx_word' id='word_1_364' title='bbox 1409 2152 1696 2224; x_wconf 90' lang='lat' dir='ltr'>operarios</span> <span class='ocrx_word' id='word_1_365' title='bbox 1730 2152 1788 2206; x_wconf 89' lang='lat' dir='ltr'>in</span> <span class='ocrx_word' id='word_1_366' title='bbox 1875 2169 1901 2202; x_wconf 70' lang='grc' dir='ltr'><strong>α</strong></span> <span class='ocrx_word' id='word_1_367' title='bbox 1924 2152 2375 2222; x_wconf 88' lang='lat' dir='ltr'>Factaestsuper</span> <span class='ocrx_word' id='word_1_368' title='bbox 2391 2169 2482 2206; x_wconf 91' lang='lat' dir='ltr'>me</span> <span class='ocrx_word' id='word_1_369' title='bbox 2494 2169 2694 2206; x_wconf 91' lang='lat' dir='ltr'>manus</span> <span class='ocrx_word' id='word_1_370' title='bbox 2714 2152 3014 2218; x_wconf 62' lang='lat' dir='ltr'>Domini”,</span> <span class='ocrx_word' id='word_1_371' title='bbox 3035 2172 3062 2206; x_wconf 79' lang='grc'>»</span> <span class='ocrx_word' id='word_1_372' title='bbox 3091 2153 3148 2206; x_wconf 92' lang='lat' dir='ltr'>id</span> <span class='ocrx_word' id='word_1_373' title='bbox 3175 2159 3278 2218; x_wconf 90' lang='lat' dir='ltr'>est,</span> <span class='ocrx_word' id='word_1_374' title='bbox 3311 2170 3468 2207; x_wconf 90' lang='lat' dir='ltr'>reve-</span> 
     </span>
    </p>
   </div>
   <div class='ocr_carea' id='block_1_37' title="bbox 194 2240 1787 2313">
    <p class='ocr_par' dir='ltr' id='par_1_37' title="bbox 194 2240 1787 2313">
     <span class='ocr_line' id='line_1_37' title="bbox 194 2240 1787 2313; baseline 0.003 -22"><span class='ocrx_word' id='word_1_375' title='bbox 194 2240 402 2294; x_wconf 84' lang='lat' dir='ltr'>vineam</span> <span class='ocrx_word' id='word_1_376' title='bbox 429 2258 592 2295; x_wconf 89' lang='lat' dir='ltr'>suam</span> <span class='ocrx_word' id='word_1_377' title='bbox 621 2242 664 2307; x_wconf 80' lang='grc'>⁸,</span> <span class='ocrx_word' id='word_1_378' title='bbox 697 2261 721 2291; x_wconf 71' lang='grc' dir='ltr'><strong><em>ι</em></strong></span> <span class='ocrx_word' id='word_1_379' title='bbox 748 2243 896 2312; x_wconf 91' lang='lat' dir='ltr'>quod</span> <span class='ocrx_word' id='word_1_380' title='bbox 923 2242 983 2295; x_wconf 92' lang='lat' dir='ltr'>in</span> <span class='ocrx_word' id='word_1_381' title='bbox 1015 2241 1197 2313; x_wconf 90' lang='lat' dir='ltr'>prima</span> <span class='ocrx_word' id='word_1_382' title='bbox 1218 2248 1383 2296; x_wconf 70' lang='lat' dir='ltr'>aetate</span> <span class='ocrx_word' id='word_1_383' title='bbox 1411 2241 1608 2296; x_wconf 92' lang='lat' dir='ltr'>mundi</span> <span class='ocrx_word' id='word_1_384' title='bbox 1638 2242 1787 2296; x_wconf 91' lang='lat' dir='ltr'>Deus</span> 
     </span>
    </p>
   </div>
   <div class='ocr_carea' id='block_1_38' title="bbox 195 2329 1783 2401">
    <p class='ocr_par' dir='ltr' id='par_1_38' title="bbox 195 2329 1783 2401">
     <span class='ocr_line' id='line_1_38' title="bbox 195 2329 1783 2401; baseline 0.001 -19"><span class='ocrx_word' id='word_1_385' title='bbox 195 2329 488 2384; x_wconf 81' lang='lat' dir='ltr'>Ecclesiam</span> <span class='ocrx_word' id='word_1_386' title='bbox 512 2347 674 2384; x_wconf 89' lang='lat' dir='ltr'>suam</span> <span class='ocrx_word' id='word_1_387' title='bbox 697 2331 961 2384; x_wconf 85' lang='lat' dir='ltr'>extollere</span> <span class='ocrx_word' id='word_1_388' title='bbox 982 2347 1094 2384; x_wconf 92' lang='lat' dir='ltr'>non</span> <span class='ocrx_word' id='word_1_389' title='bbox 1108 2337 1307 2385; x_wconf 90' lang='lat' dir='ltr'>cessat.</span> <span class='ocrx_word' id='word_1_390' title='bbox 1328 2333 1506 2396; x_wconf 75' lang='lat' dir='ltr'>Mane,</span> <span class='ocrx_word' id='word_1_391' title='bbox 1523 2330 1783 2401; x_wconf 86' lang='lat' dir='ltr'>pueritia,</span> 
     </span>
    </p>
   </div>
   <div class='ocr_carea' id='block_1_39' title="bbox 196 2418 1782 2485">
    <p class='ocr_par' dir='ltr' id='par_1_39' title="bbox 196 2418 1782 2485">
     <span class='ocr_line' id='line_1_39' title="bbox 196 2418 1782 2485; baseline 0.001 -13"><span class='ocrx_word' id='word_1_392' title='bbox 196 2423 252 2472; x_wconf 86' lang='lat' dir='ltr'>ut</span> <span class='ocrx_word' id='word_1_393' title='bbox 277 2418 333 2472; x_wconf 92' lang='lat' dir='ltr'>in</span> <span class='ocrx_word' id='word_1_394' title='bbox 363 2419 706 2472; x_wconf 82' lang='lat' dir='ltr'><strong>Ecclesiaste</strong></span> <span class='ocrx_word' id='word_1_395' title='bbox 741 2439 752 2472; x_wconf 96' lang='lat'>:</span> <span class='ocrx_word' id='word_1_396' title='bbox 783 2439 810 2470; x_wconf 77' lang='grc' dir='ltr'><strong><em>α</em></strong></span> <span class='ocrx_word' id='word_1_397' title='bbox 840 2420 1004 2473; x_wconf 90' lang='lat' dir='ltr'>Mane</span> <span class='ocrx_word' id='word_1_398' title='bbox 1033 2420 1250 2474; x_wconf 87' lang='lat' dir='ltr'>semina</span> <span class='ocrx_word' id='word_1_399' title='bbox 1270 2437 1462 2474; x_wconf 89' lang='lat' dir='ltr'><strong>semen</strong></span> <span class='ocrx_word' id='word_1_400' title='bbox 1490 2425 1654 2474; x_wconf 92' lang='lat' dir='ltr'>tuum</span> <span class='ocrx_word' id='word_1_401' title='bbox 1683 2420 1723 2485; x_wconf 74' lang='grc' dir='ltr'><strong>θ,</strong></span> <span class='ocrx_word' id='word_1_402' title='bbox 1756 2437 1782 2473; x_wconf 69' lang='grc' dir='ltr'><strong><em>ι</em></strong></span> 
     </span>
    </p>
   </div>
   <div class='ocr_carea' id='block_1_40' title="bbox 194 2507 1496 2579">
    <p class='ocr_par' dir='ltr' id='par_1_40' title="bbox 194 2507 1496 2579">
     <span class='ocr_line' id='line_1_40' title="bbox 194 2507 1496 2579; baseline 0 -19"><span class='ocrx_word' id='word_1_403' title='bbox 194 2507 243 2560; x_wconf 91' lang='lat' dir='ltr'>id</span> <span class='ocrx_word' id='word_1_404' title='bbox 269 2514 367 2573; x_wconf 84' lang='lat' dir='ltr'>est,</span> <span class='ocrx_word' id='word_1_405' title='bbox 405 2507 479 2560; x_wconf 86' lang='lat' dir='ltr'>ab</span> <span class='ocrx_word' id='word_1_406' title='bbox 498 2507 622 2578; x_wconf 89' lang='lat' dir='ltr'>ipsa</span> <span class='ocrx_word' id='word_1_407' title='bbox 647 2507 890 2579; x_wconf 74' lang='lat' dir='ltr'>pueritia</span> <span class='ocrx_word' id='word_1_408' title='bbox 917 2507 1096 2579; x_wconf 91' lang='lat' dir='ltr'>incipe</span> <span class='ocrx_word' id='word_1_409' title='bbox 1127 2507 1267 2562; x_wconf 90' lang='lat' dir='ltr'>bene</span> <span class='ocrx_word' id='word_1_410' title='bbox 1295 2509 1496 2563; x_wconf 88' lang='lat' dir='ltr'>vivere.</span> 
     </span>
    </p>
   </div>
   <div class='ocr_carea' id='block_1_41' title="bbox 256 2595 1786 2668">
    <p class='ocr_par' dir='ltr' id='par_1_41' title="bbox 256 2595 1786 2668">
     <span class='ocr_line' id='line_1_41' title="bbox 256 2595 1786 2668; baseline 0 -18"><span class='ocrx_word' id='word_1_411' title='bbox 256 2598 603 2650; x_wconf 71' lang='lat' dir='ltr'>Matutinum</span> <span class='ocrx_word' id='word_1_412' title='bbox 628 2602 715 2650; x_wconf 91' lang='lat' dir='ltr'>est</span> <span class='ocrx_word' id='word_1_413' title='bbox 736 2595 1096 2668; x_wconf 88' lang='lat' dir='ltr'>prosperitas,</span> <span class='ocrx_word' id='word_1_414' title='bbox 1123 2602 1187 2650; x_wconf 91' lang='lat' dir='ltr'>ut</span> <span class='ocrx_word' id='word_1_415' title='bbox 1213 2597 1271 2650; x_wconf 92' lang='lat' dir='ltr'>in</span> <span class='ocrx_word' id='word_1_416' title='bbox 1293 2595 1529 2650; x_wconf 90' lang='lat' dir='ltr'>Psalmis</span> <span class='ocrx_word' id='word_1_417' title='bbox 1553 2614 1564 2649; x_wconf 92' lang='lat'>:</span> <span class='ocrx_word' id='word_1_418' title='bbox 1604 2615 1628 2647; x_wconf 84' lang='grc'><strong><em>‹</em></strong></span> <span class='ocrx_word' id='word_1_419' title='bbox 1664 2596 1786 2650; x_wconf 88' lang='lat' dir='ltr'>Exi-</span> 
     </span>
    </p>
   </div>
   <div class='ocr_carea' id='block_1_42' title="bbox 196 2685 1784 2756">
    <p class='ocr_par' dir='ltr' id='par_1_42' title="bbox 196 2685 1784 2756">
     <span class='ocr_line' id='line_1_42' title="bbox 196 2685 1784 2756; baseline 0.001 -18"><span class='ocrx_word' id='word_1_420' title='bbox 196 2693 276 2738; x_wconf 88' lang='lat' dir='ltr'>tus</span> <span class='ocrx_word' id='word_1_421' title='bbox 300 2685 571 2740; x_wconf 88' lang='lat' dir='ltr'>matutini</span> <span class='ocrx_word' id='word_1_422' title='bbox 585 2691 643 2739; x_wconf 92' lang='lat' dir='ltr'><strong>et</strong></span> <span class='ocrx_word' id='word_1_423' title='bbox 662 2688 684 2709; x_wconf 80' lang='lat'>&#39;</span> <span class='ocrx_word' id='word_1_424' title='bbox 705 2702 932 2756; x_wconf 89' lang='lat' dir='ltr'>vespere</span> <span class='ocrx_word' id='word_1_425' title='bbox 970 2685 1272 2739; x_wconf 88' lang='lat' dir='ltr'>delectabis</span> <span class='ocrx_word' id='word_1_426' title='bbox 1293 2687 1356 2752; x_wconf 62' lang='lat'>‘5,</span> <span class='ocrx_word' id='word_1_427' title='bbox 1380 2703 1408 2736; x_wconf 72' lang='grc' dir='ltr'><strong><em>ι</em></strong></span> <span class='ocrx_word' id='word_1_428' title='bbox 1432 2685 1489 2739; x_wconf 92' lang='lat' dir='ltr'>id</span> <span class='ocrx_word' id='word_1_429' title='bbox 1517 2691 1621 2751; x_wconf 89' lang='lat' dir='ltr'>est,</span> <span class='ocrx_word' id='word_1_430' title='bbox 1655 2701 1784 2740; x_wconf 86' lang='lat' dir='ltr'>con-</span> 
     </span>
    </p>
   </div>
   <div class='ocr_carea' id='block_1_43' title="bbox 1871 2241 3470 2313">
    <p class='ocr_par' dir='ltr' id='par_1_43' title="bbox 1871 2241 3470 2313">
     <span class='ocr_line' id='line_1_43' title="bbox 1871 2241 3470 2313; baseline 0.001 -19"><span class='ocrx_word' id='word_1_431' title='bbox 1871 2241 1986 2294; x_wconf 90' lang='lat' dir='ltr'>lata</span> <span class='ocrx_word' id='word_1_432' title='bbox 2002 2246 2088 2295; x_wconf 90' lang='lat' dir='ltr'>est</span> <span class='ocrx_word' id='word_1_433' title='bbox 2099 2241 2237 2295; x_wconf 87' lang='lat' dir='ltr'>mihi</span> <span class='ocrx_word' id='word_1_434' title='bbox 2259 2247 2506 2312; x_wconf 89' lang='lat' dir='ltr'>potestas</span> <span class='ocrx_word' id='word_1_435' title='bbox 2527 2241 2771 2296; x_wconf 91' lang='lat' dir='ltr'>Domini.</span> <span class='ocrx_word' id='word_1_436' title='bbox 2795 2244 3012 2306; x_wconf 78' lang='lat' dir='ltr'>Manus,</span> <span class='ocrx_word' id='word_1_437' title='bbox 3037 2248 3286 2313; x_wconf 84' lang='lat' dir='ltr'>potestas</span> <span class='ocrx_word' id='word_1_438' title='bbox 3304 2243 3470 2296; x_wconf 84' lang='lat' dir='ltr'>Anti-</span> 
     </span>
    </p>
   </div>
   <div class='ocr_carea' id='block_1_44' title="bbox 1869 2329 3468 2401">
    <p class='ocr_par' dir='ltr' id='par_1_44' title="bbox 1869 2329 3468 2401">
     <span class='ocr_line' id='line_1_44' title="bbox 1869 2329 3468 2401; baseline 0.001 -17"><span class='ocrx_word' id='word_1_439' title='bbox 1869 2329 2082 2396; x_wconf 90' lang='lat' dir='ltr'>christi,</span> <span class='ocrx_word' id='word_1_440' title='bbox 2109 2336 2174 2384; x_wconf 90' lang='lat' dir='ltr'>ut</span> <span class='ocrx_word' id='word_1_441' title='bbox 2200 2331 2260 2384; x_wconf 88' lang='lat' dir='ltr'>in</span> <span class='ocrx_word' id='word_1_442' title='bbox 2282 2329 2511 2384; x_wconf 90' lang='lat' dir='ltr'>Daniele</span> <span class='ocrx_word' id='word_1_443' title='bbox 2531 2348 2544 2384; x_wconf 87' lang='lat'><strong>:</strong></span> <span class='ocrx_word' id='word_1_444' title='bbox 2564 2350 2588 2381; x_wconf 87' lang='lat'>«</span> <span class='ocrx_word' id='word_1_445' title='bbox 2622 2331 2794 2385; x_wconf 92' lang='lat' dir='ltr'>Dolus</span> <span class='ocrx_word' id='word_1_446' title='bbox 2823 2331 2881 2385; x_wconf 92' lang='lat' dir='ltr'>in</span> <span class='ocrx_word' id='word_1_447' title='bbox 2903 2348 3105 2385; x_wconf 89' lang='lat' dir='ltr'>manus</span> <span class='ocrx_word' id='word_1_448' title='bbox 3123 2333 3247 2401; x_wconf 89' lang='lat' dir='ltr'><strong>ejus</strong></span> <span class='ocrx_word' id='word_1_449' title='bbox 3265 2331 3468 2401; x_wconf 87' lang='lat' dir='ltr'>dirige-</span> 
     </span>
    </p>
   </div>
   <div class='ocr_carea' id='block_1_45' title="bbox 1867 2418 3466 2490">
    <p class='ocr_par' dir='ltr' id='par_1_45' title="bbox 1867 2418 3466 2490">
     <span class='ocr_line' id='line_1_45' title="bbox 1867 2418 3466 2490; baseline 0 -18"><span class='ocrx_word' id='word_1_450' title='bbox 1867 2423 1964 2472; x_wconf 92' lang='lat' dir='ltr'>tur</span> <span class='ocrx_word' id='word_1_451' title='bbox 1975 2418 2041 2485; x_wconf 70' lang='grc'><strong>³³,</strong></span> <span class='ocrx_word' id='word_1_452' title='bbox 2062 2439 2088 2472; x_wconf 70' lang='grc' dir='ltr'><strong>ν</strong></span> <span class='ocrx_word' id='word_1_453' title='bbox 2107 2419 2164 2472; x_wconf 93' lang='lat' dir='ltr'>id</span> <span class='ocrx_word' id='word_1_454' title='bbox 2177 2425 2282 2485; x_wconf 92' lang='lat' dir='ltr'>est,</span> <span class='ocrx_word' id='word_1_455' title='bbox 2298 2419 2551 2490; x_wconf 87' lang='lat' dir='ltr'>deceptio</span> <span class='ocrx_word' id='word_1_456' title='bbox 2572 2419 2630 2474; x_wconf 90' lang='lat' dir='ltr'>in</span> <span class='ocrx_word' id='word_1_457' title='bbox 2653 2425 2929 2490; x_wconf 85' lang='lat' dir='ltr'>potestate</span> <span class='ocrx_word' id='word_1_458' title='bbox 2948 2420 3278 2474; x_wconf 77' lang='lat' dir='ltr'>Antichristi</span> <span class='ocrx_word' id='word_1_459' title='bbox 3306 2436 3466 2474; x_wconf 87' lang='lat' dir='ltr'>exer-</span> 
     </span>
    </p>
   </div>
   <div class='ocr_carea' id='block_1_46' title="bbox 1867 2505 3467 2572">
    <p class='ocr_par' dir='ltr' id='par_1_46' title="bbox 1867 2505 3467 2572">
     <span class='ocr_line' id='line_1_46' title="bbox 1867 2505 3467 2572; baseline 0.001 -12"><span class='ocrx_word' id='word_1_460' title='bbox 1867 2505 2102 2560; x_wconf 90' lang='lat' dir='ltr'>cebitur.</span> <span class='ocrx_word' id='word_1_461' title='bbox 2127 2505 2600 2572; x_wconf 80' lang='lat' dir='ltr'>Manus,tentatio</span> <span class='ocrx_word' id='word_1_462' title='bbox 2617 2505 2844 2572; x_wconf 87' lang='lat' dir='ltr'>diaboli,</span> <span class='ocrx_word' id='word_1_463' title='bbox 2863 2513 2928 2561; x_wconf 90' lang='lat' dir='ltr'>ut</span> <span class='ocrx_word' id='word_1_464' title='bbox 2955 2507 3013 2561; x_wconf 91' lang='lat' dir='ltr'>in</span> <span class='ocrx_word' id='word_1_465' title='bbox 3027 2507 3130 2561; x_wconf 91' lang='lat' dir='ltr'>Job</span> <span class='ocrx_word' id='word_1_466' title='bbox 3155 2526 3165 2561; x_wconf 91' lang='lat'>:</span> <span class='ocrx_word' id='word_1_467' title='bbox 3197 2525 3222 2560; x_wconf 75' lang='grc' dir='ltr'><strong>α</strong></span> <span class='ocrx_word' id='word_1_468' title='bbox 3255 2508 3393 2562; x_wconf 91' lang='lat' dir='ltr'>Ecce</span> <span class='ocrx_word' id='word_1_469' title='bbox 3407 2507 3467 2562; x_wconf 94' lang='lat' dir='ltr'>in</span> 
     </span>
    </p>
   </div>
   <div class='ocr_carea' id='block_1_47' title="bbox 1867 2595 3464 2660">
    <p class='ocr_par' dir='ltr' id='par_1_47' title="bbox 1867 2595 3464 2660">
     <span class='ocr_line' id='line_1_47' title="bbox 1867 2595 3464 2660; baseline 0.001 -12"><span class='ocrx_word' id='word_1_470' title='bbox 1867 2611 2039 2649; x_wconf 91' lang='lat' dir='ltr'>manu</span> <span class='ocrx_word' id='word_1_471' title='bbox 2069 2601 2169 2650; x_wconf 90' lang='lat' dir='ltr'>tua</span> <span class='ocrx_word' id='word_1_472' title='bbox 2215 2602 2300 2650; x_wconf 92' lang='lat' dir='ltr'><strong>est</strong></span> <span class='ocrx_word' id='word_1_473' title='bbox 2338 2595 2403 2660; x_wconf 76' lang='lat'>3°,</span> <span class='ocrx_word' id='word_1_474' title='bbox 2449 2614 2475 2649; x_wconf 82' lang='grc'>))</span> <span class='ocrx_word' id='word_1_475' title='bbox 2508 2596 2565 2650; x_wconf 93' lang='lat' dir='ltr'>id</span> <span class='ocrx_word' id='word_1_476' title='bbox 2595 2601 2698 2660; x_wconf 89' lang='lat' dir='ltr'>est,</span> <span class='ocrx_word' id='word_1_477' title='bbox 2730 2595 3016 2650; x_wconf 84' lang='lat' dir='ltr'>licentiam</span> <span class='ocrx_word' id='word_1_478' title='bbox 3047 2613 3178 2650; x_wconf 91' lang='lat' dir='ltr'>eum</span> <span class='ocrx_word' id='word_1_479' title='bbox 3208 2597 3464 2651; x_wconf 86' lang='lat' dir='ltr'>tentandi</span> 
     </span>
    </p>
   </div>
   <div class='ocr_carea' id='block_1_48' title="bbox 1864 2682 3466 2756">
    <p class='ocr_par' dir='ltr' id='par_1_48' title="bbox 1864 2682 3466 2756">
     <span class='ocr_line' id='line_1_48' title="bbox 1864 2682 3466 2756; baseline 0.002 -20"><span class='ocrx_word' id='word_1_480' title='bbox 1864 2682 2056 2737; x_wconf 89' lang='lat' dir='ltr'>habes.</span> <span class='ocrx_word' id='word_1_481' title='bbox 2088 2685 2306 2750; x_wconf 78' lang='lat' dir='ltr'>Manus,</span> <span class='ocrx_word' id='word_1_482' title='bbox 2328 2685 2642 2756; x_wconf 88' lang='lat' dir='ltr'>persecutio</span> <span class='ocrx_word' id='word_1_483' title='bbox 2671 2683 2892 2751; x_wconf 90' lang='lat' dir='ltr'>diurna,</span> <span class='ocrx_word' id='word_1_484' title='bbox 2920 2690 2983 2739; x_wconf 94' lang='lat' dir='ltr'>ut</span> <span class='ocrx_word' id='word_1_485' title='bbox 3029 2685 3089 2739; x_wconf 93' lang='lat' dir='ltr'>in</span> <span class='ocrx_word' id='word_1_486' title='bbox 3112 2683 3216 2739; x_wconf 87' lang='lat' dir='ltr'>Job</span> <span class='ocrx_word' id='word_1_487' title='bbox 3249 2704 3260 2738; x_wconf 93' lang='lat'>:</span> <span class='ocrx_word' id='word_1_488' title='bbox 3295 2703 3320 2737; x_wconf 72' lang='grc' dir='ltr'><strong>ε</strong></span> <span class='ocrx_word' id='word_1_489' title='bbox 3345 2686 3466 2740; x_wconf 85' lang='lat' dir='ltr'>Ma-</span> 
     </span>
    </p>
   </div>
   <div class='ocr_carea' id='block_1_49' title="bbox 194 2773 3464 2846">
    <p class='ocr_par' dir='ltr' id='par_1_49' title="bbox 194 2773 3464 2846">
     <span class='ocr_line' id='line_1_49' title="bbox 194 2773 3464 2846; baseline 0 -19"><span class='ocrx_word' id='word_1_490' title='bbox 194 2779 435 2846; x_wconf 86' lang='lat' dir='ltr'>temptus</span> <span class='ocrx_word' id='word_1_491' title='bbox 473 2773 865 2846; x_wconf 89' lang='lat' dir='ltr'>prosperitatis</span> <span class='ocrx_word' id='word_1_492' title='bbox 893 2780 951 2828; x_wconf 89' lang='lat' dir='ltr'>et</span> <span class='ocrx_word' id='word_1_493' title='bbox 976 2774 1330 2828; x_wconf 87' lang='lat' dir='ltr'>adversitatis</span> <span class='ocrx_word' id='word_1_494' title='bbox 1377 2773 1634 2828; x_wconf 88' lang='lat' dir='ltr'>ﬁdelibus</span> <span class='ocrx_word' id='word_1_495' title='bbox 1669 2773 1782 2828; x_wconf 88' lang='lat' dir='ltr'>tuis</span> <span class='ocrx_word' id='word_1_496' title='bbox 1864 2789 2002 2826; x_wconf 87' lang='lat' dir='ltr'>num</span> <span class='ocrx_word' id='word_1_497' title='bbox 2023 2778 2181 2827; x_wconf 90' lang='lat' dir='ltr'>tuam</span> <span class='ocrx_word' id='word_1_498' title='bbox 2201 2773 2366 2844; x_wconf 90' lang='lat' dir='ltr'>longe</span> <span class='ocrx_word' id='word_1_499' title='bbox 2387 2774 2472 2827; x_wconf 88' lang='lat' dir='ltr'>fac</span> <span class='ocrx_word' id='word_1_500' title='bbox 2490 2791 2628 2828; x_wconf 90' lang='lat' dir='ltr'>ame</span> <span class='ocrx_word' id='word_1_501' title='bbox 2655 2773 2722 2840; x_wconf 71' lang='grc'><strong>³³,</strong></span> <span class='ocrx_word' id='word_1_502' title='bbox 2749 2794 2772 2824; x_wconf 70' lang='grc' dir='ltr'><strong>ι</strong></span> <span class='ocrx_word' id='word_1_503' title='bbox 2799 2773 2855 2828; x_wconf 92' lang='lat' dir='ltr'>id</span> <span class='ocrx_word' id='word_1_504' title='bbox 2881 2779 2985 2840; x_wconf 90' lang='lat' dir='ltr'>est,</span> <span class='ocrx_word' id='word_1_505' title='bbox 3017 2773 3464 2844; x_wconf 88' lang='lat' dir='ltr'>persecutionem</span> 
     </span>
    </p>
   </div>
   <div class='ocr_carea' id='block_1_50' title="bbox 199 2862 3465 2934">
    <p class='ocr_par' dir='ltr' id='par_1_50' title="bbox 199 2862 3465 2934">
     <span class='ocr_line' id='line_1_50' title="bbox 199 2862 3465 2934; baseline 0 -18"><span class='ocrx_word' id='word_1_506' title='bbox 199 2863 548 2917; x_wconf 86' lang='lat' dir='ltr'>delectabiles</span> <span class='ocrx_word' id='word_1_507' title='bbox 571 2864 723 2917; x_wconf 82' lang='lat' dir='ltr'>facis.</span> <span class='ocrx_word' id='word_1_508' title='bbox 745 2862 1466 2928; x_wconf 76' lang='lat' dir='ltr'>Matutz’num,exercitatio,</span> <span class='ocrx_word' id='word_1_509' title='bbox 1483 2863 1614 2917; x_wconf 92' lang='lat' dir='ltr'>utin</span> <span class='ocrx_word' id='word_1_510' title='bbox 1635 2863 1786 2917; x_wconf 89' lang='lat' dir='ltr'><strong>Psal-</strong></span> <span class='ocrx_word' id='word_1_511' title='bbox 1865 2866 2023 2916; x_wconf 90' lang='lat' dir='ltr'>tuam</span> <span class='ocrx_word' id='word_1_512' title='bbox 2052 2862 2465 2934; x_wconf 90' lang='lat' dir='ltr'>aliquantulum</span> <span class='ocrx_word' id='word_1_513' title='bbox 2502 2879 2726 2918; x_wconf 88' lang='lat' dir='ltr'>remove</span> <span class='ocrx_word' id='word_1_514' title='bbox 2755 2879 2791 2917; x_wconf 92' lang='lat' dir='ltr'><strong>a</strong></span> <span class='ocrx_word' id='word_1_515' title='bbox 2819 2879 2927 2916; x_wconf 90' lang='lat' dir='ltr'>me.</span> <span class='ocrx_word' id='word_1_516' title='bbox 2963 2863 3181 2928; x_wconf 80' lang='lat' dir='ltr'>Manus,</span> <span class='ocrx_word' id='word_1_517' title='bbox 3224 2863 3465 2934; x_wconf 89' lang='lat' dir='ltr'>populus</span> 
     </span>
    </p>
   </div>
   <div class='ocr_carea' id='block_1_51' title="bbox 196 2951 3462 3061">
    <p class='ocr_par' dir='ltr' id='par_1_51' title="bbox 196 2951 3462 3061">
     <span class='ocr_line' id='line_1_51' title="bbox 196 2951 3462 3061; baseline 0.001 -57"><span class='ocrx_word' id='word_1_518' title='bbox 196 2952 291 3005; x_wconf 89' lang='lat' dir='ltr'><strong>mis</strong></span> <span class='ocrx_word' id='word_1_519' title='bbox 318 2970 328 3004; x_wconf 89' lang='lat'>:</span> <span class='ocrx_word' id='word_1_520' title='bbox 368 2971 394 3002; x_wconf 75' lang='grc' dir='ltr'><strong><em>α</em></strong></span> <span class='ocrx_word' id='word_1_521' title='bbox 433 2953 496 3006; x_wconf 92' lang='lat' dir='ltr'>In</span> <span class='ocrx_word' id='word_1_522' title='bbox 528 2951 822 3006; x_wconf 88' lang='lat' dir='ltr'>matutinis</span> <span class='ocrx_word' id='word_1_523' title='bbox 843 2951 1160 3006; x_wconf 89' lang='lat' dir='ltr'>meditabor</span> <span class='ocrx_word' id='word_1_524' title='bbox 1187 2951 1246 3005; x_wconf 91' lang='lat' dir='ltr'>in</span> <span class='ocrx_word' id='word_1_525' title='bbox 1265 2957 1322 3006; x_wconf 91' lang='lat' dir='ltr'>te</span> <span class='ocrx_word' id='word_1_526' title='bbox 1351 2951 1415 3016; x_wconf 86' lang='grc'>¹¹,</span> <span class='ocrx_word' id='word_1_527' title='bbox 1451 2969 1480 3002; x_wconf 69' lang='grc' dir='ltr'><strong>ι</strong></span> <span class='ocrx_word' id='word_1_528' title='bbox 1505 2951 1563 3005; x_wconf 93' lang='lat' dir='ltr'>id</span> <span class='ocrx_word' id='word_1_529' title='bbox 1589 2957 1694 3018; x_wconf 91' lang='lat' dir='ltr'>est,</span> <span class='ocrx_word' id='word_1_530' title='bbox 1723 2951 1782 3006; x_wconf 93' lang='lat' dir='ltr'>in</span> <span class='ocrx_word' id='word_1_531' title='bbox 1801 3000 1844 3061; x_wconf 70' lang='grc' dir='ltr'>Ο</span> <span class='ocrx_word' id='word_1_532' title='bbox 1865 2951 2150 3018; x_wconf 90' lang='lat' dir='ltr'>Judaicus,</span> <span class='ocrx_word' id='word_1_533' title='bbox 2182 2957 2248 3006; x_wconf 93' lang='lat' dir='ltr'>ut</span> <span class='ocrx_word' id='word_1_534' title='bbox 2277 2952 2336 3006; x_wconf 90' lang='lat' dir='ltr'>in</span> <span class='ocrx_word' id='word_1_535' title='bbox 2358 2951 2596 3006; x_wconf 88' lang='lat' dir='ltr'><strong>Psalmis</strong></span> <span class='ocrx_word' id='word_1_536' title='bbox 2633 2971 2644 3005; x_wconf 85' lang='lat'>:</span> <span class='ocrx_word' id='word_1_537' title='bbox 2689 2971 2712 3002; x_wconf 83' lang='grc'><strong><em>‹</em></strong></span> <span class='ocrx_word' id='word_1_538' title='bbox 2745 2951 2957 3022; x_wconf 87' lang='lat' dir='ltr'>thuid</span> <span class='ocrx_word' id='word_1_539' title='bbox 2999 2951 3204 3020; x_wconf 74' lang='lat' dir='ltr'>avertis</span> <span class='ocrx_word' id='word_1_540' title='bbox 3233 2968 3462 3006; x_wconf 87' lang='lat' dir='ltr'>manum</span> 
     </span>
     <span class='ocr_line' id='line_1_52' title="bbox 201 3038 3437 3061; baseline 0 0"><span class='ocrx_word' id='word_1_541' title='bbox 201 3041 578 3061; x_wconf 55' lang='grc' dir='ltr'>--Α-.-2Α-ΑΞ----</span> <span class='ocrx_word' id='word_1_542' title='bbox 615 3057 731 3061; x_wconf 52' lang='grc' dir='ltr'>-Α-,</span> <span class='ocrx_word' id='word_1_543' title='bbox 762 3039 984 3061; x_wconf 61' lang='lat' dir='ltr'>_A-_J_‘L-</span> <span class='ocrx_word' id='word_1_544' title='bbox 1016 3040 1214 3061; x_wconf 57' lang='lat'>___.._2_-</span> <span class='ocrx_word' id='word_1_545' title='bbox 1240 3040 1337 3061; x_wconf 63' lang='grc' dir='ltr'>ιιι-ε</span> <span class='ocrx_word' id='word_1_546' title='bbox 1390 3041 1714 3061; x_wconf 70' lang='lat' dir='ltr'>II_A__A_&#39;______</span> <span class='ocrx_word' id='word_1_547' title='bbox 1760 3042 1780 3061; x_wconf 59' lang='lat' dir='ltr'>ﬁ</span> <span class='ocrx_word' id='word_1_548' title='bbox 1865 3044 2016 3061; x_wconf 66' lang='lat' dir='ltr'>L-_-_-</span> <span class='ocrx_word' id='word_1_549' title='bbox 2061 3038 2151 3061; x_wconf 59' lang='grc' dir='ltr'>κα</span> <span class='ocrx_word' id='word_1_550' title='bbox 2174 3059 2192 3061; x_wconf 66' lang='lat'>._</span> <span class='ocrx_word' id='word_1_551' title='bbox 2235 3040 2288 3061; x_wconf 64' lang='grc' dir='ltr'>ΞΔ</span> <span class='ocrx_word' id='word_1_552' title='bbox 2329 3045 2405 3061; x_wconf 63' lang='grc' dir='ltr'>--Α</span> <span class='ocrx_word' id='word_1_553' title='bbox 2449 3040 2648 3061; x_wconf 61' lang='lat' dir='ltr'>_-L-__1_I</span> <span class='ocrx_word' id='word_1_554' title='bbox 2680 3039 2903 3061; x_wconf 71' lang='lat'>____1£_!_</span> <span class='ocrx_word' id='word_1_555' title='bbox 2928 3056 2951 3061; x_wconf 58' lang='grc' dir='ltr'><strong>Α</strong></span> <span class='ocrx_word' id='word_1_556' title='bbox 2986 3046 3038 3061; x_wconf 70' lang='grc' dir='ltr'>Α-</span> <span class='ocrx_word' id='word_1_557' title='bbox 3073 3040 3335 3061; x_wconf 49' lang='grc' dir='ltr'>ΔΑ.....1.....</span> <span class='ocrx_word' id='word_1_558' title='bbox 3378 3041 3437 3061; x_wconf 71' lang='grc' dir='ltr'>τ--</span> 
     </span>
    </p>
   </div>
   <div class='ocr_carea' id='block_1_52' title="bbox 191 3038 3466 3112">
    <p class='ocr_par' dir='ltr' id='par_1_52' title="bbox 191 3038 3466 3112">
     <span class='ocr_line' id='line_1_53' title="bbox 191 3038 3466 3112; baseline 0 -19"><span class='ocrx_word' id='word_1_559' title='bbox 191 3041 584 3095; x_wconf 82' lang='lat' dir='ltr'>exercitatione</span> <span class='ocrx_word' id='word_1_560' title='bbox 614 3057 740 3095; x_wconf 87' lang='lat' dir='ltr'>mea</span> <span class='ocrx_word' id='word_1_561' title='bbox 757 3039 992 3095; x_wconf 89' lang='lat' dir='ltr'>studebo</span> <span class='ocrx_word' id='word_1_562' title='bbox 1013 3040 1220 3094; x_wconf 88' lang='lat' dir='ltr'>servire</span> <span class='ocrx_word' id='word_1_563' title='bbox 1240 3040 1362 3095; x_wconf 91' lang='lat' dir='ltr'>tibi.</span> <span class='ocrx_word' id='word_1_564' title='bbox 1379 3041 1741 3107; x_wconf 74' lang='lat' dir='ltr'>Matutinum,</span> <span class='ocrx_word' id='word_1_565' title='bbox 1760 3042 1780 3063; x_wconf 83' lang='lat'><strong><em>&quot;</em></strong></span> <span class='ocrx_word' id='word_1_566' title='bbox 1801 3038 1844 3061; x_wconf 71' lang='grc' dir='ltr'>υ</span> <span class='ocrx_word' id='word_1_567' title='bbox 1865 3044 2022 3094; x_wconf 89' lang='lat' dir='ltr'>tuam</span> <span class='ocrx_word' id='word_1_568' title='bbox 2061 3038 2151 3093; x_wconf 72' lang='lat'><strong>3’?</strong></span> <span class='ocrx_word' id='word_1_569' title='bbox 2174 3059 2202 3091; x_wconf 71' lang='grc' dir='ltr'>ν)</span> <span class='ocrx_word' id='word_1_570' title='bbox 2234 3040 2292 3094; x_wconf 92' lang='lat' dir='ltr'>id</span> <span class='ocrx_word' id='word_1_571' title='bbox 2321 3045 2426 3106; x_wconf 90' lang='lat' dir='ltr'>est,</span> <span class='ocrx_word' id='word_1_572' title='bbox 2449 3040 2651 3111; x_wconf 91' lang='lat' dir='ltr'>utquid</span> <span class='ocrx_word' id='word_1_573' title='bbox 2680 3039 2904 3111; x_wconf 89' lang='lat' dir='ltr'>projicis</span> <span class='ocrx_word' id='word_1_574' title='bbox 2924 3056 2959 3094; x_wconf 90' lang='lat' dir='ltr'>a</span> <span class='ocrx_word' id='word_1_575' title='bbox 2986 3046 3044 3094; x_wconf 91' lang='lat' dir='ltr'>te</span> <span class='ocrx_word' id='word_1_576' title='bbox 3073 3040 3343 3112; x_wconf 86' lang='lat' dir='ltr'>populum</span> <span class='ocrx_word' id='word_1_577' title='bbox 3371 3041 3466 3096; x_wconf 89' lang='lat' dir='ltr'>Ju-</span> 
     </span>
    </p>
   </div>
   <div class='ocr_carea' id='block_1_53' title="bbox 186 3121 3458 3200">
    <p class='ocr_par' dir='ltr' id='par_1_53' title="bbox 186 3121 3458 3200">
     <span class='ocr_line' id='line_1_54' title="bbox 186 3121 3458 3200; baseline 0 -18"><span class='ocrx_word' id='word_1_578' title='bbox 186 3129 424 3198; x_wconf 82' lang='lat' dir='ltr'>justitia,</span> <span class='ocrx_word' id='word_1_579' title='bbox 457 3137 523 3184; x_wconf 91' lang='lat' dir='ltr'>ut</span> <span class='ocrx_word' id='word_1_580' title='bbox 566 3129 624 3183; x_wconf 93' lang='lat' dir='ltr'>in</span> <span class='ocrx_word' id='word_1_581' title='bbox 679 3129 952 3184; x_wconf 89' lang='lat' dir='ltr'>Psalmis:</span> <span class='ocrx_word' id='word_1_582' title='bbox 1008 3149 1030 3180; x_wconf 73' lang='grc' dir='ltr'>ι</span> <span class='ocrx_word' id='word_1_583' title='bbox 1067 3130 1136 3184; x_wconf 91' lang='lat' dir='ltr'>Et</span> <span class='ocrx_word' id='word_1_584' title='bbox 1167 3130 1239 3184; x_wconf 88' lang='lat' dir='ltr'>ad</span> <span class='ocrx_word' id='word_1_585' title='bbox 1277 3130 1620 3184; x_wconf 88' lang='lat' dir='ltr'>matutinum</span> <span class='ocrx_word' id='word_1_586' title='bbox 1648 3129 1785 3184; x_wconf 72' lang='lat' dir='ltr'>laeti-</span> <span class='ocrx_word' id='word_1_587' title='bbox 1865 3128 2087 3183; x_wconf 91' lang='lat' dir='ltr'>daicum</span> <span class='ocrx_word' id='word_1_588' title='bbox 2107 3130 2132 3182; x_wconf 83' lang='lat'><strong>?</strong></span> <span class='ocrx_word' id='word_1_589' title='bbox 2162 3131 2380 3194; x_wconf 80' lang='lat' dir='ltr'>Manus,</span> <span class='ocrx_word' id='word_1_590' title='bbox 2405 3129 2720 3200; x_wconf 87' lang='lat' dir='ltr'>persecutio</span> <span class='ocrx_word' id='word_1_591' title='bbox 2744 3121 3090 3195; x_wconf 67' lang='lat' dir='ltr'>Judaaorum,</span> <span class='ocrx_word' id='word_1_592' title='bbox 3131 3135 3196 3183; x_wconf 93' lang='lat' dir='ltr'>ut</span> <span class='ocrx_word' id='word_1_593' title='bbox 3221 3129 3281 3183; x_wconf 92' lang='lat' dir='ltr'>in</span> <span class='ocrx_word' id='word_1_594' title='bbox 3309 3128 3414 3183; x_wconf 89' lang='lat' dir='ltr'>Job</span> <span class='ocrx_word' id='word_1_595' title='bbox 3446 3147 3458 3182; x_wconf 94' lang='lat'>:</span> 
     </span>
    </p>
   </div>
   <div class='ocr_carea' id='block_1_54' title="bbox 187 3217 3464 3290">
    <p class='ocr_par' dir='ltr' id='par_1_54' title="bbox 187 3217 3464 3290">
     <span class='ocr_line' id='line_1_55' title="bbox 187 3217 3464 3290; baseline 0.001 -20"><span class='ocrx_word' id='word_1_596' title='bbox 187 3217 261 3270; x_wconf 89' lang='lat' dir='ltr'>tia</span> <span class='ocrx_word' id='word_1_597' title='bbox 279 3217 341 3284; x_wconf 62' lang='lat'>1&#39;,</span> <span class='ocrx_word' id='word_1_598' title='bbox 374 3237 408 3270; x_wconf 65' lang='lat' dir='ltr'>in</span> <span class='ocrx_word' id='word_1_599' title='bbox 441 3219 591 3290; x_wconf 91' lang='lat' dir='ltr'>quod</span> <span class='ocrx_word' id='word_1_600' title='bbox 621 3218 750 3282; x_wconf 90' lang='lat' dir='ltr'>illis,</span> <span class='ocrx_word' id='word_1_601' title='bbox 778 3217 873 3288; x_wconf 90' lang='lat' dir='ltr'>qui</span> <span class='ocrx_word' id='word_1_602' title='bbox 893 3218 963 3271; x_wconf 88' lang='lat' dir='ltr'>ad</span> <span class='ocrx_word' id='word_1_603' title='bbox 982 3218 1262 3288; x_wconf 87' lang='lat' dir='ltr'>justitiam</span> <span class='ocrx_word' id='word_1_604' title='bbox 1284 3218 1493 3272; x_wconf 80' lang='lat' dir='ltr'>Christi</span> <span class='ocrx_word' id='word_1_605' title='bbox 1521 3219 1778 3280; x_wconf 83' lang='lat' dir='ltr'>tendunt,</span> <span class='ocrx_word' id='word_1_606' title='bbox 1868 3235 1896 3271; x_wconf 72' lang='grc' dir='ltr'><strong><em>α</em></strong></span> <span class='ocrx_word' id='word_1_607' title='bbox 1919 3219 2070 3272; x_wconf 91' lang='lat' dir='ltr'>Pone</span> <span class='ocrx_word' id='word_1_608' title='bbox 2090 3235 2180 3272; x_wconf 93' lang='lat' dir='ltr'>me</span> <span class='ocrx_word' id='word_1_609' title='bbox 2187 3219 2348 3289; x_wconf 87' lang='lat' dir='ltr'>juxta</span> <span class='ocrx_word' id='word_1_610' title='bbox 2367 3223 2515 3283; x_wconf 90' lang='lat' dir='ltr'>te,et</span> <span class='ocrx_word' id='word_1_611' title='bbox 2540 3217 2784 3288; x_wconf 86' lang='lat' dir='ltr'>cujusvis</span> <span class='ocrx_word' id='word_1_612' title='bbox 2804 3234 3006 3272; x_wconf 87' lang='lat' dir='ltr'>manus</span> <span class='ocrx_word' id='word_1_613' title='bbox 3029 3225 3243 3288; x_wconf 84' lang='lat' dir='ltr'>pugnet</span> <span class='ocrx_word' id='word_1_614' title='bbox 3269 3224 3464 3272; x_wconf 89' lang='lat' dir='ltr'>contra</span> 
     </span>
    </p>
   </div>
   <div class='ocr_carea' id='block_1_55' title="bbox 187 3306 3462 3374">
    <p class='ocr_par' dir='ltr' id='par_1_55' title="bbox 187 3306 3462 3374">
     <span class='ocr_line' id='line_1_56' title="bbox 187 3306 3462 3374; baseline 0.001 -15"><span class='ocrx_word' id='word_1_615' title='bbox 187 3307 346 3362; x_wconf 87' lang='lat' dir='ltr'>datur</span> <span class='ocrx_word' id='word_1_616' title='bbox 377 3307 602 3362; x_wconf 61' lang='lat' dir='ltr'>latitia.</span> <span class='ocrx_word' id='word_1_617' title='bbox 635 3309 1000 3372; x_wconf 78' lang='lat' dir='ltr'>Matutinum,</span> <span class='ocrx_word' id='word_1_618' title='bbox 1036 3307 1251 3374; x_wconf 88' lang='lat' dir='ltr'>dilatio,</span> <span class='ocrx_word' id='word_1_619' title='bbox 1285 3311 1350 3361; x_wconf 88' lang='lat' dir='ltr'>ut</span> <span class='ocrx_word' id='word_1_620' title='bbox 1397 3307 1455 3361; x_wconf 92' lang='lat' dir='ltr'>in</span> <span class='ocrx_word' id='word_1_621' title='bbox 1500 3307 1737 3361; x_wconf 88' lang='lat' dir='ltr'>Psalmis</span> <span class='ocrx_word' id='word_1_622' title='bbox 1765 3325 1776 3359; x_wconf 91' lang='lat'>:</span> <span class='ocrx_word' id='word_1_623' title='bbox 1863 3323 1955 3361; x_wconf 91' lang='lat' dir='ltr'>me</span> <span class='ocrx_word' id='word_1_624' title='bbox 1973 3306 2040 3372; x_wconf 76' lang='grc'><strong>³³,</strong></span> <span class='ocrx_word' id='word_1_625' title='bbox 2076 3326 2102 3360; x_wconf 73' lang='grc' dir='ltr'>ι)</span> <span class='ocrx_word' id='word_1_626' title='bbox 2127 3307 2184 3360; x_wconf 93' lang='lat' dir='ltr'>id</span> <span class='ocrx_word' id='word_1_627' title='bbox 2215 3314 2317 3372; x_wconf 90' lang='lat' dir='ltr'>est,</span> <span class='ocrx_word' id='word_1_628' title='bbox 2342 3324 2472 3361; x_wconf 91' lang='lat' dir='ltr'>cum</span> <span class='ocrx_word' id='word_1_629' title='bbox 2499 3307 2696 3361; x_wconf 86' lang='lat' dir='ltr'>sedero</span> <span class='ocrx_word' id='word_1_630' title='bbox 2724 3306 2795 3360; x_wconf 90' lang='lat' dir='ltr'>ad</span> <span class='ocrx_word' id='word_1_631' title='bbox 2822 3307 3110 3360; x_wconf 86' lang='lat' dir='ltr'>dexteram</span> <span class='ocrx_word' id='word_1_632' title='bbox 3137 3312 3314 3373; x_wconf 89' lang='lat' dir='ltr'>tuam,</span> <span class='ocrx_word' id='word_1_633' title='bbox 3334 3313 3462 3362; x_wconf 80' lang='lat' dir='ltr'>tan—</span> 
     </span>
    </p>
   </div>
   <div class='ocr_carea' id='block_1_56' title="bbox 188 3395 3458 3467">
    <p class='ocr_par' dir='ltr' id='par_1_56' title="bbox 188 3395 3458 3467">
     <span class='ocr_line' id='line_1_57' title="bbox 188 3395 3458 3467; baseline 0.001 -21"><span class='ocrx_word' id='word_1_634' title='bbox 188 3415 214 3446; x_wconf 81' lang='grc' dir='ltr'>ι</span> <span class='ocrx_word' id='word_1_635' title='bbox 247 3397 314 3452; x_wconf 87' lang='lat' dir='ltr'>Et</span> <span class='ocrx_word' id='word_1_636' title='bbox 340 3397 641 3467; x_wconf 81' lang='lat' dir='ltr'>castigatio</span> <span class='ocrx_word' id='word_1_637' title='bbox 665 3413 793 3450; x_wconf 91' lang='lat' dir='ltr'>mea</span> <span class='ocrx_word' id='word_1_638' title='bbox 836 3395 895 3450; x_wconf 92' lang='lat' dir='ltr'><strong>in</strong></span> <span class='ocrx_word' id='word_1_639' title='bbox 937 3397 1232 3450; x_wconf 89' lang='lat' dir='ltr'>matutinis</span> <span class='ocrx_word' id='word_1_640' title='bbox 1253 3395 1317 3463; x_wconf 67' lang='lat'>’3,</span> <span class='ocrx_word' id='word_1_641' title='bbox 1338 3414 1366 3448; x_wconf 71' lang='grc' dir='ltr'><strong><em>ι</em></strong></span> <span class='ocrx_word' id='word_1_642' title='bbox 1397 3396 1454 3450; x_wconf 93' lang='lat' dir='ltr'>id</span> <span class='ocrx_word' id='word_1_643' title='bbox 1483 3402 1585 3461; x_wconf 90' lang='lat' dir='ltr'>est,</span> <span class='ocrx_word' id='word_1_644' title='bbox 1609 3396 1731 3450; x_wconf 91' lang='lat' dir='ltr'>sine</span> <span class='ocrx_word' id='word_1_645' title='bbox 1760 3399 1780 3419; x_wconf 62' lang='grc' dir='ltr'><strong>θ</strong></span> <span class='ocrx_word' id='word_1_646' title='bbox 1861 3413 1996 3467; x_wconf 88' lang='lat' dir='ltr'>gere</span> <span class='ocrx_word' id='word_1_647' title='bbox 2025 3413 2116 3450; x_wconf 92' lang='lat' dir='ltr'>me</span> <span class='ocrx_word' id='word_1_648' title='bbox 2140 3412 2252 3450; x_wconf 90' lang='lat' dir='ltr'>non</span> <span class='ocrx_word' id='word_1_649' title='bbox 2283 3396 2492 3467; x_wconf 88' lang='lat' dir='ltr'>poterit</span> <span class='ocrx_word' id='word_1_650' title='bbox 2520 3395 2833 3466; x_wconf 90' lang='lat' dir='ltr'>persecutio</span> <span class='ocrx_word' id='word_1_651' title='bbox 2865 3395 3205 3450; x_wconf 67' lang='lat' dir='ltr'>Judaaorum.</span> <span class='ocrx_word' id='word_1_652' title='bbox 3238 3397 3458 3462; x_wconf 75' lang='lat' dir='ltr'>Manus,</span> 
     </span>
    </p>
   </div>
   <div class='ocr_carea' id='block_1_57' title="bbox 186 3483 3462 3556">
    <p class='ocr_par' dir='ltr' id='par_1_57' title="bbox 186 3483 3462 3556">
     <span class='ocr_line' id='line_1_58' title="bbox 186 3483 3462 3556; baseline -0 -17"><span class='ocrx_word' id='word_1_653' title='bbox 186 3485 479 3541; x_wconf 89' lang='lat' dir='ltr'>dilectione</span> <span class='ocrx_word' id='word_1_654' title='bbox 508 3485 815 3555; x_wconf 86' lang='lat' dir='ltr'>castigatus</span> <span class='ocrx_word' id='word_1_655' title='bbox 844 3502 990 3550; x_wconf 91' lang='lat' dir='ltr'>sum,</span> <span class='ocrx_word' id='word_1_656' title='bbox 1025 3487 1388 3551; x_wconf 75' lang='lat' dir='ltr'>Matutinum,</span> <span class='ocrx_word' id='word_1_657' title='bbox 1419 3485 1539 3540; x_wconf 89' lang='lat' dir='ltr'>dies</span> <span class='ocrx_word' id='word_1_658' title='bbox 1561 3485 1779 3556; x_wconf 90' lang='lat' dir='ltr'>judicii,</span> <span class='ocrx_word' id='word_1_659' title='bbox 1864 3485 2156 3539; x_wconf 86' lang='lat' dir='ltr'>familiaris</span> <span class='ocrx_word' id='word_1_660' title='bbox 2183 3484 2417 3550; x_wconf 88' lang='lat' dir='ltr'>amicus,</span> <span class='ocrx_word' id='word_1_661' title='bbox 2450 3490 2515 3538; x_wconf 92' lang='lat' dir='ltr'>ut</span> <span class='ocrx_word' id='word_1_662' title='bbox 2539 3484 2601 3538; x_wconf 92' lang='lat' dir='ltr'>in</span> <span class='ocrx_word' id='word_1_663' title='bbox 2629 3483 2926 3554; x_wconf 88' lang='lat' dir='ltr'>Evangelia</span> <span class='ocrx_word' id='word_1_664' title='bbox 2958 3502 2970 3536; x_wconf 87' lang='lat'>:</span> <span class='ocrx_word' id='word_1_665' title='bbox 3006 3503 3028 3534; x_wconf 74' lang='grc' dir='ltr'><strong>ε</strong></span> <span class='ocrx_word' id='word_1_666' title='bbox 3055 3483 3113 3539; x_wconf 90' lang='lat' dir='ltr'>Si</span> <span class='ocrx_word' id='word_1_667' title='bbox 3143 3500 3345 3538; x_wconf 87' lang='lat' dir='ltr'>manus</span> <span class='ocrx_word' id='word_1_668' title='bbox 3362 3490 3462 3538; x_wconf 88' lang='lat' dir='ltr'>tua</span> 
     </span>
    </p>
   </div>
   <div class='ocr_carea' id='block_1_58' title="bbox 188 3571 3464 3640">
    <p class='ocr_par' dir='ltr' id='par_1_58' title="bbox 188 3571 3464 3640">
     <span class='ocr_line' id='line_1_59' title="bbox 188 3571 3464 3640; baseline -0.001 -12"><span class='ocrx_word' id='word_1_669' title='bbox 188 3581 243 3628; x_wconf 88' lang='lat' dir='ltr'><strong>ut</strong></span> <span class='ocrx_word' id='word_1_670' title='bbox 271 3575 330 3630; x_wconf 91' lang='lat' dir='ltr'>in</span> <span class='ocrx_word' id='word_1_671' title='bbox 357 3575 599 3630; x_wconf 89' lang='lat' dir='ltr'>Psalmis</span> <span class='ocrx_word' id='word_1_672' title='bbox 635 3592 690 3628; x_wconf 66' lang='lat' dir='ltr'>:r</span> <span class='ocrx_word' id='word_1_673' title='bbox 727 3574 792 3628; x_wconf 90' lang='lat' dir='ltr'>In</span> <span class='ocrx_word' id='word_1_674' title='bbox 815 3574 1116 3640; x_wconf 86' lang='lat' dir='ltr'>matutino,</span> <span class='ocrx_word' id='word_1_675' title='bbox 1145 3573 1550 3628; x_wconf 85' lang='lat' dir='ltr'>interﬁciebam</span> <span class='ocrx_word' id='word_1_676' title='bbox 1581 3590 1775 3628; x_wconf 90' lang='lat' dir='ltr'>omnes</span> <span class='ocrx_word' id='word_1_677' title='bbox 1858 3572 2318 3628; x_wconf 88' lang='lat' dir='ltr'>scandalizaverit</span> <span class='ocrx_word' id='word_1_678' title='bbox 2344 3579 2403 3626; x_wconf 90' lang='lat' dir='ltr'>te</span> <span class='ocrx_word' id='word_1_679' title='bbox 2421 3571 2486 3639; x_wconf 67' lang='grc'><strong>³4,</strong></span> <span class='ocrx_word' id='word_1_680' title='bbox 2514 3592 2536 3620; x_wconf 73' lang='grc' dir='ltr'><strong><em>ι</em></strong></span> <span class='ocrx_word' id='word_1_681' title='bbox 2557 3572 2615 3625; x_wconf 91' lang='lat' dir='ltr'>id</span> <span class='ocrx_word' id='word_1_682' title='bbox 2637 3579 2740 3637; x_wconf 90' lang='lat' dir='ltr'>est,</span> <span class='ocrx_word' id='word_1_683' title='bbox 2775 3571 2823 3625; x_wconf 89' lang='lat' dir='ltr'>si</span> <span class='ocrx_word' id='word_1_684' title='bbox 2851 3571 3066 3625; x_wconf 87' lang='lat' dir='ltr'>amicus</span> <span class='ocrx_word' id='word_1_685' title='bbox 3108 3577 3243 3626; x_wconf 90' lang='lat' dir='ltr'>tuus</span> <span class='ocrx_word' id='word_1_686' title='bbox 3271 3589 3464 3626; x_wconf 87' lang='lat' dir='ltr'>neces--</span> 
     </span>
    </p>
   </div>
   <div class='ocr_carea' id='block_1_59' title="bbox 185 3660 3460 3733">
    <p class='ocr_par' dir='ltr' id='par_1_59' title="bbox 185 3660 3460 3733">
     <span class='ocr_line' id='line_1_60' title="bbox 185 3660 3460 3733; baseline -0.001 -15"><span class='ocrx_word' id='word_1_687' title='bbox 185 3671 500 3733; x_wconf 85' lang='lat' dir='ltr'>peccatores</span> <span class='ocrx_word' id='word_1_688' title='bbox 530 3669 695 3718; x_wconf 70' lang='lat' dir='ltr'>terrae</span> <span class='ocrx_word' id='word_1_689' title='bbox 724 3663 787 3729; x_wconf 79' lang='lat'>“,</span> <span class='ocrx_word' id='word_1_690' title='bbox 828 3683 853 3716; x_wconf 86' lang='lat'>»</span> <span class='ocrx_word' id='word_1_691' title='bbox 887 3663 944 3717; x_wconf 91' lang='lat' dir='ltr'>id</span> <span class='ocrx_word' id='word_1_692' title='bbox 981 3670 1086 3729; x_wconf 91' lang='lat' dir='ltr'>est,</span> <span class='ocrx_word' id='word_1_693' title='bbox 1133 3680 1327 3717; x_wconf 91' lang='lat' dir='ltr'>omnes</span> <span class='ocrx_word' id='word_1_694' title='bbox 1375 3665 1552 3718; x_wconf 88' lang='lat' dir='ltr'>malos</span> <span class='ocrx_word' id='word_1_695' title='bbox 1591 3664 1648 3717; x_wconf 91' lang='lat' dir='ltr'>in</span> <span class='ocrx_word' id='word_1_696' title='bbox 1685 3663 1776 3717; x_wconf 91' lang='lat' dir='ltr'>die</span> <span class='ocrx_word' id='word_1_697' title='bbox 1857 3663 2038 3717; x_wconf 89' lang='lat' dir='ltr'>sarius</span> <span class='ocrx_word' id='word_1_698' title='bbox 2061 3678 2291 3733; x_wconf 90' lang='lat' dir='ltr'>peccare</span> <span class='ocrx_word' id='word_1_699' title='bbox 2313 3660 2554 3732; x_wconf 90' lang='lat' dir='ltr'>impellit</span> <span class='ocrx_word' id='word_1_700' title='bbox 2571 3661 3150 3726; x_wconf 77' lang='lat' dir='ltr'>te.11!anus,versutia</span> <span class='ocrx_word' id='word_1_701' title='bbox 3177 3660 3374 3726; x_wconf 87' lang='lat' dir='ltr'>hostis,</span> <span class='ocrx_word' id='word_1_702' title='bbox 3396 3667 3460 3715; x_wconf 92' lang='lat' dir='ltr'>ut</span> 
     </span>
    </p>
   </div>
   <div class='ocr_carea' id='block_1_60' title="bbox 180 3752 1776 3825">
    <p class='ocr_par' dir='ltr' id='par_1_60' title="bbox 180 3752 1776 3825">
     <span class='ocr_line' id='line_1_61' title="bbox 180 3752 1776 3825; baseline 0 -19"><span class='ocrx_word' id='word_1_703' title='bbox 180 3753 390 3823; x_wconf 88' lang='lat' dir='ltr'>judicii,</span> <span class='ocrx_word' id='word_1_704' title='bbox 427 3753 575 3825; x_wconf 90' lang='lat' dir='ltr'>quod</span> <span class='ocrx_word' id='word_1_705' title='bbox 606 3753 699 3808; x_wconf 87' lang='lat' dir='ltr'>lux</span> <span class='ocrx_word' id='word_1_706' title='bbox 728 3759 940 3807; x_wconf 73' lang='lat' dir='ltr'>aeterna</span> <span class='ocrx_word' id='word_1_707' title='bbox 971 3753 1106 3807; x_wconf 91' lang='lat' dir='ltr'>oriri</span> <span class='ocrx_word' id='word_1_708' title='bbox 1147 3752 1394 3823; x_wconf 87' lang='lat' dir='ltr'>incipiet,</span> <span class='ocrx_word' id='word_1_709' title='bbox 1427 3752 1776 3806; x_wconf 89' lang='lat' dir='ltr'>damnandos</span> 
     </span>
    </p>
   </div>
   <div class='ocr_carea' id='block_1_61' title="bbox 186 3842 583 3914">
    <p class='ocr_par' dir='ltr' id='par_1_61' title="bbox 186 3842 583 3914">
     <span class='ocr_line' id='line_1_62' title="bbox 186 3842 583 3914; baseline -0.003 -18"><span class='ocrx_word' id='word_1_710' title='bbox 186 3842 583 3914; x_wconf 77' lang='lat' dir='ltr'>intelligebam.</span> 
     </span>
    </p>
   </div>
   <div class='ocr_carea' id='block_1_62' title="bbox 255 3930 1780 3996">
    <p class='ocr_par' dir='ltr' id='par_1_62' title="bbox 255 3930 1780 3996">
     <span class='ocr_line' id='line_1_63' title="bbox 255 3930 1780 3996; baseline -0.001 -10"><span class='ocrx_word' id='word_1_711' title='bbox 255 3934 454 3986; x_wconf 65' lang='lat' dir='ltr'>Manus</span> <span class='ocrx_word' id='word_1_712' title='bbox 482 3939 571 3987; x_wconf 91' lang='lat' dir='ltr'>est</span> <span class='ocrx_word' id='word_1_713' title='bbox 611 3932 869 3986; x_wconf 90' lang='lat' dir='ltr'>Christus</span> <span class='ocrx_word' id='word_1_714' title='bbox 920 3932 992 3986; x_wconf 87' lang='lat' dir='ltr'>ad</span> <span class='ocrx_word' id='word_1_715' title='bbox 1038 3931 1311 3986; x_wconf 90' lang='lat' dir='ltr'>mundum</span> <span class='ocrx_word' id='word_1_716' title='bbox 1361 3930 1606 3996; x_wconf 90' lang='lat' dir='ltr'>veniens,</span> <span class='ocrx_word' id='word_1_717' title='bbox 1635 3931 1780 3984; x_wconf 92' lang='lat' dir='ltr'>utin</span> 
     </span>
    </p>
   </div>
   <div class='ocr_carea' id='block_1_63' title="bbox 185 4019 1776 4086">
    <p class='ocr_par' dir='ltr' id='par_1_63' title="bbox 185 4019 1776 4086">
     <span class='ocr_line' id='line_1_64' title="bbox 185 4019 1776 4086; baseline 0 -12"><span class='ocrx_word' id='word_1_718' title='bbox 185 4019 454 4075; x_wconf 87' lang='lat' dir='ltr'>Psalmis:</span> <span class='ocrx_word' id='word_1_719' title='bbox 495 4040 518 4075; x_wconf 74' lang='grc' dir='ltr'><strong>ι</strong></span> <span class='ocrx_word' id='word_1_720' title='bbox 551 4021 758 4076; x_wconf 87' lang='lat' dir='ltr'>Emitte</span> <span class='ocrx_word' id='word_1_721' title='bbox 785 4037 1017 4075; x_wconf 89' lang='lat' dir='ltr'>manum</span> <span class='ocrx_word' id='word_1_722' title='bbox 1049 4027 1203 4075; x_wconf 89' lang='lat' dir='ltr'>tuam</span> <span class='ocrx_word' id='word_1_723' title='bbox 1225 4021 1294 4074; x_wconf 92' lang='lat' dir='ltr'>de</span> <span class='ocrx_word' id='word_1_724' title='bbox 1325 4020 1439 4074; x_wconf 89' lang='lat' dir='ltr'>alto</span> <span class='ocrx_word' id='word_1_725' title='bbox 1461 4019 1524 4086; x_wconf 64' lang='lat'>‘5,</span> <span class='ocrx_word' id='word_1_726' title='bbox 1547 4039 1573 4071; x_wconf 85' lang='lat'><strong>»</strong></span> <span class='ocrx_word' id='word_1_727' title='bbox 1595 4019 1653 4074; x_wconf 76' lang='grc' dir='ltr'>ιιι</span> <span class='ocrx_word' id='word_1_728' title='bbox 1673 4025 1776 4084; x_wconf 91' lang='lat' dir='ltr'>est,</span> 
     </span>
    </p>
   </div>
   <div class='ocr_carea' id='block_1_64' title="bbox 187 4109 1782 4177">
    <p class='ocr_par' dir='ltr' id='par_1_64' title="bbox 187 4109 1782 4177">
     <span class='ocr_line' id='line_1_65' title="bbox 187 4109 1782 4177; baseline -0.001 -14"><span class='ocrx_word' id='word_1_729' title='bbox 187 4109 342 4164; x_wconf 86' lang='lat' dir='ltr'>mitte</span> <span class='ocrx_word' id='word_1_730' title='bbox 365 4110 566 4165; x_wconf 84' lang='lat' dir='ltr'>Filium</span> <span class='ocrx_word' id='word_1_731' title='bbox 593 4116 756 4164; x_wconf 92' lang='lat' dir='ltr'>tuum</span> <span class='ocrx_word' id='word_1_732' title='bbox 779 4111 849 4163; x_wconf 93' lang='lat' dir='ltr'>de</span> <span class='ocrx_word' id='word_1_733' title='bbox 878 4109 1036 4165; x_wconf 68' lang='lat' dir='ltr'>coelo.</span> <span class='ocrx_word' id='word_1_734' title='bbox 1057 4112 1276 4177; x_wconf 77' lang='lat' dir='ltr'>Manus,</span> <span class='ocrx_word' id='word_1_735' title='bbox 1297 4109 1571 4175; x_wconf 87' lang='lat' dir='ltr'>Christus,</span> <span class='ocrx_word' id='word_1_736' title='bbox 1586 4125 1782 4163; x_wconf 90' lang='lat' dir='ltr'>ascen-</span> 
     </span>
    </p>
   </div>
   <div class='ocr_carea' id='block_1_65' title="bbox 185 4197 1782 4264">
    <p class='ocr_par' dir='ltr' id='par_1_65' title="bbox 185 4197 1782 4264">
     <span class='ocr_line' id='line_1_66' title="bbox 185 4197 1782 4264; baseline -0.001 -11"><span class='ocrx_word' id='word_1_737' title='bbox 185 4199 341 4264; x_wconf 89' lang='lat' dir='ltr'>dens,</span> <span class='ocrx_word' id='word_1_738' title='bbox 365 4207 427 4254; x_wconf 91' lang='lat' dir='ltr'>ut</span> <span class='ocrx_word' id='word_1_739' title='bbox 455 4201 514 4254; x_wconf 89' lang='lat' dir='ltr'>in</span> <span class='ocrx_word' id='word_1_740' title='bbox 536 4199 1008 4255; x_wconf 85' lang='lat' dir='ltr'>Deutcronomio:</span> <span class='ocrx_word' id='word_1_741' title='bbox 1041 4221 1062 4250; x_wconf 81' lang='grc' dir='ltr'>ι</span> <span class='ocrx_word' id='word_1_742' title='bbox 1091 4197 1307 4254; x_wconf 86' lang='lat' dir='ltr'>Levabo</span> <span class='ocrx_word' id='word_1_743' title='bbox 1345 4198 1416 4253; x_wconf 84' lang='lat' dir='ltr'>ad</span> <span class='ocrx_word' id='word_1_744' title='bbox 1437 4197 1637 4252; x_wconf 68' lang='lat' dir='ltr'>caelum</span> <span class='ocrx_word' id='word_1_745' title='bbox 1666 4215 1782 4252; x_wconf 90' lang='lat' dir='ltr'>ma-</span> 
     </span>
    </p>
   </div>
   <div class='ocr_carea' id='block_1_66' title="bbox 1861 3749 3459 3816">
    <p class='ocr_par' dir='ltr' id='par_1_66' title="bbox 1861 3749 3459 3816">
     <span class='ocr_line' id='line_1_67' title="bbox 1861 3749 3459 3816; baseline -0.004 -10"><span class='ocrx_word' id='word_1_746' title='bbox 1861 3753 1918 3806; x_wconf 94' lang='lat' dir='ltr'>in</span> <span class='ocrx_word' id='word_1_747' title='bbox 1948 3752 2166 3805; x_wconf 89' lang='lat' dir='ltr'>cantico</span> <span class='ocrx_word' id='word_1_748' title='bbox 2195 3750 2402 3805; x_wconf 86' lang='lat' dir='ltr'>Exodi:</span> <span class='ocrx_word' id='word_1_749' title='bbox 2434 3770 2455 3802; x_wconf 73' lang='grc' dir='ltr'>ι</span> <span class='ocrx_word' id='word_1_750' title='bbox 2482 3749 2788 3804; x_wconf 89' lang='lat' dir='ltr'>Interﬁciet</span> <span class='ocrx_word' id='word_1_751' title='bbox 2815 3766 2910 3803; x_wconf 90' lang='lat' dir='ltr'>eos</span> <span class='ocrx_word' id='word_1_752' title='bbox 2942 3766 3146 3804; x_wconf 88' lang='lat' dir='ltr'>manus</span> <span class='ocrx_word' id='word_1_753' title='bbox 3174 3766 3302 3804; x_wconf 89' lang='lat' dir='ltr'>mea</span> <span class='ocrx_word' id='word_1_754' title='bbox 3326 3749 3392 3816; x_wconf 77' lang='grc'>³⁵,</span> <span class='ocrx_word' id='word_1_755' title='bbox 3429 3770 3459 3800; x_wconf 75' lang='grc'><strong>»</strong></span> 
     </span>
    </p>
   </div>
   <div class='ocr_carea' id='block_1_67' title="bbox 1861 3837 3460 3912">
    <p class='ocr_par' dir='ltr' id='par_1_67' title="bbox 1861 3837 3460 3912">
     <span class='ocr_line' id='line_1_68' title="bbox 1861 3837 3460 3912; baseline -0.002 -17"><span class='ocrx_word' id='word_1_756' title='bbox 1861 3841 1919 3895; x_wconf 93' lang='lat' dir='ltr'>id</span> <span class='ocrx_word' id='word_1_757' title='bbox 1949 3847 2051 3905; x_wconf 90' lang='lat' dir='ltr'>est,</span> <span class='ocrx_word' id='word_1_758' title='bbox 2072 3857 2173 3912; x_wconf 91' lang='lat' dir='ltr'>per</span> <span class='ocrx_word' id='word_1_759' title='bbox 2194 3855 2530 3894; x_wconf 90' lang='lat' dir='ltr'>consensum</span> <span class='ocrx_word' id='word_1_760' title='bbox 2561 3837 2740 3894; x_wconf 92' lang='lat' dir='ltr'>illiciti</span> <span class='ocrx_word' id='word_1_761' title='bbox 2771 3837 2927 3892; x_wconf 91' lang='lat' dir='ltr'>dabit</span> <span class='ocrx_word' id='word_1_762' title='bbox 2956 3855 3052 3893; x_wconf 93' lang='lat' dir='ltr'>eos</span> <span class='ocrx_word' id='word_1_763' title='bbox 3085 3838 3305 3910; x_wconf 89' lang='lat' dir='ltr'>antiqui</span> <span class='ocrx_word' id='word_1_764' title='bbox 3333 3855 3460 3892; x_wconf 88' lang='lat' dir='ltr'>ver-</span> 
     </span>
    </p>
   </div>
   <div class='ocr_carea' id='block_1_68' title="bbox 1862 3927 3459 4000">
    <p class='ocr_par' dir='ltr' id='par_1_68' title="bbox 1862 3927 3459 4000">
     <span class='ocr_line' id='line_1_69' title="bbox 1862 3927 3459 4000; baseline -0.001 -16"><span class='ocrx_word' id='word_1_765' title='bbox 1862 3929 2168 4000; x_wconf 73' lang='lat' dir='ltr'>sutia,quaa</span> <span class='ocrx_word' id='word_1_766' title='bbox 2199 3932 2221 3953; x_wconf 80' lang='grc'><strong>⁹</strong></span> <span class='ocrx_word' id='word_1_767' title='bbox 2248 3929 2307 3983; x_wconf 92' lang='lat' dir='ltr'>in</span> <span class='ocrx_word' id='word_1_768' title='bbox 2337 3945 2404 3982; x_wconf 90' lang='lat' dir='ltr'>ea</span> <span class='ocrx_word' id='word_1_769' title='bbox 2430 3927 2654 3996; x_wconf 85' lang='lat' dir='ltr'>dicitur,</span> <span class='ocrx_word' id='word_1_770' title='bbox 2690 3927 2838 4000; x_wconf 91' lang='lat' dir='ltr'>quod</span> <span class='ocrx_word' id='word_1_771' title='bbox 2869 3935 2934 3982; x_wconf 92' lang='lat' dir='ltr'>ut</span> <span class='ocrx_word' id='word_1_772' title='bbox 2960 3927 3459 3999; x_wconf 87' lang='lat' dir='ltr'>seducat,permit-</span> 
     </span>
    </p>
   </div>
   <div class='ocr_carea' id='block_1_69' title="bbox 1863 4016 3454 4088">
    <p class='ocr_par' dir='ltr' id='par_1_69' title="bbox 1863 4016 3454 4088">
     <span class='ocr_line' id='line_1_70' title="bbox 1863 4016 3454 4088; baseline -0.003 -14"><span class='ocrx_word' id='word_1_773' title='bbox 1863 4019 2022 4074; x_wconf 88' lang='lat' dir='ltr'>titur.</span> <span class='ocrx_word' id='word_1_774' title='bbox 2041 4019 2149 4073; x_wconf 93' lang='lat' dir='ltr'>Per</span> <span class='ocrx_word' id='word_1_775' title='bbox 2176 4033 2416 4072; x_wconf 84' lang='lat' dir='ltr'>manum</span> <span class='ocrx_word' id='word_1_776' title='bbox 2445 4017 2636 4088; x_wconf 91' lang='lat' dir='ltr'>plures</span> <span class='ocrx_word' id='word_1_777' title='bbox 2675 4017 2941 4084; x_wconf 86' lang='lat' dir='ltr'>actiones,</span> <span class='ocrx_word' id='word_1_778' title='bbox 2975 4023 3039 4072; x_wconf 91' lang='lat' dir='ltr'>ut</span> <span class='ocrx_word' id='word_1_779' title='bbox 3066 4017 3126 4071; x_wconf 93' lang='lat' dir='ltr'>in</span> <span class='ocrx_word' id='word_1_780' title='bbox 3171 4016 3414 4072; x_wconf 89' lang='lat' dir='ltr'>Psalmis</span> <span class='ocrx_word' id='word_1_781' title='bbox 3443 4035 3454 4070; x_wconf 92' lang='lat'>:</span> 
     </span>
    </p>
   </div>
   <div class='ocr_carea' id='block_1_70' title="bbox 1869 4106 3461 4178">
    <p class='ocr_par' dir='ltr' id='par_1_70' title="bbox 1869 4106 3461 4178">
     <span class='ocr_line' id='line_1_71' title="bbox 1869 4106 3461 4178; baseline 0.001 -19"><span class='ocrx_word' id='word_1_782' title='bbox 1869 4127 1895 4159; x_wconf 72' lang='grc' dir='ltr'><strong><em>ο</em></strong></span> <span class='ocrx_word' id='word_1_783' title='bbox 1924 4109 2074 4162; x_wconf 89' lang='lat' dir='ltr'>Doce</span> <span class='ocrx_word' id='word_1_784' title='bbox 2111 4124 2312 4162; x_wconf 88' lang='lat' dir='ltr'>manus</span> <span class='ocrx_word' id='word_1_785' title='bbox 2344 4123 2499 4162; x_wconf 87' lang='lat' dir='ltr'>meas</span> <span class='ocrx_word' id='word_1_786' title='bbox 2521 4107 2593 4160; x_wconf 91' lang='lat' dir='ltr'>ad</span> <span class='ocrx_word' id='word_1_787' title='bbox 2624 4106 2880 4178; x_wconf 72' lang='lat' dir='ltr'>praelium</span> <span class='ocrx_word' id='word_1_788' title='bbox 2905 4106 2972 4174; x_wconf 77' lang='lat'>3°,</span> <span class='ocrx_word' id='word_1_789' title='bbox 3006 4130 3022 4154; x_wconf 82' lang='grc' dir='ltr'>ι</span> <span class='ocrx_word' id='word_1_790' title='bbox 3059 4107 3114 4162; x_wconf 89' lang='lat' dir='ltr'>id</span> <span class='ocrx_word' id='word_1_791' title='bbox 3145 4111 3250 4174; x_wconf 91' lang='lat' dir='ltr'>est,</span> <span class='ocrx_word' id='word_1_792' title='bbox 3267 4123 3461 4178; x_wconf 86' lang='lat' dir='ltr'>opera-</span> 
     </span>
    </p>
   </div>
   <div class='ocr_carea' id='block_1_71' title="bbox 1861 4196 3460 4268">
    <p class='ocr_par' dir='ltr' id='par_1_71' title="bbox 1861 4196 3460 4268">
     <span class='ocr_line' id='line_1_72' title="bbox 1861 4196 3460 4268; baseline 0 -18"><span class='ocrx_word' id='word_1_793' title='bbox 1861 4197 2045 4252; x_wconf 89' lang='lat' dir='ltr'>tiones</span> <span class='ocrx_word' id='word_1_794' title='bbox 2059 4214 2236 4263; x_wconf 89' lang='lat' dir='ltr'>meas,</span> <span class='ocrx_word' id='word_1_795' title='bbox 2249 4202 2313 4251; x_wconf 92' lang='lat' dir='ltr'>ut</span> <span class='ocrx_word' id='word_1_796' title='bbox 2332 4196 2619 4268; x_wconf 89' lang='lat' dir='ltr'>iniquitati</span> <span class='ocrx_word' id='word_1_797' title='bbox 2637 4197 2918 4251; x_wconf 88' lang='lat' dir='ltr'>resistam.</span> <span class='ocrx_word' id='word_1_798' title='bbox 2939 4197 3048 4251; x_wconf 90' lang='lat' dir='ltr'>Per</span> <span class='ocrx_word' id='word_1_799' title='bbox 3063 4213 3283 4262; x_wconf 79' lang='lat' dir='ltr'>manus,</span> <span class='ocrx_word' id='word_1_800' title='bbox 3307 4213 3460 4262; x_wconf 80' lang='lat' dir='ltr'>mar-</span> 
     </span>
    </p>
   </div>
   <div class='ocr_carea' id='block_1_72' title="bbox 185 4286 3460 4360">
    <p class='ocr_par' dir='ltr' id='par_1_72' title="bbox 185 4286 3460 4360">
     <span class='ocr_line' id='line_1_73' title="bbox 185 4286 3460 4360; baseline -0.001 -18"><span class='ocrx_word' id='word_1_801' title='bbox 185 4305 320 4343; x_wconf 90' lang='lat' dir='ltr'>num</span> <span class='ocrx_word' id='word_1_802' title='bbox 352 4307 534 4344; x_wconf 90' lang='lat' dir='ltr'>meam</span> <span class='ocrx_word' id='word_1_803' title='bbox 569 4290 630 4354; x_wconf 78' lang='lat'>&#39;5,</span> <span class='ocrx_word' id='word_1_804' title='bbox 668 4309 694 4340; x_wconf 84' lang='lat'>»</span> <span class='ocrx_word' id='word_1_805' title='bbox 728 4289 876 4360; x_wconf 90' lang='lat' dir='ltr'>quod</span> <span class='ocrx_word' id='word_1_806' title='bbox 906 4289 1161 4343; x_wconf 88' lang='lat' dir='ltr'>Christus</span> <span class='ocrx_word' id='word_1_807' title='bbox 1219 4289 1288 4342; x_wconf 90' lang='lat' dir='ltr'>ad</span> <span class='ocrx_word' id='word_1_808' title='bbox 1341 4287 1509 4341; x_wconf 65' lang='lat' dir='ltr'>caelos</span> <span class='ocrx_word' id='word_1_809' title='bbox 1531 4287 1780 4342; x_wconf 88' lang='lat' dir='ltr'>elevatus</span> <span class='ocrx_word' id='word_1_810' title='bbox 1859 4291 2035 4357; x_wconf 86' lang='lat' dir='ltr'>tyres,</span> <span class='ocrx_word' id='word_1_811' title='bbox 2066 4293 2132 4341; x_wconf 92' lang='lat' dir='ltr'>ut</span> <span class='ocrx_word' id='word_1_812' title='bbox 2157 4287 2216 4340; x_wconf 94' lang='lat' dir='ltr'>in</span> <span class='ocrx_word' id='word_1_813' title='bbox 2244 4287 2474 4340; x_wconf 88' lang='lat' dir='ltr'>Cantica</span> <span class='ocrx_word' id='word_1_814' title='bbox 2498 4305 2510 4339; x_wconf 89' lang='lat'><strong>:</strong></span> <span class='ocrx_word' id='word_1_815' title='bbox 2531 4286 2772 4340; x_wconf 69' lang='lat' dir='ltr'>«Manus</span> <span class='ocrx_word' id='word_1_816' title='bbox 2786 4302 2924 4340; x_wconf 68' lang='lat' dir='ltr'>mea:</span> <span class='ocrx_word' id='word_1_817' title='bbox 2947 4286 3302 4339; x_wconf 81' lang='lat' dir='ltr'>stillaverunt</span> <span class='ocrx_word' id='word_1_818' title='bbox 3314 4301 3460 4356; x_wconf 83' lang='lat' dir='ltr'>myr-</span> 
     </span>
    </p>
   </div>
   <div class='ocr_carea' id='block_1_73' title="bbox 185 4362 3458 4446">
    <p class='ocr_par' dir='ltr' id='par_1_73' title="bbox 185 4362 3458 4446">
     <span class='ocr_line' id='line_1_74' title="bbox 185 4362 3458 4446; baseline -0.001 -16"><span class='ocrx_word' id='word_1_819' title='bbox 185 4385 287 4431; x_wconf 83' lang='lat' dir='ltr'>est.</span> <span class='ocrx_word' id='word_1_820' title='bbox 338 4381 555 4444; x_wconf 70' lang='lat' dir='ltr'>Manus,</span> <span class='ocrx_word' id='word_1_821' title='bbox 605 4377 914 4432; x_wconf 90' lang='lat' dir='ltr'>consolatio</span> <span class='ocrx_word' id='word_1_822' title='bbox 971 4377 1177 4442; x_wconf 89' lang='lat' dir='ltr'>divina,</span> <span class='ocrx_word' id='word_1_823' title='bbox 1226 4383 1291 4432; x_wconf 90' lang='lat' dir='ltr'>ut</span> <span class='ocrx_word' id='word_1_824' title='bbox 1332 4375 1391 4430; x_wconf 91' lang='lat' dir='ltr'>in</span> <span class='ocrx_word' id='word_1_825' title='bbox 1425 4363 1728 4430; x_wconf 82' lang='lat' dir='ltr'>Ezechiele</span> <span class='ocrx_word' id='word_1_826' title='bbox 1763 4362 1844 4427; x_wconf 71' lang='grc' dir='ltr'>τι)</span> <span class='ocrx_word' id='word_1_827' title='bbox 1863 4375 2024 4440; x_wconf 85' lang='lat' dir='ltr'>rham</span> <span class='ocrx_word' id='word_1_828' title='bbox 2043 4375 2109 4440; x_wconf 83' lang='grc'>³⁷,</span> <span class='ocrx_word' id='word_1_829' title='bbox 2142 4395 2165 4427; x_wconf 74' lang='grc' dir='ltr'><strong><em>ι</em></strong></span> <span class='ocrx_word' id='word_1_830' title='bbox 2191 4375 2245 4429; x_wconf 93' lang='lat' dir='ltr'>id</span> <span class='ocrx_word' id='word_1_831' title='bbox 2269 4381 2378 4441; x_wconf 91' lang='lat' dir='ltr'>est,</span> <span class='ocrx_word' id='word_1_832' title='bbox 2412 4380 2691 4446; x_wconf 73' lang='lat' dir='ltr'>martyres</span> <span class='ocrx_word' id='word_1_833' title='bbox 2712 4374 2823 4428; x_wconf 93' lang='lat' dir='ltr'>mei</span> <span class='ocrx_word' id='word_1_834' title='bbox 2852 4373 3247 4438; x_wconf 90' lang='lat' dir='ltr'>destituerunt,</span> <span class='ocrx_word' id='word_1_835' title='bbox 3281 4390 3458 4443; x_wconf 89' lang='lat' dir='ltr'>usque</span> 
     </span>
    </p>
   </div>
   <div class='ocr_carea' id='block_1_74' title="bbox 188 4465 1778 4532">
    <p class='ocr_par' dir='ltr' id='par_1_74' title="bbox 188 4465 1778 4532">
     <span class='ocr_line' id='line_1_75' title="bbox 188 4465 1778 4532; baseline 0.001 -16"><span class='ocrx_word' id='word_1_836' title='bbox 188 4485 216 4516; x_wconf 74' lang='grc' dir='ltr'><strong>ε</strong></span> <span class='ocrx_word' id='word_1_837' title='bbox 247 4467 442 4522; x_wconf 80' lang='lat' dir='ltr'>Manus</span> <span class='ocrx_word' id='word_1_838' title='bbox 462 4467 690 4522; x_wconf 91' lang='lat' dir='ltr'>Domini</span> <span class='ocrx_word' id='word_1_839' title='bbox 717 4473 839 4520; x_wconf 91' lang='lat' dir='ltr'>erat</span> <span class='ocrx_word' id='word_1_840' title='bbox 866 4483 1084 4520; x_wconf 91' lang='lat' dir='ltr'>mecum</span> <span class='ocrx_word' id='word_1_841' title='bbox 1117 4467 1181 4532; x_wconf 66' lang='lat'>*7,</span> <span class='ocrx_word' id='word_1_842' title='bbox 1199 4483 1226 4518; x_wconf 72' lang='grc' dir='ltr'><strong>ι</strong></span> <span class='ocrx_word' id='word_1_843' title='bbox 1258 4465 1316 4519; x_wconf 92' lang='lat' dir='ltr'>id</span> <span class='ocrx_word' id='word_1_844' title='bbox 1346 4470 1450 4528; x_wconf 88' lang='lat' dir='ltr'>est,</span> <span class='ocrx_word' id='word_1_845' title='bbox 1472 4465 1778 4519; x_wconf 91' lang='lat' dir='ltr'>consolatio</span> 
     </span>
    </p>
   </div>
   <div class='ocr_carea' id='block_1_75' title="bbox 185 4553 1774 4626">
    <p class='ocr_par' dir='ltr' id='par_1_75' title="bbox 185 4553 1774 4626">
     <span class='ocr_line' id='line_1_76' title="bbox 185 4553 1774 4626; baseline 0.001 -19"><span class='ocrx_word' id='word_1_846' title='bbox 185 4553 371 4610; x_wconf 82' lang='lat' dir='ltr'>divina</span> <span class='ocrx_word' id='word_1_847' title='bbox 397 4557 557 4610; x_wconf 82' lang='lat' dir='ltr'>aﬁ&#39;uit</span> <span class='ocrx_word' id='word_1_848' title='bbox 576 4555 736 4610; x_wconf 90' lang='lat' dir='ltr'>mihi.</span> <span class='ocrx_word' id='word_1_849' title='bbox 759 4556 1024 4626; x_wconf 74' lang='lat' dir='ltr'>[Manus],</span> <span class='ocrx_word' id='word_1_850' title='bbox 1049 4561 1315 4626; x_wconf 83' lang='lat' dir='ltr'>potestas,</span> <span class='ocrx_word' id='word_1_851' title='bbox 1341 4554 1473 4609; x_wconf 85' lang='lat' dir='ltr'>utin</span> <span class='ocrx_word' id='word_1_852' title='bbox 1493 4554 1732 4609; x_wconf 90' lang='lat' dir='ltr'><strong>Psalmis</strong></span> <span class='ocrx_word' id='word_1_853' title='bbox 1761 4572 1774 4608; x_wconf 86' lang='lat'><strong>:</strong></span> 
     </span>
    </p>
   </div>
   <div class='ocr_carea' id='block_1_76' title="bbox 191 4644 1780 4716">
    <p class='ocr_par' dir='ltr' id='par_1_76' title="bbox 191 4644 1780 4716">
     <span class='ocr_line' id='line_1_77' title="bbox 191 4644 1780 4716; baseline 0.002 -22"><span class='ocrx_word' id='word_1_854' title='bbox 191 4662 214 4694; x_wconf 71' lang='grc' dir='ltr'>(ς</span> <span class='ocrx_word' id='word_1_855' title='bbox 249 4644 330 4698; x_wconf 89' lang='lat' dir='ltr'>De</span> <span class='ocrx_word' id='word_1_856' title='bbox 348 4662 515 4701; x_wconf 90' lang='lat' dir='ltr'>manu</span> <span class='ocrx_word' id='word_1_857' title='bbox 529 4647 774 4701; x_wconf 88' lang='lat' dir='ltr'>ﬁliorum</span> <span class='ocrx_word' id='word_1_858' title='bbox 790 4645 1231 4716; x_wconf 88' lang='lat' dir='ltr'>apostatantium</span> <span class='ocrx_word' id='word_1_859' title='bbox 1243 4645 1308 4698; x_wconf 69' lang='grc' dir='ltr'>η.</span> <span class='ocrx_word' id='word_1_860' title='bbox 1329 4663 1352 4694; x_wconf 71' lang='grc' dir='ltr'><strong><em>ι</em></strong></span> <span class='ocrx_word' id='word_1_861' title='bbox 1373 4645 1588 4710; x_wconf 80' lang='lat' dir='ltr'>Manus,</span> <span class='ocrx_word' id='word_1_862' title='bbox 1605 4660 1780 4698; x_wconf 90' lang='lat' dir='ltr'>mem-</span> 
     </span>
    </p>
   </div>
   <div class='ocr_carea' id='block_1_77' title="bbox 191 4731 1782 4804">
    <p class='ocr_par' dir='ltr' id='par_1_77' title="bbox 191 4731 1782 4804">
     <span class='ocr_line' id='line_1_78' title="bbox 191 4731 1782 4804; baseline 0 -19"><span class='ocrx_word' id='word_1_863' title='bbox 191 4731 291 4787; x_wconf 88' lang='lat' dir='ltr'>bra</span> <span class='ocrx_word' id='word_1_864' title='bbox 319 4734 539 4802; x_wconf 86' lang='lat' dir='ltr'>Christi,</span> <span class='ocrx_word' id='word_1_865' title='bbox 578 4742 644 4790; x_wconf 90' lang='lat' dir='ltr'>ut</span> <span class='ocrx_word' id='word_1_866' title='bbox 688 4735 747 4790; x_wconf 91' lang='lat' dir='ltr'>in</span> <span class='ocrx_word' id='word_1_867' title='bbox 786 4734 973 4789; x_wconf 89' lang='lat' dir='ltr'>Exodo</span> <span class='ocrx_word' id='word_1_868' title='bbox 999 4734 1045 4768; x_wconf 69' lang='lat'>1°</span> <span class='ocrx_word' id='word_1_869' title='bbox 1073 4751 1275 4789; x_wconf 88' lang='lat' dir='ltr'>manus</span> <span class='ocrx_word' id='word_1_870' title='bbox 1303 4732 1482 4804; x_wconf 85' lang='lat' dir='ltr'>Moysi</span> <span class='ocrx_word' id='word_1_871' title='bbox 1510 4732 1782 4804; x_wconf 87' lang='lat' dir='ltr'>producta</span> 
     </span>
    </p>
   </div>
   <div class='ocr_carea' id='block_1_78' title="bbox 191 4821 1780 4896">
    <p class='ocr_par' dir='ltr' id='par_1_78' title="bbox 191 4821 1780 4896">
     <span class='ocr_line' id='line_1_79' title="bbox 191 4821 1780 4896; baseline -0.001 -20"><span class='ocrx_word' id='word_1_872' title='bbox 191 4831 277 4877; x_wconf 87' lang='lat' dir='ltr'><strong>est</strong></span> <span class='ocrx_word' id='word_1_873' title='bbox 303 4825 368 4879; x_wconf 89' lang='lat' dir='ltr'>de</span> <span class='ocrx_word' id='word_1_874' title='bbox 392 4825 516 4880; x_wconf 92' lang='lat' dir='ltr'>sinu</span> <span class='ocrx_word' id='word_1_875' title='bbox 560 4828 582 4848; x_wconf 65' lang='grc' dir='ltr'>θ</span> <span class='ocrx_word' id='word_1_876' title='bbox 617 4824 841 4896; x_wconf 90' lang='lat' dir='ltr'>leprosi,</span> <span class='ocrx_word' id='word_1_877' title='bbox 876 4825 935 4878; x_wconf 91' lang='lat' dir='ltr'>in</span> <span class='ocrx_word' id='word_1_878' title='bbox 965 4823 1151 4878; x_wconf 88' lang='lat' dir='ltr'>sinum</span> <span class='ocrx_word' id='word_1_879' title='bbox 1180 4828 1456 4886; x_wconf 89' lang='lat' dir='ltr'>revocata,</span> <span class='ocrx_word' id='word_1_880' title='bbox 1491 4821 1550 4875; x_wconf 89' lang='lat' dir='ltr'>in</span> <span class='ocrx_word' id='word_1_881' title='bbox 1595 4821 1780 4892; x_wconf 87' lang='lat' dir='ltr'>pristi-</span> 
     </span>
    </p>
   </div>
   <div class='ocr_carea' id='block_1_79' title="bbox 191 4909 1774 4985">
    <p class='ocr_par' dir='ltr' id='par_1_79' title="bbox 191 4909 1774 4985">
     <span class='ocr_line' id='line_1_80' title="bbox 191 4909 1774 4985; baseline -0.002 -20"><span class='ocrx_word' id='word_1_882' title='bbox 191 4927 325 4966; x_wconf 90' lang='lat' dir='ltr'>num</span> <span class='ocrx_word' id='word_1_883' title='bbox 343 4914 508 4968; x_wconf 88' lang='lat' dir='ltr'>rediit</span> <span class='ocrx_word' id='word_1_884' title='bbox 539 4933 554 4970; x_wconf 90' lang='lat'><strong>:</strong></span> <span class='ocrx_word' id='word_1_885' title='bbox 589 4914 739 4985; x_wconf 90' lang='lat' dir='ltr'>quod</span> <span class='ocrx_word' id='word_1_886' title='bbox 763 4913 1056 4967; x_wconf 88' lang='lat' dir='ltr'>immunda</span> <span class='ocrx_word' id='word_1_887' title='bbox 1094 4913 1240 4966; x_wconf 89' lang='lat' dir='ltr'>ﬁunt</span> <span class='ocrx_word' id='word_1_888' title='bbox 1266 4910 1520 4966; x_wconf 87' lang='lat' dir='ltr'>membra</span> <span class='ocrx_word' id='word_1_889' title='bbox 1547 4909 1774 4976; x_wconf 86' lang='lat' dir='ltr'>Christi,</span> 
     </span>
    </p>
   </div>
   <div class='ocr_carea' id='block_1_80' title="bbox 190 4998 1778 5074">
    <p class='ocr_par' dir='ltr' id='par_1_80' title="bbox 190 4998 1778 5074">
     <span class='ocr_line' id='line_1_81' title="bbox 190 4998 1778 5074; baseline -0.001 -21"><span class='ocrx_word' id='word_1_890' title='bbox 190 5017 318 5056; x_wconf 88' lang='lat' dir='ltr'><strong>cum</strong></span> <span class='ocrx_word' id='word_1_891' title='bbox 355 5003 630 5074; x_wconf 85' lang='lat' dir='ltr'>peccando</span> <span class='ocrx_word' id='word_1_892' title='bbox 659 5020 692 5056; x_wconf 87' lang='lat' dir='ltr'><strong>a</strong></span> <span class='ocrx_word' id='word_1_893' title='bbox 726 5003 913 5074; x_wconf 86' lang='lat' dir='ltr'>gratia</span> <span class='ocrx_word' id='word_1_894' title='bbox 959 5007 1195 5068; x_wconf 84' lang='lat' dir='ltr'>exeunt;</span> <span class='ocrx_word' id='word_1_895' title='bbox 1252 5017 1380 5055; x_wconf 90' lang='lat' dir='ltr'>cum</span> <span class='ocrx_word' id='word_1_896' title='bbox 1429 5015 1560 5054; x_wconf 86' lang='lat' dir='ltr'>vero</span> <span class='ocrx_word' id='word_1_897' title='bbox 1597 4998 1778 5070; x_wconf 87' lang='lat' dir='ltr'>poeni-</span> 
     </span>
    </p>
   </div>
   <div class='ocr_carea' id='block_1_81' title="bbox 1859 4461 3458 4534">
    <p class='ocr_par' dir='ltr' id='par_1_81' title="bbox 1859 4461 3458 4534">
     <span class='ocr_line' id='line_1_82' title="bbox 1859 4461 3458 4534; baseline -0.003 -16"><span class='ocrx_word' id='word_1_898' title='bbox 1859 4465 1930 4518; x_wconf 85' lang='lat' dir='ltr'>ad</span> <span class='ocrx_word' id='word_1_899' title='bbox 1951 4470 2212 4518; x_wconf 89' lang='lat' dir='ltr'>mortem.</span> <span class='ocrx_word' id='word_1_900' title='bbox 2229 4465 2338 4518; x_wconf 92' lang='lat' dir='ltr'>Per</span> <span class='ocrx_word' id='word_1_901' title='bbox 2366 4481 2589 4528; x_wconf 72' lang='lat' dir='ltr'>manus,</span> <span class='ocrx_word' id='word_1_902' title='bbox 2611 4469 2935 4534; x_wconf 90' lang='lat' dir='ltr'>aperatores</span> <span class='ocrx_word' id='word_1_903' title='bbox 2962 4461 3112 4527; x_wconf 91' lang='lat' dir='ltr'>boni,</span> <span class='ocrx_word' id='word_1_904' title='bbox 3133 4467 3198 4516; x_wconf 94' lang='lat' dir='ltr'>ut</span> <span class='ocrx_word' id='word_1_905' title='bbox 3224 4461 3284 4514; x_wconf 91' lang='lat' dir='ltr'>in</span> <span class='ocrx_word' id='word_1_906' title='bbox 3311 4463 3458 4514; x_wconf 85' lang='lat' dir='ltr'>Can-</span> 
     </span>
    </p>
   </div>
   <div class='ocr_carea' id='block_1_82' title="bbox 1859 4549 3458 4620">
    <p class='ocr_par' dir='ltr' id='par_1_82' title="bbox 1859 4549 3458 4620">
     <span class='ocr_line' id='line_1_83' title="bbox 1859 4549 3458 4620; baseline -0.001 -14"><span class='ocrx_word' id='word_1_907' title='bbox 1859 4553 1970 4608; x_wconf 90' lang='lat' dir='ltr'>tica</span> <span class='ocrx_word' id='word_1_908' title='bbox 2002 4572 2014 4606; x_wconf 91' lang='lat'><strong>:</strong></span> <span class='ocrx_word' id='word_1_909' title='bbox 2047 4557 2069 4577; x_wconf 82' lang='lat'><strong>&#39;</strong></span> <span class='ocrx_word' id='word_1_910' title='bbox 2110 4573 2133 4604; x_wconf 76' lang='grc' dir='ltr'>ι</span> <span class='ocrx_word' id='word_1_911' title='bbox 2169 4554 2368 4607; x_wconf 89' lang='lat' dir='ltr'>Manus</span> <span class='ocrx_word' id='word_1_912' title='bbox 2395 4553 2548 4606; x_wconf 92' lang='lat' dir='ltr'>illius</span> <span class='ocrx_word' id='word_1_913' title='bbox 2579 4550 2876 4605; x_wconf 85' lang='lat' dir='ltr'>tornatiles</span> <span class='ocrx_word' id='word_1_914' title='bbox 2907 4553 2928 4572; x_wconf 65' lang='grc' dir='ltr'><strong>θ</strong></span> <span class='ocrx_word' id='word_1_915' title='bbox 2949 4566 3121 4604; x_wconf 91' lang='lat' dir='ltr'>aureo</span> <span class='ocrx_word' id='word_1_916' title='bbox 3156 4549 3222 4616; x_wconf 81' lang='grc'><strong>³³,</strong></span> <span class='ocrx_word' id='word_1_917' title='bbox 3253 4569 3276 4600; x_wconf 68' lang='grc' dir='ltr'>ι</span> <span class='ocrx_word' id='word_1_918' title='bbox 3310 4551 3458 4620; x_wconf 88' lang='lat' dir='ltr'>quod</span> 
     </span>
    </p>
   </div>
   <div class='ocr_carea' id='block_1_83' title="bbox 1861 4637 3461 4716">
    <p class='ocr_par' dir='ltr' id='par_1_83' title="bbox 1861 4637 3461 4716">
     <span class='ocr_line' id='line_1_84' title="bbox 1861 4637 3461 4716; baseline -0.004 -17"><span class='ocrx_word' id='word_1_919' title='bbox 1861 4649 2187 4716; x_wconf 91' lang='lat' dir='ltr'>operatores</span> <span class='ocrx_word' id='word_1_920' title='bbox 2205 4641 2338 4696; x_wconf 91' lang='lat' dir='ltr'>boni</span> <span class='ocrx_word' id='word_1_921' title='bbox 2360 4641 2480 4694; x_wconf 89' lang='lat' dir='ltr'>sine</span> <span class='ocrx_word' id='word_1_922' title='bbox 2511 4655 2701 4694; x_wconf 90' lang='lat' dir='ltr'>errore</span> <span class='ocrx_word' id='word_1_923' title='bbox 2721 4639 2778 4692; x_wconf 90' lang='lat' dir='ltr'>in</span> <span class='ocrx_word' id='word_1_924' title='bbox 2807 4637 3081 4692; x_wconf 87' lang='lat' dir='ltr'>charitate</span> <span class='ocrx_word' id='word_1_925' title='bbox 3097 4637 3332 4710; x_wconf 87' lang='lat' dir='ltr'>fulgent.</span> <span class='ocrx_word' id='word_1_926' title='bbox 3354 4638 3461 4692; x_wconf 92' lang='lat' dir='ltr'>Per</span> 
     </span>
    </p>
   </div>
   <div class='ocr_carea' id='block_1_84' title="bbox 1861 4726 3457 4798">
    <p class='ocr_par' dir='ltr' id='par_1_84' title="bbox 1861 4726 3457 4798">
     <span class='ocr_line' id='line_1_85' title="bbox 1861 4726 3457 4798; baseline -0.004 -12"><span class='ocrx_word' id='word_1_927' title='bbox 1861 4748 2098 4786; x_wconf 82' lang='lat' dir='ltr'>manum</span> <span class='ocrx_word' id='word_1_928' title='bbox 2124 4729 2406 4795; x_wconf 90' lang='lat' dir='ltr'>discretio,</span> <span class='ocrx_word' id='word_1_929' title='bbox 2438 4733 2505 4782; x_wconf 92' lang='lat' dir='ltr'>ut</span> <span class='ocrx_word' id='word_1_930' title='bbox 2531 4728 2589 4782; x_wconf 92' lang='lat' dir='ltr'>in</span> <span class='ocrx_word' id='word_1_931' title='bbox 2612 4726 2912 4798; x_wconf 88' lang='lat' dir='ltr'>Evangelia</span> <span class='ocrx_word' id='word_1_932' title='bbox 2946 4745 2957 4779; x_wconf 91' lang='lat'><strong>:</strong></span> <span class='ocrx_word' id='word_1_933' title='bbox 2997 4745 3024 4780; x_wconf 72' lang='grc' dir='ltr'><strong>ε</strong></span> <span class='ocrx_word' id='word_1_934' title='bbox 3047 4727 3318 4798; x_wconf 91' lang='lat' dir='ltr'>Discipuli</span> <span class='ocrx_word' id='word_1_935' title='bbox 3337 4743 3457 4781; x_wconf 91' lang='lat' dir='ltr'>ma-</span> 
     </span>
    </p>
   </div>
   <div class='ocr_carea' id='block_1_85' title="bbox 1860 4816 3460 4888">
    <p class='ocr_par' dir='ltr' id='par_1_85' title="bbox 1860 4816 3460 4888">
     <span class='ocr_line' id='line_1_86' title="bbox 1860 4816 3460 4888; baseline -0.004 -12"><span class='ocrx_word' id='word_1_936' title='bbox 1860 4821 2024 4876; x_wconf 88' lang='lat' dir='ltr'>nibus</span> <span class='ocrx_word' id='word_1_937' title='bbox 2044 4818 2428 4874; x_wconf 80' lang='lat' dir='ltr'>confricahant</span> <span class='ocrx_word' id='word_1_938' title='bbox 2448 4817 2632 4888; x_wconf 85' lang='lat' dir='ltr'>spicas</span> <span class='ocrx_word' id='word_1_939' title='bbox 2651 4816 2717 4882; x_wconf 76' lang='lat'>39,</span> <span class='ocrx_word' id='word_1_940' title='bbox 2735 4835 2763 4870; x_wconf 71' lang='grc' dir='ltr'><strong><em>ι</em></strong></span> <span class='ocrx_word' id='word_1_941' title='bbox 2783 4816 2934 4886; x_wconf 92' lang='lat' dir='ltr'>quod</span> <span class='ocrx_word' id='word_1_942' title='bbox 2953 4817 3012 4870; x_wconf 93' lang='lat' dir='ltr'>in</span> <span class='ocrx_word' id='word_1_943' title='bbox 3043 4816 3460 4887; x_wconf 71' lang='lat' dir='ltr'>Scripturarum</span> 
     </span>
    </p>
   </div>
   <div class='ocr_carea' id='block_1_86' title="bbox 1861 4905 3458 4976">
    <p class='ocr_par' dir='ltr' id='par_1_86' title="bbox 1861 4905 3458 4976">
     <span class='ocr_line' id='line_1_87' title="bbox 1861 4905 3458 4976; baseline -0.004 -12"><span class='ocrx_word' id='word_1_944' title='bbox 1861 4909 2156 4964; x_wconf 90' lang='lat' dir='ltr'>sententiis</span> <span class='ocrx_word' id='word_1_945' title='bbox 2183 4909 2440 4962; x_wconf 92' lang='lat' dir='ltr'>doctores</span> <span class='ocrx_word' id='word_1_946' title='bbox 2487 4905 2675 4960; x_wconf 91' lang='lat' dir='ltr'>studio</span> <span class='ocrx_word' id='word_1_947' title='bbox 2728 4905 3082 4960; x_wconf 91' lang='lat' dir='ltr'>discretionis</span> <span class='ocrx_word' id='word_1_948' title='bbox 3109 4905 3458 4976; x_wconf 86' lang='lat' dir='ltr'>spiritualem</span> 
     </span>
    </p>
   </div>
   <div class='ocr_carea' id='block_1_87' title="bbox 1861 4992 3453 5068">
    <p class='ocr_par' dir='ltr' id='par_1_87' title="bbox 1861 4992 3453 5068">
     <span class='ocr_line' id='line_1_88' title="bbox 1861 4992 3453 5068; baseline -0.004 -15"><span class='ocrx_word' id='word_1_949' title='bbox 1861 4998 2209 5053; x_wconf 90' lang='lat' dir='ltr'>intellectum</span> <span class='ocrx_word' id='word_1_950' title='bbox 2234 5001 2512 5068; x_wconf 62' lang='lat' dir='ltr'>quaerunt.</span> <span class='ocrx_word' id='word_1_951' title='bbox 2546 4996 2654 5048; x_wconf 89' lang='lat' dir='ltr'>Per</span> <span class='ocrx_word' id='word_1_952' title='bbox 2679 5011 2912 5049; x_wconf 87' lang='lat' dir='ltr'>manum</span> <span class='ocrx_word' id='word_1_953' title='bbox 2927 4993 3319 5064; x_wconf 85' lang='lat' dir='ltr'>dispositiones</span> <span class='ocrx_word' id='word_1_954' title='bbox 3334 4992 3453 5058; x_wconf 91' lang='lat' dir='ltr'>Dei,</span> 
     </span>
    </p>
   </div>
   <div class='ocr_carea' id='block_1_88' title="bbox 265 5097 3454 5173">
    <p class='ocr_par' dir='ltr' id='par_1_88' title="bbox 265 5097 3454 5173">
     <span class='ocr_line' id='line_1_89' title="bbox 265 5097 3454 5173; baseline -0.003 -13"><span class='ocrx_word' id='word_1_955' title='bbox 265 5107 283 5138; x_wconf 86' lang='grc'>¹</span> <span class='ocrx_word' id='word_1_956' title='bbox 314 5107 481 5163; x_wconf 88' lang='lat' dir='ltr'>Eccle.</span> <span class='ocrx_word' id='word_1_957' title='bbox 515 5123 569 5173; x_wconf 87' lang='lat' dir='ltr'>x,</span> <span class='ocrx_word' id='word_1_958' title='bbox 605 5104 690 5163; x_wconf 88' lang='lat'>16.</span> <span class='ocrx_word' id='word_1_959' title='bbox 735 5106 759 5140; x_wconf 87' lang='grc'>³</span> <span class='ocrx_word' id='word_1_960' title='bbox 785 5106 890 5161; x_wconf 85' lang='lat' dir='ltr'>Job</span> <span class='ocrx_word' id='word_1_961' title='bbox 927 5122 1002 5170; x_wconf 79' lang='lat' dir='ltr'>Iv,</span> <span class='ocrx_word' id='word_1_962' title='bbox 1027 5105 1116 5162; x_wconf 79' lang='lat'>20.</span> <span class='ocrx_word' id='word_1_963' title='bbox 1163 5105 1187 5139; x_wconf 84' lang='grc'>³</span> <span class='ocrx_word' id='word_1_964' title='bbox 1215 5107 1376 5160; x_wconf 88' lang='lat' dir='ltr'>Cant.</span> <span class='ocrx_word' id='word_1_965' title='bbox 1411 5119 1507 5170; x_wconf 83' lang='lat' dir='ltr'>vn,</span> <span class='ocrx_word' id='word_1_966' title='bbox 1549 5103 1628 5161; x_wconf 79' lang='lat' dir='ltr'>l2.</span> <span class='ocrx_word' id='word_1_967' title='bbox 1675 5103 1696 5138; x_wconf 71' lang='grc'>’⁸</span> <span class='ocrx_word' id='word_1_968' title='bbox 1736 5105 1876 5159; x_wconf 88' lang='lat' dir='ltr'>Gen.</span> <span class='ocrx_word' id='word_1_969' title='bbox 1927 5103 1966 5164; x_wconf 61' lang='lat'>1,</span> <span class='ocrx_word' id='word_1_970' title='bbox 2017 5103 2080 5170; x_wconf 69' lang='grc' dir='ltr'>ὃς</span> <span class='ocrx_word' id='word_1_971' title='bbox 2116 5117 2236 5167; x_wconf 81' lang='lat' dir='ltr'>vni,</span> <span class='ocrx_word' id='word_1_972' title='bbox 2270 5101 2382 5173; x_wconf 70' lang='lat'>13;_</span> <span class='ocrx_word' id='word_1_973' title='bbox 2422 5115 2533 5166; x_wconf 79' lang='lat' dir='ltr'>xix,</span> <span class='ocrx_word' id='word_1_974' title='bbox 2581 5099 2673 5173; x_wconf 71' lang='lat'>23,</span> <span class='ocrx_word' id='word_1_975' title='bbox 2715 5098 2806 5153; x_wconf 86' lang='lat'>31.</span> <span class='ocrx_word' id='word_1_976' title='bbox 2838 5099 2862 5133; x_wconf 75' lang='grc' dir='ltr'><strong>δ</strong></span> <span class='ocrx_word' id='word_1_977' title='bbox 2890 5099 3037 5173; x_wconf 71' lang='lat' dir='ltr'>Psal.</span> <span class='ocrx_word' id='word_1_978' title='bbox 3064 5114 3122 5173; x_wconf 54' lang='grc' dir='ltr'><em>Υ,</em></span> <span class='ocrx_word' id='word_1_979' title='bbox 3157 5098 3210 5173; x_wconf 61' lang='grc' dir='ltr'>ᾴ.</span> <span class='ocrx_word' id='word_1_980' title='bbox 3249 5097 3273 5130; x_wconf 75' lang='grc'>⁸</span> <span class='ocrx_word' id='word_1_981' title='bbox 3313 5098 3454 5173; x_wconf 72' lang='lat' dir='ltr'>Gen.</span> 
     </span>
    </p>
   </div>
   <div class='ocr_carea' id='block_1_89' title="bbox 193 5166 3452 5240">
    <p class='ocr_par' dir='ltr' id='par_1_89' title="bbox 193 5166 3452 5240">
     <span class='ocr_line' id='line_1_90' title="bbox 193 5166 3452 5240; baseline -0.002 -10"><span class='ocrx_word' id='word_1_982' title='bbox 193 5191 338 5240; x_wconf 65' lang='grc' dir='ltr'><strong>χιιι,</strong></span> <span class='ocrx_word' id='word_1_983' title='bbox 363 5179 446 5234; x_wconf 74' lang='lat'>27.</span> <span class='ocrx_word' id='word_1_984' title='bbox 479 5179 499 5214; x_wconf 84' lang='grc'>⁷</span> <span class='ocrx_word' id='word_1_985' title='bbox 529 5166 677 5233; x_wconf 74' lang='lat' dir='ltr'>Psal.</span> <span class='ocrx_word' id='word_1_986' title='bbox 712 5193 824 5238; x_wconf 79' lang='lat' dir='ltr'><strong>LIV,</strong></span> <span class='ocrx_word' id='word_1_987' title='bbox 862 5177 947 5232; x_wconf 95' lang='lat'>18.</span> <span class='ocrx_word' id='word_1_988' title='bbox 979 5166 1003 5213; x_wconf 70' lang='grc' dir='ltr'><em>έ</em></span> <span class='ocrx_word' id='word_1_989' title='bbox 1033 5177 1234 5232; x_wconf 87' lang='lat' dir='ltr'>Matth.</span> <span class='ocrx_word' id='word_1_990' title='bbox 1267 5192 1356 5240; x_wconf 88' lang='lat' dir='ltr'>xx,</span> <span class='ocrx_word' id='word_1_991' title='bbox 1397 5177 1445 5234; x_wconf 96' lang='lat'>1.</span> <span class='ocrx_word' id='word_1_992' title='bbox 1477 5166 1505 5210; x_wconf 68' lang='grc' dir='ltr'>θ’</span> <span class='ocrx_word' id='word_1_993' title='bbox 1528 5175 1706 5235; x_wconf 87' lang='lat' dir='ltr'>Eccle.</span> <span class='ocrx_word' id='word_1_994' title='bbox 1739 5191 1814 5240; x_wconf 82' lang='lat' dir='ltr'>x1,</span> <span class='ocrx_word' id='word_1_995' title='bbox 1842 5177 1896 5230; x_wconf 85' lang='lat'>6.</span> <span class='ocrx_word' id='word_1_996' title='bbox 1927 5173 1974 5209; x_wconf 82' lang='grc'>¹⁰</span> <span class='ocrx_word' id='word_1_997' title='bbox 2001 5166 2147 5228; x_wconf 83' lang='lat' dir='ltr'>Psal.</span> <span class='ocrx_word' id='word_1_998' title='bbox 2184 5166 2332 5237; x_wconf 71' lang='lat' dir='ltr'>XLIV,</span> <span class='ocrx_word' id='word_1_999' title='bbox 2358 5171 2409 5228; x_wconf 85' lang='lat'>9.</span> <span class='ocrx_word' id='word_1_1000' title='bbox 2444 5173 2484 5206; x_wconf 88' lang='grc'>¹¹</span> <span class='ocrx_word' id='word_1_1001' title='bbox 2516 5171 2664 5226; x_wconf 87' lang='lat' dir='ltr'>Psal.</span> <span class='ocrx_word' id='word_1_1002' title='bbox 2701 5185 2856 5236; x_wconf 78' lang='lat' dir='ltr'>mn,</span> <span class='ocrx_word' id='word_1_1003' title='bbox 2891 5173 2943 5226; x_wconf 88' lang='lat'>7.</span> <span class='ocrx_word' id='word_1_1004' title='bbox 2985 5169 3030 5204; x_wconf 83' lang='grc'>¹²</span> <span class='ocrx_word' id='word_1_1005' title='bbox 3064 5170 3209 5224; x_wconf 84' lang='lat' dir='ltr'>Psal.</span> <span class='ocrx_word' id='word_1_1006' title='bbox 3243 5182 3366 5235; x_wconf 83' lang='lat' dir='ltr'>xxx,</span> <span class='ocrx_word' id='word_1_1007' title='bbox 3399 5166 3452 5240; x_wconf 84' lang='lat'>6,</span> 
     </span>
    </p>
   </div>
   <div class='ocr_carea' id='block_1_90' title="bbox 192 5239 3452 5316">
    <p class='ocr_par' dir='ltr' id='par_1_90' title="bbox 192 5239 3452 5316">
     <span class='ocr_line' id='line_1_91' title="bbox 192 5239 3452 5316; baseline -0.002 -14"><span class='ocrx_word' id='word_1_1008' title='bbox 192 5247 242 5281; x_wconf 75' lang='lat'>’3</span> <span class='ocrx_word' id='word_1_1009' title='bbox 269 5239 406 5303; x_wconf 83' lang='lat' dir='ltr'>Psal.</span> <span class='ocrx_word' id='word_1_1010' title='bbox 435 5263 603 5316; x_wconf 82' lang='lat' dir='ltr'>Lxxn,</span> <span class='ocrx_word' id='word_1_1011' title='bbox 637 5249 727 5306; x_wconf 79' lang='grc'>14.</span> <span class='ocrx_word' id='word_1_1012' title='bbox 778 5248 824 5284; x_wconf 83' lang='grc'>¹⁴</span> <span class='ocrx_word' id='word_1_1013' title='bbox 853 5250 1000 5305; x_wconf 89' lang='lat' dir='ltr'>Psal.</span> <span class='ocrx_word' id='word_1_1014' title='bbox 1033 5263 1086 5314; x_wconf 89' lang='lat' dir='ltr'>c,</span> <span class='ocrx_word' id='word_1_1015' title='bbox 1113 5248 1167 5302; x_wconf 91' lang='lat'>8.</span> <span class='ocrx_word' id='word_1_1016' title='bbox 1218 5248 1264 5283; x_wconf 81' lang='grc'>¹⁵</span> <span class='ocrx_word' id='word_1_1017' title='bbox 1305 5249 1452 5302; x_wconf 91' lang='lat' dir='ltr'>Psal.</span> <span class='ocrx_word' id='word_1_1018' title='bbox 1485 5261 1672 5304; x_wconf 79' lang='lat' dir='ltr'>cxuv.</span> <span class='ocrx_word' id='word_1_1019' title='bbox 1709 5248 1761 5302; x_wconf 79' lang='lat'>&#39;7.</span> <span class='ocrx_word' id='word_1_1020' title='bbox 1800 5239 1844 5282; x_wconf 70' lang='grc' dir='ltr'>ιδ</span> <span class='ocrx_word' id='word_1_1021' title='bbox 1887 5246 2051 5302; x_wconf 90' lang='lat' dir='ltr'>Deut.</span> <span class='ocrx_word' id='word_1_1022' title='bbox 2082 5243 2682 5316; x_wconf 26' lang='lat' dir='ltr'>xxxnh’ioafﬂEzech.</span> <span class='ocrx_word' id='word_1_1023' title='bbox 2715 5259 2766 5307; x_wconf 88' lang='lat' dir='ltr'>v,</span> <span class='ocrx_word' id='word_1_1024' title='bbox 2800 5241 3144 5316; x_wconf 34' lang='lat' dir='ltr'>14.}3‘Psal.</span> <span class='ocrx_word' id='word_1_1025' title='bbox 3169 5253 3366 5316; x_wconf 72' lang='lat' dir='ltr'>exuli,</span> <span class='ocrx_word' id='word_1_1026' title='bbox 3399 5239 3452 5305; x_wconf 89' lang='lat'>7,</span> 
     </span>
    </p>
   </div>
   <div class='ocr_carea' id='block_1_91' title="bbox 191 5311 1699 5387">
    <p class='ocr_par' dir='ltr' id='par_1_91' title="bbox 191 5311 1699 5387">
     <span class='ocr_line' id='line_1_92' title="bbox 191 5311 1699 5387; baseline -0.003 -15"><span class='ocrx_word' id='word_1_1027' title='bbox 191 5319 288 5372; x_wconf 87' lang='lat'>11.</span> <span class='ocrx_word' id='word_1_1028' title='bbox 309 5319 350 5354; x_wconf 77' lang='grc'>¹⁹</span> <span class='ocrx_word' id='word_1_1029' title='bbox 372 5321 539 5376; x_wconf 86' lang='lat' dir='ltr'>Exod.</span> <span class='ocrx_word' id='word_1_1030' title='bbox 568 5311 643 5387; x_wconf 78' lang='lat' dir='ltr'>iv,</span> <span class='ocrx_word' id='word_1_1031' title='bbox 670 5323 723 5374; x_wconf 78' lang='lat' dir='ltr'>ﬁ.</span> <span class='ocrx_word' id='word_1_1032' title='bbox 744 5319 794 5354; x_wconf 78' lang='grc' dir='ltr'><strong>³ο</strong></span> <span class='ocrx_word' id='word_1_1033' title='bbox 823 5322 970 5375; x_wconf 86' lang='lat' dir='ltr'>Psal.</span> <span class='ocrx_word' id='word_1_1034' title='bbox 993 5311 1156 5385; x_wconf 81' lang='lat' dir='ltr'>xxxv,</span> <span class='ocrx_word' id='word_1_1035' title='bbox 1193 5318 1278 5373; x_wconf 81' lang='lat'>12.</span> <span class='ocrx_word' id='word_1_1036' title='bbox 1303 5318 1347 5354; x_wconf 76' lang='grc'>²¹</span> <span class='ocrx_word' id='word_1_1037' title='bbox 1381 5319 1529 5374; x_wconf 90' lang='lat' dir='ltr'>Psal.</span> <span class='ocrx_word' id='word_1_1038' title='bbox 1563 5333 1699 5374; x_wconf 77' lang='lat' dir='ltr'>xxxi</span> 
     </span>
    </p>
   </div>
   <div class='ocr_carea' id='block_1_92' title="bbox 1943 5311 3451 5387">
    <p class='ocr_par' dir='ltr' id='par_1_92' title="bbox 1946 5311 3451 5387">
     <span class='ocr_line' id='line_1_93' title="bbox 1946 5311 3451 5387; baseline -0.004 -16"><span class='ocrx_word' id='word_1_1039' title='bbox 1946 5317 2046 5371; x_wconf 87' lang='lat' dir='ltr'>sal.</span> <span class='ocrx_word' id='word_1_1040' title='bbox 2080 5329 2229 5381; x_wconf 80' lang='lat' dir='ltr'>xxxi,</span> <span class='ocrx_word' id='word_1_1041' title='bbox 2257 5313 2348 5371; x_wconf 76' lang='grc'>24.</span> <span class='ocrx_word' id='word_1_1042' title='bbox 2379 5313 2593 5387; x_wconf 65' lang='grc'>³³1⁵881.</span> <span class='ocrx_word' id='word_1_1043' title='bbox 2627 5326 2830 5387; x_wconf 38' lang='grc' dir='ltr'>(ξκιῃζ</span> <span class='ocrx_word' id='word_1_1044' title='bbox 2858 5311 2943 5367; x_wconf 88' lang='grc'>16.</span> <span class='ocrx_word' id='word_1_1045' title='bbox 2977 5311 3022 5346; x_wconf 80' lang='grc'><strong>³⁸</strong></span> <span class='ocrx_word' id='word_1_1046' title='bbox 3057 5312 3207 5387; x_wconf 73' lang='lat' dir='ltr'>Psal.</span> <span class='ocrx_word' id='word_1_1047' title='bbox 3245 5325 3451 5387; x_wconf 65' lang='lat' dir='ltr'>xxxvii,</span> 
     </span>
    </p>
   </div>
   <div class='ocr_carea' id='block_1_93' title="bbox 197 5381 3457 5459">
    <p class='ocr_par' dir='ltr' id='par_1_93' title="bbox 197 5381 3457 5459">
     <span class='ocr_line' id='line_1_94' title="bbox 197 5381 3457 5459; baseline -0.002 -17"><span class='ocrx_word' id='word_1_1048' title='bbox 197 5387 251 5442; x_wconf 90' lang='lat'>3.</span> <span class='ocrx_word' id='word_1_1049' title='bbox 280 5388 322 5423; x_wconf 80' lang='grc'><strong>³⁵</strong></span> <span class='ocrx_word' id='word_1_1050' title='bbox 345 5393 442 5446; x_wconf 87' lang='lat' dir='ltr'>Job</span> <span class='ocrx_word' id='word_1_1051' title='bbox 471 5381 654 5459; x_wconf 66' lang='lat' dir='ltr'>xxxix,</span> <span class='ocrx_word' id='word_1_1052' title='bbox 683 5391 771 5449; x_wconf 86' lang='lat'>37.</span> <span class='ocrx_word' id='word_1_1053' title='bbox 820 5391 868 5426; x_wconf 73' lang='grc'><strong>³⁸</strong></span> <span class='ocrx_word' id='word_1_1054' title='bbox 897 5392 1092 5446; x_wconf 89' lang='lat' dir='ltr'>Ezech.</span> <span class='ocrx_word' id='word_1_1055' title='bbox 1122 5381 1242 5456; x_wconf 80' lang='lat' dir='ltr'>vni,</span> <span class='ocrx_word' id='word_1_1056' title='bbox 1277 5389 1330 5444; x_wconf 88' lang='lat'>3.</span> <span class='ocrx_word' id='word_1_1057' title='bbox 1382 5390 1429 5425; x_wconf 82' lang='grc'><strong>³⁷</strong></span> <span class='ocrx_word' id='word_1_1058' title='bbox 1455 5390 1648 5445; x_wconf 91' lang='lat' dir='ltr'>Ezech.</span> <span class='ocrx_word' id='word_1_1059' title='bbox 1682 5405 1721 5457; x_wconf 87' lang='lat' dir='ltr'>I,</span> <span class='ocrx_word' id='word_1_1060' title='bbox 1754 5390 1805 5444; x_wconf 94' lang='lat'>8.</span> <span class='ocrx_word' id='word_1_1061' title='bbox 1829 5389 1876 5424; x_wconf 79' lang='grc'>³³</span> <span class='ocrx_word' id='word_1_1062' title='bbox 1903 5388 2102 5459; x_wconf 88' lang='lat' dir='ltr'>Ezech.</span> <span class='ocrx_word' id='word_1_1063' title='bbox 2135 5400 2342 5459; x_wconf 68' lang='lat' dir='ltr'>xxxvii,</span> <span class='ocrx_word' id='word_1_1064' title='bbox 2370 5386 2424 5450; x_wconf 90' lang='lat'>1,</span> <span class='ocrx_word' id='word_1_1065' title='bbox 2458 5391 2519 5438; x_wconf 87' lang='lat' dir='ltr'>et</span> <span class='ocrx_word' id='word_1_1066' title='bbox 2533 5399 2620 5450; x_wconf 83' lang='lat' dir='ltr'>xL,</span> <span class='ocrx_word' id='word_1_1067' title='bbox 2642 5384 2698 5459; x_wconf 55' lang='grc' dir='ltr'>1ζ</span> <span class='ocrx_word' id='word_1_1068' title='bbox 2725 5382 2941 5459; x_wconf 70' lang='lat' dir='ltr'>*°_I_)an.</span> <span class='ocrx_word' id='word_1_1069' title='bbox 2987 5382 3247 5459; x_wconf 81' lang='lat' dir='ltr'>vm,__25_._</span> <span class='ocrx_word' id='word_1_1070' title='bbox 3279 5381 3327 5459; x_wconf 55' lang='lat'>33</span> <span class='ocrx_word' id='word_1_1071' title='bbox 3353 5382 3457 5459; x_wconf 87' lang='lat' dir='ltr'>Jo_b</span> 
     </span>
    </p>
   </div>
   <div class='ocr_carea' id='block_1_94' title="bbox 197 5453 3454 5531">
    <p class='ocr_par' dir='ltr' id='par_1_94' title="bbox 197 5453 3454 5531">
     <span class='ocr_line' id='line_1_95' title="bbox 197 5453 3454 5531; baseline -0.002 -19"><span class='ocrx_word' id='word_1_1072' title='bbox 197 5474 263 5524; x_wconf 76' lang='grc' dir='ltr'>ιι,</span> <span class='ocrx_word' id='word_1_1073' title='bbox 288 5461 336 5515; x_wconf 85' lang='grc'>6.</span> <span class='ocrx_word' id='word_1_1074' title='bbox 363 5462 401 5496; x_wconf 86' lang='grc'><strong>³¹</strong></span> <span class='ocrx_word' id='word_1_1075' title='bbox 431 5463 532 5519; x_wconf 89' lang='lat' dir='ltr'>Job</span> <span class='ocrx_word' id='word_1_1076' title='bbox 554 5453 677 5531; x_wconf 76' lang='lat' dir='ltr'>xui,</span> <span class='ocrx_word' id='word_1_1077' title='bbox 703 5463 792 5518; x_wconf 84' lang='lat'>21.</span> <span class='ocrx_word' id='word_1_1078' title='bbox 823 5463 871 5498; x_wconf 76' lang='grc'>³³</span> <span class='ocrx_word' id='word_1_1079' title='bbox 899 5463 1046 5518; x_wconf 88' lang='lat' dir='ltr'>Psal.</span> <span class='ocrx_word' id='word_1_1080' title='bbox 1077 5453 1268 5526; x_wconf 71' lang='lat' dir='ltr'>Lxxni,</span> <span class='ocrx_word' id='word_1_1081' title='bbox 1294 5462 1384 5516; x_wconf 91' lang='lat'>11.</span> <span class='ocrx_word' id='word_1_1082' title='bbox 1423 5461 1475 5495; x_wconf 75' lang='grc'>³³</span> <span class='ocrx_word' id='word_1_1083' title='bbox 1499 5461 1602 5516; x_wconf 88' lang='lat' dir='ltr'>Job</span> <span class='ocrx_word' id='word_1_1084' title='bbox 1627 5453 1762 5528; x_wconf 79' lang='lat' dir='ltr'>xvii,</span> <span class='ocrx_word' id='word_1_1085' title='bbox 1795 5460 1847 5517; x_wconf 88' lang='lat'>3.</span> <span class='ocrx_word' id='word_1_1086' title='bbox 1892 5458 1939 5493; x_wconf 72' lang='lat'>3‘</span> <span class='ocrx_word' id='word_1_1087' title='bbox 1963 5459 2162 5531; x_wconf 71' lang='lat' dir='ltr'>Matth.</span> <span class='ocrx_word' id='word_1_1088' title='bbox 2195 5471 2249 5531; x_wconf 59' lang='grc' dir='ltr'>γ,</span> <span class='ocrx_word' id='word_1_1089' title='bbox 2276 5456 2366 5531; x_wconf 63' lang='lat'>31,</span> <span class='ocrx_word' id='word_1_1090' title='bbox 2401 5461 2458 5510; x_wconf 92' lang='lat' dir='ltr'>et</span> <span class='ocrx_word' id='word_1_1091' title='bbox 2483 5469 2642 5521; x_wconf 81' lang='lat' dir='ltr'>XVIII,</span> <span class='ocrx_word' id='word_1_1092' title='bbox 2665 5453 2733 5519; x_wconf 92' lang='lat'>8;</span> <span class='ocrx_word' id='word_1_1093' title='bbox 2775 5456 2946 5510; x_wconf 90' lang='lat' dir='ltr'>Marc.</span> <span class='ocrx_word' id='word_1_1094' title='bbox 2975 5469 3051 5521; x_wconf 81' lang='lat' dir='ltr'>IX,</span> <span class='ocrx_word' id='word_1_1095' title='bbox 3081 5454 3172 5509; x_wconf 77' lang='grc'>43,</span> <span class='ocrx_word' id='word_1_1096' title='bbox 3205 5453 3252 5488; x_wconf 79' lang='grc'><strong>³⁵</strong></span> <span class='ocrx_word' id='word_1_1097' title='bbox 3283 5453 3454 5509; x_wconf 80' lang='lat' dir='ltr'>Exod.</span> 
     </span>
    </p>
   </div>
   <div class='ocr_carea' id='block_1_95' title="bbox 195 5527 1703 5603">
    <p class='ocr_par' dir='ltr' id='par_1_95' title="bbox 195 5527 1703 5603">
     <span class='ocr_line' id='line_1_96' title="bbox 195 5527 1703 5603; baseline 0.008 -19"><span class='ocrx_word' id='word_1_1098' title='bbox 195 5545 289 5597; x_wconf 83' lang='lat' dir='ltr'>xv,</span> <span class='ocrx_word' id='word_1_1099' title='bbox 309 5531 360 5588; x_wconf 83' lang='lat'>9.</span> <span class='ocrx_word' id='word_1_1100' title='bbox 388 5533 435 5570; x_wconf 79' lang='grc'><strong>³⁸</strong></span> <span class='ocrx_word' id='word_1_1101' title='bbox 461 5536 608 5592; x_wconf 78' lang='lat' dir='ltr'>Psal.</span> <span class='ocrx_word' id='word_1_1102' title='bbox 639 5527 775 5603; x_wconf 79' lang='lat' dir='ltr'>xvn,</span> <span class='ocrx_word' id='word_1_1103' title='bbox 811 5533 898 5602; x_wconf 83' lang='grc'>35,</span> <span class='ocrx_word' id='word_1_1104' title='bbox 931 5542 992 5591; x_wconf 87' lang='lat' dir='ltr'>et</span> <span class='ocrx_word' id='word_1_1105' title='bbox 1015 5547 1210 5600; x_wconf 69' lang='lat' dir='ltr'>cum,</span> <span class='ocrx_word' id='word_1_1106' title='bbox 1247 5534 1296 5591; x_wconf 93' lang='lat'>1.</span> <span class='ocrx_word' id='word_1_1107' title='bbox 1327 5532 1374 5569; x_wconf 82' lang='grc'>³⁷</span> <span class='ocrx_word' id='word_1_1108' title='bbox 1404 5534 1568 5590; x_wconf 81' lang='lat' dir='ltr'>Cant.</span> <span class='ocrx_word' id='word_1_1109' title='bbox 1599 5547 1654 5599; x_wconf 77' lang='grc' dir='ltr'>ν,</span> <span class='ocrx_word' id='word_1_1110' title='bbox 1681 5533 1703 5590; x_wconf 77' lang='grc' dir='ltr'>ξ</span> 
     </span>
    </p>
   </div>
   <div class='ocr_carea' id='block_1_96' title="bbox 1087 5527 2595 5603">
    <p class='ocr_par' dir='ltr' id='par_1_96' title="bbox 1087 5527 2595 5600">
     <span class='ocr_line' id='line_1_97' title="bbox 1087 5527 2595 5600; baseline -0.005 -11"><span class='ocrx_word' id='word_1_1111' title='bbox 1087 5547 1210 5600; x_wconf 79' lang='lat' dir='ltr'>LIII,</span> <span class='ocrx_word' id='word_1_1112' title='bbox 1247 5534 1296 5591; x_wconf 94' lang='lat'>1.</span> <span class='ocrx_word' id='word_1_1113' title='bbox 1327 5532 1374 5569; x_wconf 80' lang='grc'>³⁷</span> <span class='ocrx_word' id='word_1_1114' title='bbox 1404 5534 1568 5590; x_wconf 87' lang='lat' dir='ltr'>Cant.</span> <span class='ocrx_word' id='word_1_1115' title='bbox 1599 5547 1654 5599; x_wconf 87' lang='lat' dir='ltr'>v,</span> <span class='ocrx_word' id='word_1_1116' title='bbox 1681 5533 1735 5590; x_wconf 87' lang='grc'>5.</span> <span class='ocrx_word' id='word_1_1117' title='bbox 1763 5531 1811 5568; x_wconf 82' lang='grc'>³⁸</span> <span class='ocrx_word' id='word_1_1118' title='bbox 1835 5531 1980 5589; x_wconf 87' lang='lat' dir='ltr'>Ibid.</span> <span class='ocrx_word' id='word_1_1119' title='bbox 2007 5546 2060 5585; x_wconf 87' lang='grc' dir='ltr'>υ.</span> <span class='ocrx_word' id='word_1_1120' title='bbox 2097 5528 2178 5589; x_wconf 77' lang='grc'>[4.</span> <span class='ocrx_word' id='word_1_1121' title='bbox 2205 5527 2255 5563; x_wconf 78' lang='grc'>⁸⁸</span> <span class='ocrx_word' id='word_1_1122' title='bbox 2275 5529 2412 5588; x_wconf 86' lang='lat' dir='ltr'>Luc.</span> <span class='ocrx_word' id='word_1_1123' title='bbox 2437 5542 2515 5595; x_wconf 76' lang='lat' dir='ltr'>vi,</span> <span class='ocrx_word' id='word_1_1124' title='bbox 2539 5531 2595 5583; x_wconf 91' lang='lat'>1.</span> 
     </span>
    </p>
   </div>
  </div>
