3818 6168
217 217 312 279 m
1132 212 1564 278 animum
1601 222 1679 301 ω
1717 216 1798 277 SA

1945 214 2008 279 M
2046 216 2525 281 summm.
3372 218 3478 289 998

215 352 270 400 tu
298 348 650 416 esprotector
672 342 694 369 ⁶
725 360 883 399 meus
910 346 951 410 ¹,
990 363 1012 394 ι
1034 344 1091 399 id
1113 351 1218 409 est,
1245 360 1311 399 ex
1357 348 1565 401 ventris
1608 349 2052 408 conca-Aminis
2082 350 2364 404 actionum
2396 360 2669 405 mearum.
2718 348 2937 415 Menses,
2971 354 3195 408 ordines
3250 354 3480 425 angelos

114 462 125 468 -
213 434 469 506 piscantis
496 435 786 504 protexisti
814 451 922 487 me.
974 436 1165 499 Mater,
1208 436 1393 505 prima
1450 442 1634 490 mater
1668 437 1797 504 Eva,
1884 454 2029 501 rum,
2065 445 2128 492 ut
2182 439 2241 492 in
2274 438 2421 492 Job:
2483 460 2508 489 ‹‹
2547 441 2662 493 Nec
2714 446 3041 496 numeretur
3085 444 3142 497 in
3193 444 3481 500 mensibus

213 530 271 577 ut
296 525 348 577 in
368 524 624 585 Psalmis,
665 541 690 574 «
724 525 892 577 Pater
922 540 1078 577 meus
1099 532 1155 577 et
1174 532 1354 578 muter
1391 538 1517 578 mea
1573 526 1801 579 dimise-
1883 527 2015 580 anni
2035 526 2101 592 ’⁸,
2134 550 2155 579 ι)
2184 527 2239 581 id
2291 534 2394 593 est,
2424 529 2572 582 inter
2612 531 2839 599 angelos
2871 530 3075 585 electos
3106 533 3337 603 spiritus
3364 534 3480 588 dia-

214 619 337 666 mnt
364 628 469 678 me,
502 632 530 661 ι)
550 618 657 667 etc.
681 612 721 679 ’,
756 613 811 666 id
836 617 939 677 est,
969 612 1151 666 Adam
1195 619 1248 667 et
1296 615 1407 668 Eva
1452 621 1677 685 peccato
1711 632 1800 669 me
1884 615 2093 669 bolicus
2112 615 2182 669 ad
2231 617 2595 671 salvationem
2622 634 2733 671 non
2765 620 3052 689 pertingit.
3086 622 3300 685 Mensis,
3335 622 3481 676 bona

214 705 599 771 exposuerunt,
624 706 682 754 et
706 701 964 754 Christus
990 702 1231 755 redemit
1250 718 1357 756 me.
1408 706 1601 768 Mater,
1625 710 1795 770 terra,
1884 704 2041 774 quies
2068 706 2289 767 mentis,
2312 712 2373 758 ut
2401 706 2459 759 in
2484 706 2659 759 Isaia:
2684 725 2709 758 α
2737 706 3072 761 Eritmensis
3092 726 3155 762 ex
3172 727 3361 764 mense
3374 710 3476 773 ηδ

211 797 267 843 ut
285 789 340 842 in
361 789 502 843 libro
543 790 961 843 Eccclesiastico
992 808 1002 842 :
1032 809 1057 839 «
1082 792 1270 862 Usque
1309 792 1367 845 in
1407 792 1552 846 diem
1613 808 1801 846 rever-

210 879 374 933 sionis
390 878 447 931 in
475 888 718 933 matrem
743 880 994 933 omnium
1027 879 1068 944 3,
1108 900 1132 930 »
1164 881 1221 934 id
1283 884 1386 945 est,
1447 881 1505 935 in
1563 886 1796 947 terram,

209 984 321 1038 quae
349 983 544 1021 omnes
561 968 620 1021 in
641 985 702 1021 se
731 967 949 1038 recipit.

269 1058 500 1110 Mallem
520 1056 890 1122 estdiabolus,
928 1062 991 1110 ut
1031 1056 1089 1109 in
1136 1057 1410 1110 Jeremia:
1461 1074 1484 1108 ε
1546 1058 1804 1111 Contrita

206 1151 286 1198 est
309 1144 547 1198 malleus
566 1142 839 1199 universae
875 1153 1041 1199 terrae
1069 1145 1109 1209 ⁴,
1159 1162 1183 1196 ι
1236 1147 1292 1199 id
1336 1151 1439 1210 est,
1480 1147 1663 1199 victus
1718 1151 1803 1200 est

205 1232 472 1297 diabolus,
498 1234 594 1304 qui
615 1234 874 1288 contrivit
930 1239 1269 1304 peccatores.
1306 1237 1555 1299 Mallem,
1581 1250 1804 1305 percus-

205 1322 557 1385 siocoelestis,
589 1323 734 1376 utin
757 1322 861 1376 Job
893 1342 903 1375 :
939 1339 965 1372 α
1005 1323 1176 1385 Quasi
1206 1324 1469 1394 stipulam
1500 1324 1804 1377 aestimabit

206 1412 464 1465 malleum
505 1411 545 1471 ⁵.
578 1428 605 1463 ι
637 1412 786 1481 quod
811 1426 1012 1480 corpus
1033 1411 1258 1477 diaboli,
1315 1428 1437 1482 quae
1487 1418 1573 1465 est
1620 1428 1806 1465 massa

205 1499 605 1569 reproborum.‘
646 1500 930 1553 cmlestem
982 1501 1403 1569 percussionem
1465 1516 1577 1554 non
1635 1501 1806 1571 perti-

206 1588 415 1642 mescit.

268 1679 504 1730 Maxilla
528 1683 614 1730 est
644 1678 907 1742 Ecclesia,
936 1684 1002 1731 ut
1030 1678 1088 1731 in
1134 1678 1240 1732 Job
1271 1700 1284 1733 :
1312 1696 1335 1729 ε
1396 1680 1802 1731 Percusserunt

205 1767 484 1820 maxillam
502 1782 685 1819 meam
715 1766 758 1829 ⁸,
796 1783 822 1817 ι
848 1766 903 1819 id
935 1772 1039 1832 est,
1072 1767 1469 1837 depresserunt
1499 1768 1800 1820 Ecclesiam

205 1871 403 1910 meam.
430 1857 681 1918 Maxilla,
715 1856 1054 1925 prmdicatio,
1119 1860 1185 1909 ut
1214 1856 1271 1909 in
1312 1856 1458 1909 libro
1500 1856 1795 1910 Judicum:

210 1966 231 1995 ε
261 1947 321 2000 In
356 1945 585 1998 maxilla
613 1946 755 1998 asini
784 1946 1033 2016 percussi
1065 1962 1160 1998 eos
1188 1946 1226 2010 ⁷,
1261 1964 1285 1991 η
1321 1946 1470 2015 quod
1516 1960 1618 2016 per
1671 1946 1804 1998 sim-

206 2036 401 2106 plicem
432 2035 747 2088 doctrinam
781 2036 1162 2105 apostolorum
1185 2034 1456 2105 superbos
1480 2035 1798 2105 prostravit.

209 2126 460 2189 Maxilla,
490 2124 708 2177 malitia
738 2123 963 2190 diaboli,
991 2130 1051 2177 ut
1092 2124 1149 2177 in
1170 2123 1273 2177 Job
1308 2143 1318 2176 :
1352 2144 1375 2173 «
1407 2124 1645 2177 Armilla
1674 2139 1806 2194 per-

210 2212 383 2267 forata
414 2219 502 2267 est
530 2212 832 2267 Leviathan
890 2214 1119 2267 maxilla
1157 2214 1197 2278 ⁸,
1238 2231 1263 2265 »
1307 2214 1455 2284 quod
1514 2214 1661 2267 Deus
1706 2231 1807 2283 per

212 2303 570 2372 prasentiam
600 2318 757 2356 suam
787 2319 891 2357 nos
938 2320 972 2356 a
1018 2303 1224 2357 diaboli
1271 2303 1488 2356 malitia
1505 2302 1803 2369 lliberavit.

276 2394 523 2445 Medulla
557 2399 645 2445 est
673 2408 875 2463 corpus
902 2393 1133 2458 Christi,
1170 2393 1309 2446 utin
1353 2392 1570 2446 cantico
1606 2393 1809 2445 Dente-

210 2482 445 2535 rouomii
469 2501 480 2533 :
512 2499 536 2531 ι
575 2472 643 2535 Et
662 2481 846 2535 hircos
865 2499 990 2535 cum
1023 2482 1269 2535 medulla
1293 2482 1466 2535 tritici
1493 2482 1535 2546 ⁸,
1572 2501 1595 2533 ι)
1625 2482 1802 2544 idest,

208 2582 376 2641 Opera
395 2569 740 2641 paenitentia
769 2587 895 2624 cum
927 2586 1095 2640 opere
1115 2570 1340 2623 Christi.
1367 2572 1474 2624 Per
1500 2572 1805 2625 medullam

206 2659 407 2714 divitiae
434 2666 698 2723 terrenae,
722 2665 785 2713 ut
814 2660 875 2713 in
901 2659 1007 2713 Job
1038 2678 1048 2711 :
1079 2678 1101 2709 ι
1131 2660 1198 2713 Et
1216 2659 1476 2713 medullis
1505 2675 1633 2712 ossa
1654 2659 1805 2713 illius

206 2749 512 2818 irrigantur
540 2748 604 2813 ¹⁰,
645 2769 665 2799 ι
721 2750 869 2818 quod
938 2749 1043 2801 viri
1097 2749 1256 2818 impii
1311 2748 1518 2801 divitiis
1565 2747 1804 2801 terrenis

206 2843 608 2899 sustentantur.
626 2838 734 2891 Per
752 2840 1020 2891 medullas
1044 2836 1403 2901 intentiones,
1418 2843 1485 2890 ut
1509 2837 1566 2889 in
1590 2837 1795 2891 Pan-lo:

211 2944 233 2975 ε
261 2926 612 2998 Compagum
633 2942 859 2997 quoque
885 2932 942 2979 et
976 2926 1351 2980 medullarum
1390 2926 1457 2991 “,
1512 2946 1537 2977 ν
1592 2926 1646 2979 id
1694 2932 1799 2992 est,

209 3016 614 3086 cogitationum
641 3022 698 3069 et
726 3015 1124 3069 intentionem.

270 3106 373 3159 Mcl
398 3111 489 3159 est
517 3104 641 3175 ipsa
686 3104 979 3169 Divinitas,
1014 3110 1075 3158 ut
1120 3105 1181 3157 in
1212 3103 1315 3158 Job
1342 3122 1355 3155 :
1380 3106 1399 3126 ⁴
1434 3121 1460 3154 «
1518 3103 1807 3157 Torrentis

205 3195 381 3247 mellis
396 3199 458 3248 et
482 3193 673 3264 butyri
697 3192 763 3258 ¹²,
785 3195 807 3217 θ
853 3212 873 3241 ι
908 3200 967 3247 et
985 3192 1346 3246 abundantiar
1385 3190 1727 3245 calamitatis
1750 3197 1806 3245 et

204 3283 592 3348 humanitatis,
630 3284 750 3347 Mel,
786 3282 1063 3353 sapientia
1094 3282 1417 3353 spiritualis,
1451 3287 1513 3335 ut
1540 3281 1599 3334 in
1630 3282 1804 3335 Para-

207 3373 342 3427 bolis
367 3392 381 3425 :
412 3390 441 3421 α
476 3373 585 3426 Mel
613 3372 895 3437 invenisti,
916 3370 1145 3425 comede
1172 3371 1321 3441 quod
1335 3371 1541 3424 sufﬁcit
1562 3369 1663 3423 tibi
1691 3370 1755 3435 *3,
1777 3389 1805 3421 ››

204 3462 255 3515 id
279 3468 386 3525 est,
421 3462 539 3515 noli
570 3462 696 3531 plus
719 3477 887 3530 quam
912 3466 1135 3530 oportet
1154 3475 1370 3529 sapere.
1407 3460 1527 3524 Mel,
1562 3466 1809 3512 contem-

206 3550 807 3621 platio,utinCantico:
838 3570 861 3599 ε
889 3550 998 3602 Mel
1028 3555 1085 3603 et
1106 3550 1192 3602 lac
1217 3547 1319 3601 sub
1355 3549 1551 3617 lingua
1583 3553 1681 3601 tua
1704 3547 1801 3613 “,n

207 3642 347 3710 quod
386 3640 793 3711 pradicatores
817 3644 872 3691 et
918 3638 1449 3709 contemplationem
1503 3638 1707 3691 docent
1754 3642 1811 3689 et

206 3730 504 3783 actionem.
542 3730 665 3793 Mel,
700 3727 905 3781 animus
929 3734 1152 3792 sanctae,
1183 3731 1249 3780 ut
1276 3727 1578 3780 inCantico
1611 3744 1621 3778 :
1660 3743 1685 3778 ε
1711 3727 1813 3779 Co-

207 3818 349 3871 medi
390 3818 580 3870 famm
615 3831 745 3869 cum
776 3817 945 3869 melle
966 3816 1168 3881 meo“,
1201 3834 1225 3865 ›
1249 3815 1303 3868 id
1335 3822 1438 3880 est,
1459 3813 1812 3867 animassan-

205 3907 523 3961 ausam-uis
552 3905 977 3958 immortalitate
1036 3905 1348 3975 gaudentes
1399 3904 1539 3956 mihi
1581 3905 1812 3973 conjun-

203 4013 350 4065 gam.
384 3997 512 4061 Mel,
545 3994 780 4048 dulcedo
810 3995 1013 4060 carnis,
1048 4000 1117 4047 ut
1141 3994 1197 4047 in
1245 3995 1365 4063 lege
1389 4011 1400 4045 :
1427 4009 1453 4043 ι
1485 3994 1601 4046 Nec
1656 3992 1813 4062 quid-

208 4098 375 4154 quam
404 4082 671 4137 fermenti
702 4088 802 4137 aut
831 4080 1012 4136 mellis
1057 4082 1372 4136 adolebitur
1431 4082 1487 4135 in
1539 4080 1811 4135 sacriﬁcio

207 4173 434 4227 Domini
467 4173 530 4238 ‘5,
566 4192 593 4225 ι)
628 4172 775 4243 quod
807 4173 859 4225 ei
882 4188 985 4226 nec
1012 4170 1277 4243 superbia
1302 4171 1511 4224 mentis
1554 4186 1656 4225 nec
1716 4186 1812 4222 vo-

207 4262 395 4333 luptas
424 4261 614 4316 Carnis
640 4262 843 4332 placet.
899 4263 1023 4327 Mel,
1072 4262 1328 4315 doctrina
1362 4259 1589 4325 Christi,
1634 4264 1700 4312 ut
1751 4258 1810 4311 in

1884 793 2031 863 quod
2049 794 2143 863 qui
2184 794 2348 847 modo
2378 811 2409 847 a
2439 795 2586 848 malo
2628 803 2817 849 mente
2857 797 3167 866 quiescunt,
3203 800 3261 852 in
3289 801 3480 854 futuro

1882 882 2090 952 gaudio
2107 883 2413 954 quiescent.

1956 972 2141 1025 Mensa
2168 978 2253 1025 est
2278 971 2451 1026 Vetus
2483 972 2927 1040 Testamentum,
2960 981 3025 1028 ut
3051 976 3107 1029 in
3138 976 3437 1048 Evangelia
3466 999 3477 1031 :

1889 1078 1915 1111 «
1944 1060 2330 1114 Catelliedunt
2350 1060 2419 1113 de
2449 1062 2608 1115 micis
2624 1079 2747 1132 quae
2767 1064 2975 1117 cadunt
2990 1065 3058 1119 de
3075 1082 3269 1120 mensa
3296 1068 3479 1123 domi-

1882 1164 2085 1204 norum
2106 1149 2170 1213 ’4,
2193 1170 2218 1202 ιι
2238 1150 2291 1202 id
2321 1155 2421 1214 est,
2439 1150 2671 1204 humilis
2704 1153 2961 1221 gentium
2990 1154 3356 1211 subtilitatem
3378 1157 3481 1212 Ve=

1882 1238 2018 1292 teris
2045 1238 2389 1291 Testamenti
2428 1254 2528 1309 per
2564 1238 2908 1293 intellectum
2967 1242 3226 1297 comedit.
3270 1245 3474 1313 Mensa,

1887 1344 2106 1380 sacrum
2137 1328 2495 1392 altare,unde
2517 1328 2820 1398 accipimus
2836 1346 3036 1400 corpus
3064 1332 3285 1385 Domini
3317 1334 3481 1388 Chri-

1887 1415 1962 1469 sti
1994 1420 2050 1469 et
2107 1416 2454 1485 sanguinem,
2504 1421 2565 1469 ut
2614 1416 2671 1469 in
2730 1417 2874 1470 libro
2906 1418 3268 1474 Ecclesiastici
3302 1442 3312 1474 :
3348 1442 3375 1473 α
3398 1425 3481 1477 Ad

1885 1521 2149 1575 magnam
2182 1522 2435 1558 mensam
2459 1505 2673 1567 sedisti,
2704 1505 2727 1538 ²
2755 1506 3052 1576 diligenter
3092 1510 3320 1563 attende
3360 1526 3485 1582 qum

1883 1593 2139 1663 apposita
2161 1600 2295 1646 sunt
2322 1593 2422 1647 tibi
2448 1593 2513 1659 ’3,
2565 1614 2588 1644 υ
2610 1594 2665 1646 id
2691 1600 2793 1657 est,
2846 1604 3199 1651 sacramenta
3237 1602 3483 1670 corporis

1820 1688 1942 1766 Bet
1970 1682 2258 1752 sanguinis
2292 1682 2536 1745 Domini,
2572 1696 2693 1753 quae
2738 1683 2795 1737 in
2843 1684 3006 1738 altari
3040 1689 3060 1709 θ
3114 1700 3308 1742 sumus
3356 1689 3484 1743 fidei

1885 1774 2041 1826 oculo
2064 1772 2353 1842 contingit.
2380 1774 2584 1837 Mensa,
2619 1790 2777 1827 sacra
2800 1775 3108 1845 Scriptura,
3141 1777 3280 1830 utin
3327 1778 3485 1833 Psala

1884 1862 2026 1915 mis:
2067 1883 2089 1913 ε
2124 1862 2340 1915 Parasti
2374 1863 2432 1915 in
2466 1869 2765 1932 conspectu
2819 1880 2944 1917 meo
2974 1882 3225 1919 mensam
3246 1866 3312 1931 ’³,
3346 1886 3372 1920 »
3429 1862 3485 1922 id

1885 1956 1987 2013 est,
2013 1951 2281 2004 humilem
2302 1950 2481 2003 fecisti
2510 1951 2895 2021 intelligentia:
2920 1968 3058 2006 mem
3088 1971 3302 2008 sacram
3335 1957 3485 2010 Scri-

1887 2045 2131 2110 pturam.
2169 2040 2462 2101 Mema,....
2519 2041 2714 2110 patriae
2743 2041 3001 2105 caelestis,
3036 2048 3099 2095 ut
3152 2044 3210 2096 in
3234 2045 3485 2115 Evange-

1887 2128 1964 2182 lio
1994 2147 2005 2181 :
2044 2148 2067 2179 «
2100 2129 2173 2183 Ut
2185 2126 2363 2181 edatis
2380 2133 2437 2181 et
2463 2127 2665 2181 bibatis
2686 2144 2857 2199 super
2883 2144 3137 2183 mensam
3168 2147 3350 2185 meam
3380 2131 3483 2193 ’9,»

1888 2218 1941 2270 id
1983 2222 2084 2275 est,
2118 2224 2179 2270 ut
2202 2217 2519 2288 percipiatis
2551 2217 2718 2271 simul
2746 2219 2993 2289 corporis
3016 2226 3073 2272 et
3088 2220 3290 2274 animae
3311 2221 3486 2276 beati;

1889 2307 2142 2371 tudinem
2172 2307 2229 2360 in
2257 2306 2442 2377 patria
2471 2306 2701 2360 caelesti.

1960 2396 2158 2449 Maenia
2186 2400 2318 2449 sunt
2343 2400 2675 2449 ornamenta
2700 2394 2993 2462 virtutum,
3022 2402 3087 2450 ut
3110 2397 3164 2450 in
3184 2398 3429 2453 Jeremia
3464 2418 3476 2452 :

1895 2504 1917 2534 σ
1963 2482 2336 2553 Praecipitavit
2391 2485 2581 2537 omnia
2626 2483 2834 2537 muenia
2891 2486 3014 2555 ejus
3072 2485 3135 2547 ’7,
3197 2505 3221 2537 υ
3264 2487 3319 2539 id
3375 2494 3479 2555 est,

1887 2574 2161 2627 destruxit
2186 2580 2519 2627 ornamenta
2551 2574 2690 2642 ejus.

1958 2662 2210 2716 Meridies
2223 2668 2309 2716 est
2322 2661 2598 2725 Christus,
2631 2668 2695 2714 ut
2714 2661 2772 2715 in
2802 2661 2904 2715 Job
2931 2681 2942 2715 :
2971 2681 2992 2714 ι
3019 2662 3189 2727 Quasi
3217 2664 3275 2717 in
3297 2672 3478 2733 nocte,

1887 2751 1964 2804 sic
1994 2749 2301 2821 palpabunt
2330 2750 2388 2803 in
2410 2749 2645 2803 meridie
2662 2751 2725 2816 ’⁸,
2754 2771 2771 2796 ι
2800 2750 2946 2821 qUod
2977 2767 3042 2804 ac
3063 2751 3109 2804 si
3138 2756 3284 2806 esset
3317 2752 3483 2823 [sicut

1885 2838 2105 2892 caecutit
2123 2839 2171 2909 ?}
2189 2843 2463 2909 peccator,
2484 2837 2563 2891 sic
2576 2839 2764 2892 caecati
2777 2845 2943 2893 erant
2954 2838 3131 2894 Judaei
3143 2840 3200 2894 in
3229 2842 3485 2896 claritate

1886 2927 2119 2981 Christi:
2143 2914 2672 2991 Meridies,ascensio
2684 2926 2982 2994 Christi,ut
3010 2929 3067 2983 in
3085 2930 3322 2985 Psalmis
3342 2949 3389 2985 τα
3418 2932 3487 2986 Et

1815 3029 1858 3088 ρ
1884 3015 2373 3070 meridienarrabo
2393 3015 2458 3083 ’9,
2491 3017 2546 3070 id
2568 3022 2671 3083 est,
2693 3019 2711 3040 ⁶
2735 3018 3103 3072 assertionem
3136 3020 3257 3089 ejus
3287 3021 3484 3091 praedi-

1886 3105 2041 3159 cabo.
2087 3108 2357 3170 Meridies,
2392 3106 2699 3171 tribulatio,
2730 3112 2795 3160 ut
2822 3106 2879 3160 in
2909 3107 3172 3161 Cantica:
3205 3130 3227 3159 ι
3250 3109 3352 3163 Ubi
3384 3127 3483 3164 cu-

1887 3193 1984 3248 bes
2012 3194 2072 3247 in
2102 3194 2337 3249 meridie
2356 3194 2421 3257 3°,
2459 3216 2483 3247 »
2505 3196 2561 3248 id
2605 3200 2708 3261 est,
2753 3196 2809 3248 in
2870 3196 3071 3266 quibus
3128 3198 3372 3268 quiescis
3425 3199 3485 3252 in

1888 3283 2292 3352 persecutione.
2320 3283 2589 3348 Meridies,
2618 3286 2639 3306 '
2668 3284 2825 3348 ﬁdes,
2842 3289 2903 3338 ut
2920 3285 2977 3338 in
3003 3285 3207 3339 Genesi
3230 3284 3487 3351 31,Abra-

1888 3371 2019 3423 liam
2049 3372 2278 3440 angelos
2300 3372 2546 3442 suscepit
2567 3373 2623 3426 in
2653 3372 2905 3435 meridie,
2947 3373 3002 3426 id
3026 3379 3128 3439 est,
3160 3374 3219 3427 in
3250 3375 3485 3429 ferventi

1889 3459 1997 3512 die.
2017 3461 2286 3524 Meridies,
2304 3475 2460 3512 sacra
2489 3460 2794 3530 Scriptura,
2831 3467 2893 3514 ut
2916 3461 2973 3514 in
2999 3462 3300 3532 propheta:
3331 3482 3356 3515 α
3379 3464 3487 3517 Im-

1891 3548 2145 3619 pegimus
2175 3548 2231 3601 in
2264 3547 2573 3612 meridie”,
2610 3568 2635 3621 p
2661 3548 2808 3618 quod
2838 3549 3155 3604 haereticiin
3174 3552 3491 3606 sacraScri-=

1890 3645 2058 3708 ptura
2085 3653 2187 3707 per
2211 3652 2443 3707 pravum
2487 3637 2832 3690 intellectum
2872 3638 3179 3693 offendunt.
3212 3641 3483 3707 Meridies,

1893 3726 2062 3779 ardor
2089 3725 2400 3791 charitatis,
2434 3725 2580 3779 ut’in
2629 3725 2835 3779 Genesi
2879 3745 2889 3777 :
2931 3745 2954 3775 ¢
3014 3727 3101 3781 Ad
3134 3742 3332 3782 auram
3362 3734 3488 3799 post

1894 3812 2186 3868 meridiem
2217 3813 2280 3877 ³³,
2324 3836 2344 3866 ι)
2374 3814 2523 3884 quod
2546 3815 2667 3884 jam
2697 3828 2731 3867 τι
2749 3814 3025 3869 charita‘te
3064 3815 3164 3870 Dei
3182 3832 3282 3888 per
3300 3832 3489 3888 peccet:

1891 3910 2014 3957 tum
2042 3905 2211 3957 homo
2246 3910 2553 3957 corruerat.

1965 3996 2340 4047 Mercenarz’us
2370 3998 2457 4046 est
2485 3992 2718 4063 quilibet
2741 3994 2947 4064 justus,
2966 3994 3029 4047 ut
3056 3994 3114 4047 in
3134 3993 3237 4047 Job
3260 4012 3271 4046 :
3307 4012 3333 4046 (ι
3368 3994 3488 4050 Βία-ε

1892 4090 1955 4137 ut
1973 4082 2301 4137 mercenarii
2327 4084 2447 4136 dies
2464 4084 2584 4153 ejus
2605 4082 2670 4145 3‘,
2711 4103 2732 4132 ι
2780 4083 2930 4153 quod
2978 4085 3167 4153 justus
3188 4100 3292 4154 pro
3347 4098 3491 4138 mer.

1892 4173 2027 4227 cede
2050 4179 2258 4226 mterna
2310 4172 2564 4225 laborare
2595 4188 2708 4226 non
2738 4178 2937 4226 cessat.
2970 4172 3361 4239 Mm'renarius,
3390 4173 3491 4245 hy-

1892 4262 2123 4332 pocrita,
2152 4260 2295 4315 utin
2328 4260 2624 4331 Evangelio
2660 4276 2672 4315 :
2709 4280 2734 4312 «
2777 4261 3155 4316 Mercenarius
3187 4263 3348 4332 cujus
3378 4274 3489 4317 non

207 4352 429 4405 cantico
451 4350 875 4404 Deuteronomii
899 4369 909 4403 :
952 4369 974 4399 σι
1000 4349 1286 4420 Sugerunt
1304 4350 1417 4403 mel
1444 4349 1513 4402 de
1533 4348 1807 4419 petra‘7,»
1824 4387 1872 4444 D
1893 4355 2026 4404 sunt
2046 4366 2173 4404 oves
2201 4352 2439 4421 propriae
2458 4350 2527 4415 35,
2560 4368 2584 4400 »
2619 4350 2767 4421 quod
2778 4350 3072 4404 simulatus
3100 4352 3363 4420 pmlatus
3392 4367 3490 4404 cu-

209 4439 263 4493 id
287 4447 395 4505 est,
420 4441 642 4494 dulcem
669 4444 1038 4510 susceperunt
1061 4439 1376 4493 doctrinam
1397 4454 1431 4491 a
1454 4438 1697 4491 Christo.
1732 4476 1739 4479 -

278 4531 532 4583 Membra
554 4530 875 4583 suntteneri
895 4529 955 4582 in
974 4528 1239 4593 Ecclesia,
1268 4528 1405 4581 utin
1435 4527 1569 4581 Job:
1593 4543 1621 4578 ε
1640 4527 1812 4580 Mem

210 4622 309 4675 bra
333 4638 465 4677 mea
489 4624 651 4692 quasi
678 4623 739 4675 in
768 4622 1007 4675 nihilum
1034 4627 1166 4675 sunt
1197 4620 1423 4674 redacta
1450 4619 1513 4685 ίδ,
1540 4639 1569 4671 »ν
1599 4620 1655 4673 id
1703 4624 1811 4680 est,

210 4713 393 4766 teneri
412 4719 470 4766 et
496 4712 708 4765 infirmi
739 4711 851 4765 mei
873 4726 1014 4782 pene
1030 4716 1165 4765 sunt
1188 4709 1524 4780 consumpti.
1548 4710 1809 4773 Membra,

209 4801 454 4873 reprobi,
481 4807 548 4855 ut
574 4800 755 4855 iri-Job
781 4818 793 4853 :
834 4818 861 4851 α
886 4800 1139 4854 Membra
1162 4799 1416 4853 carnium
1454 4796 1575 4869 ejus
1629 4798 1811 4851 echea-

210 4892 397 4944 rentia
420 4888 485 4955 υτ,
524 4907 547 4939 ι
579 4892 604 4912 θ
633 4889 738 4943 sibi
767 4890 827 4942 in
851 4888 1002 4943 malo
1025 4889 1403 4943 consentiunt.

278 4983 484 5035 Menses
513 4984 646 5033 sunt
672 4979 896 5033 termini
926 4978 1231 5041 actionum,
1257 4983 1322 5032 ut
1344 4978 1432 5032 ‘i'n
1463 4976 1567 5031 Job
1594 4995 1603 5030 :
1641 4992 1664 5027 α
1696 4977 1813 5047 Ego

1892 4455 2011 4494 ram
2042 4440 2111 4493 de
2143 4438 2409 4509 subjectis
2449 4450 2560 4493 non
2600 4437 2785 4492 habet.

1966 4530 2228 4582 Meretrix
2248 4534 2335 4580 est
2357 4528 2543 4581 anima
2566 4526 2798 4596 polluta,
2859 4532 2923 4579 ut
2941 4527 3001 4578 in
3046 4525 3194 4579 Isaia
3219 4544 3229 4577 :
3268 4544 3291 4577 ε
3320 4525 3492 4580 Facta

1895 4623 1981 4671 est
2006 4612 2269 4671 meretrix
2299 4616 2491 4669 civitas
2527 4616 2725 4681 ﬁdelis,
2759 4614 2808 4648 ³⁸
2838 4634 2865 4665 )›
2889 4614 3036 4685 quod
3058 4615 3266 4681 anima,
3298 4615 3357 4669 in
3380 4633 3491 4687 qua

1896 4702 2043 4761 Deus
2072 4705 2327 4759 habitare
2344 4702 2576 4769 solebat,
2611 4719 2712 4775 per
2741 4706 3035 4774 peccatum
3056 4703 3343 4775 polluitur.

1966 4798 2149 4849 Messi:
2197 4800 2284 4848 est
2312 4795 2537 4848 auditor
2565 4792 2716 4847 verbi
2762 4793 2883 4859 Dei,
2930 4800 2993 4846 ut
3037 4794 3097 4848 in
3145 4793 3441 4865 Evangeli‘o
3477 4812 3489 4848 :

1897 4904 1923 4938 α
1952 4882 2147 4939 Mcssis
2166 4883 2394 4955 quidem
2411 4884 2590 4938 multa
2613 4882 2677 4949 3",
2706 4902 2733 4934 ι
2761 4882 2907 4953 quod
2925 4883 3091 4937 multi
3119 4892 3251 4938 sunt
3278 4884 3374 4954 qui
3389 4899 3491 4938 au-

1893 4975 2015 5027 dire
2040 4973 2250 5039 volunt,
2287 4972 2385 5026 sed
2412 4975 2617 5027 desunt
2640 4973 2735 5043 qui
2771 4970 2979 5025 dicant.
3015 4974 3216 5038 Messis,
3241 4973 3492 5043 operatio

214 5068 619 5123 habuimenses
642 5084 845 5122 vacuos
872 5068 937 5134 ³ο,
979 5088 1002 5119 ι
1032 5068 1091 5121 id
1122 5074 1224 5133 est,
1251 5067 1584 5121 inanitatem
1608 5066 1669 5120 in
1695 5071 1815 5119 ter-
1894 5070 2107 5135 aperta,
2131 5068 2196 5116 ut
2214 5063 2274 5116 in
2286 5064 2389 5116 Job
2414 5081 2425 5115 :
2456 5082 2480 5113 ε
2503 5063 2739 5117 Sursum
2760 5066 3038 5115 atteratur
3055 5061 3252 5114 messis
3263 5060 3493 5130 ejus-“3,1

281 5159 299 5191 ¹
334 5160 482 5212 Psal.
516 5172 640 5223 Lxx,
669 5158 738 5223 6;
771 5158 915 5212 Psal.
950 5173 1063 5224 xxx,
1088 5159 1176 5211 11.
1208 5157 1232 5190 ³
1258 5158 1403 5211 Psal.
1434 5170 1583 5216 xxvr,
1616 5155 1705 5210 10.
1738 5155 1760 5189 ³
1794 5154 1955 5209 Eccli.
1988 5167 2079 5217 XL,
2111 5153 2164 5206 1.
2197 5152 2350 5224 ‘Jer.
2384 5165 2473 5216 XL,
2505 5149 2593 5224 23.
2627 5150 2663 5224 ᾗ
2681 5150 2783 5224 Job
2812 5164 2922 5213 XLI,
2958 5148 3044 5224 2Q.
3078 5148 3232 5224 °_Job
3259 5164 3370 5214 xvr,
3401 5146 3489 5205 10.

214 5228 234 5262 ⁷
261 5229 394 5282 Jud.
422 5238 512 5291 xv,
545 5218 639 5285 16.
664 5231 687 5265 ⁸
711 5218 815 5285 Job
841 5242 930 5293 XL,
962 5218 1059 5285 Ἡ.
1081 5229 1105 5263 ο
1134 5228 1297 5284 Deut.
1331 5242 1499 5293 xxxn,
1539 5226 1621 5283 14.
1658 5226 1703 5261 ¹⁰
1733 5228 1798 5281 Jo

1945 5240 1974 5289 l,
2009 5223 2096 5281 2’1.
2139 5223 2181 5258 ¹¹
2214 5223 2353 5276 Heb.
2392 5236 2464 5285 Iv,
2498 5221 2588 5278 12.
2620 5218 2666 5256 ¹²
2693 5222 2813 5276 Job.
2848 5221 3054 5293 “.17.
3095 5219 3141 5254 ‘3
3167 5222 3340 5293 Prov‘,
3362 5230 3489 5293 xxr,

214 5295 301 5355 16.
338 5300 387 5334 ﬂ
411 5286 571 5355 Cant.
605 5314 681 5363 Iv,
714 5302 801 5355 11.
838 5301 882 5335 ιδ
911 5286 1071 5355 Cant.
1099 5315 1151 5366 v,
1186 5301 1238 5354 1.
1272 5300 1318 5334 ¹⁶
1346 5286 1577 5365 Ιλενίη,
1618 5298 1700 5351 1-1.
1736 5298 1781 5332 1⁷

1945 5286 1976 5350 t.
2013 5309 2181 5349 xxxn.
2215 5294 2303 5349 13.
2351 5294 2397 5328 ¹⁸
2422 5293 2525 5366 Job
2546 5306 2686 5366 μνη,
2716 5293 2766 5346 7.
2801 5292 2851 5327 ¹⁹
2884 5291 3131 5366 lauru,
3165 5292 3253 5345 14.
3300 5286 3347 5327 ³⁸
3387 5286 3490 5366 Job

214 5385 311 5429 vn.
337 5372 394 5423 3.
414 5366 456 5405 ¹¹
483 5372 591 5425 Job
612 5360 695 5437 ιη’,
727 5369 778 5426 6.
811 5371 859 5405 ¹²
886 5372 993 5427 Isa.
1030 5360 1175 5433 XLvi,
1202 5370 1289 5427 93.
1322 5360 1586 5425 ’3Matth'.
1627 5384 1717 5431 xv,
1750 5368 1798 5425 27

1956 5367 2118 5422 Eccli.
2163 5379 2309 5429 χχιιι,
2344 5366 2432 5418 19..
2464 5361 2518 5437 ’5_
2539 5364 2685 5437 Psal.
2715 5378 2850 5424 χχιι,
2885 5362 2961 5437 5η
2986 5360 3036 5437 ῗο
3065 5365 3196 5437 ζέας.
3231 5377 3364 5423 xxu,
3404 5361 3489 5437 BQ.

214 5440 259 5509 ’7
286 5443 494 5496 Three.
527 5454 588 5507 ii,
617 5431 754 5497 5..“
781 5444 887 5496 Job
908 5443 1075 5509 v,14.
1109 5431 1329 5496 “Psal.
1364 5457 1473 5509 Liv,
1512 5442 1592 5497 l8.
1625 5436 1674 5474 ³ο
1695 5442 1798 5494 Car

1962 5440 2015 5493 7.
2056 5438 2101 5472 επ
2134 5438 2283 5509 ςῖτετιἱ
2306 5449 2469 5501 xvm,
2506 5433 2626 5509 1.)”
2654 5435 2761 5490 Isa.
2797 5447 2908 5501 Lix,
2940 5431 3029 5490 10.
3068 5432 3114 5468 ³³
3144 5435 3283 5489 Gen.
3319 5446 3403 5503 in,
3436 5433 3491 5490 8.

212 5508 504 5580 “Jebvn,
541 5504 843 5570 1.39m.
878 5504 1050 5582 κη,
1082 5513 1263 5569 πιθα.
1298 5504 1525 5579 1,21.“
1552 5512 1750 5568 Matth.
1784 5521 1859 5578 Ix,
1892 5520 2099 5576 mm,
2131 5504 2478 5573 πωπω,
2513 5505 2600 5562 16.
