3942 6158
465 221 573 283 999
1052 194 1121 280 'B.
1165 225 1440 281 mm
1477 224 1711 283 mum
1756 225 2095 283 Αιιοιιιιιι».
2135 225 2461 283 uocum.
2500 227 2802 285 OPERUM
2837 227 3024 283 mas
3059 227 3153 284 ιιι.
3555 237 3667 299 im

465 349 991 424 quodapertaimpii
1005 349 1150 404 actio
1165 349 1468 421 aliquando
1491 350 1824 406 destruitur.
1854 352 2059 417 Messis,
2080 352 2130 412 A
2147 351 2258 407 Per
2284 356 2519 407 mitram
2541 354 2564 376 ⁶
2582 351 2938 417 commercia,
2957 358 3024 406 ut
3052 351 3112 406 in
3129 353 3304 409 Exodo
3334 372 3346 408 :
3379 375 3401 408 ι
3430 357 3597 415 Facies
3618 363 3673 415 ﬁ-

464 446 640 501 V'etus
668 445 1111 505 Testamentum,
1135 444 1200 493 ut
1248 439 1307 493 in
1346 438 1450 494 Job
1489 457 1501 492 :
1537 459 1561 491 α
1603 439 1773 495 Stulti
1822 457 2063 495 messem
2145 441 2236 496 liis
2261 443 2448 497 Aaron
2493 441 2692 497 mitras
2720 441 2785 508 '9,
2835 460 2861 494 ››
2905 440 3055 512 quod
3097 440 3180 496 lex
3224 443 3410 517 suadet

464 535 756 591 famelicus
776 528 1092 597 comedit‘;
1129 546 1156 582 ι)
1196 528 1348 600 quod
1396 528 1573 583 Vetus
1616 529 2062 597 Testamentum,
2148 530 2361 585 Christi
2388 535 2455 584 ut
2479 530 2835 585 continentes
2862 529 3003 585 sint.

465 623 613 696 quod
635 622 942 678 infamatus
970 606 1293 673 Iudaeorum
1330 617 1570 689 populus
1623 617 1825 685 tenuit,
1866 619 2065 673 devota
2217 621 2393 688 Moab,
2413 619 2723 691 gentilitas,
2750 625 2816 674 ut
2840 619 2900 674 in
2926 619 3198 675 Psalmis:
3235 639 3258 672 ί
3280 620 3430 677 Moab
3463 623 3562 679 olla
3584 625 3682 697 spei

465 713 623 784 plebs
676 709 932 782 gentium
978 705 1245 778 intelligit
1289 705 1678 777 spiritualiter.
1733 708 1938 772 Messis,
1981 723 2068 762 re-
2147 726 2286 764 mem
2312 708 2378 776 ³ο,
2408 728 2431 760 ι
2448 709 2597 781 quod
2617 709 2857 781 populus
2869 707 3211 781 gentilisspe
3228 709 3415 765 salutis
3437 712 3688 769 muroba-

463 800 645 873 probi,
675 806 741 854 ut
786 798 843 853 in
869 795 1237 868 Apocalypsi:
1275 813 1303 847 α
1351 794 1509 849 Mitte
1552 794 1752 850 falcem
1790 801 1971 863 tuam,
2009 800 2069 850 et
2149 803 2324 853 ratur.
2351 798 2509 852 Moab
2542 797 2776 869 quilibet
2812 796 3062 868 iniquus,
3094 802 3159 851 ut
3184 797 3245 851 in
3264 798 3518 854 Psalmis:
3556 803 3689 857 «Ad-

466 895 634 956 mete,
691 886 956 960 quoniam
991 883 1142 939 aruit
1187 883 1388 937 messis
1433 889 1600 938 terra:
1642 883 1685 946 ².
1717 902 1745 938 ι
1798 884 2068 956 quoniam
2148 903 2372 941 versum
2404 891 2461 940 te
2502 891 2903 941 testamentum
2935 885 3345 957 disposuerunt,
3374 885 3689 944 tabernacula

464 978 616 1034 Deus
641 975 900 1032 acumine
927 971 1222 1028 sententiae
1260 989 1376 1028 suae
1399 971 1669 1044 reprobos
1714 972 2062 1044 exstirpabit.
2149 975 2527 1031 Idumasorum
2555 981 2614 1030 et
2658 975 2978 1037 Ismaelitae,
3021 973 3184 1030 Moab
3214 981 3272 1029 et
3298 976 3522 1047 Agareni
3554 977 3593 1012 ²¹
3618 997 3632 1033 :
3662 996 3686 1031 ι

351 1072 363 1083 ’
466 1069 669 1133 Mcssis,
701 1081 952 1137 pra‘sens
970 1063 1258 1127 saeculum,
1291 1061 1433 1116 utin
1456 1061 1756 1134 Evangelio
1781 1080 1795 1115 :
1827 1080 1855 1116 α
1887 1061 2068 1117 Sinite
2150 1065 2301 1136 quod
2339 1070 2536 1120 contra
2553 1063 2843 1120 Christum
2880 1069 2940 1119 et
2971 1079 3068 1119 eos
3113 1063 3209 1134 qui
3246 1069 3377 1119 sunt
3405 1065 3608 1131 Christi,
3642 1083 3690 1121 se

465 1162 772 1226 utrumque
797 1169 1048 1208 crescere
1058 1167 1237 1223 usque
1260 1150 1333 1205 ad
1351 1166 1592 1206 messem
1610 1150 1652 1217 ³,
1680 1171 1707 1205 »
1733 1151 2068 1223 quodusque
2151 1154 2394 1226 erigunt,
2421 1153 2527 1226 qui
2536 1153 2811 1209 mundum
2825 1153 3086 1224 diligunt,
3121 1151 3218 1224 qui
3238 1150 3343 1207 sibi
3378 1152 3435 1208 in
3452 1154 3690 1226 voluptate

465 1244 541 1300 ad
565 1245 737 1299 ﬁnem
789 1241 979 1298 saeculi
1029 1239 1289 1312 permixti
1338 1238 1469 1294 boni
1523 1245 1581 1295 et
1616 1240 1751 1295 mali
1797 1240 1965 1296 simul
2008 1240 2069 1295 in
2151 1243 2336 1298 carnis
2362 1243 2753 1298 consentiunt:
2778 1243 2956 1314 quiex
2983 1247 3144 1314 patre
3169 1240 3384 1297 diabolo
3414 1248 3551 1311 sunt,
3571 1245 3692 1316 quod

466 1333 679 1389 mundo
699 1337 881 1388 sunt.-
2151 1331 2347 1387 abono
2382 1337 2516 1387 sunt
2566 1332 2738 1387 alieni
2769 1345 2785 1386 :
2811 1331 2961 1403 quod
3008 1330 3238 1386 ldummi
3304 1330 3694 1403 interpretantur

542 1423 795 1477 Messores
824 1424 958 1475 sunt
984 1417 1190 1489 angeli,
1219 1417 1358 1473 utin
1379 1417 1680 1488 Evangelio
1713 1436 1767 1472 :«
1793 1418 2070 1473 Messores
2153 1423 2364 1477 terreni
2392 1440 2408 1486 ;
2442 1419 2756 1487 Ismaelitze,
2775 1415 3192 1475 sibiobedientes
3224 1437 3237 1486 ;
3267 1417 3442 1487 Moab,
3454 1436 3512 1473 ea
3530 1425 3690 1490 patre;

468 1517 604 1566 sunt
630 1509 816 1581 angeli
852 1511 894 1561 ⁴.
928 1528 955 1560 ι
2147 1511 2324 1582 Agar,
2358 1510 2591 1566 advena.
2625 1510 2799 1576 Moab,
2833 1507 3111 1574 diabolus,
3142 1513 3207 1562 ut
3226 1506 3285 1562 in
3303 1507 3445 1563 Isaia
3475 1527 3527 1561 τι
3552 1509 3694 1563 Audi-

541 1600 694 1654 Μίαν
738 1601 873 1651 sunt
921 1595 1265 1651 subtilitates
1321 1610 1492 1649 sacra:
1539 1595 1858 1667 Scriptura),
1890 1601 1957 1650 ut
2008 1596 2130 1671 in“
2148 1598 2331 1654 vimus
2376 1597 2697 1671 superbiam
2730 1597 2913 1663 Moab,
2973 1595 3247 1669 superbus
3293 1602 3377 1651 est
3423 1596 3568 1652 valde
3590 1595 3646 1665 ’°,
3671 1614 3694 1649 ι

469 1686 772 1757 Evangelio
798 1703 811 1738 :
844 1704 872 1738 ι
894 1685 1136 1756 Cupiens
1170 1683 1416 1738 saturari
1464 1683 1534 1739 de
1585 1655 1746 1739 micis
1763 1684 1804 1743 ⁵.
1919 1655 2131 1757 quodB
2151 1688 2301 1761 quod
2319 1655 2575 1743 diabblus
2622 1692 2817 1742 contra
2844 1655 3026 1741 Deum
3041 1655 3326 1757 superbit.
3354 1686 3516 1751 Moab,

465 1775 695 1848 gentilis
721 1774 962 1847 populus
984 1789 1158 1828 sacra:
1197 1772 1499 1844 Scriptura:
1540 1773 1958 1846 profunditates
1985 1775 2069 1829 in-
2149 1783 2274 1833 tum
2300 1782 2366 1833 ut
2391 1777 2454 1833 in
2481 1777 2629 1832 Isaia
2660 1794 2673 1830 :
2710 1776 3018 1831 (Vastatus
3045 1776 3351 1841 estAaron,
3380 1773 3530 1831 Moab
3553 1775 3696 1830 conti-

474 1865 726 1934 telligere
747 1863 922 1935 cupit.
1754 1900 1765 1913 -
2149 1867 2267 1922 cuit
2294 1865 2361 1934 ³³,
2394 1886 2421 1920 ι
2455 1866 2513 1921 id
2542 1871 2646 1933 est,
2679 1866 2967 1921 destructo
2998 1881 3100 1936 per
3126 1869 3369 1919 mortem
3393 1864 3583 1919 Christi
3607 1864 3695 1919 hu-

545 1955 744 2008 Milites
776 1957 910 2015 sunt
944 1952 1151 2023 angeli,
1185 1956 1255 2025 ut
1276 1951 1335 2006 in
1391 1951 1496 2007 Job
1529 1971 1540 2007 :
1579 1972 1603 2005 ι
1665 1952 1937 2024 Nunquid
1982 1958 2071 2008 est
2149 1956 2303 2011 mani
2325 1955 2549 2028 generis
2574 1954 2897 2010 adversario
2932 1952 3388 2025 diabolopeccati
3418 1953 3696 2025 aliquantu-

469 2059 742 2099 numerus
765 2041 1007 2096 militum
1035 2043 1158 2112 ejus
1186 2041 1210 2094 ?
1239 2043 1263 2078 ⁸
1296 2060 1322 2094 »
1355 2041 1504 2113 quod
1535 2047 1812 2113 quantum
1841 2041 1946 2096 ad'
1970 2059 2070 2096 vos
2148 2045 2269 2101 lum
2336 2045 2548 2100 clamor
2583 2045 2838 2109 cessavit,
2883 2043 3033 2116 quod
3079 2046 3104 2069 ¹
3164 2043 3353 2098 Aaron
3391 2045 3695 2098 admurius

470 2131 657 2204 angeli
677 2129 1120 2186 innumerabiles
1161 2135 1313 2186 sunt.
1345 2132 1565 2197 Milites,
1610 2131 1847 2186 virtutes
1901 2129 2069 2203 spiri-
2150 2135 2572 2206 interpretatur.

467 2221 670 2285 tuales,
685 2225 750 2275 ut
768 2219 826 2274 in
856 2219 1154 2290 Evangelia
1177 2238 1194 2274 :
1222 2237 1251 2273 (ι
1268 2218 1493 2274 Habent
1515 2219 1620 2274 sub
1644 2237 1735 2274 me
1749 2219 1957 2275 milites
1976 2220 2017 2286 ⁷,
2038 2240 2064 2272 ι)
2221 2225 2437 2279 Modius
2463 2228 2550 2279 est
2567 2223 2925 2279 commodum
2959 2225 3293 2296 temporale,
3324 2228 3388 2279 ut
3406 2221 3465 2276 in
3487 2221 3696 2292 Evange-

469 2309 619 2380 quod
649 2308 840 2363 anima
864 2313 1059 2363 sancta
1085 2307 1385 2363 virtutibus
1403 2307 1719 2364 roboratur.
2149 2313 2226 2368 lio
2256 2330 2316 2366 ια
2342 2313 2465 2367 Non
2490 2315 2512 2335 ’
2543 2311 2893 2367 descendunt
2930 2312 3242 2380 lucernam,
3274 2318 3333 2367 et
3361 2314 3562 2383 ponunt
3596 2325 3697 2363 eam

544 2400 755 2454 Militia
783 2402 870 2452 est
897 2413 1099 2469 aspera
1120 2397 1253 2464 vita,
1276 2402 1342 2452 ut
1365 2397 1424 2452 in
1450 2397 1555 2452 Job
1588 2416 1600 2451 :
1663 2416 1693 2451 ι
1749 2396 1949 2453 Militia
1984 2403 2072 2452 est
2150 2401 2254 2458 sub
2278 2401 2467 2457 modio
2489 2400 2554 2468 Ἃ,
2586 2420 2610 2453 ι
2639 2401 2788 2472 quod
2808 2400 3430 2472 praedicatiocommodo
3442 2396 3697 2470 temporali

471 2487 588 2542 vita
616 2487 861 2542 hominis
888 2503 1060 2558 super
1077 2493 1289 2542 terram
1315 2487 1359 2553 ⁸,
1394 2505 1420 2539 η
1455 2486 1602 2557 quod
1632 2487 1731 2558 qui
1778 2487 1876 2543 diu
1912 2486 2065 2554 vivit,
2148 2495 2513 2568 proponenda
2538 2510 2653 2550 non
2679 2499 2784 2550 est.
2816 2496 3051 2563 Modius,
3090 2494 3375 2567 perfectio;
3402 2499 3463 2550 ut
3493 2494 3546 2548 in
3569 2491 3698 2546 libris

476 2575 884 2630 tentationibus
896 2580 1146 2630 vexatur.

2152 2586 2371 2657 Regum
2401 2600 2418 2641 :
2454 2602 2482 2637 «
2515 2583 2765 2640 Adduxit
2815 2599 2947 2638 eum
2990 2584 3185 2640 modio
3204 2584 3395 2640 farina:
3420 2583 3483 2651 ³⁵,
3513 2602 3538 2636 ι
3576 2580 3696 2654 quod

545 2665 748 2720 Milvus
777 2670 865 2718 est
892 2663 1167 2730 diabolus,
1193 2662 1333 2718 utin
1375 2663 1672 2718 Zacharia:
1709 2681 1736 2717 α
1772 2664 1843 2719 Ει
1896 2663 2071 2719 habe-
2150 2674 2299 2730 bona
2312 2679 2507 2730 nostra
2533 2673 2680 2728 actio
2699 2673 2759 2728 in
2785 2672 3125 2744 perfectione
3170 2674 3403 2729 interno;
3454 2670 3698 2727 munditia:

474 2751 612 2807 bant
639 2753 758 2808 alas
787 2753 948 2825 quasi
976 2752 1131 2807 milvi
1160 2752 1203 2818 9,
1239 2772 1263 2804 ι
1311 2752 1461 2824 quod
1503 2752 1730 2824 reprobi
1774 2753 1846 2807 ad
1892 2752 2073 2807 instar
2154 2765 2272 2819 Deo
2301 2762 2588 2818 offerenda
2615 2768 2720 2816 est.

471 2841 680 2897 diaboli
700 2841 759 2897 in
769 2841 1091 2913 superbiam
1121 2858 1180 2896 se
1205 2841 1496 2897 extollunt.
1520 2843 1697 2908 Mitvi,
1732 2857 1980 2913 rapaces,
2008 2846 2075 2898 ut
2220 2854 2365 2908 Μοια
2393 2857 2482 2907 εει
2499 2868 2629 2924 spes
2649 2856 2709 2906 et
2734 2850 2924 2918 timor,
2945 2856 3012 2907 ut
3027 2851 3087 2906 in
3116 2851 3247 2924 [ego
3279 2869 3335 2910 ιι
3358 2851 3479 2906 Non
3501 2847 3699 2919 accipies

467 2930 530 2986 in
553 2931 796 2986 Levitico
820 2948 832 2984 :
853 2947 878 2982 ι
896 2930 1124 2986 Milvum
1140 2931 1489 2986 etvulturem
1500 2947 1613 2985 non
1624 2930 1928 2986 comedetis
1955 2930 2021 2996 ¹⁰,
2037 2948 2065 2982 ι
2089 2997 2129 3014 Α
2148 2942 2270 2997 loco
2285 2941 2536 3014 pignoris
2550 2940 2899 3013 superiorem
2933 2945 2993 2996 et
3016 2940 3341 2997 inferiorem
3381 2938 3570 2995 molam
3592 2935 3647 2988 ³⁸.
3674 2953 3695 2985 ι

466 3019 526 3074 id
550 3025 654 3087 est,
688 3035 920 3092 rapaces
940 3024 998 3074 et
1012 3018 1227 3073 invidos
1249 3035 1363 3074 non
1386 3018 1602 3074 debetis
1620 3019 1850 3074 imitari.
2086 2997 2131 3058 ο
2149 2997 2304 3102 (ιιισᾶ
2320 2997 2443 3085 sine
2461 3046 2559 3101 spe
2580 2997 2639 3084 et
2663 3029 2868 3084 timore
2890 3046 2992 3102 pro
3022 3024 3254 3102 peccato
3288 3028 3585 3084 satisfacere
3607 3039 3697 3079 non

539 3110 774 3177 Myrrha
804 3114 892 3163 est
915 3107 1293 3177 ωοηίῧεδιίος
1324 3114 1391 3164 ut
1414 3108 1474 3163 ίη
1503 3108 1732 3164 cantico
1759 3127 1770 3161 ε
1810 3128 1834 3160 ι
1867 3109 2068 3164 Manus
2147 3124 2351 3191 potest.
2382 3120 2547 3180 Mota.
2595 3118 2740 3173 actio
2775 3118 3076 3183 saecularis,
3104 3122 3174 3174 ut
3206 3119 3266 3175 in
3320 3117 3498 3174 Isaia:
3525 3133 3550 3168 α
3570 3111 3696 3169 Tolle

471 3214 612 3253 meae
649 3197 1064 3252 distillaverunt
1118 3197 1409 3270 myrrham
1460 3197 1523 3263 η,
1560 3216 1586 3250 ν
1615 3198 1764 3269 quod
1825 3197 2068 3270 operarii
2149 3206 2431 3275 molam”,
2457 3226 2483 3260 ι
2502 3207 2562 3262 id
2590 3212 2693 3267 est,
2714 3207 3072 3279 apprehende
3085 3206 3367 3264 actionem
3396 3204 3693 3262 saecularem.

472 3292 678 3341 83110133
716 3286 973 3341 Εοοιθεῖεθ
1027 3287 1214 3341 caulis
1272 3286 1691 3342 mortiﬁcationi
1744 3286 2064 3342 intendunt
2150 3298 2314 3363 Mota,
2342 3295 2610 3351 circuitus
2636 3294 2915 3363 laborum,
2948 3302 3012 3351 ut
3046 3296 3107 3351 in
3138 3294 3471 3367 Evangelio:
3522 3310 3549 3345 ι
3576 3289 3697 3346 Mala

467 3375 723 3443 Myrrha,
750 3375 1059 3430 tolerantia
1105 3374 1402 3448 passionis,
1435 3381 1500 3430 ut
1517 3374 1579 3430 in
1601 3374 1832 3430 Cantico
1856 3393 1868 3429 :
1914 3393 1942 3427 ι
1961 3376 2071 3430 Ya-
2150 3384 2398 3440 asinaria
2409 3384 2467 3440 in
2504 3385 2648 3440 collo
2675 3385 2798 3456 ejus
2816 3383 2886 3452 ³⁸,
2915 3405 2944 3438 ι
2978 3385 3035 3440 id
3055 3390 3159 3452 est,
3182 3384 3444 3441 circuitus
3480 3380 3697 3436 laborum

466 3463 596 3518 dam
627 3464 699 3518 ad
726 3470 979 3519 montem
1013 3464 1257 3527 myrrha:
1284 3463 1350 3531 '3,
1371 3484 1398 3517 ι)
1439 3463 1495 3518 id
1545 3470 1649 3529 est,
1671 3463 1906 3519 visitabo
1968 3481 2070 3536 per
2151 3491 2210 3529 ιιι
2238 3474 2570 3529 necessitate
2587 3474 2730 3544 ejus.

464 3552 709 3624 gratiam
727 3569 915 3608 meam
930 3552 1198 3609 sublimes
1254 3552 1314 3608 in
1373 3552 1746 3626 passionibus.
1809 3554 2065 3622 Myrrha,
2221 3563 2331 3618 Per
2394 3565 2603 3618 molam
2660 3561 2741 3632 [id
2761 3568 2866 3623 est.
2936 3561 3251 3634 maxillam]
3300 3561 3526 3625 insidiis,
3566 3553 3699 3613 utin

467 3657 620 3696 mors
649 3641 880 3710 Christi,
905 3641 1047 3697 utin
1087 3641 1318 3698 Cantico
1351 3660 1363 3696 :
1403 3661 1427 3694 ι
1460 3643 1784 3698 Fasciculus
1823 3642 2067 3714 myrrha:
2150 3652 2420 3707 Psalmis;
2445 3652 2622 3706 Moles
2659 3651 2889 3707 leonum
2931 3650 3252 3723 confringet
3271 3651 3338 3719 ³⁸,
3369 3669 3397 3704 ι
3429 3649 3484 3704 id
3507 3652 3600 3713 est,
3633 3645 3700 3698 in-

467 3729 705 3786 dilectus
719 3747 881 3786 meus
899 3730 1040 3786 mihi
1068 3731 1133 3797 1³,
1158 3750 1185 3784 ν
1210 3732 1360 3802 quod
1380 3747 1532 3786 mors
1561 3731 1769 3786 Christi
1784 3729 2024 3803 A'postoli

1826 3729 2067 3803 .'p08t01i8
2147 3739 2320 3796 sidias
2345 3740 2659 3795 crudelium
2681 3739 2937 3795 destruet
2957 3760 2981 3792 ι
3013 3739 3293 3795 Dominus
3331 3760 3383 3796 ι.

468 3818 905 3875 amaritudinem
934 3819 1212 3892 passionis
1238 3819 1451 3875 intulit.
1481 3819 1736 3887 Myrrha,
1761 3824 2025 3892 martyre:

2217 3831 2454 3885 Manilia
2492 3834 2628 3884 sunt
2653 3827 3030 3884 instrumenta
3080 3827 3375 3896 virtutum,
3418 3834 3480 3882 ut
3501 3825 3555 3880 in
3585 3823 3698 3878 Can-

469 3908 615 3963 utin
637 3907 868 3964 Cantico
892 3927 904 3962 :
941 3926 967 3959 ‹‹
990 3907 1199 3963 Messui
1254 3907 1543 3980 myrrham
1572 3925 1761 3964 meam
1785 3926 1914 3965 cum
1935 3926 2065 3965 aro-
2145 3918 2256 3975 ﬁco
2276 3933 2292 3974 :
2312 3937 2339 3972 α
2371 3918 2590 3974 Collum
2624 3921 2789 3973 tuum
2819 3917 2967 3973 sicut
2989 3917 3200 3973 monile
3230 3917 3299 3985 ³ο,
3324 3917 3383 3973 id
3418 3920 3499 3972 est
3536 3910 3699 3988 pradi-

467 3996 714 4052 ωδίίδιιε
741 3997 882 4052 meis
905 3995 970 4063 ¹⁴ν
1008 4015 1032 4047 ι
1065 3995 1124 4050 id
1181 4001 1285 4064 θεῖν
1333 4003 1613 4069 martyres
1650 4015 1807 4054 ωθοε
1854 3999 1928 4054 ad
1974 4015 2065 4054 me
2146 4007 2292 4063 catio
2316 4012 2418 4063 tua
2444 4006 2663 4062 animas
2684 4011 2936 4062 exornat.
2967 4004 3226 4074 Manilia,
3258 4006 3617 4062 blandimenta
3638 3999 3699 4053 vi-

470 4085 727 4157 perduxi.
2144 4097 2374 4164 tiorum,
2400 4101 2467 4152 ut
2490 4095 2552 4151 in
2589 4095 2736 4152 Isaia
2768 4114 2781 4150 :
2817 4115 2848 4153 ι
2906 4094 3141 4151 Auferet
3162 4095 3315 4151 Deus
3362 4093 3577 4151 monilia
3590 4090 3648 4155 ".
3672 4104 3695 4140 ι

538 4176 758 4243 Myrtus
785 4179 873 4229 est
897 4173 1201 4246 temperies
1247 4174 1623 4246 cogitationis,
1663 4183 1731 4232 ut
1772 4176 1833 4232 in
1871 4177 2059 4233 Isaia:
2147 4187 2296 4259 quod
2320 4185 2588 4241 vitiorum
2602 4184 2990 4240 blandimenta
3008 4185 3286 4241 destruet.

472 4279 501 4317 ε
532 4262 642 4317 Pro
661 4262 845 4318 urtica
870 4268 1087 4318 crescet
1113 4269 1333 4336 myrtus
1363 4263 1426 4331 ‘5,
1465 4284 1488 4317 ι
1519 4265 1670 4336 quod
1698 4265 1903 4339 ubique
1934 4274 2133 4338 pru-D
2214 4277 2369 4331 Mons
2391 4279 2479 4330 est
2512 4281 2675 4346 pater
2711 4273 2973 4337 caelestis,
3024 4280 3090 4329 ut
3108 4273 3167 4329 in
3220 4273 3437 4330 cantico
3487 4270 3694 4331 Abacuc,

353 4355 362 4365 '
468 4351 608 4406 dens
627 4350 752 4419 erit,
784 4351 1049 4423 cogitatio
1075 4351 1153 4407 ibi
1169 4352 1280 4407 erit
1303 4357 1636 4425 temperata.
1667 4356 2065 4423 Myrtus.com-
2146 4364 2293 4436 quod
2325 4381 2352 4416 (ι
2378 4362 2699 4419 Sanctusde
2716 4367 2908 4418 monte
2938 4365 2965 4390 "
2990 4362 3213 4418 Pharao
3251 4362 3319 4430 ³³,
3362 4382 3388 4416 »
3406 4361 3545 4434 quod
3560 4354 3697 4413 Chri-

468 4439 675 4511 passio,
707 4445 772 4495 ut
798 4439 858 4494 in
887 4440 1036 4495 Isaia
1060 4459 1072 4495 :
1096 4460 1122 4493 (ι
1153 4441 1400 4512 Myrtum
1416 4446 1475 4496 et
1493 4441 1709 4513 lignum
1727 4442 1792 4510 ¹⁶,
1827 4460 1855 4495 ι
1887 4443 2060 4511 idest,
2145 4459 2266 4509 stus
2283 4453 2354 4508 de
2384 4453 2554 4507 Patre
2581 4450 2845 4507 invisibili
2863 4451 3156 4524 processit,
3183 4454 3359 4519 Μοηε,
3376 4450 3625 4509 Christus,
3644 4450 3695 4497 ut

469 4529 913 4601 οοωΡεεείοηθω
943 4535 1003 4585 et
1029 4529 1491 4585 misericordiam»
2143 4541 2205 4597 in
2224 4541 2406 4597 Isaia:
2434 4560 2457 4594 ι
2484 4532 2840 4613 Prmparatus
2862 4556 3028 4596 mons
3047 4541 3252 4597 domus
3280 4539 3497 4597 Domini
3526 4537 3579 4592 in
3598 4548 3696 4588 ver-

537 4619 756 4685 Myrica
783 4624 871 4673 est
888 4618 1004 4673 vita
1028 4617 1208 4690 impii,
1228 4624 1294 4674 ut
1312 4618 1371 4673 in
1417 4620 1698 4675 Ieremia:
1725 4624 1747 4644 ’
1794 4640 1818 4674 ι
1882 4621 2063 4676 Erunt
2141 4631 2310 4687 ticam
2334 4630 2611 4686 montium
2635 4629 2703 4697 33,
2747 4650 2775 4682 ι
2817 4630 2967 4702 quod
3002 4629 3264 4690 Christus
3300 4629 3502 4684 missus
3528 4625 3591 4681 ad
3618 4623 3695 4677 ΙΙΙ·

467 4710 659 4760 autem
687 4706 852 4777 quasi
877 4706 1087 4762 mirica:
1115 4705 1175 4761 in
1205 4707 1429 4763 deserto
1449 4708 1513 4775 ‘7,
1540 4725 1568 4763 ι
1592 4709 1743 4782 quod
1762 4709 2064 4782 cujuslibet
2141 4719 2293 4776 deos
2304 4735 2500 4775 omnes
2513 4735 2746 4791 prorsus
2754 4720 2940 4790 justas
2961 4718 3022 4774 in
3048 4718 3395 4775 sublimitate
3422 4710 3695 4773 sanctitatis

467 4793 586 4848 vita
608 4793 769 4866 impii
793 4810 827 4849 a
846 4793 962 4849 Deo
981 4795 1247 4850 derelicta
1269 4802 1374 4851 est.
2144 4808 2378 4865 excedit.
2412 4809 2586 4875 Mons,
2616 4807 2880 4874 Ecclesia,
2895 4813 2960 4863 ut
2992 4807 3051 4863 in
3103 4808 3380 4864 Psalmis:
3411 4825 3439 4859 ι
3474 4802 3596 4870 Quis
3624 4815 3694 4855 as-

536 4884 725 4950 Mytra
753 4888 841 4938 est
865 4881 1141 4939 stabilitas
1185 4884 1411 4952 mentis,
1445 4890 1512 4941 ut
1542 4885 1603 4941 in
1635 4885 1780 4942 libro
1817 4888 2012 4943 Iudith
2044 4907 2056 4943 :
2144 4897 2419 4954 cendetin
2441 4903 2693 4952 montem
2709 4895 3083 4952 Βοωίιιίῖδιν
3122 4896 3181 4952 id
3202 4902 3307 4963 est,
3339 4895 3495 4968 quis’
3520 4889 3695 4966 perlin-

473 4990 499 5023 ι(
534 4971 830 5043 Colligavit
841 4971 1129 5028 cincinnos
1152 4990 1284 5028 suos
1316 4973 1489 5028 mitra
1540 4975 1604 5042 ¹⁸,
1636 4994 1663 5029 »
1703 4977 1852 5049 quod
1881 4977 2064 5033 ﬁdelis
2141 4988 2229 5059 git
2247 4987 2320 5042 ad
2340 4986 2791 5042 conﬁrmitatem
2822 4985 3084 5041 Ecclesia
3104 4986 3205 5042 Dei
3244 4987 3455 5049 λησης,
3490 4974 3693 5054 populus

467 5069 660 5125 anima
676 5069 1046 5141 cogitationes
1076 5086 1208 5125 suas
1244 5069 1567 5127 stabilitatis
1596 5073 1784 5146 rigore
1812 5074 2060 5134 roborat.
2143 5077 2427 5143 Iudaicus,
2458 5080 2526 5132 ut
2560 5075 2623 5131 in
2669 5074 2817 5131 Isaia
2865 5092 2881 5130 :
2927 5093 2956 5129 ι
3003 5074 3218 5131 Sedebo
3255 5075 3315 5131 in
3340 5078 3524 5129 monte
3553 5071 3694 5124 testa-

542 5230 691 5300 '_Job
718 5245 771 5297 v,
800 5232 854 5288 5.
885 5230 912 5267 ²
935 5232 1109 5300 Apoc.
1142 5246 1256 5300 XIV,
1294 5230 1378 5289 15.
1408 5231 1435 5268 ³
1463 5232 1662 5289 Matth.
1692 5248 1816 5300 xm,
1848 5233 1935 5293 30.
1968 5234 1993 5269 ⁴
2018 5234 2162 5291 Ibid.
2189 5250 2241 5289 υ.
2269 5232 2360 5290 39.
2408 5233 2433 5268 ⁸
2462 5234 2597 5289 Luc.
2635 5248 2748 5300 xvr,
2775 5231 2869 5290 21.
2897 5233 2924 5268 ⁸
2949 5232 3054 5289 Job
3078 5248 3203 5300 xxv,
3232 5230 3289 5288 3.
3331 5232 3354 5267 "
3379 5228 3564 5287 Matth.
3590 5236 3685 5300 vni.

473 5298 527 5374 9.
546 5298 583 5374 ξ
611 5300 715 5356 Job
742 5293 1159 5374 vn,_1.°’zach.
1191 5293 1254 5371 νζ
1278 5301 1332 5374 9.
1381 5302 1428 5340 ιο
1458 5304 1634 5360 Lavit.
1667 5320 1744 5374 ιιι,
1775 5293 1866 5362 1'4.
1898 5306 1942 5342 ιι
1969 5307 2030 5361 es

2127 5349 2131 5359 .
2162 5319 2218 5371 v,
2263 5306 2314 5361 5.
2346 5304 2584 5374 “Cant.
2616 5319 2693 5368 Iv,
2722 5293 2777 5364 6.
2808 5304 2856 5340 ¹³
2883 5305 3046 5361 Cant.
3093 5319 3134 5371 ι,
3184 5293 3265 5362 i3.
3311 5303 3356 5341 ¹⁴
3388 5303 3618 5374 ,3.

471 5369 519 5404 ¹⁸
546 5370 656 5425 Isa.
690 5385 778 5444 ιιι,
812 5363 896 5444 [3.
929 5374 975 5410 ¹⁶
993 5374 1102 5431 Isa.
1136 5363 1372 5444 111.1,19.
1401 5375 1449 5411 ¹⁷
1470 5376 1584 5431 Jer.
1616 5363 1751 5444 xvii,
1782 5374 1872 5434 10.
1901 5377 1946 5413 ιε
1973 5378 2028 5433 ,Ιι

2125 5377 2188 5432 ιι.
2206 5363 2323 5444 'm,
2364 5372 2448 5433 ιο.
2479 5376 2526 5411 ιο
2552 5363 2724 5431 Exod.
2750 5390 2900 5442 xm,
2924 5376 2977 5432 9.
3008 5375 3057 5411 ὀ
3084 5363 3229 5431 Psal.
3260 5387 3371 5438 nx,
3396 5372 3480 5430 ιο.
3506 5363 3682 5444 “Psal-

475 5454 706 5519 yggun,
735 5432 790 5497 6.
821 5441 870 5477 ²¹
893 5445 1003 5519 Isa_.
1032 5460 1146 5519 svi,
1173 5432 1307 5502 ϐίη
1333 5446 1441 5502 Isa.
1468 5461 1558 5519 xy,
1578 5446 1647 5519 fl.
1676 5432 2032 5519 ﬂ'Matthsv,

2123 5450 2162 5504 5.
2204 5447 2253 5484 ⁸³
2502 5463 2550 5519 ι,
2582 5445 2671 5519 24.
2719 5445 2769 5482 ’⁸
2796 5432 2961 5519 Deut.
2992 5461 3142 5510 xmv.
3170 5443 3222 5519 6,
3264 5432 3618 5519 Ἶξὲδειιινιι,

470 5508 520 5547 ³⁸
542 5505 742 5567 Matth.
770 5528 928 5581 xvm,
959 5516 1013 5571 6.
1039 5517 1087 5552 ²⁰
1113 5505 1262 5572 Psal.
1295 5530 1452 5587 cvm,
1486 5505 1621 5574 7.’³⁰
1645 5519 1807 5576 Cant.
1835 5535 1876 5589 ι,
1912 5517 1998 5579 10.

2122 5521 2208 5576 isa.
2238 5534 2324 5587 ιιι,
2355 5505 2450 5575 19ῗ
2470 5518 2519 5554 δ’
2542 5505 2688 5575 Hab.
2714 5533 2800 5587 ιιι,
2823 5517 2878 5574 3.
2897 5517 2946 5554 ³³
2972 5519 3080 5588 Isa,
3106 5505 3169 5585 ιι,
3194 5516 3249 5577 2.
3270 5505 3679 5574 ³⁴Ρειι].ιιιιιιι,ἔ›’.
