3818 6168
208 260 320 320 1αΜ

1103 260 1536 318 ALLEGORUE
1575 261 1652 317 ΙΝ
1691 261 1981 318 SACRAM
2021 257 2501 317 SCRIP'I‘URAM.

3308 262 3443 322 100'2

201 385 352 442 menti
373 386 408 448 ί,
444 402 467 436 υ
499 381 552 436 id
583 386 688 449 est,
723 382 988 454 populum
1017 382 1315 440 Judaicum
1345 403 1446 458 per
1469 385 1821 446 increduli-A
1843 385 1993 457 quod
2021 401 2122 458 per
2141 383 2428 440 Christum
2450 381 2721 439 destructi
2767 387 2899 439 sunt
2925 383 3158 455 spiritus
3185 385 3438 460 maligni,

201 481 350 530 tatem
391 471 673 542 subjiciam
713 471 869 526 mihi.
915 473 1090 540 Mons,
1132 475 1552 548 contemplatio,
1595 480 1658 530 ut
1699 474 1758 530 in

198 563 393 620 Exodo:
426 583 448 614 «
472 561 720 616 Ascende
749 561 819 615 ad
862 579 952 616 me
993 561 1049 617 in
1097 569 1345 620 montem
1384 565 1428 631 ³,
1483 587 1507 617 ››
1552 564 1608 619 id
1649 569 1752 628 est,

196 655 304 707 me'
329 651 502 721 aliquo
539 651 704 704 modo
749 651 1010 721 continge
1052 669 1154 723 per
1203 655 1752 725 contemplationem.

193 743 341 806 Mons,
371 739 678 794 sublimitas
701 739 1010 812 religionis,
1044 747 1108 796 ut
1140 741 1199 797 in
1227 743 1458 798 Genesi:
1499 764 1522 795 ι
1555 744 1759 798 Ascen-

193 831 265 884 dit
281 831 375 884 Lat
398 828 465 883 ad
492 828 684 898 Segor,
713 833 771 883 et
796 829 1007 886 mansit
1034 828 1093 885 in
1133 833 1154 854 "
1185 837 1438 886 montem
1462 831 1504 898 ³,
1533 850 1560 883 3
1609 832 1758 904 quod

192 920 375 974 electus
399 917 465 973 de
493 933 664 989 prava
683 905 1111 990 conjhgatorum
1134 921 1554 976 conversatione
1574 921 1642 976 ad
1667 938 1757 976 re-

190 1007 385 1079 ligionis
411 1007 764 1062 altitudinem
779 1008 1049 1063 ascendit.
1073 1011 1246 1076 Mons,
1281 1011 1466 1082 patria
1495 1011 1752 1076 caelestis,

191 1096 317 1153 utin
344 1097 574 1151 Psalmis
603 1115 616 1150 :
643 1115 668 1147 α
694 1097 1065 1152 Adduxerunt
1102 1098 1159 1153 in
1205 1105 1455 1154 montem
1501 1105 1757 1155 sanctum

189 1192 327 1241 tuum
371 1184 408 1248 ⁴,
447 1202 473 1238 3
520 1184 577 1239 id
623 1191 726 1250 est,
773 1186 844 1240 ad
893 1186 1048 1241 illam
1099 1188 1410 1243 Jerusalem
1453 1188 1756 1244 caelestem.

189 1277 336 1341 Mons,
367 1273 619 1329 sublimis
643 1274 883 1345 justitia,
914 1281 980 1331 ut
1010 1261 1068 1331 in
1095 1276 1368 1332 Psalmis:
1419 1295 1447 1331 ι
1480 1277 1550 1332 Et
1587 1291 1757 1333 exau-

184 1364 304 1418 divit
329 1380 414 1418 me
441 1363 510 1418 de
539 1369 731 1419 monte
758 1369 954 1419 sancto
980 1381 1084 1420 suo
1108 1365 1150 1432 ⁵,
1186 1384 1213 1419 3
1245 1365 1304 1420 id
1349 1371 1454 1433 est,
1499 1365 1569 1421 de
1615 1367 1756 1421 emi-

183 1453 318 1507 nenti
338 1452 558 1524 justitia
586 1469 708 1507 sua.
742 1455 915 1519 Mons,
948 1453 1222 1519 diabolus,
1253 1458 1318 1508 ut
1344 1453 1403 1508 in
1421 1455 1752 1526 Evangelia:

183 1559 204 1594 α
231 1541 415 1596 Dicens
441 1541 624 1596 monti
651 1541 780 1595 huic
813 1560 824 1594 :
859 1541 1122 1598 Transfer
1147 1548 1203 1597 te
1232 1541 1290 1597 in
1319 1559 1476 1597 mare
1491 1544 1534 1609 ⁸,
1570 1543 1757 1616 3quod

178 1630 387 1702 apostoli
417 1629 640 1684 hostem
671 1630 967 1702 antiquum
995 1631 1065 1686 de
1094 1629 1338 1688 obsessis
1353 1633 1681 1703 ejecerunt‘
1701 1638 1760 1687 et

1841 474 1937 546 qui
1967 480 2102 530 sunt
2130 473 2410 546 principes
2439 473 2655 528 mundi.

1911 566 2058 618 Mors
2089 569 2170 618 est
2210 563 2506 618 exstinctio
2554 562 2678 618 vitae
2723 563 3024 630 saecularis,
3075 571 3139 620 ut
3188 566 3247 620 in
3296 566 3436 622 Job:

1845 671 1870 704 «
1886 653 1992 717 Qui
2009 655 2030 676 ⁶
2051 658 2337 724 exspectat
2351 657 2610 718 mortem,
2636 655 2723 706 et'
2744 652 3028 720 invenit“,
3054 674 3076 704 3
3101 656 3248 726 quod
3261 656 3439 711 sancti

1839 740 2093 797 funditus
2119 758 2178 796 se
2210 741 2280 796 ab
2309 741 2414 796 hoc
2457 741 2668 796 mundo
2715 741 3053 796 mortiﬁcare
3084 743 3296 810 volunt,
3341 746 3441 800 sed

1840 847 1952 886 non
1980 837 2234 903 possunt.
2260 833 2423 897 Mors,
2455 829 2736 902 superbia,
2777 835 2842 885 ut
2879 831 2937 886 in
2974 831 3104 886 Job:
3161 850 3188 884 (ι
3222 833 3438 889 Consu-
3497 819 3502 828 ’

1841 925 1962 976 mat
1982 919 2210 974 brachia
2227 919 2377 975 illius
2398 919 2773 992 primogenita
2790 937 2942 974 mors
2962 919 3029 987 ω,
3055 941 3080 972 »
3115 921 3260 992 quod
3292 921 3440 978 bona

1840 1025 2013 1080 opera
2036 1009 2194 1081 impii
2223 1007 2503 1080 superbia,
2537 1025 2661 1080 qua:
2689 1009 2798 1064 fuit
2833 1009 3080 1081 primum
3125 1017 3436 1082 peccatum,

1840 1098 2112 1153 destruet.
2147 1100 2312 1165 Mors,
2343 1096 2618 1166 diabolus,
2637 1104 2703 1153 ut
2722 1097 2780 1153 in
2797 1099 3129 1172 Apocalypsi
3155 1119 3166 1154 :
3197 1118 3224 1152 ‹‹
3247 1100 3439 1157 Habeo

1840 1186 2022 1241 claves
2048 1186 2246 1241 mortis
2293 1191 2351 1240 et
2376 1185 2601 1254 inferni,
2633 1206 2662 1236 ιι
2711 1186 2766 1241 id
2811 1191 3300 1259 est,’potestatem
3341 1205 3438 1246 su-

1837 1292 1940 1347 per
1989 1274 2272 1330 diabolum
2321 1280 2379 1329 et
2424 1274 2680 1330 membra
2725 1277 2866 1346 ejus.
2917 1277 3080 1342 Mors,
3131 1294 3438 1350 supernum

1839 1363 2048 1430 odium,
2081 1364 2220 1419 utin
2243 1363 2511 1420 Psalmis:
2547 1385 2570 1416 ι
2603 1364 2673 1419 Et
2699 1363 2938 1420 formido
2996 1366 3194 1421 mortis
3238 1368 3439 1423 cecidit

1839 1469 2009 1526 super
2037 1467 2126 1508 me
2145 1452 2212 1520 ²¹,
2240 1471 2267 1506 3
2289 1453 2345 1508 id
2367 1459 2470 1519 est,
2489 1453 2654 1508 timui
2673 1470 2744 1508 ne
2762 1470 3070 1526 supernum
3094 1456 3283 1511 odium
3301 1474 3438 1529 prae-

1838 1542 2050 1596 valeret
2077 1541 2238 1596 mihi.
2277 1543 2442 1609 Mors,
2477 1547 2784 1614 peccatum,
2833 1547 2898 1597 ut
2933 1543 2991 1598 in
3025 1543 3297 1599 Psalmis:
3353 1546 3438 1601 Ne

1837 1646 2086 1702 unquam
2117 1630 2468 1686 obdormiam
2499 1630 2558 1686 in
2589 1636 2770 1685 morte
2785 1629 2852 1697 θ,
2877 1629 2934 1686 id
2956 1617 3060 1698 est,
3097 1648 3168 1686 ne
3187 1649 3435 1705 unquam

186 1719 232 1774 in
260 1718 530 1774 infernum
561 1725 733 1774 retro.
757 1722 931 1774 Mons.
964 1719 1278 1788 haereticus,
1297 1726 1364 1776 ut
1392 1720 1450 1776 in
1483 1707 2189 1790 PsalmiszBrequiescam
2234 1719 2294 1774 in
2343 1725 2590 1792 peccato.
2641 1721 2806 1788 Mars,
2855 1736 3021 1792 poena
3089 1726 3318 1790 aeterna,
3375 1727 3440 1777 ut

181 1826 201 1859 ε
231 1808 504 1873 Quomodo
529 1807 716 1863 dicitis
727 1808 928 1863 animae
951 1825 1117 1864 meae:
1141 1810 1508 1882 Transmigra
1523 1811 1582 1865 in
1605 1827 1760 1866 mon-

178 1903 275 1952 tem
301 1897 438 1952 sicut
465 1914 666 1970 passer
687 1897 746 1951 7?
771 1916 797 1950 3
817 1898 872 1952 id
903 1904 1007 1966 est,
1038 1904 1103 1954 ut
1124 1901 1145 1922 ⁴’
1174 1905 1444 1971 sequatur
1469 1900 1757 1955 hominem

176 1985 494 2054 haereticum,
529 1987 692 2059 quasi
721 1987 766 2042 si
796 2004 917 2042 esse
939 2004 1159 2060 possem
1178 1989 1360 2060 magis
1373 1989 1586 2061 justus.

235 2077 395 2142 Mons,
427 2075 749 2132 sublimitas
769 2077 940 2149 hujus
968 2077 1184 2146 mundi,
1209 2083 1275 2132 ut
1294 2078 1352 2132 in
1378 2079 1529 2134 Isaia
1552 2097 1563 2133 :
1601 2097 1628 2132 α
1657 2079 1758 2134 Su-

177 2181 262 2237 per
276 2172 519 2222 montem
544 2166 912 2238 caliginosum
931 2166 1110 2222 levate
1123 2167 1165 2236 3,
1195 2187 1220 2220 »
1244 2167 1300 2222 id
1321 2172 1425 2234 est,
1447 2165 1758 2224 sublimita-

176 2259 270 2308 tem
311 2254 501 2310 mundi
563 2255 858 2310 humiliate
904 2255 976 2310 ad
1024 2273 1247 2312 crucem
1295 2256 1526 2313 Christi.
1578 2259 1752 2324 Mons,

174 2343 306 2414 virgo
343 2343 542 2412 Maria,
589 2349 655 2400 ut
699 2345 757 2399 in
805 2344 1038 2400 Daniele
1079 2364 1091 2400 :
1132 2364 1158 2398 «
1188 2344 1453 2400 Abcissus
1499 2345 1644 2417 lapis
1686 2345 1757 2399 de

177 2438 344 2488 monte
370 2433 493 2488 sine
521 2432 785 2488 manibus
811 2433 854 2501 θ,
883 2455 908 2486 υ
960 2433 1108 2506 quod
1157 2433 1414 2490 Christus
1459 2435 1530 2489 de
1577 2435 1758 2490 Maria

171 2526 316 2576 natus
341 2529 426 2578 est
452 2523 583 2577 sine
598 2522 744 2577 virili
765 2523 1001 2578 semine.
1033 2523 1142 2578 Per
1177 2529 1385 2578 montes
1426 2523 1634 2596 angeli,
1693 2530 1758 2580 ut

169 2609 216 2664 in
243 2611 495 2666 Psalmis:
539 2630 570 2665 α
599 2611 995 2667 Fundamenta
1034 2613 1160 2684 ejus
1207 2611 1267 2667 in
1294 2611 1580 2667 montibus
1623 2628 1754 2668 san-

165 2699 252 2754 ctis
279 2699 336 2766 ¹⁰,
361 2719 389 2755 3
413 2701 571 2773 quod
591 2707 786 2756 sancta
808 2701 1056 2756 Ecclesia
1075 2700 1348 2756 fundatur
1366 2700 1424 2756 in
1445 2700 1750 2774 praphetis.

167 2788 259 2842 Per
293 2796 496 2846 montes
520 2790 783 2862 apostoli,
801 2795 865 2846 ut
885 2790 943 2845 in
968 2789 1240 2845 Psalmis:
1279 2809 1305 2842 α
1329 2790 1529 2845 Levavi
1564 2791 1754 2846 oculos

169 2893 301 2934 meos
327 2879 383 2934 in
419 2885 650 2935 montes
682 2879 748 2946 ¹¹,
777 2897 804 2933 3
841 2879 898 2934 id
937 2885 1042 2946 est,
1093 2879 1278 2934 cordis
1324 2879 1437 2934 mei
1484 2880 1753 2935 intuitum

167 2968 295 3024 erexi
319 2969 385 3023 ad
411 2969 731 3024 doctrinam
757 2970 1161 3042 apostolorum.
1191 2970 1302 3024 Per
1323 2975 1531 3024 montes
1551 2985 1754 3042 praece-

167 3057 531 3126 ptasublimia,
551 3075 675 3130 quae
688 3057 1052 3132 pertinentad
1069 3057 1367 3130 perfectos.
1385 3061 1406 3083 ¹
1423 3059 1533 3114 Per
1544 3064 1752 3114 montes

166 3145 260 3200 duo
275 3147 658 3215 Testamenta,
674 3153 736 3202 ut
754 3147 810 3202 in
829 3148 1092 3204 Psalmis:
1121 3171 1142 3198 ι
1159 3149 1315 3204 Inter
1325 3148 1574 3204 medium
1599 3164 1753 3203 mon-

167 3235 287 3290 tium
307 3236 738 3308 pertransibunt
756 3255 915 3310 aquae
937 3236 1000 3305 ¹¹,
1018 3257 1045 3292 3
1071 3238 1219 3310 quod
1240 3238 1297 3293 in
1324 3253 1598 3292 consensu
1618 3237 1754 3292 duo-

166 3340 272 3378 rum
281 3326 770 3382 Testamentorum
783 3326 1108 3381 discurrunt
1123 3328 1336 3381 ﬂuenta
1347 3325 1614 3382 doctrina:
1623 3326 1756 3392 .,Per

165 3420 348 3469 montes
373 3416 794 3488 praedicatores,
829 3421 892 3471 ut
938 3415 994 3470 in
1045 3415 1314 3470 Psalmis:
1372 3433 1400 3469 (ι
1435 3415 1756 3488 Suscipiant

165 3511 360 3560 montes
385 3522 591 3577 pacem
623 3505 686 3572 ’3,
725 3527 748 3557 ι
779 3505 836 3560 id
884 3510 990 3572 est,
1025 3503 1418 3576 praedicatores
1464 3507 1486 3528 ⁴’
1532 3521 1754 3559 annun-

163 3590 287 3646 tiant
315 3594 712 3666 pmnitentiam
749 3594 820 3648 de
865 3593 1156 3666 subjectis.
1218 3594 1326 3648 Per
1368 3598 1576 3648 montes
1619 3609 1754 3648 con-

163 3683 544 3754 templationes
592 3683 846 3749 internae,
895 3688 960 3738 ut
1003 3683 1062 3738 in
1109 3681 1246 3738 Job:
1303 3701 1328 3734 a
1363 3681 1755 3754 Circumspicit

164 3777 362 3827 montes
390 3789 620 3845 pascuae
642 3775 662 3795 ⁹
687 3777 800 3827 tua:
819 3771 882 3839 “,
903 3793 930 3824 ι
956 3772 1013 3826 id
1033 3777 1138 3838 est,
1155 3771 1472 3826 considerat
1499 3771 1756 3826 altitudi-

166 3875 250 3915 nes
267 3861 628 3918 internarum
649 3861 1209 3933 contemplationum,
1241 3859 1300 3916 in
1329 3858 1531 3932 quibus
1560 3860 1757 3915 devote

165 3963 334 4005 amma
361 3951 607 4024 depasta
633 3956 746 4009 est.
785 3951 894 4005 Per
912 3955 1119 4004 montes
1139 3949 1398 4005 homines
1417 3948 1670 4022 superbi,
1693 3955 1759 4005 ut

162 4033 210 4092 in
237 4038 334 4094 Job
359 4059 370 4094 :
409 4060 431 4090 ι
471 4039 624 4094 Huic
647 4044 869 4094 montes
896 4037 1100 4094 herbas
1131 4039 1321 4094 ferunt
1339 4038 1403 4104 ‘5,
1439 4056 1465 4091 3
1489 4038 1637 4108 quod
1665 4054 1756 4093 su-

1841 1807 1900 1862 in
1931 1809 2108 1863 Paulo
2133 1827 2145 1862 :
2171 1825 2200 1864 ι
2225 1808 2334 1873 Qui
2361 1808 2500 1863 talia
2517 1813 2695 1879 agunt
2721 1809 2874 1880 digni
2899 1815 3032 1864 sunt
3051 1809 3306 1878 morte”,
3334 1800 3374 1865 ί
3383 1811 3436 1866 id

1839 1902 1944 1962 est,
1965 1897 2120 1968 digni
2144 1903 2278 1953 sunt
2303 1913 2465 1969 paena
2495 1903 2724 1952 aeterna.

1911 1988 2096 2040 Morus
2147 1992 2234 2042 est
2273 1985 2546 2052 diabolus,
2589 1992 2654 2042 ut
2705 1987 2763 2041 in
2797 1987 3130 2058 Evangelia:
3181 2009 3206 2042 (ι
3239 1991 3440 2047 Diceus

1838 2075 1967 2131 huic
1993 2076 2198 2143 arbori,
2225 2077 2398 2142 More,
2423 2075 2787 2143 eradicare",
2810 2094 2838 2130 ιο
2870 2078 3018 2149 quod
3060 2081 3296 2151 apostoli
3317 2080 3438 2136 dia-

1837 2163 2024 2220 bolum
2053 2165 2112 2221 in
2135 2165 2946 2237 bominibus-exstirpaverunt.

1909 2256 2303 2310 Morlariolum
2331 2260 2419 2310 est
2446 2271 2606 2309 mens
2633 2253 2896 2322 hominis,
2928 2260 2995 2310 ut
3021 2255 3077 2310 in
3127 2255 3270 2312 libro
3315 2258 3436 2313 Nu-

1841 2343 1982 2399 meri
2011 2363 2021 2398 :
2061 2363 2084 2395 «
2117 2342 2358 2399 Terebat
2385 2344 2625 2416 populus
2646 2359 2856 2398 manna
2885 2344 2944 2398 in
2974 2345 3300 2400 mortariola
3319 2345 3385 2413 ⁸⁵,
3406 2366 3432 2400 ))

1841 2433 1990 2503 quod
2019 2448 2183 2487 sacra
2214 2433 2505 2505 Scriptura
2534 2425 2593 2487 in
2615 2437 2803 2488 mente
2820 2431 3102 2488 subtiliter
3119 2437 3208 2488 est
3233 2451 3335 2506 per
3349 2435 3436 2490 in-

1836 2521 2121 2577 tellectum
2151 2521 2602 2577 comminuenda.
2635 2521 2744 2576 Per
2787 2525 3182 2578 mortariolum
3221 2529 3436 2596 marty-

1836 2610 1940 2677 ria,
1963 2610 2104 2666 utin
2122 2611 2339 2666 Exodo:
2377 2629 2405 2666 α
2437 2611 2764 2666 Mortariola
2798 2617 2856 2666 et
2883 2611 3174 2667 thuribula
3207 2611 3272 2680 9“,
3305 2633 3328 2665 3
3379 2613 3436 2668 id

1836 2705 1941 2768 est,
1972 2701 2247 2773 martyria
2266 2706 2325 2756 et
2351 2699 2521 2756 corda
2554 2705 2878 2756 sanctorum
2905 2700 2962 2756 in
2992 2718 3182 2758 amore
3212 2702 3313 2759 Dei
3343 2719 3438 2758 ar-

1835 2788 2048 2844 dentia.

1905 2880 2112 2934 Mulier
2138 2883 2225 2934 est
2250 2879 2353 2934 Dei
2381 2878 2677 2951 sapientia,
2715 2885 2783 2934 ut
2808 2879 2867 2934 in
2895 2879 3228 2952 Evangelia:
3268 2901 3289 2934 ι
3319 2882 3439 2938 Mu-

1835 2967 1941 3021 lier
1963 2966 2176 3023 habens
2203 2967 2499 3024 drachmas
2518 2968 2712 3024 decem
2747 2967 2813 3036 ’7,
2856 2988 2886 3022 io
2918 2968 2974 3023 id
3003 2975 3108 3036 est,
3137 2973 3161 2994 ⁶
3205 2971 3306 3026 Dei
3351 2987 3438 3026 sa-

1836 3056 2106 3128 pientiam
2132 3063 2339 3128 regunt
2360 3057 2607 3113 divinam
2643 3063 2702 3113 et
2741 3058 3050 3113 humanam
3089 3066 3430 3116 creaturam.

1837 3148 2058 3210 Mulier,
2079 3146 2356 3208 Christus,
2368 3152 2433 3202 ut
2453 3147 2512 3201 in
2531 3147 2858 3217 Evangelia:
2887 3169 2908 3198 c
2928 3149 3290 3204 Fermentum
3314 3149 3436 3205 abs-

1833 3234 2024 3290 condit
2053 3235 2254 3290 mulier
2277 3236 2334 3290 in
2364 3235 2558 3291 farinae
2585 3242 2711 3291 sata
2735 3237 2847 3291 tria
2871 3236 2937 3303 ³⁸,
2971 3257 2994 3290 ι)
3034 3238 3181 3310 quod
3231 3239 3433 3294 huma-

1836 3341 1973 3379 num
2001 3341 2184 3396 genus
2211 3325 2473 3380 Christus
2501 3325 2560 3380 in
2582 3331 2697 3380 tres
2725 3325 2950 3380 ordines
2978 3326 3250 3395 distinxit,
3282 3330 3436 3384 ordi-

1836 3429 1964 3468 nem
1994 3414 2207 3470 scilicet
2231 3415 2612 3486 przelatorum,
2637 3415 3066 3484 continentium,
3095 3422 3152 3470 et
3175 3419 3438 3490 conjuga-

1836 3506 2042 3556 torum.
2061 3505 2283 3568 Mulier,
2299 3509 2493 3559 sancta
2505 3502 2771 3569 Ecclesia,
2789 3508 2854 3557 ut
2864 3503 2921 3558 in
2936 3503 3224 3560 Parabolis
3239 3527 3250 3560 :
3271 3526 3295 3559 ι
3319 3509 3438 3562 Mu-

1837 3589 2031 3644 lierem
2062 3591 2259 3645 fortem
2281 3591 2408 3662 quis
2428 3591 2772 3647 inveniet”?
2797 3611 2820 3642 3
2857 3593 3003 3663 quod
3031 3593 3206 3648 solius
3232 3595 3334 3650 Dei
3353 3602 3441 3651 est

1837 3685 2090 3735 sanctam
2118 3680 2419 3735 Ecclesiam
2438 3680 2495 3734 in
2511 3681 2721 3736 mundo
2748 3686 3018 3736 statuere.
3042 3683 3266 3748 Mulier,
3281 3683 3436 3754 virgo

1838 3769 2018 3825 Maria
2041 3810 2055 3836 ,
2088 3775 2153 3825 ut
2186 3769 2245 3824 in
2293 3769 2573 3824 Ieremia:
2627 3787 2654 3822 ι
2699 3770 2902 3826 Mulier
2941 3769 3312 3826 circumdabit
3353 3772 3436 3828 vi-

1839 3876 1965 3916 rum
1994 3858 2060 3928 ³ο,
2093 3878 2118 3912 ι)
2151 3858 2208 3914 id
2239 3865 2342 3926 est,
2376 3858 2554 3914 Maria
2569 3858 2844 3931 concipiet
2866 3859 3175 3916 Christum.
3208 3862 3434 3929 Mulier,

1834 3965 2014 4021 genus
2040 3948 2374 4016 humanum,
2405 3952 2470 4003 ut
2497 3947 2554 4003 in
2573 3947 2905 4020 Evangelio:
2939 3971 2964 3998 α
2996 3949 3067 4004 Et
3083 3965 3217 4014 ,ecce
3233 3951 3438 4007 mulier

1835 4055 1959 4109 qua:
2009 4035 2253 4092 habebat
2302 4036 2565 4110 spiritum
2625 4039 2647 4062 θ
2696 4038 3052 4094 immundum
3098 4039 3162 4105 3‘,
3203 4060 3228 4093 »
3287 4041 3436 4112 quod

162 4127 302 4197 perbi
330 4128 549 4201 quique
578 4127 864 4183 diabolum
897 4145 999 4200 per
1027 4127 1328 4183 elationem
1357 4133 1615 4198 pascunt.
1646 4128 1756 4181 Per
1834 4125 2090 4182 diabolus
2114 4142 2296 4198 genus
2325 4126 2636 4182 humanum
2659 4143 2760 4199 per
2787 4133 3074 4200 peccatum
3105 4129 3372 4202 possedit.
3410 4153 3434 4180 ι

161 4223 348 4273 montes
377 4217 632 4291 superba
659 4217 830 4272 corda
854 4217 1196 4281 Judaeorum,
1230 4221 1295 4271 ut
1328 4215 1388 4270 in
1435 4214 1594 4270 libris
1642 4216 1751 4270 Re-
1835 4217 2056 4282 Mulier,
2090 4215 2261 4270 anina
2287 4214 2488 4282 ﬁdelis,
2523 4221 2588 4270 ut
2613 4215 2672 4271 in
2700 4216 3025 4273 Parabolis:
3061 4237 3088 4270 ι
3114 4217 3324 4274 Mulier
3351 4236 3436 4274 sa-

157 4321 277 4375 gum
301 4327 316 4362 :
346 4328 368 4360 ι
404 4309 632 4362 Montes
652 4305 880 4373 Gelboe,
912 4321 1016 4360 nec
1039 4322 1152 4373 ros,
1184 4321 1286 4360 nec
1312 4304 1501 4378 pluvia
1527 4303 1755 4360 veniant
1833 4305 1992 4378 piens
2011 4305 2252 4360 aediﬁcat
2269 4305 2501 4360 domum
2519 4322 2680 4360 suam
2693 4303 2760 4374 3’,
2796 4327 2822 4360 )›
2849 4307 2996 4379 quod
3027 4307 3217 4362 anima
3235 4309 3436 4363 devota

155 4408 311 4466 super
321 4412 420 4451 vos
443 4395 509 4462 ω,
531 4413 560 4448 3
585 4394 734 4467 quod
754 4394 1065 4450 infidelium
1085 4394 1407 4450 Judazorum
1427 4398 1645 4449 mentes
1663 4410 1754 4448 su-
1833 4400 2060 4466 reparat
2079 4399 2327 4449 mentem
2342 4411 2523 4450 suam.
2549 4396 2771 4462 Mulier,
2790 4395 3006 4450 vanitas
3025 4396 3221 4450 mundi
3241 4397 3430 4468 hujus,

157 4482 344 4552 perbe,
379 4485 479 4557 qui
512 4484 802 4540 Christum
829 4483 1174 4549 occiderunt,
1193 4483 1646 4556 praedicationem
1665 4500 1754 4538 ve-
1771 4532 1814 4557 n
1832 4489 1898 4539 ut
1925 4483 1983 4538 in
2000 4483 2334 4555 Apocalypsi
2358 4501 2370 4536 :
2408 4503 2433 4534 α
2459 4483 2528 4538 Et
2552 4484 2760 4538 mulier
2779 4490 2900 4538 erat
2923 4484 3268 4540 circumdata
3295 4501 3432 4556 pur-

157 4569 324 4629 ritatis
353 4591 469 4630 non
496 4578 886 4646 susceperunt.
911 4574 1022 4628 Per
1051 4579 1259 4628 montes
1295 4573 1554 4644 gentiles,
1593 4577 1658 4628 ut
1693 4572 1752 4627 in
1771 4569 1814 4590 "
1832 4589 1975 4646 pura
2003 4579 2061 4628 et
2088 4575 2109 4596 '
2140 4571 2364 4628 coccina
2390 4571 2456 4638 ³³,
2491 4590 2516 4624 »
2549 4571 2699 4642 quod
2730 4573 2925 4626 mundi
2955 4572 3124 4644 hujus
3149 4580 3432 4629 amatores

153 4658 296 4717 libris
315 4663 796 4718 Macbabzeorum:
825 4683 847 4713 ι
873 4661 1113 4717 Refulsit
1125 4661 1514 4735 solinclypeos
1526 4678 1748 4730 aureos,
1831 4679 1932 4734 per
1962 4661 2284 4734 superbiam
2316 4659 2556 4714 maxime
2577 4659 2952 4730 decipiuntur.
2986 4663 3208 4729 Mulier,
3231 4664 3432 4720 crude-

155 4755 205 4804 et
221 4753 696 4824 resplenduerunt
721 4757 939 4806 montes
967 4751 1037 4805 ab
1067 4751 1147 4806 eis
1169 4751 1232 4818 ‘7,
1271 4771 1292 4802 3
1329 4752 1476 4822 quod
1509 4751 1750 4824 Spiritus
1831 4751 1981 4816 litas,
2011 4756 2078 4804 ut
2105 4750 2162 4804 in
2193 4748 2560 4821 Apocalypsi:
2600 4768 2623 4800 ι
2657 4747 2783 4802 Vidi
2809 4749 3100 4805 mulierem
3121 4751 3335 4807 ebriam
3365 4753 3434 4807 de

153 4846 368 4896 sanctus
395 4842 555 4897 venit
573 4842 646 4897 ad
665 4841 970 4914 apostolos,
1003 4845 1061 4896 et
1087 4839 1157 4895 ab
1181 4840 1263 4894 eis
1294 4840 1597 4896 illuminati
1617 4845 1752 4908 sunt
1829 4839 2104 4911 sanguine
2161 4843 2474 4910 martyrum
2516 4839 2649 4892 Jesu
2696 4837 2762 4904 3‘,
2801 4856 2826 4890 3
2859 4840 3006 4910 quod
3027 4857 3222 4895 omnes
3252 4841 3432 4913 iniqui

153 4931 330 5002 populi
341 4932 602 5003 gentiles.
623 4932 732 4987 Per
743 4936 948 4986 montes
961 4929 1192 5001 spiritus
1205 4928 1459 5000 maligni,
1473 4935 1538 4984 ut
1552 4929 1611 4984 in
1623 4946 1751 4984 can-
1831 4935 1888 4984 et
1909 4928 2153 4984 maxime
2169 4926 2424 4982 crudeles
2437 4932 2823 4998 persecutores
2838 4927 2895 4982 in
2922 4931 2942 4951 '
2967 4927 3249 4985 montibus
3265 4930 3432 4984 Chri-

153 5017 251 5074 tico
276 5020 544 5076 Habacuo
569 5039 580 5074 :
622 5040 645 5072 ι
673 5020 743 5077 Et
759 5018 986 5074 contriti
1001 5022 1136 5074 sunt
1164 5023 1386 5073 montes
1414 5019 1600 5074 saeculi
1621 5019 1685 5086 ¹⁸,
1716 5039 1740 5071 3
1831 5019 2144 5075 stianorum
2174 5017 2544 5072 delectantur.
2587 5017 2810 5083 Mulier,
2851 5017 3106 5073 doctrina
3146 5019 3425 5086 haeretica,

214 5199 231 5233 ¹
265 5200 376 5256 Isa.
409 5213 529 5266 xxv,
562 5198 656 5254 13.
688 5199 713 5234 ³
737 5199 908 5255 Exod.
936 5213 1085 5266 xxxv,
1122 5197 1209 5255 12.
1240 5196 1264 5232 ³
1294 5196 1435 5253 Gen:
1460 5211 1572 5262 XIX,
1609 5194 1696 5254 30.
1729 5195 1752 5231 ⁴

1913 5238 1924 5250 .
1959 5209 2092 5264 xm,
2128 5194 2180 5251 3.
2206 5196 2229 5230 ⁵
2248 5195 2396 5251 Psal.
2426 5209 2510 5261 III,
2534 5195 2584 5250 5.
2617 5195 2642 5230 θ
2669 5195 2869 5250 Matth.
2893 5210 3028 5260 xvn,
3051 5194 3140 5253 20.
3163 5197 3185 5232 ⁷
3205 5197 3423 5265 Psal.x,

158 5267 201 5322 1.
231 5270 253 5304 ⁸
279 5271 389 5326 Isa.
414 5285 543 5336 xm,
570 5270 626 5328 ‘2.
659 5271 684 5305 θ
711 5272 854 5326 Dan.
887 5284 949 5336 ιι,
988 5269 1075 5326 34.
1109 5269 1157 5305 ¹⁰
1187 5269 1334 5325 Psal.
1369 5282 1589 5336 LXXXVI,
1620 5269 1674 5324 1.
1710 5267 1752 5304 ¹¹

1916 5309 1928 5322 .
1957 5282 2082 5334 σχχ,
2119 5267 2170 5322 1.
2205 5267 2250 5302 ¹²
2275 5267 2423 5336 Psal.
2457 5279 2580 5331 cm,
2619 5266 2703 5322 10.
2736 5266 2782 5302 ⁸³
2813 5267 2958 5321 Psal.
2987 5280 3134 5334 LXXI,
3165 5266 3216 5322 3.
3250 5268 3297 5304 ¹⁴
3323 5269 3428 5324 Job

151 5352 328 5412 χχχιχ,
361 5343 458 5398 1ι.
497 5335 544 5376 ιδ
568 5341 675 5412 Job
698 5355 790 5409 XL,
823 5340 909 5398 15.
940 5335 988 5376 η
1011 5342 1066 5396 II
1093 5341 1233 5412 Reg.
1265 5355 1304 5406 ι,
1327 5340 1419 5395 21.
1443 5340 1489 5412 η
1515 5341 1539 5412 1
1570 5335 1750 5412 Mach.

1909 5337 1982 5396 39.
2011 5338 2226 5412 {3_Hab.
2265 5353 2348 5404 ιιι,
2379 5335 2434 5394 6.
2461 5337 2506 5372 ¹⁹
2527 5336 2749 5412 Jobry,
2780 5337 2872 5412 21.
2903 5337 2954 5372 ὀ
2979 5337 3084 5412 Job
3116 5354 3306 5406 xxvm,
3334 5337 3423 5399 13.

150 5406 362 5480 “Psal.
399 5427 520 5469 Liv.
551 5411 605 5470 4.
638 5413 686 5448 ²²
715 5406 861 5468 Psal.
895 5427 1006 5480 LIV,
1039 5414 1094 5468 5.
1126 5406 1362 5466 π’Βοηι.
1395 5426 1434 5477 1,
1471 5411 1560 5467 32.
1593 5411 1640 5446 Ἃ
1668 5412 1756 5466 ιω

1909 5425 1979 5474 Ἡ,
2016 5409 2101 5465 10.
2131 5410 2178 5444 ³⁸
2207 5412 2376 5465 Num.
2413 5424 2490 5474 χι,
2523 5406 2576 5464 8.
2604 5408 2651 5443 ’⁸
2676 5409 2846 5464 Exod.
2872 5424 2998 5476 xxv,
3023 5409 3112 5474 29,
3137 5416 3196 5465 et
3215 5426 3423 5480 xxxvn,

153 5477 235 5552 16.
262 5482 306 5519 ﬂ
337 5485 480 5540 Luc.
513 5499 603 5550 xv,
624 5484 679 5540 8.
711 5483 759 5520 ⁸⁸
787 5477 1138 5550 Μειωιζχηι,
1171 5482 1262 5539 33.
1299 5481 1350 5517 ²⁰
1381 5483 1543 5538 Prov.
1575 5497 1724 5537 χχχι.
1753 5505 1756 5514 ι

1909 5481 1934 5517 ⁰
1959 5481 2075 5536 Jer.
2101 5495 2250 5548 χχχι,
2281 5481 2371 5536 22.
2402 5481 2445 5517 ³¹
2480 5481 2611 5536 Luc.
2646 5495 2766 5548 xm,
2801 5480 2880 5549 ll,
2925 5481 3003 5540 l6.
3044 5480 3092 5516 ³³
3117 5481 3278 5538 Prov.
3311 5477 3422 5552 xlv,

159 5551 203 5610 ι.
231 5553 279 5590 ⁸³
307 5557 488 5628 Apoc.
523 5569 658 5624 xvn,
683 5556 736 5610 4.
767 5554 814 5590 ³1
841 5554 981 5611 Ibid.
1008 5570 1061 5623 v,
1095 5555 1146 5610 6.

534 5655 801 5718 Paraon.
829 5654 1010 5718 CXII.
1699 5677 1701 5680 ‘
3031 5656 3110 5716 32
