3818 6168
401 225 542 283 1003
1000 224 1058 277 Β.
1104 219 1643 305 RABANIMAURI
1684 216 2020 273 ARCUIEP.
2063 216 2387 273 MOGUN‘T.
2431 216 2727 274 OPERUM
2766 218 2948 274 PARS
2984 219 3077 277 Ill.
3466 231 3564 287 [om

399 351 467 406 ut
489 347 552 403 in
574 345 898 403 Parabolis:
929 343 1133 400 Mulier
1168 343 1406 415 pulchra
1436 348 1494 398 et
1523 341 1680 421 fatua
1709 345 1748 409 ί,
1786 366 1808 391 η
1844 341 1991 414 quod
2014 342 2303 408 Amentis,
2330 349 2394 398 ut
2421 342 2479 397 in
2508 341 2612 397 Job
2652 361 2664 397 :
2702 360 2729 396 α
2761 342 2972 399 Venter
3009 363 3156 402 meus
3194 352 3337 423 quasi
3372 360 3570 411 mustum

399 453 586 493 sermo
617 434 911 491 haereticus
956 438 1186 507 propter
1231 437 1494 488 ornatum
1533 431 1828 487 verborum
1876 431 1996 504 pul-
2077 430 2288 504 absque
2315 431 2598 504 spiracula
2623 430 2690 499 9°,
2725 450 2748 483 ι
2781 433 2930 505 quod
2957 433 3015 488 in
3044 443 3218 494 mente
3242 457 3465 512 perversa
3498 460 3573 500 ve-

399 527 552 595 cher,
585 524 684 582 sed
711 531 944 597 propter
983 522 1192 578 erroris
1232 521 1619 594 deceptionem
1662 521 1850 576 fatuus
1887 525 1989 576 est.
2076 520 2366 577 hementia
2389 537 2425 575 a
2456 519 2670 592 Spiritu
2701 526 2895 576 sancto
2922 521 3226 582 damnatur.

401 617 625 681 Mulier,
654 612 934 686 impietas,
968 616 1034 667 ut
1059 611 1117 666 in
1146 610 1441 666 Zacharia:
1478 629 1503 662 ι
1539 611 1605 665 Et
1636 626 1761 665 ecce
1792 609 1996 665 mulier
2145 611 2380 664 Mustela
2407 615 2494 664 est
2519 608 2636 665 vita
2660 625 2978 682 pravorum,
3008 617 3070 667 ut
3096 613 3151 669 in
3175 615 3316 689 lege:
3362 636 3385 667 ((
3409 619 3578 675 Mum.

399 704 602 761 sedens
627 703 688 758 in
717 701 904 758 media
923 700 1210 774 amphorae
1237 699 1278 767 ³,
1313 720 1338 752 ι
1375 699 1524 771 quod
1569 698 1627 753 in
1670 704 1858 754 mente
1895 715 1994 754 cu-
2074 699 2188 752 lam
2217 714 2329 752 non
2359 697 2663 753 comedetis
2687 697 2752 764 ²¹,
2786 716 2814 752 ››
2863 698 2917 753 id
2949 705 3048 764 est,
3076 701 3234 758 vitam
3267 709 3319 760 et
3349 722 3582 764 comem

392 791 629 865 juslibet
654 789 877 863 reprobi
906 789 1166 862 impietas
1193 788 1537 845 dominatur.
1588 788 1695 843 Per
1736 790 1994 842 mulieres
2075 786 2287 841 tionem
2312 803 2611 858 pravorum
2639 787 2850 844 imitari
2877 806 2987 845 non
3015 791 3232 849 debetis.

399 881 604 942 animm
630 884 855 948 sanctae,
888 884 955 936 ut
996 879 1057 933 in
1100 877 1367 935 Cantica:
1423 895 1454 932 α
1487 878 1534 932 Ο
1573 876 1806 949 pulchra
1846 876 1996 930 inter
2031 917 2045 933 .
2835 897 2905 951 Ν.

399 968 666 1027 mulieres
688 968 732 1037 ³,
775 987 804 1022 ι
837 969 895 1024 id
924 972 1028 1033 est,
1061 983 1184 1039 quae
1212 967 1361 1022 inter
1387 965 1605 1021 animas
1631 966 1858 1021 devotas
1886 965 1995 1037 spi-
2079 985 2270 1041 Νανεε,
2614 986 2864 1041 Ninum
3138 988 3264 1043 Νοπ,

396 1059 631 1116 rituales
656 1057 963 1131 primatum
993 1063 1172 1112 tenes.
1195 1053 1306 1111 Per
1334 1058 1592 1111 mulieres
1602 1053 1830 1120 subditi,
1852 1059 1917 1109 ut
1936 1052 1995 1111 in
2078 1056 2377 1131 genucula.
2616 1056 2842 1131 Iliacum.
3136 1059 3370 1131 Nigrado.

397 1148 618 1205 Exodo:
653 1126 678 1199 ἶ
713 1145 835 1203 Viri
861 1162 991 1202 cum
1030 1144 1360 1201 mulieribus
1404 1143 1766 1217 praebuerunt
1801 1142 1996 1198 armil-
2079 1126 2340 1184 Νίάυιυδο
2617 1126 2802 1211 Νίδιξεο
3139 1126 3351 1186 Nam“.

397 1237 411 1252 .
511 1236 528 1252 ι
706 1251 709 1252 ν
794 1235 810 1252 .
1880 1232 1986 1252 n,-
2079 1198 2306 1252 Nebula.
2614 1199 2904 1252 Namcula.
3134 1200 3351 1252 Nilotica:

665 1200 815 1308 quod
858 1200 1076 1307 praelati
1102 1200 1252 1291 cum
1292 1200 1561 1305 subjectis
1605 1233 1834 1288 devotas
1878 1232 1904 1287 Ι

1939 1248 1994 1286 ρο
2079 1200 2306 1252 Nebula.
2614 1200 2904 1254 Navicula.
3134 1200 3447 1268 Nyctiooras.

1939 1272 1958 1285 “
2079 1269 2299 1324 Nemus.
2617 1269 2859 1324 Nardus.
3134 1271 3307 1326 Navis.

402 1326 648 1383 offerunt
668 1324 936 1380 actiones.
966 1323 1075 1379 Per
1103 1327 1364 1378 mulieres
1401 1322 1719 1395 voluptuosi
1766 1321 1993 1397 quique,

403 1422 471 1474 ut
515 1414 575 1470 in
628 1413 814 1471 Isaia:
845 1433 890 1490 οι
926 1413 996 1469 Et
1037 1410 1478 1468 dominabuntur
1532 1427 1732 1467 eorum
1803 1410 2000 1465 mulie—
2081 1410 2275 1465 Nubes.

405 1521 497 1560 res
523 1503 567 1572 ⁸,
602 1522 629 1557 n
678 1501 737 1558 id
785 1507 890 1568 est,
936 1500 1255 1574 voluptuosi
1299 1500 1516 1573 praelati
1569 1506 1854 1573 praeerant
1893 1499 1993 1555 eis.
2153 1499 2326 1554 Nares
2376 1505 2512 1554 sunt
2564 1498 2916 1570 praescientia
2971 1499 3194 1565 Christi,
3249 1506 3310 1556 ut
3357 1501 3410 1556 in
3455 1502 3599 1558 Isaia:

403 1594 611 1651 Mulier
637 1589 911 1664 accipitur
927 1605 1030 1664 pro
1044 1606 1200 1658 sexu,
1219 1594 1285 1645 ut
1310 1589 1370 1645 in
1394 1592 1416 1614 *
1441 1589 1567 1646 Gal.
1594 1605 1608 1646 :
1646 1610 1667 1641 ι
1684 1590 1915 1644 Factum
1935 1576 2062 1643 exB
2086 1605 2112 1639 α
2153 1587 2435 1653 Quiescite
2479 1587 2550 1642 ab
2596 1586 2824 1644 homine
2873 1589 3036 1660 cujus
3080 1587 3299 1661 spiritus
3337 1590 3391 1645 in
3421 1589 3606 1646 naribus

404 1679 645 1737 muliere
664 1679 717 1748 δε
753 1697 780 1732 ››
813 1683 873 1734 et
896 1694 1000 1751 pro
1025 1677 1374 1746 inﬁrmitate,
1418 1684 1483 1734 ut
1511 1677 1570 1733 in
1598 1677 1737 1734 Job:
1762 1698 1784 1729 ι
1821 1677 2001 1735 Homo
2083 1677 2206 1749 ejus
2230 1674 2296 1743 θ,
2334 1696 2358 1729 ι
2389 1676 2447 1731 id
2475 1683 2581 1744 est,
2611 1682 2826 1732 cessate
2854 1676 3079 1733 irritare
3122 1677 3409 1745 Christum,
3448 1678 3529 1750 qui
3562 1679 3610 1733 in

404 1774 573 1826 natus
599 1768 669 1824 de
698 1767 936 1823 muliere
954 1767 996 1821 ⁷.
1030 1785 1059 1822 ι
2082 1766 2304 1822 Deitate
2331 1783 2436 1822 sua
2454 1765 2678 1838 prmscit
2696 1764 2976 1822 universa.
2992 1767 3180 1834 Nares,
3195 1767 3516 1840 praestolatio,
3534 1766 3612 1822 ‘ut

477 1860 664 1915 Mulus
691 1861 780 1914 est
805 1855 1042 1928 quilibet
1063 1855 1241 1930 piger,
1274 1862 1340 1911 ut
1365 1856 1427 1912 in
1452 1855 1726 1912 Psalmis:
1762 1875 1785 1908 ι
1817 1854 2003 1910 Nolite
2084 1855 2143 1910 in
2168 1854 2307 1911 Job:
2339 1871 2368 1908 α
2398 1855 2593 1910 Gloria
2612 1855 2836 1911 narium
2863 1856 2984 1926 ejus
3013 1860 3196 1912 terror
3217 1855 3280 1924 ³³,
3312 1876 3335 1909 υ
3378 1856 3506 1928 quod
3529 1855 3610 1910 viri

407 1947 534 2005 ﬁeri
560 1946 708 2003 sicut
731 1960 912 2018 equus
935 1950 995 2003 et
1023 1945 1210 2002 mulus
1223 1944 1267 2014 ⁸,
1302 1964 1330 1999 »
1356 1944 1413 2003 id
1441 1951 1545 2014 est,
1577 1945 1751 2001 nolite
1775 1942 2005 2016 superbi
2084 1944 2264 2000 sancti
2294 1943 2352 1999 in
2377 1943 2644 2011 adversis,
2669 1961 2793 2016 quae
2814 1943 2921 1999 sibi
2941 1945 3128 2002 sciunt
3153 1950 3390 2011 ventura,
3413 1944 3610 2016 glorian-

409 2051 533 2093 esse
561 2040 619 2091 et
641 2034 812 2108 pigri.
2085 2038 2196 2089 tur.
2230 2034 2402 2089 Nares
2421 2032 2673 2102 fatuitas,
2705 2035 2770 2088 ut
2794 2033 2856 2088 in
2884 2032 3197 2090 Parabolis:
3233 2053 3261 2090 ‹
3297 2033 3522 2090 Circulus
3539 2048 3614 2088 su-

479 2126 818 2183 Muniti'ones
846 2129 982 2180 sunt
1008 2123 1264 2192 virtutes,
1297 2130 1364 2180 ut
1409 2124 1469 2179 in
1504 2122 1824 2179 Ezechiele:
1877 2145 1898 2171 ι
1934 2122 2005 2177 Et
2087 2139 2217 2178 reus
2260 2122 2319 2177 in
2357 2121 2588 2178 naribus
2633 2122 2756 2194 ejus
2792 2120 2859 2190 Ἃ,
2910 2141 2937 2177 ι
2977 2122 3128 2196 quod
3167 2139 3343 2179 sermo
3383 2121 3616 2200 heretico:

407 2212 708 2272 aediﬁcabis
736 2212 1079 2269 munitiones
1104 2213 1146 2281 θ,
1166 2233 1190 2267 ι
1214 2212 1365 2286 quod
1394 2212 1724 2284 praedicator
1751 2211 1809 2265 in
1837 2209 2004 2264 corde
2087 2228 2214 2281 rum
2250 2218 2307 2266 et
2350 2228 2454 2284 per
2498 2217 2761 2267 ornatum
2808 2211 3043 2279 nitidus,
3087 2219 3146 2267 et
3182 2229 3279 2285 per
3304 2227 3522 2268 errorem
3556 2208 3618 2264 fa-

406 2302 645 2377 subjecti
671 2301 995 2375 spirituales
1017 2302 1185 2360 debet
1208 2317 1506 2375 procreare
1534 2301 1788 2357 virtutes.
2087 2307 2219 2357 tuus
2269 2306 2375 2355 est.
2425 2301 2621 2366 Nares,
2671 2298 2959 2372 instigatio
3016 2299 3241 2366 diaboli,
3298 2304 3359 2355 ut
3408 2300 3462 2356 in
3507 2295 3613 2353 Job:

478 2393 678 2448 Murus
704 2395 792 2447 est
809 2391 1086 2459 Christus,
1113 2397 1181 2448 ut
1198 2391 1257 2446 in
1287 2391 1468 2447 Isaia:
1502 2411 1524 2442 ι
1555 2389 1810 2446 Salvator
1836 2405 2005 2462 pone-
2088 2408 2115 2444 α
2155 2391 2236 2446 De
2265 2388 2496 2444 naribus
2539 2389 2662 2460 ejus
2689 2388 2942 2461 procedit
2975 2388 3165 2445 fumus
3193 2387 3257 2456 ’⁵,
3280 2409 3308 2442 υ
3353 2387 3486 2461 quod
3506 2384 3620 2443 anti-

409 2490 505 2540 tur
532 2480 594 2536 in
620 2496 690 2536 ea
715 2497 916 2536 murus
952 2479 1019 2550 ¹⁰,
1056 2500 1080 2534 ι)
1114 2481 1265 2553 quod
1292 2484 1501 2537 sanctae
1540 2478 1795 2535 Ecclesiae
1839 2477 2002 2534 Chri-
2086 2479 2182 2552 qui
2196 2478 2373 2534 hostis
2393 2477 2684 2548 instigatio
2699 2475 3401 2550 obscuritatemgeneratin
3418 2477 3622 2532 humana

409 2578 532 2627 stus
560 2568 813 2626 defensio
839 2574 946 2625 est.
976 2570 1194 2637 Murus,
1237 2568 1500 2635 Ecclesia,
1532 2573 1598 2624 ut
1635 2567 1694 2623 in
1733 2567 1996 2623 Cantica:
2085 2573 2294 2624 mente.

413 2680 438 2713 ι
473 2659 589 2730 Ego
619 2673 818 2712 murus
848 2657 914 2726 ¹¹,
952 2675 975 2709 ι
1008 2657 1157 2729 quod
1185 2662 1378 2713 sancta
1406 2657 1653 2713 Ecclesia
1680 2655 1867 2712 munit
1909 2672 2004 2710 eos
2157 2657 2380 2713 Nardus
2400 2654 2660 2723 estﬁdes,
2696 2662 2762 2710 ut
2780 2654 2839 2710 in
2860 2656 3095 2712 Cantica
3121 2675 3134 2712 :
3171 2675 3200 2709 ι
3221 2654 3428 2712 Nardus
3464 2656 3620 2708 nostra

408 2747 507 2821 qui
533 2749 668 2802 sunt
696 2744 758 2799 in
788 2761 872 2800 ea.
905 2747 1124 2813 Murus,
1156 2746 1463 2802 adversitas
1491 2745 1664 2816 hujus
1691 2744 1908 2812 mundi,
1937 2750 2003 2798 ut
2081 2745 2236 2801 dedit
2260 2745 2489 2800 adorem
2510 2761 2676 2799 suum
2693 2743 2760 2811 ’⁸,
2785 2763 2813 2797 »
2845 2744 2995 2817 quod
3024 2744 3166 2800 ﬁdes
3192 2748 3387 2800 sanctae
3409 2739 3623 2798 Ecclesia!

323 2875 330 2882 -
407 2837 469 2892 in
493 2832 765 2890 Psalmis:
800 2854 824 2884 ι
851 2833 916 2888 In
942 2833 1058 2889 Deo
1084 2850 1210 2889 meo
1240 2834 1628 2905 transgrediar
1645 2849 1870 2888 murum
1884 2831 1949 2899 η,
1973 2852 1996 2885 ι
2019 2895 2059 2907 η
2082 2835 2139 2890 in
2170 2833 2391 2907 publica
2427 2850 2487 2888 se
2515 2832 2856 2889 manifestat.
2907 2835 3157 2901 Nardus,
3207 2833 3454 2897 charitas,
3485 2834 3546 2889 nt
3572 2827 3619 2884 in

406 2925 465 2980 id
492 2928 597 2990 est,
629 2921 930 2992 adjuvante
958 2923 1074 2977 Deo
1100 2923 1318 2978 vincam
1347 2923 1516 2993 hujus
1548 2922 1742 2977 mundi
1761 2895 2060 2977 adversi-0
2083 2925 2350 2980 Cantica:
2386 2926 2404 2947 ⁶
2438 2943 2461 2975 ι
2491 2921 2786 2995 Cipricum
2806 2923 2982 2978 nardo
3002 2922 3072 2991 ³⁷,
3095 2923 3192 2978 )id
3213 2927 3313 2989 est,
3334 2921 3469 2976 bona
3484 2932 3623 2991 opera

406 3017 606 3069 tatem.
628 3012 845 3077 Murus,
872 3010 1187 3082 disciplina,
1210 3017 1275 3067 ut
1299 3012 1359 3066 in
1386 3011 1520 3066 Job:
1552 3032 1575 3063 «
1614 3012 1796 3083 Rupta
1815 3027 1998 3077 muro,
2082 3031 2211 3068 cum
2241 3012 2532 3067 charitate.
2558 3012 2802 3078 Nardus,
2835 3011 3067 3067 interna.
3078 3011 3322 3067 suavitas
3348 3007 3546 3074 mentis,
3577 3008 3626 3061 ut

405 3103 696 3158 irruerunt
734 3119 907 3174 super
943 3117 1035 3157 me
1066 3101 1130 3168 ‘3,
1166 3122 1192 3155 »
1233 3101 1289 3155 id
1337 3106 1442 3167 est,
1488 3101 1772 3154 destructo
1815 3100 2002 3171 rigore
2087 3102 2145 3157 in
2176 3101 2541 3172 Evangelia”
2574 3100 2753 3156 Maria
2780 3106 2950 3172 caput
2977 3101 3194 3156 Christi
3216 3100 3383 3156 nardo
3410 3093 3629 3170 perfudit,
3732 3115 3736 3119 ‘

405 3191 712 3264 disciplinas
726 3195 1067 3248 vexaverant
1084 3206 1194 3245 me.
1216 3190 1325 3245 Per
1343 3205 1531 3244 muros
1560 3188 1835 3256 Ecclesiae,
1865 3194 1930 3244 ut
1947 3189 2005 3244 in
2086 3191 2144 3246 id
2174 3197 2278 3259 est,
2304 3188 2654 3245 divinitatem
2677 3190 2800 3260 ejus
2826 3189 3051 3245 interna
3071 3189 3258 3246 cordis
3282 3182 3636 3255 suavitateqni-

406 3281 639 3337 Cantica
672 3303 684 3337 :
722 3305 741 3332 ι
780 3280 1056 3337 Tulerunt
1073 3276 1307 3351 pallium
1326 3294 1514 3333 meum
1541 3278 1801 3333 custodes
1820 3294 2007 3334 muro-
2087 3279 2225 3334 libet
2246 3280 2428 3334 ﬁdelis
2454 3279 2655 3351 placat.

408 3385 536 3426 rum
556 3369 623 3438 1‘,
657 3387 686 3424 ι
715 3370 772 3425 id
803 3374 910 3438 est,
934 3368 1087 3424 mala
1112 3385 1203 3422 me
1234 3372 1513 3423 vetustate
1552 3371 1830 3422 exuerunt
1860 3382 2004 3440 pree-
2157 3370 2335 3425 Nasus
2366 3373 2453 3424 est
2477 3367 2759 3437 discretio,
2792 3372 2858 3423 ut
2892 3367 2951 3423 in
2982 3368 3252 3424 Cantica:
3287 3386 3314 3422 α
3343 3367 3511 3422 Nasus
3533 3368 3637 3416 mus

406 3452 688 3515 dicatores
716 3458 1113 3515 Ecclesiarum.
1142 3457 1251 3513 Per
1280 3473 1470 3513 muros
1510 3456 1746 3511 virtutes
1777 3455 1999 3523 animae,
2083 3458 2230 3514 sicut
2255 3457 2430 3513 turris
2450 3454 2723 3525 Libani”,
2750 3476 2774 3509 ι
2798 3455 2947 3533 quod
2963 3456 3185 3513 devotae
3199 3456 3396 3512 animae
3416 3447 3636 3508 discretio

404 3553 470 3604 ut
495 3548 555 3604 in
579 3547 859 3604 Jeremia:
889 3567 919 3602 ι
941 3547 1209 3620 Princeps
1228 3549 1248 3569 '
1274 3586 1287 3600 .
1325 3586 1338 3599 .
1375 3585 1388 3599 .
1423 3585 1437 3599 .
1473 3587 1487 3602 .
1511 3544 1790 3601 destruxit
1809 3561 2002 3600 muros
2082 3548 2142 3603 in
2174 3546 2520 3602 sublimitate
2572 3544 2888 3602 sanctitatis
2915 3545 3200 3613 consistit,
3250 3543 3390 3618 quod
3434 3539 3638 3598 Libanus

401 3637 714 3693 Jerusalem
736 3636 802 3705 '5,
830 3655 856 3691 ν
880 3635 1030 3708 quod
1049 3634 1371 3709 spirituales
1391 3634 1593 3690 animae
1610 3635 1844 3690 virtutes
1854 3633 2001 3705 gulae
2082 3638 2401 3693 candidalio
2425 3635 2647 3690 dicitur.

402 3725 602 3782 vitium
620 3725 893 3783 devastat.
917 3726 1028 3781 Per
1037 3741 1230 3780 muros
1257 3724 1465 3780 summi
1487 3723 1768 3797 principes
1780 3722 1997 3791 mundi,
2154 3727 2324 3783 Navis
2352 3729 2439 3780 est
2468 3723 2732 3791 Ecclesia,
2759 3728 2825 3778 ut
2840 3723 2901 3778 in
2927 3722 3270 3795 Evangelia:
3306 3719 3562 3778 «Intravit
3589 3716 3634 3773 in

401 3815 543 3871 utin
562 3815 732 3871 Josue
744 3815 803 3871 in
821 3814 1086 3871 tubarum
1105 3813 1295 3871 sonitu
1317 3816 1369 3868 Ξ(
1395 3812 2002 3870 CorrueruntmuriJe«
2081 3830 2251 3870 unam
2281 3813 2470 3869 navim
2496 3811 2562 3879 ³ο,
2603 3834 2622 3859 ι
2658 3811 2713 3866 id
2753 3817 2842 3867 est
2869 3811 2925 3866 in
2972 3811 3307 3881 Ecclesium,
3353 3825 3469 3883 quae
3506 3809 3639 3863 Petro

400 3903 560 3963 richo
587 3903 653 3972 ¹⁰,
684 3924 709 3957 ι
727 3903 965 3976 quod_in
986 3903 1243 3959 doctrina
1270 3902 1699 3975 praedicatorum
1719 3901 2000 3957 humiliati
2082 3903 2398 3958 commissa.
2435 3902 2622 3969 Naris,
2657 3901 2866 3969 anima,
2901 3906 2965 3956 ut
2991 3900 3053 3956 in
3086 3899 3412 3958 Parabolis:
3453 3917 3476 3951 ι
3504 3895 3641 3952 Facta

401 3999 537 4049 sunt
570 3991 850 4065 principes
874 3991 1091 4047 mundi.
2083 3997 2168 4048 est
2197 3991 2359 4065 quasi
2389 3990 2546 4046 navis
2574 3990 2850 4046 institoris
2876 3987 2943 4057 3‘,
2975 4010 2999 4043 ι
3031 3990 3184 4063 quod
3217 3990 3457 4045 animam
3476 3986 3641 4042 huma-

473 4082 783 4136 Murenulz
809 4084 942 4135 sunt
968 4084 1303 4137 ornamenta
1327 4079 1621 4148 virtutum,
1663 4085 1729 4135 ut
1755 4081 1814 4135 in
1852 4080 2000 4135 Can-
2081 4098 2233 4150 nam,
2279 4097 2403 4154 qua:
2463 4096 2586 4135 eam
2633 4077 2914 4135 inhabitat
2951 4078 3107 4134 Deus
3149 4078 3314 4151 regit.
3355 4077 3531 4139 Naris,
3568 4084 3644 4127 σοι’

402 4169 546 4226 tico:
582 4188 606 4221 ι
639 4168 966 4225 Murenulas
995 4184 1196 4224 aureas
1227 4167 1498 4224 faciemus
1524 4167 1627 4223 tibi
1654 4167 1719 4237 νδ,
1745 4186 1771 4222 ιο
1805 4168 1864 4223 id
1892 4173 1998 4237 est,
2017 4207 2065 4267 Β
2081 4170 2346 4237 hominis,
2371 4174 2438 4225 ut
2454 4169 2513 4224 in
2538 4168 2837 4240 Evangelia
2863 4185 2876 4222 :
2900 4187 2924 4220 ι
2948 4167 3184 4224 Relictis
3211 4165 3422 4224 retibus
3447 4170 3499 4220 et
3520 4159 3644 4230 navi,

405 4261 742 4314 ornamenta
772 4257 1046 4314 virtutum
1083 4256 1357 4312 charitate
1398 4257 1566 4329 plena
1607 4262 2001 4314 construemus
2018 4253 2063 4267 ”
2082 4259 2259 4316 secuti
2282 4265 2415 4316 sunt
2445 4274 2576 4314 eum
2603 4256 2670 4326 3’,
2705 4276 2734 4314 υ
2778 4256 2928 4329 quod
2969 4255 3223 4328 perfecte
3266 4253 3536 4312 Christum
3571 4263 3645 4307 se-

401 4345 528 4406 tibi.
2084 4349 2180 4423 qui
2222 4365 2335 4404 non
2384 4364 2705 4420 possumus,
2759 4345 2869 4402 nisi
2905 4350 3166 4402 terrenas
3200 4344 3570 4418 occupationes
3600 4342 3647 4394 et

478 4438 669 4494 Musca
690 4441 778 4492 est
803 4434 1136 4509 inquietuda
1163 4433 1366 4502 cordis,
1398 4439 1463 4490 ut
1508 4435 1567 4490 in
1603 4435 1819 4492 Exodo:
1874 4452 1900 4489 α
1936 4435 2005 4490 Et
2083 4438 2234 4511 ipsas
2261 4436 2512 4510 corporis
2539 4434 2717 4492 nostri
2771 4435 3088 4507 voluptates
3126 4434 3521 4508 relinquamus.
3559 4427 3646 4484 Per

407 4525 560 4581 venit
586 4542 782 4582 musca
819 4524 1152 4597 gravissima
1185 4524 1245 4579 in
1289 4524 1486 4580 domas
1521 4523 1830 4581 Pharaonis
1877 4524 1939 4593 ‘3,
1971 4542 2001 4579 ))
2085 4543 2282 4583 navem
2312 4524 2570 4582 Ecclesiae
2599 4541 2702 4598 per
2729 4523 2940 4592 orbem,
2973 4530 3040 4580 ut
3068 4524 3133 4580 in
3177 4523 3415 4580 Psalmis
3442 4540 3454 4577 :
3495 4537 3519 4573 ι
3550 4515 3648 4574 Illic

410 4614 563 4686 quod
592 4613 654 4671 in
669 4620 858 4670 mente
872 4611 1173 4685 cujuslibet
1196 4611 1417 4685 reprobi
1434 4629 1659 4687 semper
1675 4614 2004 4687 inquietuda
2085 4632 2254 4672 naves
2277 4612 2707 4688 pertransibunt
2731 4611 2798 4682 ³³,
2835 4632 2860 4666 ι
2911 4612 3061 4687 quod
3088 4617 3213 4669 toto
3241 4611 3374 4668 orbe
3402 4615 3645 4666 tenamm

411 4706 517 4760 est.
2087 4704 2342 4762 Ecclesiae
2366 4703 2584 4760 diffusa:
2613 4707 2766 4759 sunt.
2787 4703 2898 4759 Per
2912 4719 3108 4759 navem
3140 4701 3363 4778 antiqui
3391 4701 3649 4763 mut

478 4791 746 4858 Mustum,
776 4789 1087 4864 spiritualis
1125 4792 1326 4860 fervor,
1356 4797 1424 4847 ut
1448 4791 1510 4847 in
1551 4792 1820 4850 Cantica:
1857 4812 1884 4849 α
1935 4794 2005 4850 Et
2084 4793 2144 4851 in
2173 4792 2307 4851 Job:
2345 4811 2372 4849 ‹‹
2405 4791 2577 4859 Quasi
2601 4809 2770 4848 naves
2816 4796 3107 4865 portantes
3146 4808 3319 4866 poma
3365 4788 3429 4857 ³⁸,
3461 4807 3486 4842 ι
3521 4779 3642 4856 quod

406 4883 660 4937 mustum
686 4879 1206 4951 malogranatorum
1223 4879 1289 4947 ’9,
1313 4898 1338 4932 ι
1366 4878 1426 4935 id
1450 4885 1554 4949 est,
1595 4882 1869 4940 fervorem
1894 4884 2003 4958 spi-
2083 4886 2439 4940 sacramenta
2466 4880 2666 4938 salutis
2688 4885 2897 4937 nostrai
2926 4880 3149 4954 antiqui
3184 4880 3247 4937 in
3274 4872 3505 4935 oraculis
3532 4885 3646 4946 ντε-

406 4967 700 5026 ritualium
754 4968 1060 5028 donorum.
1113 4969 1378 5037 Mustum,
1418 4969 1776 5028 vehementia
1820 4991 2002 5047 pravae
2082 4975 2327 5046 ﬁgurata
2350 4969 2690 5028 habuerunt.
2722 4970 2832 5027 Per
2850 4986 3032 5058 naves,
3063 4975 3333 5038 rectores,
3362 4970 3428 5024 ut
3450 4964 3506 5020 in
3526 4961 3646 5032 Apo-

481 5151 501 5186 ¹
528 5151 692 5223 Prov.
723 5164 786 5219 ιι,
814 5146 905 5223 22.
946 5149 1154 5223 ’_Zach.
1181 5163 1280 5223 v1},
1313 5148 1436 5223 5.73
1464 5150 1628 5206 Cant.
1660 5150 1788 5223 [,78,
1819 5159 1877 5208 et
1904 5168 1957 5223 v,
1985 5159 1989 5181 ⁴

2139 5195 2150 5209 .
2196 5152 2219 5187 ι
2256 5150 2428 5207 Exod.
2458 5164 2622 5218 xxxv,
2674 5149 2766 5223 22.
2808 5146 2844 5223 ξ
2869 5148 2993 5223 iga,
3029 5158 3113 5214 ιιι,
3147 5143 3307 5223 12.3
3334 5132 3640 5223 ﬁt}.

411 5223 434 5260 "
462 5222 568 5279 Job
588 5237 701 5288 inv,
730 5210 786 5278 1ξ
816 5221 841 5258 ⁸
868 5220 1193 5292 Ρεαιεχχνι,
1225 5210 1278 5278 9ξ
1309 5221 1334 5257 ⁰
1362 5222 1558 5278 Ezech.
1591 5235 1668 5289 IV,
1690 5210 1754 5280 ’2.
1776 5210 1829 5260 ’¹⁰
1858 5226 1919 5281 Is:

2132 5266 2146 5292 ,
2169 5225 2224 5281 1.
2257 5223 2298 5259 ¹¹
2331 5224 2494 5279 Cant.
2525 5210 2646 5289 vni,
2682 5218 2769 5279 10.
2801 5219 2849 5292 1?
2866 5210 3224 5292 Psal._xivn,
3259 5213 3313 5272 3.
3345 5210 3635 5292 ‘3}on

414 5275 520 5350 itif
544 5275 783 5363 ἱῖὸᾷηἱζ
816 5275 953 5361 γξτς
998 5275 1308 5363 “serius,
1358 5275 1675 5363 ἱῖῖῐςιὸέ.
1702 5275 1783 5363 vi,
1808 5275 1922 5352 26.“

2135 5275 2199 5353 it.—
2213 5275 2262 5361 ἰ,
2287 5275 2782 5363 ἳίῖἷίξιόᾶξλῗιῄ,
2812 5290 2909 5363 24,
2928 5275 2990 5327 ί¹⁹
3018 5290 3182 5363 Cant.
3211 5275 3367 5363 ’ῖζζιιζ
3383 5285 3457 5363 2η
3482 5282 3529 5319 ’⁸

411 5446 455 5470 τι
484 5446 648 5490 cant.
682 5446 759 5502 iv,
795 5446 879 5491 ιδ.
909 5446 957 5470 ιδ
983 5446 1156 5490 Marc.
1183 5449 1294 5502 xxv,
1324 5446 1398 5503 :5;
1430 5446 1592 5492 Joan.
1615 5451 1715 5506 xu,
1747 5446 1801 5494 3.
1831 5446 1919 5491 πε

411 5503 500 5571 20,
529 5502 635 5577 22;
665 5504 837 5562 Marc.
864 5519 904 5572 1,
938 5503 1023 5563 18.
1054 5503 1102 5541 ⁸³
1128 5506 1274 5562 Psal.
1308 5519 1429 5575 cm,
1461 5507 1550 5563 26.
1582 5509 1629 5544 ³⁴
1652 5509 1756 5565 Job
1781 5523 1857 5578 IX,
1889 5509 1919 5567 2

2128 5453 2198 5505 νη,
2227 5446 2283 5493 4.
2310 5446 2358 5473 ω
2387 5446 2521 5495 Luc.
2549 5450 2604 5503 v,
2629 5446 2684 5492 3.
2706 5446 2751 5472 δι
2786 5446 2947 5492 Prov.
2986 5446 3133 5497 XXXI,
3171 5446 3261 5489 ιιι.
3290 5446 3338 5466 σι
3365 5446 3554 5487 manu.
3579 5446 3636 5486 ινε
