3942 6158
303 235 448 292 1005

1253 233 1684 290 ALLEGORIAE
1722 234 1798 289 IN
1838 229 2129 287 SACRAM
2167 229 2644 287 SCRIPTURAM.

3449 239 3589 300 1006

302 361 514 434 calypsi
539 379 550 414 ς
589 377 613 412 α
643 358 834 414 Tertia
861 373 990 429 pars
1018 360 1036 380 ⁹
1068 359 1224 413 navis
1267 361 1486 416 interiit
1512 363 1552 429 ί,
1593 379 1619 415 »
1649 360 1798 433 quod
1820 357 1966 419 illiA
1987 373 2098 411 non
2125 356 2309 425 debet,
2333 362 2391 413 et
2417 358 2655 414 Paulum
2701 360 2856 418 misit
2885 362 3031 419 Deus
3060 364 3442 437 evangelizare
3472 383 3580 422 non

307 455 550 506 rectores
582 448 680 520 qui
712 465 815 502 nec
865 447 1125 514 activam,
1169 466 1270 504 nec
1301 451 1793 524 contemplativam
1821 455 1906 505 tc-

310 546 461 605 nent,
495 538 777 610 peribunt.
811 538 920 592 Per
968 555 1161 594 navem
1194 542 1390 595 mundi
1433 548 1734 608 amatores,
1764 546 1828 596 ut
1849 540 1906 594 in

311 629 548 684 Psalmis
583 647 594 680 :
636 647 658 680 (ι
693 629 758 683 In
812 628 1014 698 spiritu
1054 629 1373 685 vehementi
1429 637 1684 686 conteres
1739 648 1907 686 naves

305 719 532 774 Tharsis
561 717 602 784 ³,
636 737 664 769 ii
697 718 753 772 id
782 722 886 783 est,
915 717 972 771 in
1003 718 1232 789 Spiritu,
1253 726 1445 774 sancto
1475 719 1799 774 humiliabis
1813 737 1907 774 eos

311 809 405 880 qui
439 815 667 862 terrena
683 807 893 878 gaudia
919 807 1229 878 explorant,
1245 810 1393 880 quod
1409 811 1638 864 Tharsis
1665 815 1910 878 turpiora-

313 901 386 952 tio
413 899 614 966 gaudii
638 897 1059 968 interpretatur.
1094 898 1200 952 Per
1222 915 1383 953 naves
1411 899 1523 954 duo
1550 901 1910 954 Testamenta

311 987 519 1059 populi,
553 991 618 1040 ut
645 985 700 1039 in
729 986 1026 1056 Evangelio
1060 1006 1070 1040 :
1106 1008 1128 1038 ι
1158 987 1314 1042 Vidit
1337 988 1478 1043 duas
1501 997 1670 1044 naves
1695 994 1909 1044 stantes

311 1093 469 1132 secus
490 1079 510 1100 '
543 1075 705 1130 littus
730 1075 773 1140 ³,
807 1097 831 1128 ι
861 1076 1008 1147 quod
1053 1076 1124 1132 de
1152 1081 1392 1149 utraque
1431 1077 1585 1134 novit
1625 1080 1776 1134 Deus
1813 1076 1908 1150 qui

217 1189 224 1194 ·
309 1182 439 1221 sunt
460 1167 602 1237 ejus.

380 1257 653 1311 Naricula
685 1260 772 1308 est
813 1254 1082 1320 Ecclesia,
1115 1261 1180 1310 ut
1203 1255 1262 1310 in
1307 1256 1605 1326 Evangelio
1631 1275 1641 1310 :
1678 1275 1705 1310 ι
1731 1256 1817 1309 Ita
1844 1260 1910 1308 ut

313 1344 561 1400 navicula
596 1343 913 1414 operiretur
943 1343 1202 1398 fluctibus
1227 1344 1268 1410 ⁴,
1308 1364 1329 1395 ι
1367 1345 1422 1398 id
1445 1351 1548 1412 est,
1582 1351 1646 1400 ut
1667 1343 1909 1399 Ecclesia

312 1439 605 1489 vexaretur
634 1432 1113 1488 tribulationibus.
1159 1435 1452 1501 Navicula,
1501 1451 1636 1488 crux
1676 1432 1904 1500 Christi,

312 1524 453 1578 utin
485 1521 784 1593 Evangelia
818 1541 829 1575 :
861 1544 886 1570 α
919 1521 1188 1578 Ascendit
1211 1523 1372 1578 Jesus
1391 1523 1448 1577 in
1478 1523 1811 1588 naviculam,
1853 1527 1911 1576 et

313 1611 705 1677 transfretavit,
767 1617 823 1665 et
873 1611 1025 1665 venit
1050 1611 1091 1677 ⁵,
1139 1632 1162 1663 ››
1209 1619 1339 1678 etc.,
1399 1613 1542 1683 quod
1604 1611 1912 1666 ascendens

313 1703 567 1756 Christus
599 1717 821 1755 crucem
851 1700 1019 1754 exivit
1039 1701 1109 1755 de
1128 1701 1359 1767 mundo,
1391 1707 1449 1756 et
1479 1701 1630 1756 venit
1649 1703 1719 1756 ad
1745 1701 1906 1755 coele-

313 1798 453 1846 stem
486 1789 748 1862 patriam.

1988 447 2048 501 in
2067 447 2347 518 sapientia
2367 447 2518 502 verbi
2543 448 2605 502 ¹⁷.
2649 469 2670 499 ι

2060 555 2390 621 Nycticoraa;
2417 561 2503 610 est
2532 556 2806 623 Christus,
2841 562 2906 612 ut
2933 559 2989 614 in
3011 560 3247 616 Psalmis
3273 581 3286 618 :
3322 579 3351 616 ‹
3381 564 3582 620 Factus

1989 659 2114 697 sum
2141 644 2286 698 sicut
2303 645 2657 716 nycticorax‘
2678 646 2738 700 in
2768 647 2980 702 mundo
2995 648 3058 714 ‘8,
3080 669 3106 703 ι
3124 651 3180 706 id
3203 657 3305 720 est,
3327 659 3582 708 mortuus

1989 733 2202 803 positus
2224 750 2349 788 sum
2377 734 2436 788 in
2455 735 2729 806 sepulcro.

2060 851 2237 903 Nidus
2269 855 2354 904 est
2372 851 2530 918 ﬁdes,
2564 857 2627 906 ut
2655 852 2714 906 in
2745 854 2983 910 Psalmis
3007 875 3018 910 :
3046 874 3073 910 ι
3105 858 3174 912 Et
3192 861 3584 916 turturnidum

1990 937 2094 992 sibi
2121 939 2184 1006 ‘9,
2211 956 2237 991 ιι
2289 939 2437 1009 quod
2467 948 2663 996 sancta
2696 943 2942 999 Ecclesia
2983 947 3341 1003 securitatem
3373 949 3586 1004 invenit

1991 1027 2047 1081 in
2078 1027 2206 1092 ﬁde,
2239 1027 2297 1082 in
2314 1045 2426 1100 qua
2455 1030 2644 1085 ﬁdeles
2674 1033 2909 1106 populos
2937 1037 3134 1092 nutrit.
3168 1038 3362 1104 Nidus,
3390 1045 3587 1094 sancta

1989 1116 2354 1182 conversatio,
2388 1123 2452 1171 ut
2473 1117 2530 1172 in
2559 1119 3031 1178 Deuteronomio:
3067 1145 3091 1177 ι
3128 1127 3196 1180 Et
3231 1143 3388 1181 avem
3419 1129 3586 1198 pullis

1991 1205 2048 1259 in
2100 1205 2232 1259 nido
2267 1205 2624 1263 incubantem
2660 1209 2726 1276 9°,
2764 1229 2788 1263 ι
2825 1212 2881 1266 id
2919 1219 3023 1280 est,
3057 1213 3238 1269 virum
3288 1216 3496 1270 bonum
3527 1218 3584 1272 in

1989 1299 2182 1348 sancta
2227 1297 2647 1352 conversatione
2695 1300 2956 1370 operibus
3005 1302 3163 1358 bonis
3189 1305 3582 1378 ,insistentem.

1990 1385 2186 1450 Nidus,
2215 1385 2317 1439 viri
2347 1387 2524 1440 sancti
2547 1387 2789 1455 animus,
2817 1396 2878 1444 ut
2905 1391 2963 1444 in
2983 1391 3086 1446 Job
3121 1412 3132 1446 :
3163 1413 3188 1443 (ι
3220 1395 3288 1448 Et
3309 1395 3365 1449 in
3395 1396 3587 1450 arduis

1993 1480 2164 1545 ponet
2189 1474 2384 1529 nidum
2425 1489 2591 1531 suum
2613 1476 2680 1543 ²¹,
2718 1497 2742 1530 υ
2777 1478 2828 1532 id
2864 1486 2967 1545 est,
2995 1480 3052 1534 in
3091 1483 3407 1538 cmlestibus
3455 1485 3588 1554 ﬁget

1993 1579 2245 1618 animum
2280 1581 2464 1618 suum.

1924 1683 1972 1743 B
2065 1653 2305 1743 fl'idulus
2336 1658 2420 1743 est
2448 1653 2795 1726 simplicitas,
2837 1662 2902 1710 ut
2956 1657 3013 1710 in
3066 1657 3170 1712 Job
3203 1677 3214 1710 :
3252 1679 3276 1714 α
3304 1661 3364 1714 In
3398 1661 3588 1716 nidulo

1993 1757 2116 1794 meo
2148 1741 2357 1796 moriar
2378 1741 2445 1809 η,
2487 1763 2508 1794 ι
2525 1744 2580 1798 id
2599 1749 2702 1810 est,
2719 1744 2776 1799 in
2806 1744 3165 1817 simplicitate
3185 1765 3309 1804 mea
3327 1765 3590 1806 consum-

1995 1829 2156 1884 mabo
2177 1830 2296 1884 dies
2320 1848 2490 1885 meos.

382 1881 592 1936 Nebula
614 1885 702 1934 est
721 1879 1059 1950 ignorantia,
1091 1879 1230 1934 utin
1259 1879 1364 1934 Job
1393 1899 1403 1934 :
1435 1901 1456 1931 ε
1505 1880 1780 1952 Expandit
1816 1896 1911 1935 su-
1989 1919 1992 1921 -

315 1987 414 2042 per
431 1969 570 2024 illud
590 1968 852 2023 nebulam
871 1985 1031 2024 suam
1052 1968 1093 2035 θ,
1115 1990 1138 2020 ι)
1171 1969 1319 2040 quod
1347 1969 1516 2023 etiam
1525 1969 1664 2040 justi
1679 1986 1774 2024 cor
1793 1969 1912 2024 sine

313 2059 632 2130 ignorantia
659 2059 961 2129 aliquando
1010 2058 1070 2112 in
1126 2059 1230 2112 hac
1258 2058 1373 2113 vita
1403 2076 1524 2113 esse
1563 2075 1673 2113 non
1705 2064 1908 2131 potest.

310 2149 522 2204 Nebula
548 2165 646 2202 cor
663 2147 963 2219 cujuslibet
989 2148 1249 2214 inﬁdelis,
1293 2153 1356 2203 ut
1407 2148 1466 2202 in
1515 2147 1656 2202 Job:
1695 2166 1720 2199 «
1753 2149 1912 2202 Nun-

311 2239 446 2310 quid
493 2237 734 2292 elevabis
787 2238 846 2292 in
884 2236 1090 2292 nebula
1138 2253 1328 2292 vocem
1357 2242 1517 2292 tuam
1541 2237 1582 2302 7,
1618 2257 1644 2291 υ
1706 2237 1761 2291 id
1805 2241 1909 2303 est,

311 2327 465 2382 cordi
520 2327 732 2382 inﬁdeli
772 2326 1226 2398 praedicationem
1265 2332 1423 2381 tuam
1478 2325 1772 2380 infundes?
1817 2327 1914 2380 Νε-

322 2418 474 2483 bula,
491 2415 770 2471 stabilitas
792 2417 997 2470 mentis
1017 2417 1296 2482 humanae,
1311 2421 1373 2470 ut
1391 2415 1446 2470 in
1471 2414 1628 2469 libris
1655 2415 1870 2486 Regum
1896 2435 1907 2469 :

313 2526 338 2556 (ι
373 2506 501 2560 Non
523 2511 788 2577 poterant
816 2506 1134 2560 sacerdotes
1154 2511 1324 2571 stare,
1357 2510 1416 2558 et
1435 2504 1760 2559 ministrare
1780 2521 1912 2576 pro-

309 2601 437 2667 pter
467 2590 730 2650 nebulam
741 2596 784 2662 ⁸,
819 2616 846 2649 »
879 2595 1029 2666 quod
1057 2594 1266 2649 interni
1297 2611 1495 2650 sensus
1523 2594 1782 2648 humanae
1795 2593 1914 2648 ani-

307 2701 416 2738 mm
432 2683 531 2739 diu
549 2690 840 2756 nequeunt
867 2685 926 2738 in
943 2689 1094 2739 statu
1116 2700 1259 2739 vera:
1274 2683 1626 2739 rectitudinis
1655 2684 1770 2738 Deo
1790 2699 1912 2738 ser-

309 2775 450 2840 vire,
475 2779 706 2847 propter
740 2773 1166 2830 instabilitatem
1195 2773 1592 2829 fluctuantium
1622 2772 1911 2843 cogitatio-

309 2879 451 2917 num
461 2901 476 2916 .

379 2953 596 3008 Nemnis
663 2956 748 3006 est
811 2952 997 3007 divina
1057 2951 1318 3018 essentia,
1365 2957 1430 3006 ut
1474 2950 1530 3005 in
1585 2949 1725 3006 Job:
1754 2971 1776 3002 ι
1802 2950 1910 3004 Ρο-

303 3042 476 3096 suisti
506 3041 563 3094 in
605 3057 774 3095 nervo
804 3041 973 3112 pedes
1009 3057 1164 3096 meos
1191 3041 1232 3107 θ,
1273 3061 1293 3091 ι
1323 3040 1378 3094 id
1401 3046 1505 3108 est,
1539 3039 1746 3095 mentis
1769 3041 1789 3064 ‘
1821 3056 1911 3094 me

302 3131 570 3184 allectum
602 3129 730 3184 forti
755 3130 986 3184 scientia
1037 3135 1136 3184 tua
1183 3129 1446 3200 alligasti.
1481 3130 1710 3195 Nervus,
1741 3128 1913 3184 robur

299 3219 512 3286 carnis,
545 3225 611 3272 ut
653 3219 711 3272 in
767 3219 971 3273 Genesi
1006 3237 1016 3272 :
1055 3238 1082 3270 α
1125 3218 1334 3288 Tetigit
1377 3219 1610 3289 angelus
1646 3218 1704 3272 in
1741 3218 1911 3273 Jacob

301 3324 542 3363 nervum
569 3307 798 3362 femoris
827 3309 876 3378 ej
886 3307 1026 3371 us”,
1050 3326 1071 3358 ι
1092 3307 1240 3378 quod
1263 3307 1321 3360 in
1342 3307 1458 3361 viro
1473 3313 1666 3362 sancto
1687 3307 1912 3361 interna

298 3397 552 3451 visitatio
584 3397 886 3450 mortiﬁcat
924 3395 1094 3450 robur
1139 3396 1379 3450 carnalis
1426 3396 1746 3468 voluptatis.
1778 3397 1911 3450 Νεν-

297 3502 426 3562 qus,
456 3485 709 3550 afflictio,
743 3489 809 3539 ut
835 3485 892 3538 in
913 3485 1159 3539 Jeremia
1191 3504 1202 3539 :
1237 3506 1259 3537 (ι-
1294 3485 1472 3539 Jussit
1514 3502 1643 3538 eum
1674 3484 1821 3538 mitti
1851 3484 1909 3538 in

296 3591 545 3628 nervum
577 3575 641 3640 η,
665 3597 690 3625 »
727 3574 782 3627 id
813 3583 916 3640 est,
949 3573 1154 3645 poniin
1183 3573 1381 3628 duram
1404 3573 1911 3629 afﬁictionem.Per

295 3681 540 3719 narrum
590 3663 794 3717 animas
824 3663 1077 3728 virtutes,
1111 3668 1176 3718 ut
1223 3663 1280 3717 in
1325 3663 1429 3718 Job
1465 3683 1529 3718 τί(
1579 3663 1812 3718 Ossibus
1853 3668 1910 3717 et

295 3753 490 3808 nervis
515 3751 845 3824 compegisti
883 3769 972 3807 me
1003 3751 1065 3820 η,
1101 3773 1128 3802 »
1159 3753 1216 3806 id
1265 3759 1368 3819 est,
1402 3751 1824 3807 fortitudinibus
1853 3760 1910 3806 et

294 3841 608 3896 virtutibus
635 3841 911 3896 roborasti
941 3859 1049 3896 me.
1085 3842 1192 3896 Per
1235 3859 1423 3896 nervos
1453 3842 1906 3897 machinamenta

292 3931 537 3998 diaboli,
561 3936 626 3985 ut
671 3931 728 3984 in
768 3931 870 3984 Job
903 3950 914 3984 :
955 3952 979 3982 α
1009 3931 1175 3986 Nervi
1220 3931 1603 3986 testiculorum
1625 3933 1748 4003 ejus
1781 3948 1905 4003 per-

294 4019 454 4092 plexi
479 4025 616 4074 sunt
643 4019 708 4084 ¹³,
746 4038 769 4071 ι
803 4020 949 4090 quod
981 4020 1435 4076 machinamenta
1463 4023 1586 4091 ejus
1615 4021 1901 4076 multimo-

289 4111 369 4164 da
402 4113 562 4164 sunt.
1295 4101 1314 4123 ‘

2068 1938 2302 2002 .l'igredo
2345 1943 2429 1991 est
2465 1937 2770 2006 humilitas,
2808 1946 2872 1994 ut
2923 1941 2980 1996 in
3029 1943 3260 1998 Cantico
3294 1987 3303 1999 .
3347 1967 3368 1997 ι
3405 1947 3591 2002 Comm

1995 2025 2118 2095 ejus
2139 2024 2283 2079 sicut
2301 2027 2460 2080 elatae
2495 2028 2808 2097 palmarum
2849 2030 3025 2100 nigrae
3047 2030 3112 2098 ’3,
3151 2053 3172 2083 ι
3209 2035 3356 2104 quod
3395 2052 3592 2091 corvus

1995 2119 2052 2168 et
2078 2114 2310 2184 spiritus
2338 2115 2576 2186 angelici
2609 2123 2666 2171 et
2715 2117 2984 2173 sublimes
3036 2120 3094 2174 in
3135 2121 3502 2189 beatitudine,
3536 2132 3594 2180 et

1996 2219 2067 2256 ne
2097 2210 2442 2271 corruerent,
2467 2205 2706 2260 humiles
2738 2207 2984 2262 fuerunt.
3016 2210 3270 2276 Il’igrcdo,
3303 2211 3593 2268 tribulatio

1995 2292 2255 2359 exterior,
2280 2299 2344 2346 ut
2383 2293 2441 2347 in
2486 2295 2716 2350 Cantico
2748 2315 2760 2349 :
2800 2317 2820 2347 ι
2857 2297 3035 2367 Nigra
3061 2315 3206 2364 sum,
3256 2301 3353 2354 sed
3384 2302 3592 2357 formo-

1995 2398 2058 2434 sa
2075 2380 2140 2447 9",
2180 2401 2202 2432 ι
2229 2382 2377 2452 quod
2399 2383 2591 2436 anima
2611 2383 2812 2450 ﬁdelis,
2843 2385 2973 2440 licet
3007 2386 3064 2440 in
3109 2387 3471 2444 tribulatione
3499 2390 3593 2445 ob-

1995 2486 2159 2524 scura
2187 2470 2278 2537 sit,
2314 2471 2468 2526 intus
2503 2477 2695 2528 tamen
2747 2490 2934 2528 coram
2965 2475 3081 2529 Deo
3130 2475 3332 2531 decora
3359 2485 3464 2532 est.
3497 2480 3593 2534 Νί-

1993 2560 2178 2627 gredo,
2206 2560 2550 2615 conscientia
2578 2562 2745 2628 mala,
2779 2567 2844 2616 ut
2873 2563 2929 2616 in
2955 2564 3228 2620 Jeremia:
3265 2585 3292 2619 ‹‹
3323 2567 3592 2636 Denigra-

1996 2653 2054 2700 ta
2083 2653 2168 2702 est
2195 2665 2364 2720 super
2391 2649 2660 2704 carbones
2705 2650 2876 2705 facies
2924 2653 3046 2722 ejus
3075 2652 3141 2719 εδ,
3180 2673 3202 2705 ι
3232 2653 3288 2708 id
3323 2660 3426 2721 est,
3457 2673 3592 2711 con-

1993 2736 2229 2791 scientia
2258 2754 2452 2792 eorum
2485 2738 2654 2793 etiam
2687 2739 2812 2810 plus
2832 2745 2918 2794 est
2945 2739 3239 2796 obscurata
3259 2759 3427 2813 quam
3457 2761 3589 2799 con-

1993 2825 2226 2880 scientia
2256 2843 2573 2898 pravorum.
2596 2829 2852 2896 Nigrado,
2871 2828 3045 2895 labor,
3071 2837 3135 2884 ut
3154 2831 3210 2884 in
3241 2831 3344 2885 Job
3381 2850 3392 2885 :
3424 2853 3447 2884 ι
3485 2834 3592 2888 Cu-

1993 2915 2067 2969 tis
2096 2932 2224 2969 mea
2255 2915 2549 2986 denigrata
2575 2922 2662 2972 est
2689 2935 2860 2990 super
2878 2935 2968 2972 me
2995 2919 3059 2984 ²⁶,
3082 2939 3104 2970 ι
3138 2920 3288 2990 quod
3321 2921 3416 2992 qui
3443 2927 3590 2976 exte-

1930 3001 2238 3063 Crioribus
2267 3005 2578 3061 actionibus
2606 3006 2664 3061 in
2695 3007 2942 3062 Ecclesia
2990 3009 3260 3074 serviunt,
3294 3009 3350 3064 in
3401 3011 3590 3066 labore

1993 3093 2342 3164 affliguntur.

2065 3201 2294 3255 Nurum
2344 3207 2430 3255 est
2486 3218 2748 3272 perversa
2801 3219 2980 3270 mens,
3031 3210 3096 3260 ut
3147 3205 3206 3260 in
3261 3206 3586 3263 Parabolis:

1997 3310 2017 3340 ι
2054 3291 2288 3343 Acetum
2319 3289 2376 3343 in
2398 3289 2567 3356 nitro,
2600 3297 2657 3344 et
2685 3292 2778 3362 qui
2811 3298 3001 3347 cantat
3031 3296 3050 3316 ⁶
3081 3301 3144 3348 ut
3169 3313 3396 3350 carmen
3438 3299 3591 3353 cordi

1993 3379 2233 3449 pessimo
2253 3378 2318 3444 ³⁷,
2340 3397 2361 3428 ι
2388 3379 2535 3449 quod
2558 3396 2729 3450 parva
2751 3397 2930 3448 mens,
2955 3384 3178 3453 quando
3189 3387 3585 3457 corrumpitur,

1991 3467 2061 3520 de
2083 3467 2439 3538 corruptione
2471 3468 2720 3522 deterior
2747 3470 3006 3537 efﬁcitur,
3049 3472 3194 3526 sicut
3243 3474 3455 3528 nitrum
3486 3476 3592 3530 fer-

1991 3555 2162 3609 vescit
2187 3562 2242 3609 et
2263 3554 2458 3610 ebullit
2484 3557 2708 3627 quando
2751 3564 2970 3612 acetum
3012 3559 3255 3613 mittitur
3291 3561 3345 3614 in
3369 3579 3454 3614 eo.
3486 3564 3587 3617 Ni-

1992 3649 2164 3709 trum,
2198 3644 2441 3698 exterior
2467 3645 2652 3698 carnis
2674 3647 2968 3714 munditia,
3004 3653 3066 3701 ut
3089 3647 3146 3700 in
3167 3648 3443 3703 Jeremia:
3471 3669 3497 3702 ‹‹
3526 3652 3582 3706 Si

1989 3732 2190 3786 laveris
2209 3738 2265 3787 te
2287 3733 2456 3801 nitro,
2489 3740 2679 3788 tamen
2698 3750 2732 3789 a
2758 3735 2968 3806 peccati
2999 3737 3218 3790 macula
3240 3737 3449 3793 munda
3471 3756 3583 3794 non

1990 3821 2198 3877 68³⁸.»

2061 3931 2170 3985 Nix
2193 3935 2283 3985 est
2309 3929 2393 3983 vir
2409 3936 2654 3997 sanctus,
2687 3937 2752 3986 ut
2781 3930 2838 3986 in
2861 3931 3136 3987 Jeremia:
3165 3953 3188 3985 ι
3215 3933 3580 3992 Candidiores

1986 4018 2234 4073 Nazaraai
2252 4019 2375 4090 ejus
2393 4019 2519 4073 nive
2540 4018 2606 4086 ’9,
2629 4039 2654 4072 »
2693 4020 2752 4074 id
2781 4027 2884 4087 est,
2929 4023 3280 4078 continentes
3307 4025 3430 4095 ejus
3453 4026 3578 4082 aliis

1985 4108 2122 4164 viris
2142 4108 2352 4163 sanctis
2371 4108 2694 4164 mundiores
2713 4116 2894 4165 erant.
2911 4112 3039 4179 Nix,
3053 4112 3288 4183 quilibet
3299 4121 3575 4185 peccator,

361 4200 580 4255 Nemus
610 4203 696 4252 est
725 4198 836 4251 vita
868 4214 1186 4269 pravorum,
1210 4203 1274 4252 ut
1309 4198 1366 4251 in
1389 4197 1703 4252 Judicibus:
1734 4219 1756 4250 α
1792 4200 1902 4254 Ge-
1985 4203 2050 4252 ut
2077 4198 2134 4252 in
2166 4197 2404 4252 Psalmis
2431 4218 2440 4252 :
2477 4219 2498 4250 α
2533 4198 2640 4264 Qui
2671 4199 2770 4254 dat
2808 4200 2990 4254 nivem
3017 4201 3162 4256 sicut
3185 4201 3252 4268 3°,
3273 4221 3300 4256 ι
3332 4205 3480 4275 quod
3505 4205 3577 4259 ab

281 4289 447 4344 deon
471 4287 752 4342 destruxit
781 4289 802 4310 θ
830 4286 1163 4354 Aminabad,
1197 4293 1254 4341 et
1281 4287 1517 4341 succidit
1544 4304 1742 4342 nemus
1767 4287 1831 4354 1“,
1866 4308 1954 4364 ι)-
1983 4288 2079 4342 illo
2126 4304 2530 4359 nonnunquam
2585 4289 2740 4358 quasi
2776 4305 2811 4342 a
2859 4296 3008 4344 veste
3037 4291 3436 4354 circumdatur,
3478 4293 3575 4364 qui

283 4377 448 4450 quod
479 4376 739 4431 Christus
767 4393 1015 4430 errorem
1063 4375 1271 4430 diaboli
1312 4383 1369 4430 et
1396 4393 1693 4447 pravorum
1723 4377 1894 4432 vitam
1912 4358 1964 4420 Π
1980 4377 2136 4450 prius
2165 4377 2222 4430 in
2253 4358 2477 4448 peccato
2507 4377 2742 4445 frigidus
2757 4383 2896 4431 erat.
2930 4381 3056 4442 Il'ir,
3098 4380 3267 4433 corda
3292 4358 3569 4450 gentium,

278 4467 552 4521 damnat.
600 4467 822 4532 Nemus,
859 4470 1055 4519 sancta
1109 4465 1372 4530 Ecclesia,
1415 4471 1477 4519 ut
1532 4467 1590 4520 in
1647 4467 1888 4521 Genesi:
1978 4473 2042 4520 ut
2071 4467 2128 4520 in
2156 4465 2293 4520 Job:
2332 4483 2358 4516 «
2391 4465 2655 4535 Nunquid
2707 4464 2992 4535 ingressus
3030 4484 3090 4520 es
3133 4468 3430 4522 thesauros
3461 4472 3482 4492 ⁶
3508 4471 3572 4524 il-

282 4577 308 4608 ι
347 4555 648 4610 Abraham
709 4555 980 4626 plantavit
1018 4570 1214 4608 nemus
1270 4554 1325 4607 in
1379 4555 1651 4610 Bersabee
1680 4556 1742 4621 ‘5,
1781 4576 1803 4606 ι
1838 4562 1896 4610 et
1976 4555 2084 4609 lius
2112 4554 2194 4606 ³ίῖ
2229 4573 2250 4604 ι
2285 4553 2431 4624 quod
2464 4553 2736 4607 Dominus
2791 4555 2960 4608 corda
3018 4556 3274 4625 gentium
3314 4557 3564 4615 intravit.

273 4646 554 4701 Christus
574 4644 772 4697 statuit
801 4643 1098 4697 Ecclesiam
1121 4643 1178 4696 in
1203 4643 1388 4712 gratia
1414 4644 1753 4715 septiformis
1781 4645 1888 4710 sui,
1977 4646 2104 4710 .‘l'i.r,
2137 4647 2346 4697 aeterna
2395 4642 2701 4704 damnatio,
2767 4649 2830 4696 ut
2869 4643 2926 4696 in
2969 4643 3072 4698 Job
3108 4664 3119 4698 :
3153 4667 3175 4696 ι
3208 4647 3316 4710 Qui
3365 4647 3568 4702 timent

273 4735 442 4807 quod
475 4732 754 4786 Bersabee
799 4738 993 4801 putrus
1039 4735 1300 4801 septimus
1328 4733 1751 4804 interpretatur,
1787 4735 1890 4787 .l'e-
1975 4733 2253 4805 pruinam,
2279 4731 2456 4785 irruet
2482 4734 2827 4802 super'eam
2847 4732 2936 4785 nix
2963 4731 3027 4798 3",
3058 4753 3078 4783 ι
3115 4736 3259 4804 quod
3295 4735 3388 4806 qui
3421 4755 3564 4808 prte-

273 4841 433 4886 mus,
484 4822 638 4877 nitor
693 4821 1022 4892 eloquentia:
1062 4821 1361 4884 saecularis,
1396 4828 1459 4875 ut.
1513 4823 1659 4893 quod
1691 4840 1888 4876 nemus
1973 4822 2338 4876 sentinolunt
2359 4820 2719 4874 tribulatione
2741 4838 2840 4891 pro
2858 4822 2973 4876 Deo
2989 4823 3561 4891 aﬂligi,,damnatione

266 4915 332 4968 in
364 4914 546 4966 domo
576 4909 800 4964 Domini
829 4910 1073 4981 plantari
1103 4909 1430 4980 prohibetur
1449 4912 1511 4978 1°,
1543 4931 1564 4963 ι
1595 4913 1740 4984 quod
1761 4912 1889 4967 mdi-
1971 4918 2180 4966 aeterna
2207 4910 2500 4964 feriuntur.
2563 4911 2691 4976 :l'ir,
2723 4910 3062 4964 desiderium
3109 4913 3350 4977 cmlcste,
3386 4918 3445 4966 ut
3502 4914 3560 4966 in

267 5001 480 5058 ﬁcatio
501 5005 710 5054 sanctae
731 5000 986 5054 Ecclesia:
1003 4999 1062 5054 in
1091 4999 1274 5054 nitore
1301 5001 1554 5056 saeculari
1583 5002 1910 5057 consistere
1967 5001 2072 5058 Job
2106 5019 2118 5054 :
2153 5019 2179 5052 (ι
2213 5000 2270 5054 Si
2316 4999 2463 5053 lotus
2504 4998 2660 5052 fuero
2696 5000 2858 5070 aquis
2888 5001 2907 5020 ⁶
2936 4999 3069 5052 vivis
3117 4999 3180 5065 ³³,
3218 5020 3244 5053 ››
3277 5000 3332 5053 id
3363 5006 3466 5068 est,
3511 5003 3558 5056 si

347 5185 368 5219 ¹
405 5179 828 5254 Apoc._viu,§.
849 5180 893 5254 η’
921 5181 1070 5235 Psal.
1096 5178 1352 5254 κωνιιηὸ.
1397 5178 1421 5254 ἓ
1458 5180 1677 5254 Luc._v_,
1710 5157 2060 5254 2.}4Matth.
2089 5193 2220 5254 vni,
2242 5175 2336 5254 21.
2378 5175 2403 5254 ξ
2443 5176 2771 5254 Μξιιῌιλχγζ
2802 5173 2887 5254 .39.
2938 5178 2962 5212 ⁸
2990 5174 3093 5254 Job
3137 5191 3295 5254 sxy],
3321 5176 3373 5234 9.
3405 5177 3426 5212 ⁷
3454 5177 3559 5254 Job

269 5246 527 5321 xxxvﬁl,
564 5251 650 5309 3’1.
677 5251 706 5322 κδ
736 5252 815 5307 III
846 5253 983 5322 Reg.
1017 5267 1137 5319 vni,
1160 5253 1249 5307 11.
1281 5252 1306 5286 θ
1332 5251 1436 5306 Job
1460 5265 1580 5314 xm,
1606 5250 1694 5306 27.
1745 5249 1791 5322 ¹9
1821 5251 1911 5304 ϐε]

2002 5264 2130 5304 xxn.
2160 5248 2248 5306 25.
2298 5248 2338 5322 ¹Α¹
2374 5249 2600 5322 ξομ-ξιξ
2633 5246 2687 5322 2.
2727 5247 2772 5280 ¹²
2799 5248 2901 5322 Jo_|)
2929 5249 3106 5322 3,11.
3139 5247 3183 5322 ίῖι
3213 5249 3316 5302 Job
3346 5265 3432 5315 XL,
3468 5249 3552 5306 12.

266 5327 318 5364 1⁸
348 5317 607 5390 ,ιιιάξνῃ
664 5321 751 5380 30.
801 5324 846 5358 ¹⁵
893 5317 1032 5378 Gen.
1070 5317 1180 5390 XXI,
1221 5323 1311 5378 33.
1345 5323 1390 5357 ιθ
1417 5323 1580 5376 Deut.
1616 5335 1728 5387 xvx,
1759 5320 1848 5378 21.
1881 5322 1911 5356 ¹¹

2045 5322 2171 5375 Cor.
2205 5334 2266 5385 II,
2304 5317 2351 5390 l,
2387 5320 2437 5390 1.
2492 5318 2536 5352 ¹⁸
2566 5319 2711 5390 Psal.
2734 5319 2905 5390 91,7.
2958 5318 3003 5352 ¹⁹
3047 5319 3193 5390 Psal.
3243 5335 3471 5388 1.xxxm,
3499 5322 3552 5376 4.

265 5398 318 5433 ³ο
346 5399 533 5452 Deut.
563 5388 699 5462 xiiii,
724 5395 776 5450 6.
803 5393 845 5429 ²¹
870 5395 974 5449 Job
1003 5388 1188 5462 χχχιχ.
1214 5393 1304 5451 30.
1337 5393 1384 5428 ²²
1413 5393 1516 5447 Job
1536 5405 1686 5457 xxxx,
1719 5391 1808 5447 18.
1842 5391 1888 5425 ³³

2002 5397 2079 5444 nt.
2113 5406 2166 5457 v,
2198 5391 2285 5445 11.
2309 5388 2354 5422 ²⁴
2383 5389 2542 5462 Cant.
2578 5403 2621 5462 ιἶ
2649 5389 2702 5462 5_.
2730 5388 3108 5462 95Threntiv,
3133 5389 3187 5462 _8.
3219 5391 3266 5426 ²⁰
3290 5393 3393 5446 Job
3424 5407 3551 5460 XXX,

263 5468 364 5526 30.
399 5467 454 5502 τ’
488 5468 654 5521 Prov.
686 5458 812 5534 ᾖδεν,
838 5465 926 5523 20.
959 5466 1005 5503 ³⁸
1029 5468 1141 5522 Jer.
1172 5458 1230 5520 ll.
1259 5465 1349 5522 ‘21.
1376 5464 1424 5498 ²⁹
1447 5464 1653 5518 Thren.
1689 5477 1764 5528 iv,
1803 5465 1853 5517 7.
1905 5462 1911 5494 ε

263 5541 315 5576 ³³
348 5538 470 5592 Job
499 5541 577 5592 ix.
601 5536 692 5592 20.

2002 5462 2140 5516 Psal.
2176 5474 2346 5525 CXLII,
2381 5459 2464 5514 16.
2504 5460 2544 5494 ³¹
2594 5458 2698 5514 Job
2729 5475 2958 5526 xxxvm,
3001 5460 3088 5518 22.
3133 5460 3180 5496 ³²
3221 5464 3324 5518 Job
3358 5479 3428 5532 vi,
3461 5458 3552 5526 16,
3607 5472 3615 5478 ‘

261 5541 315 5576 ³³
348 5538 470 5597 Job
499 5541 577 5606 ix,
601 5538 692 5592 20.
