3818 6168
352 266 494 327 1007
954 270 1015 325 Β.
1057 267 1328 324 RABANI
1368 268 1597 325 MAURI
1639 266 1974 324 ARCHIEP.
2018 262 2339 321 MOGUNT.
2382 262 2683 321 OPERUM
2718 263 2902 321 PARS
2940 262 3038 320 Ill.
3433 272 3549 331 τως

351 390 598 447 mundus
629 390 789 447 fuero
830 390 1060 446 ell'ectus
1099 391 1362 449 desiderii
1411 395 1652 451 caelestis
1678 410 1946 468 compun-
1967 390 2125 459 Asti,
2162 390 2314 446 utin
2343 390 2586 447 Psalmis
2614 410 2627 447 :
2671 412 2695 445 α
2730 392 2840 458 Qui
2884 392 3047 466 ponis
3094 392 3280 451 nubem
3303 412 3550 458 ascensum

350 479 646 536 ctionibus.
2026 485 2191 535 tuum
2214 479 2279 547 ίτ,
2295 497 2323 532 1»
2340 478 2399 534 id
2422 484 2528 547 est,
2562 479 2659 552 qui
2678 480 3132 553 corporaliterad
3153 483 3305 540 caelos
3320 487 3550 544 ascendis.

422 570 634 624 Noctua
656 575 743 624 est
788 585 949 627 mens
987 569 1174 637 fallax,
1204 577 1270 626 ut
1297 571 1359 626 in
1390 571 1572 642 Lege:
1612 591 1638 624 «
1668 573 1945 628 Noctuam
2027 568 2563 635 Nubes,'consolatio
2581 569 2792 637 divina,
2824 575 2890 625 ut
2907 570 2968 626 in
2993 570 3136 626 Isaia
3164 591 3176 627 :
3211 592 3234 624 ι
3260 573 3555 648 Nubemper

350 663 409 712 et
439 658 761 729 accipitrem
806 675 918 713 non
969 661 1340 726 comedetis‘,
1374 678 1400 714 3
1448 663 1595 732 quod
1635 662 1940 719 hominem.
2027 656 2176 712 diem
2201 657 2266 721 ‘3,
2304 676 2327 709 ι
2348 657 2495 729 quod
2526 658 2801 714 Dominus
2825 659 3250 716 consolationem
3274 663 3556 736 praebetper

351 747 576 818 quando
605 752 853 802 mentem
878 747 1030 818 gerit
1056 749 1309 803 fallacem
1330 754 1388 804 et
1421 766 1704 822 rapacem,
1735 750 1944 805 imitari
2026 746 2476 818 prosperitatem.
2510 748 2708 812 Nubes,
2742 747 3114 819 refrigerium,
3144 756 3207 804 ut
3232 749 3288 805 in
3321 753 3557 825 Apocaly-

350 852 465 892 non
483 834 773 891 debemus.
2026 834 2113 906 psi
2148 853 2160 889 :
2198 854 2221 887 ι
2256 835 2327 890 Ει
2343 835 2723 892 ascenderunt
2742 836 2803 892 in
2836 836 2985 893 nube
3012 837 3071 892 in
3096 839 3288 894 malum
3313 839 3370 906 ¹⁰,
3394 862 3414 893 ι
3435 843 3558 913 quod

422 926 701 980 Novacula
730 930 819 980 est
869 923 1105 996 quilibet
1144 927 1494 999 praedicator,
1519 931 1585 981 ut
1639 927 1698 982 in
1752 928 1902 984 Isaia
1929 945 1940 982 :
2026 929 2164 978 tunc
2188 925 2352 996 plene
2376 924 2566 981 Enoch
2606 932 2666 981 et
2717 925 2869 981 Elias
2898 927 3217 998 pervenient
3247 929 3313 984 ad
3337 945 3556 1001 regnum,

352 1034 377 1066 ε
410 1014 594 1069 Radet
631 1014 782 1069 Deus
823 1016 1097 1070 novacula
1145 1015 1436 1081 conducta,
1470 1015 1531 1070 in
1565 1015 1638 1070 iis
1663 1015 1759 1087 qui
1786 1022 1947 1072 trans
2027 1011 2124 1067 ubi
2142 1018 2277 1068 sunt
2297 1013 2356 1068 in
2376 1013 2668 1086 refrigerio
2686 1014 2809 1071 sine
2830 1016 2962 1071 ﬁne.
2980 1016 3174 1084 Nubes,
3194 1018 3440 1088 proiectio
3456 1019 3559 1087 Dei,

348 1105 563 1159 ﬂumen
589 1109 741 1172 sunt,
773 1109 943 1176 caput
959 1103 1001 1171 ³,
1036 1124 1057 1155 ι
1108 1105 1257 1178 quod
1313 1109 1561 1161 mentem
1621 1121 1818 1161 eorum
1847 1105 1946 1178 qui
2028 1105 2094 1155 ut
2118 1101 2177 1156 in
2200 1102 2418 1158 Exodo:
2443 1124 2466 1153 ιι
2489 1103 2747 1176 Cumque
2766 1104 3114 1160 ascendisset
3136 1105 3360 1178 Moyses,
3378 1109 3565 1179 operuit

350 1193 408 1248 in
434 1194 682 1249 Ecclesia
709 1200 846 1249 sunt
880 1193 1167 1266 baptizati,
1195 1194 1267 1248 ab
1293 1193 1449 1249 omni
1473 1193 1637 1249 sorde
1677 1193 1944 1249 vitiorum
2027 1194 2277 1246 montem
2300 1189 2478 1247 nubes
2499 1190 2566 1258 ³ο,
2594 1213 2617 1244 3
2647 1192 2797 1265 quod
2807 1209 2936 1249 cum
2960 1193 3162 1266 aliquis
3185 1195 3562 1268 adeontempla-

348 1299 450 1354 per
478 1282 869 1355 praedicatores
896 1299 1030 1338 suos
1057 1283 1339 1338 emendat.
1372 1285 1672 1350 Novacula,
1708 1283 1944 1356 quilibet
2027 1278 2200 1334 tionis
2224 1276 2579 1336 altitudinem
2609 1281 2896 1353 pertingit,
2929 1298 3154 1339 necesse
3190 1289 3273 1340 est
3305 1289 3365 1340 ut
3383 1284 3432 1340 ei
3455 1301 3563 1358 pro-

350 1372 574 1444 impius,
598 1377 663 1427 ut
689 1372 747 1427 in
775 1372 1012 1427 Psalmis
1044 1391 1056 1425 :
1086 1391 1115 1424 c
1149 1371 1310 1427 Sicut
1342 1371 1614 1427 novacula
1631 1377 1797 1428 acuta
1815 1372 1943 1428 feci-
2023 1368 2194 1424 tactio
2222 1368 2414 1425 divina
2439 1369 2595 1437 assit,
2636 1386 2707 1426 ne
2726 1369 2969 1427 aberret.
3000 1373 3196 1439 Nubes,
3217 1372 3435 1446 quilibet
3454 1390 3563 1431 san-

346 1461 423 1517 sti
439 1461 632 1516 dolum
660 1460 705 1527 3,
750 1479 779 1514 3
808 1461 865 1516 id
894 1467 1115 1527 est,.....
1148 1467 1207 1516 et
1230 1459 1506 1533 expedite,
1519 1459 1942 1534 quibuscunque
2023 1463 2166 1526 ctus,
2191 1463 2257 1514 ut
2282 1458 2341 1513 in
2365 1458 2588 1514 Exodo:
2624 1476 2652 1514 α
2680 1459 3066 1532 Respexerunt
3078 1460 3149 1517 ad
3164 1461 3567 1529 solitudinem,et

344 1551 515 1617 vales,
547 1551 768 1622 perﬁcis
798 1551 1031 1606 malum.
1072 1551 1372 1615 Novacula,
1403 1549 1754 1621 poenitentia,
1780 1555 1844 1605 ut
1882 1551 1939 1606 in
2023 1562 2151 1602 ecce
2161 1547 2580 1619 gloriaDomini
2598 1544 2863 1621 apparuit
2880 1549 3102 1606 innuba
3114 1549 3284 1618 “,sid
3301 1551 3568 1617 θεῂίΜῆ

343 1637 502 1694 libris
528 1639 745 1710 Regum
778 1657 790 1692 :
822 1661 847 1691 (ι
887 1639 1172 1694 Novacula
1212 1655 1325 1694 non
1368 1639 1635 1695 ascendet
1660 1655 1830 1712 super
1851 1657 1991 1712 ea:
2021 1641 2155 1692 sunt
2182 1636 2579 1705 Ecclesiam,et
2605 1638 2755 1693 visus
2774 1644 2863 1694 est
2889 1639 3041 1695 Deus
3067 1638 3317 1696 habitare
3343 1639 3396 1695 in
3413 1640 3566 1696 nomi-

341 1733 448 1800 put
496 1707 691 1800 ejus",
754 1747 778 1782 ι
813 1728 1067 1800 [scilicet]
1112 1728 1409 1794 Samuelis,
1464 1729 1614 1800 quod
1650 1728 1711 1784 in
1732 1707 2001 1784 ment
2021 1741 2093 1780 ne
2120 1731 2334 1782 sancto.
2392 1727 2590 1793 Nubes,
2614 1727 2868 1783 humana
2918 1744 3050 1783 caro
3083 1729 3145 1784 iu
3180 1728 3408 1795 Christo,
3440 1729 3568 1786 utin

343 1817 553 1873 Christi
581 1817 736 1873 nulla
765 1818 917 1872 ﬂuxa
951 1817 1217 1889 cogitatio
1240 1817 1366 1885 fuit,
1395 1834 1519 1890 quae
1541 1834 1645 1890 per
1665 1818 1939 1890 pceniten-
2018 1814 2191 1870 Isaia:
2220 1835 2245 1867 ι
2270 1815 2543 1871 Dominus
2559 1816 3291 1890 ingredieturinIEgyptum
3304 1817 3569 1875 sedenssuo

340 1907 479 1962 tiam
503 1906 748 1962 resecari
763 1905 973 1962 debuit.
2020 1920 2122 1975 per
2140 1903 2347 1960 nubem
2375 1903 2443 1970 ³³,
2477 1923 2505 1958 3
2536 1904 2593 1960 id
2629 1909 2732 1973 est,
2766 1907 2917 1978 quod
2954 1906 3136 1962 Filius
3177 1907 3278 1963 Dei
3310 1906 3565 1963 introivit:

413 1997 543 2052 Now
560 2001 649 2050 est
678 1995 987 2063 tribulatio,
1009 2001 1076 2051 ut
1122 1996 1180 2050 in
1208 1994 1448 2050 Psalmis
1476 2013 1488 2050 :
1520 2015 1543 2046 ι
1579 1996 1775 2068 Neque
1801 1995 1940 2051 luna
2017 1992 2169 2048 hunc
2193 1994 2484 2059 mundum,
2508 2010 2737 2050 carnem
2765 1993 2980 2051 habens
3005 1996 3311 2052 humanam
3346 1995 3412 2051 ab
3439 1996 3569 2053 omni

338 2102 440 2159 per
467 2090 687 2141 noctem
715 2085 758 2149 τ’,
791 2102 819 2138 3
852 2085 909 2139 id
937 2090 1041 2152 est,
1073 2084 1322 2140 defectus
1369 2084 1595 2139 virtutis
1648 2101 1761 2139 non
1789 2084 1937 2139 fran-
2016 2082 2264 2154 pondere
2292 2083 2505 2156 peccati
2531 2083 2863 2140 immunem.
2896 2085 3097 2154 Nubes,
3126 2085 3338 2142 cacitas
3376 2085 3569 2153 mentis,

335 2180 435 2247 get
458 2181 516 2230 te
547 2190 648 2246 per
672 2173 1115 2229 tribulationem.
1159 2174 1298 2241 Nox,
1330 2173 1446 2229 vita
1485 2190 1749 2245 praesens,
1786 2179 1851 2228 ut
1878 2173 1934 2228 in
2016 2172 2159 2226 utin
2180 2171 2498 2228 Ezechiele:
2531 2195 2552 2222 ι
2579 2173 2794 2229 Ventus
2809 2173 3056 2230 turbinis
3076 2173 3571 2246 veniebatabAqui-

337 2264 486 2320 Isaia
516 2282 528 2316 :
564 2283 588 2316 α
612 2263 819 2318 Anima
846 2280 973 2318 mea
1000 2262 1340 2318 desideravit
1365 2267 1423 2318 te
1450 2262 1508 2316 in
1535 2268 1717 2330 nocte,
1749 2263 1848 2318 sed
1878 2268 1936 2318 et
2014 2260 2161 2328 Ione,
2194 2260 2483 2334 nubesque
2511 2278 2718 2333 magna
2743 2261 2812 2330 ³³,
2839 2281 2866 2318 3
2889 2263 3035 2336 quod
3068 2279 3108 2320 a
3130 2262 3346 2320 diabolo
3357 2261 3574 2336 procedit

336 2352 569 2426 spiritus
596 2360 756 2408 m‘eus
785 2353 827 2406 ⁸.
867 2372 889 2405 ι
919 2351 977 2407 id
1001 2357 1106 2418 est,
1138 2353 1197 2406 in
1250 2352 1543 2424 praesentis
1587 2353 1714 2407 vitae
1740 2351 1933 2407 obscu-
2011 2349 2252 2406 tentatio
2277 2351 2577 2406 vehemens
2603 2356 2664 2406 et
2684 2351 2904 2407 caecitas
2927 2351 2989 2409 in
3008 2358 3203 2408 mente
3224 2351 3573 2409 hominisPer

334 2442 525 2498 ritate.
566 2442 709 2508 Nox,
739 2440 1087 2496 conversatio
1132 2441 1424 2508 laicirum,
1456 2446 1522 2496 ut
1566 2441 1625 2496 in
1679 2441 1883 2496 Genesi
1913 2461 1925 2496 :
2014 2441 2182 2495 nubes
2209 2439 2623 2510 praedicatores,
2644 2446 2713 2496 ut
2736 2441 2798 2496 in
2820 2439 3008 2498 Isaia:
3042 2460 3067 2493 ι
3104 2440 3293 2498 Nubes
3308 2440 3575 2514 pluantju-

338 2549 366 2586 α
397 2531 702 2587 Luminare
731 2532 934 2602 majus,
967 2535 1036 2585 ut
1077 2535 1344 2602 praeesset
1368 2529 1502 2597 diei,
1553 2535 1610 2587 et
1652 2529 1932 2585 luminare
2011 2531 2168 2583 stum
2193 2527 2259 2596 “,
2283 2529 2717 2601 »prmdicatores
2744 2529 3013 2585 nuntient
3036 2529 3347 2587 Christum.
3365 2530 3466 2587 Per
3487 2545 3572 2585 nar

333 2621 543 2686 minus,
576 2625 641 2675 ut
668 2624 934 2692 praeesset
962 2619 1111 2674 nocti
1133 2619 1174 2685 ⁷,
1211 2638 1234 2671 ι
1261 2619 1321 2674 id
1363 2624 1466 2685 est,
1501 2618 1926 2687 sacerdotalem,
2013 2618 2097 2671 bes
2116 2617 2412 2690 propheta,
2456 2624 2522 2674 ut
2558 2618 2619 2674 in
2648 2618 2925 2674 Psalmis:
2958 2638 2985 2672 α
3014 2618 3338 2677 Tenebrosa
3366 2633 3501 2692 aqua
3520 2616 3571 2674 in

333 2727 457 2783 quae
485 2714 707 2780 regeret
734 2708 981 2773 clericos,
1011 2713 1069 2762 et
1094 2707 1328 2778 regiam,
1365 2724 1489 2780 quae
1508 2707 1732 2763 turbam
1775 2725 1933 2780 rege-
2010 2704 2255 2762 nubibus
2272 2706 2338 2773 ⁸,
2365 2725 2392 2760 3
2416 2707 2566 2779 quod
2585 2708 2803 2764 occulta
2826 2707 3172 2765 estscientia
3207 2709 3269 2765 in
3296 2706 3571 2781 prophetis.

333 2804 421 2853 ret
470 2798 760 2852 laicorum.
794 2799 933 2864 Nox,
965 2797 1083 2868 ipse
1138 2795 1413 2863 diabolus,
1439 2804 1505 2851 ut
1548 2797 1604 2852 in
1642 2797 1880 2851 Psalmis
1912 2817 1923 2852 :
2014 2795 2123 2849 Per
2140 2798 2307 2850 nubes
2325 2796 2584 2868 apostoli,
2608 2801 2674 2852 ut
2700 2797 2759 2852 in
2786 2797 3056 2853 Psalmis:
3096 2816 3124 2851 α
3156 2797 3404 2854 Educens
3422 2793 3575 2853 nubes

337 2910 360 2939 ιι
396 2889 465 2943 Ει
482 2904 591 2942 nox
618 2887 768 2942 nocti
816 2885 1032 2941 indicat
1045 2887 1087 2951 ⁸,
1127 2905 1149 2938 3
1183 2886 1331 2957 quod
1386 2885 1645 2940 diabolus
1682 2887 1925 2958 primum
1950 2946 1991 2967 η
2009 2882 2081 2938 ab
2106 2888 2356 2938 extremo
2376 2889 2542 2940 terrae
2560 2883 2626 2952 ’⁸,
2654 2904 2676 2938 3
2701 2885 2851 2957 quod
2871 2902 2985 2940 non
3002 2891 3281 2954 oratores,
3298 2886 3393 2941 sed
3417 2885 3561 2958 pisca'

329 2977 616 3032 hominem
649 2975 884 3031 obscure
913 2946 1220 3046 deceptum
1238 2975 1309 3029 ad
1346 2975 1555 3030 factum
1579 2946 1718 3045 ligni
1744 2975 1926 3030 scien-
1948 2946 1992 3004 Ο
2009 2977 2179 3037 tores,
2202 2973 2260 3027 in
2282 2973 2564 3044 apostolos
2584 2946 2738 3029 Deus
2748 2973 3075 3047 assumpsit.
3108 2976 3221 3031 Per
3238 2946 3400 3030 nubes

327 3066 422 3121 tiae
450 3065 582 3124 boni
609 3071 667 3120 et
695 3064 828 3119 mali
869 3063 1148 3135 perduxit.
1182 3064 1323 3129 Noae,
1373 3063 1683 3118 adversitas
1724 3065 1922 3132 sancti,
2008 3060 2147 3116 Novi
2173 3061 2552 3122 Testamenti.’
2570 3067 2638 3118 ut
2662 3062 2720 3116 in
2751 3062 2934 3118 Isaia:
2960 3080 2990 3118 α
3015 3062 3131 3129 Qui
3155 3069 3291 3120 sunt
3314 3063 3393 3119 illi
3410 3062 3499 3136 qui
3522 3066 3577 3117 ut

330 3161 394 3209 ut
424 3154 480 3208 in
509 3156 536 3208 J
543 3153 614 3208 ob
638 3173 651 3208 :
688 3172 713 3204 «
745 3153 885 3218 Quis
901 3153 1056 3207 dedit
1079 3151 1331 3207 carmina
1358 3152 1415 3206 in
1436 3158 1599 3208 nocte
1618 3152 1687 3206 9?
1717 3171 1744 3207 3
1778 3152 1925 3225 quod
2008 3148 2185 3205 nubes
2206 3150 2395 3206 volant
2425 3148 2470 3184 ’⁷
2487 3150 2513 3204 ’I
2551 3170 2576 3204 »
2598 3150 2748 3223 quod
2764 3167 2920 3206 nova:
2937 3151 3145 3222 gratim
3160 3153 3339 3208 sancti
3359 3147 3580 3207 etverbis

330 3244 482 3299 Deus
509 3243 717 3297 electos
744 3259 877 3296 suos
919 3241 1242 3296 consolatur
1270 3240 1328 3295 in
1364 3240 1746 3296 tribulatione.
1782 3243 1922 3310 Νοω,
2006 3239 2212 3312 pluunt
2235 3246 2293 3294 et
2320 3239 2608 3295 miraculis
2634 3246 2952 3306 coruscunt,
2985 3245 3045 3297 et
3062 3257 3176 3313 per
3191 3246 3439 3298 sanctam
3465 3255 3579 3295 con-

330 3332 668 3404 ignorantia,
701 3331 844 3386 utin
867 3329 970 3386 Job
998 3350 1010 3385 :
1049 3351 1072 3382 ι
1108 3331 1285 3385 Nocte
1309 3330 1591 3402 opprimet
1629 3347 1759 3386 eum
1787 3337 1928 3386 tem-
2007 3329 2381 3383 versationem
2396 3327 2455 3383 in
2477 3326 2813 3384 sublimibus
2840 3330 3049 3385 volant.
3074 3330 3197 3386 Per
3210 3332 3376 3386 nube:
3400 3326 3572 3399 iniqui,

328 3428 518 3496 pestas
540 3420 605 3489 ¹⁰,
634 3440 661 3475 ν
691 3420 748 3475 id
774 3425 876 3484 est,
915 3419 1240 3490 ignorantia
1279 3436 1407 3475 eum
1438 3420 1730 3474 damnatio
1771 3437 1927 3493 pros-
2004 3424 2071 3472 ut
2096 3418 2155 3473 in
2180 3417 2427 3490 Epistola
2455 3417 2644 3474 Iudae:
2674 3439 2697 3470 ι
2715 3417 2907 3474 Nubes
2934 3418 3058 3474 sine
3074 3434 3253 3493 aqua,
3278 3413 3402 3492 qua
3422 3434 3455 3474 a
3473 3431 3583 3472 ven-

325 3516 531 3567 temet.
570 3511 713 3577 Now,
757 3509 1019 3564 seductor
1044 3507 1278 3564 humani
1303 3509 1547 3580 generis,
1579 3515 1645 3564 ut
1685 3510 1742 3564 in
1771 3509 1876 3565 Job
1908 3529 1920 3564 :
2005 3506 2081 3561 tis
2107 3507 2581 3562 circumferuntur
2595 3506 2663 3574 ³⁸,
2692 3526 2716 3559 3
2748 3507 2899 3580 quod
2930 3506 3111 3580 iniqui
3147 3508 3348 3581 gratim
3371 3507 3582 3563 humore

333 3617 362 3654 ιι
392 3600 480 3656 Sit
497 3616 607 3656 nox
633 3599 731 3654 illa
757 3596 1011 3654 solitaria
1031 3597 1096 3665 “,
1137 3616 1160 3651 ι
1193 3597 1251 3652 id
1281 3601 1386 3665 est,
1427 3598 1620 3653 electis
1646 3598 1717 3653 ad
1750 3599 1926 3654 salva-
2006 3602 2282 3664 carentes,
2309 3595 2722 3655 tentationibus
2749 3596 3058 3668 agitantur.

327 3690 541 3745 tionem
569 3687 872 3760 assumptis
899 3688 1051 3743 solus
1077 3686 1335 3742 diabolus
1366 3703 1496 3742 cum
1523 3703 1755 3759 corpore
1799 3704 1920 3753 suo,
2078 3685 2295 3754 Nuptae
2325 3690 2461 3740 sunt
2485 3684 2695 3755 gaudia
2712 3683 2910 3757 patris)
2939 3684 3209 3755 calcatis,
3251 3691 3319 3742 ut
3342 3686 3401 3741 in
3420 3684 3580 3742 Evan-

328 3794 516 3833 massa
542 3776 799 3833 videlicet
827 3776 1196 3848 reproborum
1242 3775 1562 3831 damnetur.
1599 3776 1739 3843 Nox,
1762 3776 1923 3831 inﬁr—
2002 3772 2151 3844 gelio
2183 3790 2198 3829 :
2226 3791 2251 3825 ι
2287 3772 2524 3838 Quando
2550 3777 2868 3829 revertatur
2890 3789 2927 3829 a
2952 3773 3174 3846 nuptiis
3189 3773 3258 3840 ³³,
3276 3793 3301 3828 3
3332 3773 3476 3848 quod
3500 3787 3582 3828 as-

328 3867 498 3922 mitas
525 3866 751 3933 mentis,
782 3871 849 3921 ut
876 3865 935 3920 in
956 3864 1060 3920 Job
1092 3886 1103 3919 :
1137 3885 1164 3919 ι
1191 3866 1262 3920 Et
1289 3881 1398 3921 nox
1447 3864 1507 3919 in
1551 3881 1664 3936 qua
1708 3864 1922 3919 dictum
2003 3861 2194 3918 cendit
2219 3861 2278 3916 in
2302 3861 2526 3930 ccelum,
2555 3868 2613 3918 et
2668 3861 2801 3918 inde
2828 3867 3100 3919 venturus
3140 3868 3244 3920 'est
3289 3862 3580 3936 judicatum

328 3962 415 4010 est
441 3975 452 4010 :
483 3956 800 4026 Conceptus
828 3959 916 4008 est
940 3954 1109 4008 homo
1138 3953 1202 4019 υ,
1237 3971 1264 4008 3
1289 3953 1439 4025 quod
1461 3953 1596 4008 dum
1617 3958 1805 4010 mente
1840 3954 1922 4009 in-
2003 3951 2152 4007 vivos
2198 3955 2258 4005 et
2306 3955 2580 4006 mortuos.
2628 3951 2864 4020 Nuptiz,
2895 3952 3113 4008 vocatio
3146 3951 3422 4020 Ecclesiae,
3449 3954 3510 4006 ut
3529 3948 3580 4007 in

328 4045 604 4110 ﬁrmatur,
633 4043 826 4098 statim
845 4043 918 4098 ad
946 4048 1236 4114 peccatum
1262 4042 1528 4097 trahitur.
1556 4043 1690 4108 Nam,
1724 4060 1919 4116 pecca-
2002 4039 2302 4111 Evangelia
2333 4054 2347 4090 :
2374 4059 2397 4093 α
2433 4040 2543 4104 Qui
2571 4039 2703 4095 fecit
2730 4040 2958 4112 nuptias
2991 4040 3108 4097 lilio
3127 4040 3198 4110 ³ο,
3227 4061 3251 4094 ι
3276 4040 3423 4114 quod
3447 4040 3582 4095 Deus

326 4136 470 4199 tum,
501 4138 567 4187 ut
593 4132 651 4186 in
680 4131 868 4187 Isaia:
907 4149 934 4185 α
966 4132 1185 4196 Custos,
1212 4131 1346 4202 quid
1396 4130 1467 4185 de
1518 4136 1683 4186 nocte
1708 4131 1772 4198 ‘3,
1811 4150 1835 4183 3
1864 4132 1920 4186 id
2002 4129 2172 4184 Pater
2210 4134 2463 4184 sanctam
2511 4128 2813 4184 Ecclesium
2870 4129 3118 4186 vocando
3169 4130 3246 4186 ad
3280 4129 3444 4186 ﬁdem
3468 4140 3579 4184 eam

318 4228 442 4276 'est:
478 4222 525 4276 Ο
554 4221 722 4287 Deus,
753 4219 887 4291 quid
937 4219 1158 4290 judicas
1213 4219 1282 4274 de
1331 4226 1556 4291 peccato
1611 4221 1778 4276 meo?
1814 4218 2228 4291 PernChristo
2255 4217 2562 4289 conjunxit.

326 4315 536 4366 noctem
557 4308 868 4365 obscuritas
889 4309 1058 4380 hujus
1087 4307 1290 4375 saeculi,
1323 4313 1388 4363 ut
1407 4308 1465 4363 in
1494 4308 1726 4364 Cantico
1759 4327 1770 4362 :
1799 4332 1820 4359 σι
1856 4306 1982 4365 In"
2073 4308 2267 4363 Nurus
2294 4311 2382 4362 est
2409 4306 2670 4373 Ecclesia,
2692 4312 2760 4362 ut
2779 4306 2841 4363 in
2879 4307 3022 4363 libro
3050 4307 3211 4364 Ruth
3236 4325 3250 4363 :
3285 4324 3315 4361 ι
3344 4307 3423 4363 De
3447 4319 3579 4361 nuru

326 4401 529 4455 lectulo
555 4416 681 4455 meo
711 4415 812 4472 per
834 4404 1025 4453 noctes
1062 4397 1288 4471 quaesivi
1315 4413 1484 4469 quem
1514 4397 1702 4470 diligit
1730 4397 1921 4453 anima
2003 4402 2104 4452 tua
2127 4400 2297 4451 natus
2315 4401 2420 4461 est,
2454 4395 2551 4466 qui
2569 4400 2629 4450 te
2655 4394 2854 4468 diliget
2877 4395 2945 4463 ³⁸,
2968 4413 2996 4450 3
3024 4395 3180 4468 quod
3204 4395 3422 4452 ﬂuctus
3445 4392 3578 4456 ﬁdei,

326 4506 453 4544 mea
476 4489 541 4555 1‘,
566 4513 591 4539 ι
624 4489 681 4544 id
705 4494 810 4556 est,
842 4488 902 4543 in
922 4487 1185 4560 praesenti
1212 4486 1550 4545 obscuritate
1571 4487 1798 4560 quaesivi
1813 4487 1920 4542 Do-
2001 4487 2098 4560 qui
2128 4485 2200 4540 de
2229 4483 2476 4540 Ecclesia
2503 4483 2774 4557 procedit,
2802 4484 3086 4541 defectum
3113 4485 3428 4558 Synagogse
3462 4495 3580 4538 vera

327 4580 543 4634 minum
570 4581 629 4634 in
657 4580 846 4650 quiete
876 4595 1020 4634 mea.
1060 4579 1171 4634 Per
1226 4581 1437 4633 noctem
1476 4576 1828 4645 afﬂictiones,
1855 4584 1921 4633 ut
1999 4573 2385 4648 compassione
2412 4574 2455 4626 θ.

326 4668 385 4723 in
410 4668 674 4723 Psalmis:
700 4685 726 4720 (ι
745 4669 810 4722 In
838 4667 1094 4723 noctibus
1105 4667 1354 4724 extollite
1369 4683 1570 4722 manus
1587 4673 1800 4723 vestras
1812 4666 1876 4734 ‘5,
1889 4687 1912 4719 3
2775 4696 2823 4754 ο

326 4758 384 4813 id
425 4762 530 4823 est,
564 4756 623 4812 in
663 4756 1060 4812 afﬂictionibus
1101 4758 1316 4812 elevate
1345 4758 1367 4782 ⁶
1398 4762 1558 4813 actus
1595 4760 1806 4812 vestros
1842 4757 1916 4813 ad
2510 4816 2520 4823 ,

320 4846 524 4906 Deum.
2003 4826 2302 4906 Qbryzum.
2533 4823 2711 4906 Qrbis.
3065 4823 3403 4906 Qbstetﬁcex.

395 4893 572 4994 Eii-bes
601 4942 689 5025 est
739 4934 995 5025 Spiritus
1038 4941 1286 5025 sanctus,
1327 4942 1393 4991 ut
1434 4935 1493 4991 in
1531 4936 1707 5025 Paulo
1728 4953 1818 5025 ια
1847 4936 1913 4992 In
1996 4893 2237 5025 33:?”
2532 4895 2731 5021 832??

324 5025 515 5098 Moyse
537 5007 804 5098 baptizati
828 5030 962 5080 sunt
985 5024 1045 5079 in
1072 5024 1242 5092 nube,
1272 5029 1330 5080 et
1356 5024 1415 5079 in
1434 5024 1579 5080 mari
1601 5024 1666 5092 “3,
1686 5048 1706 5075 ο
1721 5024 1779 5079 id
1804 5040 1832 5080 e

1819 5029 1910 5091 est.
1996 5007 2158 5096 61""
2526 5007 2737 5092 ὄῑὲἷιὲη.

321 5129 355 5167 a
386 5113 609 5169 Christo
644 5119 704 5169 et
729 5130 763 5169 a
791 5112 1006 5187 Spiritu
1025 5113 1446 5180 sancto.Nubes,
1470 5112 1721 5170 ascensio
1749 5112 1914 5167 Chri-
1998 5110 2270 5166 Occidens.
2528 5108 2742 5163 Oriens.
3061 5109 3496 5165 Onocentaum.

390 5274 408 5309 ¹
438 5275 568 5330 Lev.
601 5289 676 5330 x1.
712 5275 796 5331 16.
836 5275 861 5310 ³
888 5277 996 5331 Isa.
1028 5289 1126 5341 v11,
1151 5273 1240 5332 ‘20.
1282 5275 1307 5310 ³
1330 5275 1477 5331 Psal.
1511 5290 1584 5340 1.1,
1617 5273 1671 5329 4.
1718 5275 1740 5308 ⁴
1769 5275 1795 5330 Ι
1825 5275 1898 5328 Re

2065 5273 2156 5329 ii.
2197 5270 2221 5306 ⁵
2249 5270 2410 5345 Βεεει.
2435 5267 2640 5345 oxx,§.
2677 5269 2715 5345 ξ
2732 5269 2844 5345 I_sa.
2891 5267 3383 5345 xsv1,_9.__'_Gen.
3421 5279 3462 5334 1,
3489 5261 3569 5345 ξιξ.

318 5346 341 5380 ³
369 5344 519 5399 Psal.
550 5360 708 5412 xvm,
740 5347 792 5402 3.
837 5347 982 5402 °Job
1002 5334 1163 5413 xxxv,
1188 5347 1277 5403 10.
1330 5345 1376 5382 ¹⁰
1402 5345 1505 5401 Job
1533 5334 1705 5409 xxvn,
1735 5345 1826 5403 20.

2061 5358 2141 5410 ιιι,
2175 5345 2227 5400 7.
2254 5341 2303 5378 ¹²
2329 5340 2434 5397 Job
2455 5334 2645 5413 ιιιζὲἰ.Δ
2666 5339 2716 5413 f3
2742 5341 2859 5413 lsa_.
2876 5334 3103 5413 xx1,il.
3133 5337 3181 5374 ¹⁴
3204 5338 3377 5413 Cant.
3408 5334 3569 5413 ιλιζῷ

318 5414 364 5450 ¹⁵
384 5404 796 5486 Ρειιμωχέιιι,
827 5419 882 5474 1.
914 5419 962 5454 ¹⁶
984 5419 1011 5474 Ι
1039 5404 1167 5473 Οοιοξ
1190 5433 1244 5486 x,
1276 5417 1329 5474 2.
1362 5417 1406 5453 ¹⁷
1430 5418 1579 5474 Psal.
1603 5432 1657 5483 x,
1691 5404 1744 5473 3.
1796 5417 1826 5452 “

2060 5431 2098 5479 γ,
2130 5404 2182 5472 5.
2227 5413 2273 5450 ¹⁹
2308 5415 2606 5486 Apocqx,
2626 5410 2713 5486 1:2.
2742 5409 2792 5486 ’_°
2817 5404 2992 5468 Exod.
3025 5409 3302 5486 xxgv,_j§.
3332 5407 3379 5445 εί
3410 5404 3568 5486 Exod.

316 5498 466 5554 XXVI,
498 5485 587 5545 10.
616 5486 664 5521 ³³
691 5473 801 5544 Ιεαί
829 5473 942 5552 six,
971 5473 1024 5544 ί.
1067 5487 1116 5523 ³³
1146 5473 1340 5557 Ezech.
1373 5503 1413 5545 I.
1437 5489 1491 5544 4.
1543 5487 1591 5525 ﬂ
1619 5473 1727 5545 Isa.
1759 5503 1824 5544 XL

2058 5504 2060 5513 ν
2090 5473 2242 5542 Ῥειιι.
2275 5473 2412 5548 χνίῐ,
2446 5483 2530 5542 l2.
2559 5473 2609 5519 ’δ
2647 5482 2794 5540 Psal.
2826 5496 3050 5551 oxxxrv,
3087 5482 3141 5538 ’1.
3160 5473 3228 5516 ’³⁷
3258 5481 3373 5539 lac.
3403 5491 3492 5541 ιι,
3518 5473 3566 5530 8.

315 5556 362 5592 ³⁸
385 5558 542 5611 Vers.
576 5557 665 5614 12.
698 5557 746 5594 ³ο
775 5560 908 5615 Luc.
939 5574 1038 5628 χιι,
1072 5558 1162 5615 36.
1193 5559 1242 5598 ³ο
1269 5559 1469 5617 Matth.
1500 5575 1636 5617 xxn.
1669 5558 1724 5621 2.
1756 5559 1800 5596 ³¹
1833 5558 2004 5615 Ruth.
2040 5572 2116 5622 1v,
2144 5557 2227 5615 15.
