3942 6158
335 381 464 440 1009

323 508 503 584 Ortus.
801 513 1114 584 Oplimalcs.
1409 516 1714 584 Ol'ganum.

323 579 562 652 Oriones.
798 582 1030 636 Ostium.
1403 579 1646 652 Uni/clm.

325 650 542 705 Oculus.
801 655 974 707 Oliva.
1408 650 1572 712 Ovile.

393 776 692 843 Obryzam,
727 779 990 847 angelica
1026 778 1337 848 dignitatis,
1371 786 1434 834 ut
1466 780 1522 834 in
1550 781 1654 835 Job
1687 801 1696 834 :
1734 803 1759 833 (ι
1793 784 1916 838 Non

319 863 543 919 dabitur
583 881 785 921 aurum
816 867 1082 938 obryzum
1122 885 1222 939 pro
1262 886 1330 922 ea
1358 870 1397 934 1,
1423 889 1468 920 ,ι
1513 871 1660 941 quod
1701 874 1720 894 ⁶
1755 872 1918 926 Chri-

322 959 461 1021 stus,
486 955 580 1025 qui
602 955 777 1010 Filius
807 957 906 1010 Dei
934 961 1038 1022 est,
1071 973 1173 1011 nec
1202 957 1324 1028 ipsa
1342 959 1568 1014 claritas
1589 961 1915 1030 angelorum

320 1044 632 1115 comparari
653 1050 854 1116 potest.
883 1047 1181 1113 Obryzmn,
1199 1047 1468 1101 sanctitas
1490 1049 1750 1115 hominis,
1773 1060 1837 1105 ut
1856 1051 1912 1105 in

319 1131 421 1187 Job
452 1150 465 1186 :
498 1134 518 1155 ‘
563 1155 582 1184 ι
609 1135 724 1188 Nec
752 1133 1018 1206 obryzum
1044 1135 1176 1199 dixi,
1206 1136 1412 1190 ﬁducia
1439 1154 1564 1192 mea
1586 1136 1626 1203 ³,
1662 1158 1682 1188 ι
1719 1139 1776 1193 id
1806 1146 1910 1207 est,

318 1220 375 1276 in
395 1222 552 1277 nulla
565 1238 816 1294 unquam
842 1224 1140 1280 sanctitate
1169 1241 1312 1290 mea,
1330 1231 1763 1299 quantacunque
1787 1228 1908 1294 fuit,

314 1311 596 1366 conﬁdere
633 1313 806 1368 nolui.
861 1313 1162 1381 Obryzum,
1205 1313 1412 1368 divitia
1467 1321 1722 1383 terrena,
1757 1323 1818 1372 ut
1855 1319 1913 1372 in

316 1399 463 1455 Isaia
491 1419 504 1454 :
542 1421 566 1452 ι
609 1401 914 1457 Pretiosior
939 1402 1050 1457 erit
1072 1403 1238 1457 homo
1269 1404 1480 1459 mundo
1509 1405 1712 1478 obryzo
1735 1406 1777 1472 3,
1799 1428 1820 1458 ι
1855 1407 1911 1462 id

313 1495 417 1557 est,
439 1489 500 1544 in
523 1495 747 1546 tantum
769 1490 1077 1563 Babylonia
1095 1493 1438 1558 destruetur,
1455 1499 1519 1549 ut
1546 1495 1736 1566 plures
1758 1495 1816 1551 in
1847 1513 1914 1552 ea

315 1577 547 1650 reperiri
575 1579 792 1650 possint
816 1579 1022 1637 divitia
1047 1587 1284 1637 terrena
1315 1599 1484 1654 quam
1513 1585 1788 1641 homines.

388 1669 702 1724 Obstetrices
733 1673 898 1725 sunt'
921 1676 1260 1742 peccatores,
1290 1677 1355 1726 ut
1380 1671 1438 1726 in
1469 1673 1654 1728 Exodo
1679 1693 1690 1728 :
1711 1693 1734 1723 ιι
1752 1675 1910 1738 Quod

313 1757 626 1812 timuerunt
649 1758 974 1814 obstetrices
1003 1761 1324 1838 Dominum,
1364 1762 1657 1818 adiﬁcavit
1683 1763 1790 1817 illis
1817 1765 1912 1819 do-

1269 390 1701 445 ALLEGORIIE
1740 391 1814 445 ΙΝ
1857 391 2146 446 SACRAM
2187 387 2667 445 SCRIPTURAM.

3473 381 3606 441 1010

1934 519 2151 578 Atores
2189 515 2340 581 mali,
2379 521 2442 569 ut
2470 514 2528 567 in
2559 513 2795 567 Psalmis
2822 530 2832 565 ;
2876 533 2894 561 ι
2929 511 3312 566 Obscurentur
3341 511 3484 564 oculi
3517 527 3606 565 eo-

1998 621 2123 659 rum
2147 605 2210 670 '0,
2228 623 2253 656 υ
2279 604 2424 676 quod
2442 603 2594 674 pravi
2617 603 2871 656 doctores
2895 601 3028 654 dum
3051 616 3216 669 agere
3233 599 3435 653 nolunt
3457 602 3604 671 quod

1998 693 2338 764 intelligunt.
2375 693 2446 746 ad
2473 693 2574 746 hoc
2594 691 2762 744 etiam
2799 690 3130 760 quandoque
3161 688 3509 758 perveniunt,
3542 695 3607 743 ut

2002 783 2210 846 cacati,
2251 782 2384 852 quid
2433 798 2598 849 agere
2645 780 2908 842 debeant,
2954 778 3232 847 ignorent.
3279 779 3386 830 Per
3423 782 3601 831 oculos

2002 871 2258 941 apostoli.
2285 871 2422 924 utin
2454 869 2724 923 Psalmis:
2758 888 2778 918 ι
2807 867 3141 922 Defecerunt
3167 866 3312 920 oculi
3340 865 3449 920 mei
3483 867 3544 932 Π,
3574 888 3598 919 ι)

2002 959 2058 1013 id
2081 967 2184 1022 est,
2221 960 2354 1013 dum
2385 975 2486 1028 ego
2509 958 2566 1011 in
2597 957 2853 1029 passione
2885 973 3010 1010 mea
3035 956 3103 1008 de
3134 957 3298 1009 Patre
3321 972 3445 1008 meo
3477 973 3603 1010 con-

1999 1049 2126 1112 lido,
2147 1049 2405 1119 discipuli
2427 1047 2537 1101 mei
2553 1063 2651 1118 per
2665 1045 2869 1100 mentis
2893 1044 3280 1098 inﬁrmitatem
3307 1043 3594 1098 deﬁciunt.

1997 1138 2106 1192 Per
2134 1141 2313 1191 oculos
2341 1153 2540 1190 sensus
2563 1135 2860 1206 spiritales,
2890 1140 2952 1187 ut
2981 1133 3039 1187 in
3066 1133 3294 1188 Cantico
3322 1152 3332 1186 :
3379 1152 3405 1184 «
3441 1134 3599 1188 Oculi

1996 1225 2081 1280 tui
2109 1224 2494 1279 columbarum
2527 1225 2587 1285 ⁸³,
2626 1245 2648 1272 ››
2700 1223 2847 1293 quod
2895 1221 3100 1276 interni
3139 1238 3335 1275 sensus
3389 1221 3599 1276 devota

1997 1314 2199 1368 anima
2244 1313 2590 1384 simplicitati
2635 1311 2920 1365 insistunt.
2967 1312 3073 1364 Per
3121 1297 3299 1363 oculos
3343 1311 3597 1365 doctores

1995 1403 2337 1468 Judaorum,
2360 1407 2424 1456 ut
2443 1402 2500 1455 in
2519 1399 2791 1455 Jeremia:
2813 1419 2838 1452 ιι
2857 1400 3192 1454 Defecerunt
3211 1399 3356 1453 oculi
3379 1417 3593 1468 eorum,

1997 1491 2144 1562 quod
2174 1508 2288 1546 non
2315 1497 2438 1546 erat
2467 1489 2641 1544 herba
2656 1489 2720 1556 1°,
2751 1508 2771 1540 ι
2794 1489 2850 1562 id
2878 1495 2980 1555 est,
3011 1489 3285 1554 doctores,
3311 1488 3435 1542 ideo
3465 1506 3594 1542 eva-

1995 1586 2261 1645 nuerunt,
2293 1580 2442 1652 quod
2479 1579 2764 1633 internum
2802 1577 2919 1648 spei
2956 1576 3196 1631 virorem
3237 1593 3349 1631 non
3389 1577 3594 1631 habue-

1995 1676 2147 1724 runt.
2206 1671 2314 1723 Per
2365 1674 2545 1723 oculos
2592 1667 2896 1722 consiliarii
2943 1665 3169 1731 diaboli,
3223 1671 3285 1720 ut
3339 1665 3396 1719 in
3445 1665 3587 1720 Job:

2000 1778 2020 1808 ι
2059 1759 2216 1813 Oculi
2245 1759 2369 1829 ejus
2407 1759 2556 1812 velut
2583 1756 2860 1828 palpebra:
2888 1753 3200 1820 diluculi’o,
3233 1754 3383 1825 quod
3408 1759 3591 1808 consi-

313 1846 490 1912 mos‘,
529 1866 553 1898 ι
606 1848 753 1918 quod
801 1849 1025 1920 quando
1067 1849 1173 1920 ipsi
1229 1851 1620 1922 praedicatores
1667 1852 1908 1923 perfecte
1931 1839 1976 1898 Β
1994 1847 2139 1901 liarii
2161 1849 2380 1904 Satana
2411 1847 2482 1900 ad
2513 1845 2772 1900 tenebras
2792 1843 3076 1898 auditores
3105 1860 3234 1898 suos
3257 1843 3508 1908 trahunt,
3535 1850 3593 1898 et

308 1935 611 1990 Dominum
641 1936 860 2002 timent,
888 1942 1024 1992 tunc
1052 1944 1110 1993 et
1147 1939 1348 1994 merito
1377 1945 1436 1995 et
1463 1956 1697 1995 numero
1735 1958 1908 2013 popu-

308 2023 396 2079 lus
426 2025 476 2079 ei
515 2025 762 2080 serviens
790 2031 1048 2097 augetur.

379 2115 580 2169 Oculus
607 2121 694 2170 est
719 2115 959 2170 intentio
989 2117 1190 2182 cordis,
1225 2123 1290 2172 ut
1318 2118 1375 2172 in
1407 2119 1704 2188 Evangelio
1740 2137 1750 2172 :
1789 2141 1810 2170 ιι
1848 2120 1906 2174 Si

303 2201 500 2256 oculus
523 2207 654 2257 tuus
682 2203 852 2258 fuerit
879 2203 1111 2276 simplex
1125 2206 1167 2272 ⁸,
1191 2224 1220 2258 ιι
1245 2206 1301 2261 id
1331 2212 1434 2272 est,
1458 2207 1506 2260 si
1537 2207 1775 2262 intentio
1805 2214 1905 2263 tua

299 2289 474 2345 fuerit
500 2308 660 2363 pura.
695 2293 912 2359 Oculus,
945 2293 1173 2348 claritas
1201 2294 1536 2361 intellectus,
1570 2301 1635 2350 ut
1663 2296 1721 2350 in
1752 2297 1904 2352 Psal-

297 2379 411 2434 mis
441 2397 453 2432 :
490 2399 518 2432 ι
549 2381 928 2437 Conturbatus
963 2389 1050 2438 est
1095 2383 1152 2438 in
1189 2384 1274 2438 ira
1313 2385 1505 2440 oculus
1521 2384 1560 2449 τ’,
1603 2403 1628 2438 ι
1659 2387 1678 2408 ⁶
1709 2385 1763 2440 id
1793 2392 1896 2453 est,

290 2467 378 2523 ira
400 2467 746 2540 impediebat
767 2471 1112 2527 intellectum
1134 2489 1343 2526 meum.
1362 2474 1580 2538 Oculus,
1603 2490 1760 2528 mens
1775 2491 1901 2528 con-

287 2559 642 2630 templantis,
677 2565 742 2614 ut
770 2560 829 2614 in
855 2561 1092 2615 Psalmis
1123 2579 1135 2614 :
1172 2583 1194 2610 ι
1226 2560 1507 2616 Turbatus
1536 2568 1622 2616 est
1651 2579 1685 2616 a
1711 2563 1899 2618 furore

285 2647 490 2702 oculus
518 2664 679 2702 meus
698 2649 739 2714 7,
769 2669 793 2702 ι)
827 2649 884 2704 id
921 2655 1024 2715 est,
1065 2666 1224 2704 mens
1263 2667 1391 2706 mea
1417 2651 1576 2705 valde
1603 2652 1779 2706 timet
1800 2653 1897 2723 ju-

285 2735 508 2790 dicium
534 2742 716 2803 tuum,
749 2739 972 2809 quando
1001 2738 1070 2793 de
1100 2741 1120 2761 ⁶
1151 2739 1266 2794 Deo
1291 2739 1517 2810 cogitat.
1555 2743 1772 2806 Oculus,
1807 2741 1892 2796 in-

284 2830 524 2880 ternum
547 2826 908 2892 desiderium,
933 2827 1068 2882 utin
1089 2827 1222 2882 Job:
1251 2847 1276 2879 «
1302 2829 1385 2883 Ad
1404 2829 1704 2884 Dominum
1720 2831 1896 2885 stillat

285 2915 490 2969 oculus
530 2931 689 2970 meus
717 2915 760 2981 ⁸,
805 2935 829 2967 ι)
869 2915 923 2969 id
959 2921 1060 2982 est,
1097 2915 1169 2970 ad
1217 2917 1518 2972 Dominum
1567 2920 1706 2973 fluet
1741 2919 1888 2974 desi-

1989 1942 2180 1991 tamen
2205 1937 2520 1992 claritatem
2535 1953 2596 1990 se
2615 1937 2696 1990 eis
2725 1936 3020 1990 infundere
3045 1935 3448 1994 simulant.Per
3467 1952 3592 1989 ocu-

1990 2029 2066 2080 los
2111 2026 2503 2098 praedicatores
2540 2024 2887 2087 Antichristi,
2931 2029 2995 2078 ut
3023 2025 3082 2077 in
3119 2022 3222 2078 Job
3270 2042 3281 2076 :
3339 2043 3362 2074 ι
3397 2024 3589 2078 Hostis

1990 2132 2149 2170 meus
2178 2114 2523 2170 terribilibus
2562 2131 2654 2168 me
2683 2114 2855 2168 oculis
2882 2113 3120 2167 intuitus
3161 2117 3246 2166 est
3273 2111 3339 2174 ³1,
3381 2133 3402 2162 ι
3438 2113 3586 2182 quod

1985 2203 2240 2258 diabolus
2271 2207 2522 2258 sanctam
2563 2203 2862 2257 Ecclesiam
2894 2218 2994 2272 per
3019 2199 3349 2255 Antichristi
3387 2201 3586 2271 pradi-

1984 2298 2201 2346 catores
2229 2291 2534 2364 plurimum
2571 2291 2823 2346 terrebit.
2849 2291 2956 2344 Per
2981 2293 3159 2343 oculos
3185 2289 3585 2360 concupiscen-

1983 2383 2074 2438 tia
2104 2383 2332 2450 illicita,
2363 2388 2426 2437 ut
2445 2382 2502 2436 in
2533 2382 2769 2436 Genesi:
2796 2399 2824 2432 ιι
2849 2381 2916 2434 Et
2935 2380 3114 2452 aperti
3144 2384 3277 2434 sunt
3295 2379 3439 2433 oculi
3466 2395 3582 2432 am-

1982 2473 2182 2528 borum
2200 2472 2264 2539 η,
2300 2493 2326 2525 ι)
2360 2472 2506 2544 quod
2539 2476 2666 2543 post
2701 2475 2990 2542 peccatum
3020 2469 3090 2522 ad
3119 2473 3345 2522 terrena
3384 2473 3578 2522 contra

1980 2563 2283 2616 Dominum
2310 2563 2370 2616 in
2400 2561 2585 2616 anima
2609 2562 2857 2615 humana
2883 2559 3088 2613 illicita
3117 2557 3577 2628 concupiscentia

1979 2658 2160 2706 erant.
2192 2653 2300 2706 Per
2327 2656 2505 2706 oculos
2529 2650 2914 2721 cogitationes,
2938 2653 3003 2702 ut
3020 2649 3081 2702 in
3108 2646 3212 2702 Job
3247 2667 3256 2698 :
3299 2665 3326 2699 ιι
3357 2646 3463 2711 Qui
3493 2647 3577 2700 in-

1977 2740 2267 2795 clinaverit
2314 2741 2503 2795 oculos
2554 2756 2684 2794 suos
2727 2755 2841 2793 non
2888 2737 3194 2792 salvabitur
3215 2734 3279 2792 ’3.
3307 2754 3331 2788 »
3385 2742 3442 2790 et
3478 2735 3572 2806 qui

1977 2829 2356 2884 humiliaverit
2367 2829 2735 2899 cogitationes
2749 2827 2956 2881 mentis
2975 2843 3108 2892 sua,
3128 2841 3316 2879 veram
3333 2824 3571 2879 salutem

1972 2925 2365 2990 consequetur.
2398 2920 2506 2972 Per
2525 2922 2704 2971 oculos
2731 2915 2959 2988 superbi
2989 2919 3176 2969 motus
3203 2913 3405 2980 cordis,
3419 2919 3483 2967 ut
3509 2912 3568 2966 in

281 3003 511 3058 derium
539 3020 748 3059 meum.
775 3006 992 3072 Oculus,
1021 3004 1256 3060 intimus
1285 3006 1514 3074 amicus,
1540 3011 1604 3062 ut
1631 3007 1689 3062 in
1721 2993 1950 3062 Evau-C
1971 3006 2076 3062 Job
2105 3024 2116 3060 :
2157 3026 2184 3061 ι
2215 3007 2385 3072 Quasi
2417 3023 2625 3077 magna
2651 3006 2906 3077 cogitans
2935 3004 3203 3058 attonitos
3233 3002 3404 3057 habes
3433 3018 3568 3056 ocu-

281 3093 479 3162 gelio:
533 3111 560 3146 α
619 3093 678 3148 Si
720 3095 915 3148 oculus
950 3099 1082 3149 tuus
1127 3095 1584 3151 scandalizaverit
1635 3103 1714 3160 te.
1755 3114 1890 3152 erue

283 3181 471 3247 eum”,
513 3201 536 3233 ι
567 3182 625 3236 id
659 3189 763 3248 est,
795 3182 842 3238 si
883 3182 1116 3238 intimus
1157 3183 1369 3238 amicus
1415 3191 1546 3239 tuus
1576 3187 1646 3240 ad
1677 3187 1887 3240 malum

279 3275 335 3326 te
365 3271 566 3338 trahit,
591 3270 855 3328 abscinde
882 3289 915 3326 a
943 3278 1000 3327 te
1026 3273 1467 3329 familiaritatem
1495 3276 1638 3346 ejus,
1670 3292 1740 3330 ne
1761 3293 1886 3330 eam

276 3361 538 3432 sequaris
561 3361 632 3416 ad
661 3362 895 3416 malum.
931 3363 1151 3429 Oculus,
1179 3379 1339 3434 opus,
1373 3370 1436 3418 ut
1461 3364 1520 3418 in
1549 3365 1879 3435 Evangelio:

275 3469 300 3502 α
331 3449 579 3505 Trabem
619 3455 811 3505 autem
849 3451 906 3505 in
937 3452 1096 3506 oculo
1127 3456 1223 3506 tuo
1255 3469 1367 3506 non
1407 3453 1727 3507 consideras
1753 3453 1816 3519 ¹⁰,
1856 3473 1878 3504 ι

271 3537 329 3592 id
349 3544 457 3605 est,
483 3537 699 3594 crimen
719 3540 777 3595 in
805 3557 973 3612 opere
999 3546 1097 3595 tuo
1117 3558 1226 3596 non
1247 3541 1636 3613 deprehendis.
1660 3544 1877 3609 Oculus,

271 3626 520 3682 intuitus
543 3628 808 3694 exterior,
835 3635 898 3684 ut
918 3629 974 3684 in
997 3630 1306 3702 Propheta:
1332 3651 1353 3680 ι
1383 3632 1590 3686 Oculus
1617 3648 1775 3685 meus
1789 3632 1882 3686 de-

271 3716 562 3788 pradatus
599 3725 686 3773 est
713 3718 960 3772 animam
991 3720 1252 3784 meam“,
1293 3740 1314 3770 ι
1363 3720 1417 3774 id
1461 3726 1564 3787 est,
1599 3721 1656 3775 in
1686 3737 1880 3792 pecca-

273 3810 393 3860 tum
418 3824 524 3878 per
540 3807 872 3861 exteriorem
893 3809 1155 3863 allectum
1179 3809 1388 3880 prorui.
1409 3813 1629 3875 Oculus,
1647 3809 1882 3880 quilibet

273 3894 630 3968 pradicator,
663 3903 727 3950 ut
755 3896 812 3950 in
838 3896 1124 3951 Parabolis
1151 3916 1162 3950 :
1189 3916 1216 3951 ι
1248 3899 1484 3953 Oculum
1503 3899 1802 3965 videntem,
1826 3907 1882 3954 et

273 3999 476 4038 aurem
502 3983 1013 4050 audientem,Deus
1037 3985 1166 4039 fecit
1192 3992 1494 4058 utrumque
1513 3986 1617 4053 ",-
1647 3988 1794 4059 quod
1816 4006 1881 4042 ex

275 4089 516 4128 munere
546 4079 634 4128 est
665 4073 872 4138 divino,
904 4077 924 4097 '
956 4081 1017 4128 ut
1043 4079 1099 4129 et
1121 4074 1302 4130 bonus
1330 4075 1524 4130 doctor
1552 4081 1610 4130 et
1637 4076 1873 4132 auditor.

275 4163 503 4227 Oculus,
539 4161 852 4228 hareticus,
885 4169 950 4217 ut
987 4162 1044 4218 in
1074 4164 1361 4219 Parabolis
1394 4183 1406 4217 :
1454 4186 1474 4215 ι
1513 4165 1751 4220 Oculum
1784 4167 1880 4238 qui

276 4249 596 4305 subsannat
623 4256 840 4322 patrem
867 4258 1126 4318 suum,et
1143 4253 1380 4325 despicit
1399 4257 1419 4277 ⁶
1448 4259 1661 4325 partem
1688 4256 1881 4309 matris

1973 3096 2056 3150 los
2075 3095 2139 3162 ’4,
2187 3115 2211 3148 ι
2252 3097 2308 3151 id
2339 3101 2442 3163 est,
2481 3113 2546 3151 ac
2581 3095 2630 3150 si
2666 3095 2928 3150 sublimia
2965 3094 3034 3148 de
3062 3099 3118 3148 te
3148 3097 3474 3164 pertractes,
3508 3091 3567 3146 in

1969 3191 2158 3240 mente
2185 3185 2458 3257 superbis.
2499 3186 2607 3239 Per
2636 3188 2814 3239 oculos
2852 3183 3163 3254 asperiores
3193 3186 3471 3253 aspectus,
3503 3187 3566 3235 ut

1967 3273 2027 3328 in
2063 3275 2166 3329 Job
2199 3294 2210 3329 :
2254 3293 2281 3328 α
2309 3275 2506 3347 Pepigi
2542 3274 2722 3328 fcedus
2749 3289 2876 3328 cum
2919 3272 3093 3327 oculis
3121 3271 3280 3337 meis,
3314 3287 3384 3325 ne
3412 3269 3564 3340 cogi-

1966 3367 2144 3418 tarem
2175 3364 2244 3418 de
2271 3363 2484 3435 virgine
2503 3363 2568 3430 9⁵,
2610 3383 2636 3414 n
2675 3363 2734 3418 id
2764 3368 2868 3427 est,
2903 3379 2937 3416 a
2961 3361 3208 3415 vanitate
3249 3360 3561 3431 compescui

1965 3453 2298 3508 exteriorem
2337 3458 2526 3508 actum
2557 3469 2765 3518 meum,
2805 3468 2875 3505 ne
2905 3451 2974 3505 de
3012 3467 3080 3505 ea
3108 3450 3355 3520 cogitare
3387 3449 3562 3520 repel-

1965 3541 2127 3596 lerer.
2151 3543 2260 3596 Per
2280 3545 2458 3596 oculos
2477 3541 2688 3612 populi,
2712 3546 2778 3595 ut
2802 3540 2859 3593 in
2889 3539 3117 3594 Cantico
3142 3557 3152 3591 :
3185 3558 3206 3589 ι
3238 3537 3559 3592 Vulnerasti

1963 3647 2060 3684 cor
2089 3647 2274 3686 meum
2313 3631 2372 3684 in
2401 3646 2514 3684 uno
2551 3631 2841 3683 oculorum
2865 3627 3170 3684 tuorum“.
3211 3648 3232 3678 ι
3268 3627 3322 3680 id
3353 3631 3456 3692 est,
3487 3628 3557 3680 ad

1962 3719 2390 3774 delectationem
2429 3735 2519 3772 me
2556 3713 2792 3782 traxisti,
2828 3735 2860 3772 o
2891 3716 3152 3783 Ecclesia,
3186 3716 3244 3769 in
3274 3715 3558 3770 unanimi-

1963 3813 2080 3863 tate
2111 3808 2452 3880 p0pulorum-
2474 3813 2720 3862 tuorum.

2037 3899 2288 3953 Occidens
2333 3904 2420 3950 est
2474 3895 2757 3966 decrepita
2805 3901 2960 3960 atas,
2994 3901 3059 3949 ut
3107 3893 3164 3946 in
3209 3894 3508 3962 Evangelio
3542 3913 3551 3946 :

1967 4006 1992 4039 ιι
2029 3987 2190 4041 Multi
2224 3985 2294 4040 ab
2322 3985 2622 4041 Occidente
2651 3985 2878 4038 venient
2896 3982 2963 4049 ³⁷,
3001 4003 3025 4034 ››
3059 3983 3116 4037 id
3147 3989 3250 4050 est,
3283 3983 3472 4054 plures
3502 3983 3558 4054 in

1963 4075 2086 4147 ipsa
2105 4075 2390 4147 decrepita
2413 4080 2577 4130 atate
2607 4074 2678 4128 ad
2700 4073 3058 4128 sanctitatem
3086 4050 3426 4144 pertingent.
3460 4050 3558 4127 Oc?-

1961 4167 2162 4231 cidcns,
2187 4165 2506 4228 inﬁdelitas,
2537 4170 2602 4218 ut
2627 4163 2684 4217 in
2715 4162 3047 4235 Apocalypsi
3075 4181 3087 4215 :
3120 4181 3146 4214 α
3170 4161 3254 4218 Ab
3274 4161 3560 4216 occidente

1964 4259 2136 4325 porta
2165 4259 2281 4307 tres
2304 4253 2367 4319 ³⁸,
2394 4275 2416 4305 ι
2452 4253 2600 4325 quod
2631 4253 2728 4324 qui
2760 4253 2818 4306 in
2839 4252 3058 4307 defectu
3079 4249 3208 4305 ﬁdei
3235 4257 3385 4318 sunt,
3419 4268 3560 4306 non-

273 4354 417 4406 sua,
443 4313 711 4394 effodiant
730 4357 858 4394 eum
887 4313 1132 4396 corvi'de
1150 4313 1464 4397 torrente";
1480 4362 1490 4409 ;
1530 4363 1552 4393 ι
1588 4343 1733 4414 quod
1768 4344 1880 4399 ha-
1899 4313 1946 4370 Β
1965 4313 2255 4413 nunquam
2388 4313 2556 4397 ﬁdem
2584 4313 2874 4396 Trinitatis
2895 4341 3249 4413 perveniunt.
3284 4313 3556 4404 Occidens,

279 4427 544 4489 reticum,
581 4429 678 4499 qui
707 4429 994 4484 Christum
1025 4435 1082 4486 et
1128 4431 1579 4503 pradicationem
1628 4433 1884 4488 Ecclesia

277 4517 616 4582 contemnit,
657 4533 691 4572 a
727 4519 1120 4574 communione
1149 4519 1400 4574 ﬁdelium
1432 4522 1636 4591 ejicere
1679 4521 1888 4576 debent

280 4606 522 4677 pralati,
557 4606 654 4677 qui
697 4607 906 4662 sanctis
951 4607 1221 4663 doctrinis
1253 4608 1538 4664 insistunt.
1573 4611 1680 4664 Per
1706 4615 1886 4666 oculos

280 4695 467 4749 sancti
490 4695 796 4766 propheta,
821 4701 885 4750 ut
912 4696 969 4751 in
999 4697 1260 4752 Cantico:
1286 4715 1312 4751 α
1338 4697 1498 4752 Oculi
1523 4698 1607 4752 tui
1633 4699 1779 4753 sicut
1797 4716 1886 4754 co-

279 4783 492 4838 lumba
533 4801 703 4855 super
732 4783 875 4839 rivos
904 4801 1178 4857 aquarum
1212 4786 1272 4852 ³⁵,
1313 4806 1334 4838 ι
1375 4787 1520 4857 quod
1553 4787 1732 4842 sancti
1765 4805 1886 4859 pro-

283 4872 494 4944 pheta,
529 4873 845 4950 quifutura
872 4874 1236 4947 prospiciunt,
1263 4875 1606 4946 simplicitati
1633 4881 1690 4930 et
1718 4893 1888 4931 sacra

283 4961 592 5034 Scriptura
612 4961 898 5018 insistunt.
927 4965 1033 5018 Per
1051 4967 1228 5018 oculos
1249 4965 1639 5035 pradicatores
1661 4965 1808 5027 boni,
1830 4971 1893 5021 ut

286 5051 350 5106 in
387 5051 594 5106 Genesi
641 5070 654 5106 :
691 5073 713 5102 ι
761 5052 1114 5108 Pulehriores
1151 5059 1286 5108 sunt
1323 5055 1470 5108 oculi
1518 5055 1640 5126 ejus
1681 5055 1886 5116 vino”,

287 5140 442 5211 quod
473 5139 864 5212 pradicatores
884 5141 1169 5212 Evangelii
1204 5141 1522 5198 doctoribus
1550 5143 1766 5198 Veteris
1794 5145 1895 5198 Te-

288 5229 562 5284 stamenti
604 5229 1021 5285 excellentiores
1051 5235 1201 5286 sunt.
1243 5231 1352 5286 Per
1398 5235 1578 5286 oculos
1625 5233 1894 5303 pradica-

1967 4433 2214 4486 defectus
2248 4433 2489 4496 virtutis,
2524 4437 2588 4486 ut
2629 4432 2686 4485 in
2733 4430 2876 4485 Job:
2927 4448 2950 4481 (ι
2995 4430 3054 4484 Si
3103 4431 3173 4482 ad
3217 4430 3561 4483 occidentem

1967 4521 2102 4586 iero,
2155 4538 2266 4576 non
2307 4521 2616 4591 intelligam
2669 4536 2799 4574 eum
2819 4519 2882 4584 ’9,
2930 4537 2954 4569 »
3007 4519 3152 4589 quod
3207 4534 3562 4589 nequaquam

1968 4611 2148 4665 Deum
2177 4627 2315 4682 pure
2335 4609 2675 4679 intelligunt,
2696 4608 2792 4679 qui
2810 4624 2910 4679 per
2933 4607 3153 4678 lapsum
3173 4607 3384 4678 peccati
3402 4623 3438 4662 a
3461 4607 3564 4662 vir—

1967 4704 2088 4753 tute
2127 4699 2354 4753 cadunt.

2043 4789 2185 4842 Ordo
2215 4792 2302 4841 est
2323 4787 2568 4842 suavitas
2592 4785 2923 4851 sanctitatis,
2950 4791 3014 4840 ut
3037 4785 3095 4840 in
3126 4787 3356 4841 Cantico
3392 4807 3401 4839 :
3442 4806 3464 4838 (ι
3501 4788 3568 4842 Et

1971 4876 2108 4930 odor
2129 4881 2546 4947 unguentorum
2565 4891 2734 4946 super
2757 4874 2948 4929 omnia
2966 4881 3220 4931 aromata
3237 4875 3305 4942 3°,
3335 4897 3358 4928 ι
3385 4876 3442 4930 id
3461 4883 3564 4942 est,

1972 4966 2218 5020 suavitas
2240 4965 2510 5020 virtutum
2527 4971 2753 5019 tuorum
2768 4964 2958 5018 omnia
2969 4965 3185 5019 excedit
3200 4966 3386 5020 dulcia
3402 4967 3571 5036 hujus

1974 5055 2118 5109 vita.
2158 5057 2318 5121 Odor,
2352 5053 2498 5109 bona
2527 5054 2657 5120 vita,
2689 5059 2754 5107 ut
2783 5053 2840 5107 in
2871 5053 3100 5108 Cantico
3129 5072 3139 5106 :
3175 5076 3194 5104 ι
3233 5055 3301 5109 Et
3321 5055 3458 5108 odor
3477 5073 3571 5110 ve-

1977 5143 2372 5200 stimentorum
2401 5149 2629 5199 tuorum
2658 5142 2803 5197 sicut
2847 5143 2984 5196 odor
3008 5143 3190 5197 thuris
3217 5142 3283 5209 3‘,
3320 5162 3345 5196 ι
3378 5143 3435 5197 id
3466 5150 3569 5208 est,

1979 5234 2131 5288 fama
2169 5233 2315 5288 bona
2365 5249 2599 5305 operum
2649 5237 2876 5287 tuorum
2913 5232 3264 5287 devotionem
3305 5232 3572 5298 ostendis,

373 5389 388 5424 ¹
428 5389 536 5443 Job
563 5404 763 5456 xxvm,
795 5389 884 5446 15.
920 5390 944 5424 ²
966 5390 1088 5445 Job.
1119 5405 1303 5444 xxxn'.
1332 5390 1419 5446 15.
1453 5391 1621 5446 3lsa.‘
1645 5407 1764 5456 xm,
1795 5391 1882 5450 12.

1983 5394 2148 5447 Exod.
2183 5409 2219 5458 ι,
2249 5391 2337 5446 17.
2371 5393 2393 5425 ⁵
2422 5394 2621 5448 Matth.
2655 5409 2728 5460 γι,
2754 5393 2840 5447 22.
2875 5396 2897 5427 ⁸
2926 5395 3072 5448 Psal.
3095 5409 3222 5459 xxx,
3261 5393 3340 5450 10.
3377 5395 3396 5428 ⁷
3427 5395 3574 5450 Psal.

297 5475 378 5524 v1,
407 5461 462 5514 8.
496 5461 520 5497 ³
549 5460 653 5515 Job
682 5476 795 5528 xvr,
825 5460 916 5516 20.
949 5461 974 5496 ⁸
998 5463 1196 5517 Matth.
1226 5477 1381 5518 xvm.
1406 5463 1471 5529 9;
1503 5463 1674 5518 Marc.
1711 5477 1784 5530 ix,
1815 5464 1894 5520 ’17.

1983 5465 2204 5519 'Matth.
2235 5478 2332 5528 vn,
2363 5464 2432 5530 3;
2467 5466 2598 5518 Luc.
2628 5480 2701 5529 Iv,
2729 5465 2814 5526 41,
2837 5466 2874 5499 ¹¹
2898 5467 3102 5520 Thren.
3127 5479 3210 5520 Ill.
3236 5467 3324 5521 51.
3355 5465 3574 5520 HIProv.

295 5547 390 5604 xix,
424 5530 508 5588 12.
537 5531 583 5566 ¹³
612 5532 788 5604 Prov.
806 5548 932 5598 xxx,
966 5532 1056 5589 17.
1091 5533 1136 5568 ﬂ
1165 5535 1327 5588 Cant.
1363 5549 1413 5597 γ,
1460 5533 1537 5590 12.
1571 5533 1616 5568 ¹⁵
1643 5535 1894 5589 Gen.xu

1991 5535 2069 5591 12.
2100 5536 2144 5570 ¹⁶
2165 5535 2311 5589 Psal.
2341 5547 2495 5601 xuu,
2516 5535 2605 5590 21.
2641 5536 2682 5570 ¹⁷
2703 5537 3056 5601 Psal.].xvm,
3089 5539 3139 5592 4.
3176 5539 3220 5573 ¹⁸
3237 5539 3400 5593 Cant.
3425 5551 3499 5604 Iv,
3524 5537 3578 5591 1.

295 5603 345 5638 '9
375 5604 488 5674 Jer.
526 5617 640 5669 xxv,
671 5602 726 5674 6.
773 5603 820 5638 ³ο
849 5604 955 5659 Job
983 5618 1095 5670 xu,
1131 5605 1188 5660 0.
1222 5605 1262 5640 θ’
1301 5605 1404 5658 Job
1433 5620 1544 5672 xw,
1583 5607 1635 5662 ‘J.
1682 5605 1728 5639 2"
1757 5607 1894 5661 Gen.

1983 5621 2020 5672 ι,
2053 5605 2105 5661 7.
2147 5605 2193 5639 ’³
2223 5605 2326 5660 Job
2361 5620 2496 5671 xxu,
2527 5607 2613 5662 ‘29.
2663 5606 2708 5641 ²·ί
2737 5608 2840 5660 Job
2869 5623 2958 5674 xv,
3010 5609 3093 5662 12.
3139 5607 3186 5641 ²δ
3213 5609 3317 5664 Job
3347 5602 3495 5674 xxxr,
3532 5607 3579 5663 1.

289 5674 347 5711 ’θ
379 5673 541 5731 Cant.
569 5688 644 5741 ιν,
666 5673 722 5732 9.
749 5675 795 5712 ²⁷
815 5676 1014 5732 Matth.
1037 5690 1158 5745 vm,
1177 5675 1241 5735 11
1262 5695 1274 5746 ;
1312 5677 1444 5732 Luc.
1473 5691 1595 5744 xm,
1617 5675 1706 5734 27.
1731 5677 1778 5714 ³⁸
1800 5679 1894 5750 Λρι

1999 5693 2109 5744 xxi,
2139 5676 2218 5735 l3.
2251 5675 2420 5734 2“Job
2441 5693 2598 5742 xxm,
2635 5678 2687 5735 8.
2711 5678 2756 5715 ³³
2787 5673 2951 5735 Cant.
2969 5694 3045 5747 ιν,
3071 5680 3158 5736 10.
3191 5679 3233 5715 ³¹
3258 5679 3397 5736 Ibid.
3419 5673 3581 5747 v,li.
