3942 6158
394 341 522 399 1Θ11

986 336 1048 389 Β.
1083 330 1352 388 RABANI
1393 328 1621 384 MAURI
1659 325 1995 382 ARCHIEP.
2038 324 2361 380 MOGUNT.
2403 320 2701 377 OPERUM
2743 317 2924 372 PARS
2963 317 3062 372 III.

3488 313 3598 369 illi?

390 482 558 535 quam
587 462 756 516 habes
784 461 840 513 in
871 458 1140 512 aratione.
1179 456 1339 519 Odor,
1371 451 1638 506 sanctitas
1669 448 1982 515 locutionis,
2007 447 2218 518 Aquod
2264 445 2374 499 illis
2413 445 2694 498 daemones
2740 443 3108 504 delectantur,
3141 439 3231 510 qui
3267 437 3386 490 elati
3419 441 3536 491 sunt
3564 442 3612 490 et

389 560 454 608 ut
498 553 554 605 in
600 549 870 604 Cantica:
913 567 935 599 ι
969 546 1120 601 Odor
1158 544 1270 597 oris
1299 541 1380 596 tui
1410 539 1554 594 sicut
1581 539 1855 592 malorum
1886 537 1924 603 ¹,
1963 539 1983 560 ⁴’

388 641 443 694 id
466 647 568 704 est,
594 644 708 692 tam
730 643 921 690 sancta
945 653 1004 690 es
1025 635 1081 689 in
1101 632 1377 688 locutione
1399 643 1566 700 quam
1589 645 1648 681 es
1667 628 1724 680 in
1744 626 1981 680 actione.

460 731 615 784 O’im.
642 733 727 781 est
759 724 1161 787 misericordia,
1197 727 1260 776 ut
1287 721 1343 774 in
1375 718 1519 774 Isaia
1554 735 1564 770 :
1603 739 1622 768 α
1659 719 1904 788 Myrtum
1931 721 1987 770 et

389 819 603 888 lignum
641 817 798 870 olivis
817 815 862 884 9,
897 814 952 867 id
993 819 1095 874 est,
1143 808 1583 880 campassionem
1629 812 1686 860 et
1725 805 1986 860 virtutem

390 906 802 961 misericordia).
835 905 1010 967 Olim,
1039 900 1282 972 Spiritus
1301 906 1547 963 sanctus,
1571 902 1636 951 ut
1654 896 1711 950 in
1731 895 1872 949 libro
1887 896 1912 949 J
1923 911 1986 949 u-

337 981 346 990 ’
387 997 573 1050 dicum
612 1013 621 1047 :
661 1014 682 1044 ‹‹
720 993 994 1048 Dixerunt
1031 991 1186 1044 olivae
1221 1007 1232 1040 :
1283 990 1504 1058 Impera
1533 985 1743 1051 nabis3,
1780 1003 1804 1036 1)
1840 984 1988 1056 quod

390 1086 484 1157 qui
507 1085 615 1138 lide
636 1083 896 1154 spiritum
920 1079 1123 1134 habere
1143 1078 1426 1132 fructuosa
1445 1092 1554 1129 non
1581 1079 1831 1145 possunt,
1841 1072 1988 1144 quod

390 1191 628 1244 regnum
658 1172 782 1238 erit,
816 1189 881 1224 ea
913 1169 1058 1224 oliva
1087 1167 1336 1238 accipere
1367 1165 1582 1219 nolunt.
1611 1164 1788 1228 Oliva,
1820 1179 1989 1234 Opera

385 1265 688 1334 justorum,
731 1267 795 1314 ut
829 1260 884 1313 in
916 1257 1152 1312 Psalmis
1181 1275 1192 1309 :
1239 1273 1264 1308 α
1299 1255 1414 1325 Ego
1450 1258 1640 1334 autem
1675 1251 1820 1306 sicut
1847 1251 1992 1305 oliva

389 1351 676 1406 fructifera
704 1349 745 1415 4,
791 1367 814 1400 ι
857 1349 912 1401 id
943 1353 1047 1411 est,
1089 1346 1158 1400 ad
1203 1344 1382 1398 instar
1421 1325 1853 1414 pri-eaedentium
1895 1341 1989 1410 ju-

393 1445 610 1495 storum
643 1438 770 1491 vixi.
820 1441 990 1502 Oliva,
1037 1433 1272 1506 quilibet
1311 1431 1620 1503 hypocrita,
1644 1436 1710 1484 ut
1743 1427 1800 1482 in
1839 1429 1942 1484 Job
1977 1447 1988 1481 :

397 1548 423 1582 ι
452 1529 622 1593 Quasi
659 1527 801 1581 oliva
832 1524 1131 1598 projiciens
1162 1524 1358 1576 ﬂorem
1389 1519 1605 1586 suum”,
1646 1538 1670 1571 n
1707 1519 1855 1589 quod
1885 1518 1990 1590 hy-

394 1617 609 1690 pocrita
640 1615 931 1672 exterioris
961 1611 1276 1667 sanctitatis
1304 1610 1544 1664 nitorem
1589 1607 1796 1663 habere
1838 1608 1991 1662 vide-

2068 533 2284 598 lubrici,
2317 534 2465 604 quod
2487 533 2600 594 ὄνος
2631 531 2823 586 asinus
2868 529 3090 592 dicitur,
3125 544 3220 599 per
3249 543 3402 598 quem
3426 525 3616 580 luxuria

2068 623 2418 694 exprimitur,
2443 625 2462 645 θ
2495 627 2551 675 ct
2580 637 2681 692 per
2717 625 2944 672 taurum
2973 617 3146 688 accipi
3177 616 3327 669 solet.

2145 732 2360 796 Onager
2387 734 2474 782 est
2525 726 2800 790 Christus,
2831 725 2980 779 utin
3019 723 3121 777 Job
3154 742 3164 775 :
3216 740 3239 772 (ι
3273 721 3399 784 Quis
3439 719 3618 773 dimisit
3674 707 3680 712 ’

2070 835 2344 889 onagrum
2365 817 2603 871 liberum
2615 815 2702 868 ποῖ
2732 835 2753 866 »
2785 815 2930 886 quod
2955 815 3104 868 Deus
3132 827 3229 882 per
3258 809 3518 863 Christum
3543 807 3620 860 ha-

2071 910 2281 964 minem
2319 925 2350 961 a
2380 904 2741 960 mortalitatis
2778 902 3098 974 captivitate
3125 898 3386 953 liberavit.
3419 898 3616 963 Onager,

2069 998 2410 1069 gentiles,ut
2440 997 2495 1050 in
2518 994 2620 1049 Job
2645 1013 2656 1045 :
2689 1017 2710 1040 α
2744 991 3008 1062 Nunquid
3039 989 3223 1058 rugiet
3244 1000 3458 1056 onager,
3486 988 3620 1038 cum"

2073 1103 2182 1142 non
2202 1085 2462 1141 habuerit
2481 1084 2726 1156 praedam
2737 1081 2779 1116 ²¹
2797 1083 2821 1134 '?
2843 1080 3032 1151 equod
3048 1084 3182 1132 tunc
3198 1076 3422 1148 populus
3431 1073 3624 1144 gentilis

2072 1193 2108 1230 a
2133 1177 2325 1230 dolore
2364 1192 2464 1229 suo
2494 1180 2578 1227 est
2613 1171 2901 1226 mortifera
2935 1169 3220 1232 liberatus,
3251 1164 3460 1236 quando
3489 1163 3624 1216 Chri-

2073 1266 2220 1314 stum
2261 1259 2518 1329 cognovit
2546 1275 2648 1328 per
2679 1256 2866 1309 ﬁdem.
2894 1255 3000 1306 Per
3040 1267 3314 1317 onagrum
3342 1247 3516 1320 pepuli
3544 1247 3627 1301 Ju-

2073 1351 2342 1415 dzeorum,
2375 1355 2439 1404 ut
2467 1348 2520 1402 in
2556 1346 2792 1401 Psalmis
2828 1363 2838 1398 :
2875 1362 2900 1395 α
2933 1339 3341 1413 Exspectabam
3375 1336 3548 1406 onagri
3581 1336 3629 1390 in

2077 1440 2168 1494 siti
2191 1456 2290 1494 sua
2304 1437 2369 1502 ³⁵,
2393 1437 2572 1508 »quad
2587 1451 2736 1488 nunc
2755 1431 2929 1488 Judzei
2951 1432 3192 1484 salutem
3212 1443 3367 1482 suam
3385 1425 3441 1479 in
3458 1440 3631 1494 magno

2079 1529 2358 1584 desideria
2387 1525 2798 1600 prtestolantur,
2833 1521 2981 1592 quod
3005 1521 3023 1543 "
3055 1519 3285 1588 reliquae
3315 1516 3469 1570 salva:
3503 1515 3632 1567 ﬁent.
3679 1560 3689 1566 .

2075 1618 2184 1673 Per
2209 1633 2486 1686 onagrum
2527 1613 2794 1677 haeretici,
2839 1616 2904 1664 ut
2932 1609 2992 1663 in
3019 1607 3123 1664 Job
3167 1625 3177 1659 :
3218 1626 3239 1657 ι
3275 1604 3440 1670 Quasi
3467 1602 3636 1672 onagri

395 1713 490 1763 tur
510 1710 552 1774 *,
583 1720 986 1776 nonnunquam
1025 1701 1252 1756 amittit.
1289 1701 1464 1764 Oliva,
1499 1699 1737 1770 populus
1771 1698 1992 1753 Judaeo-
2013 1719 2061 1780 Β
2081 1708 2180 1778 [in]
2214 1706 2436 1760 deserto
2486 1703 2853 1774 egrediuntur
2889 1699 2960 1754 ad
2997 1714 3136 1768 opus
3163 1711 3328 1750 suum
3357 1693 3418 1760 13,
3452 1711 3476 1745 ι
3512 1691 3638 1762 quod

398 1815 545 1864 rum,
577 1801 641 1850 ut
665 1796 724 1849 in
755 1791 981 1850 Cantica
1007 1791 1269 1846 Habacuc
1293 1808 1304 1842 :
1334 1807 1360 1842 α
1397 1788 1701 1843 Mentietur
1729 1804 1868 1858 opus
1897 1785 1996 1840 ali-
2077 1796 2324 1851 haeretici
2347 1795 2417 1849 ad
2439 1793 2662 1848 ﬁdelem
2684 1790 2952 1862 populum
2973 1784 3351 1841 seducendum
3373 1780 3639 1837 Ecclesia“;

397 1905 477 1942 vae
494 1887 536 1950 θ,
574 1906 599 1938 »
645 1884 795 1956 quod
833 1881 1049 1952 legalis,
1101 1895 1270 1952 quam
1310 1877 1592 1932 habebant
1627 1875 1830 1942 Judaei,
1860 1892 1996 1947 ape-

399 1976 543 2032 ratio
565 1977 686 2046 jam
711 1972 961 2028 cessavit.

475 2066 666 2121 Oleum
687 2067 772 2116 est
791 2061 1034 2132 Spiritus
1051 2050 1296 2124 sanctus,
1319 2062 1384 2112 ut
1411 2056 1469 2110 in
1493 2055 1676 2111 Isaia:
1712 2075 1734 2106 ι
1759 2057 1998 2126 Compu-

403 2159 608 2210 trescet
643 2154 845 2224 jugum
892 2168 926 2204 a
956 2149 1094 2203 facie
1122 2147 1292 2213 olei",
1329 2166 1352 2196 ι
1388 2147 1445 2200 id
1482 2150 1586 2210 est,
1617 2145 1842 2199 deficiet
1877 2161 2000 2216 pec-

403 2255 591 2298 catum
620 2243 678 2297 in
707 2239 1005 2314 praesentia
1035 2238 1276 2310 Spiritus
1304 2236 1500 2290 sancti.
1537 2237 1748 2300 Oleum,
1776 2235 2002 2289 interna

403 2333 604 2402 gratia,
648 2338 712 2386 ut
765 2331 822 2384 in
863 2329 1010 2384 Job:
1069 2349 1090 2380 ι
1143 2328 1312 2381 Petra
1345 2324 1615 2380 fundebat
1662 2323 1801 2377 mihi
1855 2323 2000 2378 rivos

407 2422 515 2476 olei
545 2422 586 2486 ⁸,
627 2441 647 2471 ι
683 2420 739 2474 id
778 2424 882 2484 est,
913 2415 1170 2471 Christus
1203 2415 1338 2469 mihi
1367 2413 1605 2468 contulit
1633 2412 1778 2466 dona
1805 2412 2002 2481 gratiae

409 2528 542 2566 suae.
577 2512 784 2574 Oleum,
819 2507 1038 2561 devotio
1069 2505 1293 2571 mentis,
1334 2508 1398 2557 ut
1427 2503 1484 2556 in
1518 2501 1703 2556 Exodo
1746 2519 1756 2554 :
1792 2519 1816 2554 α
1860 2501 2004 2555 Alfe-

411 2604 540 2653 rant
558 2598 657 2652 tibi
686 2599 874 2651 oleum
899 2596 969 2648 de
1000 2593 1294 2648 arboribus
1323 2591 1690 2663 purissimum
1719 2590 1760 2656 θ,
1797 2609 1823 2643 ι)
1857 2590 2004 2661 quod

406 2689 568 2759 juxta
591 2686 844 2756 exempla
874 2690 1096 2755 patrum
1128 2681 1560 2753 praecedentium
1589 2679 1688 2733 uni
1754 2721 1766 2733 .
1815 2719 1825 2730 .
1873 2721 1884 2732 .
1933 2717 1945 2730 .
1991 2723 2002 2735 .

413 2774 682 2830 debemus
711 2774 826 2826 Deo
855 2773 1054 2825 afferre
1083 2769 1435 2824 devotionem
1497 2770 1706 2834 Oleum,
1741 2767 2002 2832 Charitas,

414 2871 480 2920 ut
512 2863 571 2916 in
600 2861 930 2916 Ecclesiaste
977 2877 988 2912 :
1037 2880 1058 2910 ι
1093 2858 1295 2912 Oleum
1323 2857 1392 2911 de
1423 2857 1604 2928 capite
1644 2862 1742 2910 tuo
1770 2873 1882 2910 non
1909 2856 2007 2910 de-

419 2951 652 3016 ficiat”,
697 2969 722 3003 ι
762 2950 818 3004 id
858 2955 960 3016 est,
1016 2947 1260 3001 Charitas
1310 2946 1368 3000 in
1411 2951 1599 3000 mente
1643 2950 1742 3000 tua
1787 2961 2011 3016 semper
2025 2979 2068 3039 Ο

420 3043 604 3096 duret.
639 3041 848 3104 Oleum,
875 3036 1264 3092 testimonium
1290 3034 1490 3099 cordis,
1514 3039 1578 3088 ut
1597 3033 1655 3088 in
1675 3034 2008 3103 Evangelia:

427 3148 455 3183 ι
477 3128 788 3184 Prudentes
807 3144 938 3181 vero
956 3129 1295 3196 acceperunt
1313 3124 1498 3178 oleum
1520 3123 1578 3177 in
1595 3122 1741 3176 vasis
1763 3122 1880 3177 suis
1901 3122 1965 3188 “,
1983 3139 2010 3175 ι

423 3218 571 3291 quod
599 3217 703 3270 viri
729 3216 906 3270 sancti
935 3214 1317 3270 testimonium
1345 3211 1696 3267 conscientiae
1727 3211 1934 3266 habent
1957 3211 2014 3265 in

422 3306 682 3362 cordibus
713 3305 846 3360 suis.
883 3307 1093 3370 Oleum,
1120 3301 1442 3368 consolatio,
1473 3308 1536 3356 ut
1571 3301 1630 3355 in
1672 3300 1967 3370 Evangelia
1999 3317 2010 3353 :

427 3417 450 3448 cr
488 3395 792 3452 Infundens
831 3395 1018 3448 oleum
1047 3399 1106 3448 et
1150 3392 1341 3447 vinum
1363 3391 1424 3458 ‘9,
1465 3415 1488 3439 ιι
1530 3390 1585 3444 id
1625 3395 1728 3454 est,
1763 3389 2016 3444 consola-

420 3487 632 3542 tionem
654 3490 712 3539 et
738 3483 1164 3554 carreptianem.
1183 3482 1392 3546 Oleum,
1414 3480 1566 3534 fama
1587 3479 1787 3534 divinae
1815 3477 2014 3546 laudis,

425 3580 490 3630 ut
520 3575 579 3628 in
623 3573 853 3629 Cantica
889 3591 899 3626 ε
939 3572 1168 3626 «Oleum
1198 3571 1436 3624 effusum
1466 3586 1670 3623 nomen
1698 3573 1856 3622 tuum
1891 3567 1952 3634 '3,
1987 3587 2013 3618 υ

427 3664 575 3735 quod
589 3662 846 3716 videlicet
865 3663 921 3715 in
935 3660 1178 3715 Ecclesia
1189 3658 1514 3713 excellentia
1529 3657 1718 3711 divina
1737 3657 2016 3711 laudatur.

429 3754 638 3818 Oleum,
657 3751 869 3806 activus
885 3749 1134 3820 quilibet,
1155 3753 1219 3802 ut
1234 3747 1293 3802 in
1312 3745 1674 3818 Apocalypsi:
1697 3767 1718 3798 ι
1740 3746 1808 3800 Et
1833 3745 2019 3798 oleum

427 3847 484 3895 et
509 3841 701 3894 vinum
738 3856 808 3894 ne
835 3838 1044 3894 laeseris
1069 3838 1134 3904 1‘,
1170 3855 1196 3890 υ
1241 3837 1300 3890 id
1327 3841 1432 3902 est,
1477 3835 1936 3906 contemplativos
1966 3839 2023 3887 et

425 3930 634 3985 artivos
684 3945 795 3983 non
847 3926 1204 3998 discrepabis.
1268 3926 1479 3988 Oleum,
1526 3923 1796 3988 adulatio,
1855 3928 1920 3977 ut
1963 3922 2022 3976 in

2078 1886 2420 1957 irrumpunt.

2153 1994 2376 2060 Onycha
2407 1996 2493 2045 est
2525 1989 2722 2054 oratio,
2755 1990 2821 2040 ut
2859 1985 2917 2038 in
2951 1982 3138 2038 Exodo
3171 2000 3182 2034 :
3237 1999 3263 2032 «
3297 1977 3564 2050 Onycham
3597 1981 3644 2030 et

2077 2083 2383 2156 galbanum
2412 2081 2433 2102 ⁶
2465 2075 2679 2132 homini
2719 2075 2947 2129 odorem
2976 2071 3042 2138 Ἃ,
3081 2091 3101 2122 ι
3138 2069 3196 2125 id
3235 2073 3336 2134 est,
3365 2067 3641 2122 orationem

2081 2179 2138 2229 et
2165 2169 2546 2244 operationem
2576 2166 2736 2220 bona:
2761 2164 2942 2217 lanna.

2159 2279 2452 2348 Oplimatcs
2472 2278 2606 2328 sunt
2629 2272 2904 2333 doctores,
2928 2275 2992 2322 ut
3024 2268 3079 2320 in
3117 2266 3223 2320 Job
3251 2282 3266 2316 :
3303 2285 3324 2310 ι»
3357 2265 3423 2318 Et
3447 2262 3648 2333 Optima-

2083 2375 2168 2424 tes
2217 2366 2538 2438 supplantat
2563 2362 2628 2423 ’5,
2665 2379 2690 2414 η
2741 2359 2885 2432 quod
2931 2355 3208 2428 superbos
3254 2374 3288 2408 ει
3331 2370 3388 2407 se
3427 2354 3648 2406 doctores

2086 2461 2236 2514 Deus
2276 2453 2518 2526 expellit.

2160 2556 2316 2612 Orbis
2349 2557 2435 2608 est
2456 2549 2699 2604 mundus
2726 2547 2852 2612 iste,
2883 2545 3024 2599 utin
3045 2542 3148 2597 Joh
3183 2560 3194 2594 :
3234 2565 3254 2588 ιι
3287 2539 3398 2594 Sub
3428 2554 3528 2608 quo
3552 2552 3653 2590 cur-

2087 2650 2290 2699 vantur
2320 2641 2414 2713 qui
2447 2642 2676 2710 portant
2704 2635 2895 2690 orbem
2918 2633 2983 2698 ’5,
3020 2653 3040 2682 ι
3077 2632 3228 2703 quod
3259 2632 3314 2684 in
3346 2627 3655 2697 contempla-

2090 2735 2240 2789 tione
2279 2731 2477 2785 divina:
2517 2724 2829 2798 majestatis
2862 2721 3239 2777 humiliantur
3272 2725 3329 2773 et
3354 2715 3548 2787 angeli,
3579 2714 3656 2786 qui

2090 2823 2394 2894 disponunt
2424 2819 2573 2872 hunc
2633 2813 2928 2869 mundum.
2993 2813 3169 2873 Orbis,
3217 2807 3474 2868 Ecclesia,
3519 2811 3574 2859 ut
3614 2803 3659 2856 in

2095 2892 2324 2968 Cantica
2352 2927 2360 2960 :
2390 2927 2415 2960 «
2440 2908 2508 2961 Et
2530 2904 2718 2977 posuit
2747 2918 2917 2974 super
2940 2918 3035 2955 eos
3057 2899 3254 2953 orbem
3273 2898 3339 2963 τί,
3366 2913 3392 2948 ι)
3415 2893 3550 2966 quod
3573 2892 3662 2946 ele~

2090 3007 2208 3055 ctos
2239 3016 2368 3054 suos
2395 2997 2450 3050 in
2478 2995 2620 3050 libro
2645 2992 2819 3046 beatae
2844 3007 2958 3062 pra)
2969 2987 3373 3044 destinationis
3400 2985 3538 3040 Deus
3555 2998 3664 3054 per-

2093 3090 2328 3160 scriptas
2354 3092 2529 3140 tenet.
3118 3137 3128 3148 ο

2167 3189 2403 3242 Ordcum
2433 3188 2519 3237 est
2538 3181 2807 3252 operatio,
2835 3185 2898 3232 ut
2919 3178 2976 3231 in
3007 3174 3114 3230 Job
3143 3193 3154 3227 :
3189 3194 3215 3225 «
3240 3174 3348 3228 Pro
3371 3173 3530 3226 ardeo
3549 3167 3668 3223 aria-

2093 3285 2188 3332 tur
2216 3274 2356 3330 mihi
2383 3273 2546 3344 spina
2563 3270 2629 3334 ’3,
2664 3270 2720 3324 id
2752 3273 2854 3334 cst,
2901 3268 3020 3320 loco
3064 3264 3228 3318 fartis
3272 3261 3499 3317 actionis
3533 3259 3600 3312 sit
3620 3257 3668 3310 in

2095 3383 2185 3420 me
2212 3363 2440 3436 punctio
2471 3359 2700 3432 peccati.
2739 3359 2998 3420 Orclemn,
3032 3353 3210 3406 Vetus
3257 3353 3668 3406 Testamentum.

2095 3461 2160 3511 ut
2186 3455 2244 3508 in
2275 3449 2569 3521 Evangelia
2596 3467 2606 3500 :
2639 3468 2664 3499 «
2691 3449 2838 3502 Puer
2867 3445 2963 3516 qui
2983 3441 3237 3497 habebat
3259 3441 3500 3512 quinque
3526 3450 3674 3508 panes

2097 3543 2395 3598 ordeaceos
2420 3539 2486 3605 ’9,
2517 3557 2538 3589 ι
2579 3537 2726 3608 quod
2759 3534 2997 3607 populus
3035 3548 3211 3586 sensu
3259 3528 3484 3602 puerilis
3518 3527 3674 3596 legem

2099 3637 2342 3686 veterem
2382 3628 2628 3700 quinque
2675 3625 2833 3678 libris
2879 3621 3056 3693 Moysi
3096 3620 3550 3691 comprehensam
3592 3615 3675 3666 ha-

2100 3721 2284 3775 bebat.

2174 3819 2462 3887 Organmn
2491 3820 2577 3869 est
2610 3811 2804 3868 laetitia
2833 3810 3058 3874 mentis,
3086 3814 3148 3863 ut
3179 3808 3239 3861 in
3273 3805 3379 3861 Job
3412 3823 3422 3857 :
3458 3824 3483 3854 (ι
3516 3803 3576 3856 Et
3603 3815 3680 3853 ar-

2097 3924 2309 3981 ganum
2340 3921 2528 3959 meum
2559 3903 2614 3957 in
2653 3918 2844 3956 vocem
2869 3896 3209 3961 flentium”,
3271 3916 3293 3946 ι
3341 3895 3396 3949 id
3429 3899 3526 3959 est,
3561 3902 3682 3960 gau-

428 4019 669 4073 Psalmis
694 4036 704 4069 :
737 4037 756 4068 c
787 4017 986 4070 Oleum
1015 4020 1206 4069 autem
1228 4013 1535 4085 peccatoris
1555 4029 1667 4067 non
1690 4011 2026 4083 [impinguet
2101 3998 2234 4052 dere
2259 3994 2354 4066 (111i
2380 3993 2646 4058 SOIebams
2675 3990 2840 4044 mOdO
2869 3989 3060 4042 ἀοῙοΓθ
3093 3987 3300 4058 Plenus
3321 4001 3464 4039 sum-
3489 3983 3682 4085 ὀν’

427 4111 598 4178 caput
619 4105 828 4174 meum]
858 4103 921 4168 ‘5,
948 4121 974 4156 »
1007 4103 1062 4156 id
1093 4108 1196 4165 est,
1229 4103 1382 4156 favor
1407 4101 1712 4156 adulatoris
1743 4117 1855 4154 non
1880 4099 2005 4154 laeti-

2102 4103 2312 4154 ganum
2343 4081 2785 4154 praedicationes,

429 4195 617 4250 ﬁcabit
653 4210 749 4248 cor
777 4209 982 4246 meum.

505 4286 625 4338 Olla
662 4289 747 4336 est
775 4279 1080 4344 tribulatio,
1125 4283 1187 4332 ut
1215 4277 1273 4331 in
1303 4277 1538 4331 Psalmis
1581 4295 1592 4330 :
1649 4299 1672 4328 ι
1720 4275 1883 4331 Moab
1913 4276 2022 4329 olla

430 4372 548 4444 spei
571 4373 760 4426 meae“
777 4411 789 4435 ,
814 4389 838 4423 ))
871 4369 928 4422 id
949 4374 1052 4433 est,
1076 4365 1384 4430 tribulatio,
1410 4382 1578 4436 quam
1603 4382 1638 4418 a
1665 4365 1886 4419 diabolo
1907 4380 2022 4417 sus-

428 4463 600 4526 tineo,
633 4465 803 4531 auget
832 4476 922 4513 me
965 4457 1022 4512 in
1051 4472 1167 4527 spe.
1211 4456 1351 4519 Olla,
1387 4471 1546 4508 mens
1583 4453 1839 4526 reproba,
1873 4458 1937 4507 ut
1963 4453 2021 4506 in

341 4613 351 4619 _
427 4550 670 4605 Jeremia
702 4567 714 4602 :
752 4569 773 4600 ι
807 4549 988 4604 Ollam
1021 4560 1342 4600 succensam
1371 4559 1474 4613 ego
1503 4543 1662 4598 video
1692 4543 1756 4608 ¹“¹,
1779 4563 1804 4591 ιι
1830 4542 1886 4595 id
1915 4547 2017 4607 est,

429 4643 673 4692 mentem
707 4636 1000 4708 reprabam
1031 4633 1324 4688 desideriis
1353 4631 1673 4687 carnalibus
1701 4631 2019 4686 inﬂamma-

427 4732 542 4782 tam
574 4725 800 4797 aspicio.
837 4726 976 4791 Olla,
1002 4723 1219 4777 malitia
1247 4721 1472 4786 diaboli,
1505 4727 1570 4774 ut
1596 4721 1653 4774 in
1681 4719 1818 4774 Job:
1849 4739 1870 4770 α
1894 4719 2022 4773 Fer-

427 4831 647 4870 vescere
699 4813 867 4885 'quasi
920 4813 1089 4866 ollam
1139 4810 1477 4882 profundum
1535 4809 1772 4874 mare“,
1805 4825 1831 4861 1)
1873 4808 2021 4879 quod

425 4905 680 4960 diabolus
725 4904 888 4974 juxta
915 4901 1232 4972 exemplum
1261 4898 1492 4953 malitia:
1521 4916 1634 4952 suae
1666 4914 1897 4969 pravum
1928 4913 2022 4951 cor

429 4993 736 5050 succendit.

501 5084 915 5139 Onocentaurus
935 5084 1022 5134 est
1052 5078 1287 5150 quilibet
1307 5076 1578 5148 reprobus
1599 5082 1657 5130 et
1685 5075 2018 5139 luxuriosus,

425 5178 492 5226 ut
519 5172 577 5225 in
606 5171 786 5226 Isaia:
819 5189 844 5222 ‹‹
875 5170 1184 5224 Occurrent
1209 5166 1483 5222 daemonia.
1513 5163 2017 5230 anocentaurisw,»

2817 4084 2882 4133 ut
2903 4078 2961 4131 in
2980 4076 3222 4130 Psalmis
3259 4094 3271 4128 :
3303 4093 3328 4125 α
3354 4074 3418 4127 In
3448 4066 3680 4124 salicibus

2102 4177 2162 4230 in
2193 4173 2378 4228 media
2407 4172 2530 4240 ejus
2569 4167 2966 4240 suspendimus
3001 4181 3224 4234 organa
3266 4168 3457 4217 nostra
3484 4159 3545 4223 3‘,
3580 4178 3598 4204 ι
3635 4153 3680 4206 id

2105 4269 2208 4329 est,
2241 4278 2428 4316 coram
2461 4259 2624 4313 elatis
2660 4265 2716 4311 et
2745 4253 3122 4318 infructuosis,
3158 4253 3259 4324 qui
3301 4253 3358 4306 in
3388 4245 3678 4304 confusione

2105 4353 2364 4406 vitiorum
2395 4353 2776 4420 perseverant,
2821 4345 3115 4398 ostendere
3145 4343 3415 4396 nolumus
3443 4335 3680 4410 praedica-

2104 4442 2285 4496 tiones
2315 4444 2557 4493 nostras.

2177 4539 2368 4594 Oriens
2399 4540 2484 4591 est
2516 4535 2794 4600 Christus,
2827 4537 2889 4586 ut
2910 4534 2928 4554 ⁴
2959 4531 3018 4585 in
3043 4529 3314 4584 Zacharia
3347 4547 3358 4580 :
3393 4545 3416 4580 α
3457 4519 3679 4579 Visitavit

2102 4644 2205 4682 nos
2233 4627 2419 4681 oriens
2447 4642 2512 4680 ex
2543 4622 2769 4695 [alta]3’,
2797 4622 2853 4675 id
2887 4625 2991 4684 est,
3021 4618 3174 4673 venit
3203 4619 3276 4672 ad
3309 4633 3412 4670 nas
3453 4611 3677 4668 Christus

2103 4717 2172 4771 de
2197 4717 2356 4772 coelo.
2388 4717 2598 4780 Oriens,
2632 4711 2896 4784 pueritia,
2930 4713 2995 4763 ut
3023 4708 3079 4762 in
3106 4706 3410 4777 Evangelia
3443 4722 3454 4756 :
3490 4721 3515 4755 α
3541 4695 3676 4755 Multi

2103 4805 2173 4860 ab
2191 4805 2408 4859 oriente
2427 4800 2724 4866 venient”,
2749 4821 2772 4850 η
2793 4799 2939 4870 quod
2953 4798 3142 4870 plures
3163 4813 3194 4848 a
3217 4793 3461 4866 pueritia
3478 4788 3681 4844 veniunt

2103 4897 2173 4950 ad
2211 4893 2516 4950 Christum.
2555 4893 2765 4954 Oriens,
2802 4889 3040 4960 populus
3069 4885 3359 4948 Judaicus,
3393 4880 3534 4936 utin
3559 4879 3682 4948 Apo-

2103 4983 2313 5056 calypsi
2371 5001 2394 5034 «
2441 4981 2526 5035 Ab
2568 4979 2782 5034 oriente
2837 4981 3010 5048 portae
3055 4973 3248 5036 tres“,
3295 4992 3317 5024 ι
3362 4969 3507 5042 quod
3536 4971 3554 4990 '
3593 4965 3678 5018 Ju-

2105 5053 2246 5128 dzeis
2271 5071 2452 5126 ﬁdelis
2475 5067 2714 5123 civitatis
2745 5065 3009 5120 nuntiata
3042 5068 3145 5118 est.
3181 5063 3398 5126 Oriens,
3439 5053 3680 5112 sanctitas

2106 5162 2249 5229 vitae,
2282 5167 2344 5214 ut
2376 5160 2431 5214 in
2460 5157 2619 5214 Job35
2651 5174 2662 5210 ε
2701 5175 2725 5208 α
2769 5154 2829 5210 Si
2859 5153 2930 5208 ab
2960 5153 3175 5208 oriente
3215 5151 3356 5214 iero,
3392 5163 3500 5201 non
3525 5157 3678 5214 appa-

501 5331 517 5362 ¹
553 5331 713 5382 Cant.
747 5344 844 5394 vn,
878 5332 929 5382 8.
961 5329 984 5362 ²
1013 5331 1119 5382 Isa.
1154 5341 1266 5391 xu,
1292 5327 1380 5381 19.
1414 5325 1438 5359 ³
1466 5326 1645 5380 Ᾰυιιίο.
1681 5340 1756 5386 1x,
1787 5321 1839 5379 8.
1868 5323 1890 5356 4
1916 5323 2064 5376 Psal.
2100 5337 2174 5387 LI,
2209 5321 2262 5394 3.
2291 5321 2312 5354 ⁵
2340 5320 2443 5374 Job
2473 5334 2560 5382 xv,
2582 5315 2937 5394 33.}.7‘Haba.
2963 5315 3148 5394 91,17.
3182 5314 3200 5346 ⁷
3234 5313 3342 5366 Isa.
3371 5301 3678 5394 xh‘llﬁlolb

432 5415 579 5465 xxix,
611 5401 662 5452 6.
696 5401 718 5433 ο
745 5373 910 5452 Εχδιι.
933 5415 1101 5462 xxvu,
1129 5399 1215 5453 ‘20.
1249 5373 1295 5432 ίο
1318 5398 1492 5452 Eccle.
1529 5412 1602 5455 1x.
1627 5396 1678 5450 8.
1715 5373 1970 5449 HVMatth.
1990 5409 2114 5457 xxv,
2134 5373 2185 5445 4⁷.
2212 5393 2399 5446 1*Luc.
2427 5407 2515 5465 xx.
2535 5373 2634 5465 3i._
2659 5389 2702 5424 ¹³
2719 5390 2880 5465 Cant.
2901 5403 2938 5450 1,
2961 5387 3013 5440 3.
3039 5373 3288 5465 "‘“Apac.
3321 5378 3527 5465 “#6.:

431 5445 638 5534 (:XL,,5.
674 5469 718 5502 ¹⁶
750 5471 892 5523 Fsal.
928 5486 1038 5534 1.1x,
1071 5445 1158 5523 110.
1191 5471 1230 5504 ³⁷
1260 5471 1372 5524 Jcr.
1397 5484 1435 5534 1,
1463 5469 1550 5522 13.
1584 5445 1628 5502 ίδ
1657 5467 1759 5520 Job
1789 5481 1898 5530 xu,

2105 5445 2232 5519 ,lsa.
2267 5445 2964 5534 xxx1v,14.f°7Jabxxxix,
3072 5445 3263 5534 ξίηὶοὺ
3287 5445 3671 5534 v1,"5‘.:"l‘sal.

429 5519 662 5599 01x3“.
697 5539 742 5572 ’³
772 5539 874 5593 Job
903 5519 1048 5604 xx1v1,
1079 5543 1129 5594 .5.
1159 5540 1202 5574 ²¹
1235 5519 1559 5604 madidi,
1590 5519 1677 5594 3-1.
1709 5519 2000 5596 ’5Jab'x11.
2023 5536 2112 5590 19.
2145 5535 2190 5568 9°
2219 5534 2320 5588 Job
2342 5549 2416 5598 1x,
2443 5519 2537 5586 '13.
2561 5532 2650 5604 271
2677 5533 2808 5604 Reg.
2835 5519 2966 5589 11.8.
2995 5529 3040 5562 ²³
3063 5526 3164 5604 Job
3187 5521 3440 5604 xx§1,3_0.
3464 5519 3668 5604 9-91an.

433 5630 503 5682 v1,
535 5597 586 5668 ll.
612 5613 658 5644 “0
687 5611 790 5666 Job
817 5626 942 5676 XXX,
973 5585 1058 5667 3⁷1⁷.
1090 5611 1130 5646 δ’
1165 5611 1312 5665 l’sal.
1339 5585 1560 5676 CXXXVI:
1593 5609 1645 5666 ‘2.
1676 5610 1722 5642 "‘3
1750 5611 1882 5664 Luc.
1913 5623 1952 5676 1,
1986 5585 2086 5664 :78:
2189 5585 2546 5670 Matth.’vi11,
2579 5603 2666 5659 ll.
2697 5585 2941 5674 3“}Xpoc.
2975 5614 3087 5665 .\.\l,
3123 5599 3207 5652 13.
3244 5597 3292 5630 ἆτ’
3316 5585 3417 5650 Job
3443 5603 3588 5655 xxm,
3621 5585 3668 5637 8.

3877 1003 3879 1022 |

3877 1145 3879 1208 ξ

3877 1343 3879 1358 1
