3942 6158
328 266 466 323 1013

1270 267 1701 324 ΑΙιΙλΕΟΟΗΙίΕ
1741 270 1817 324 ΙΝ
1858 271 2147 326 SACRAM
2189 269 2674 323 SCRIPTURAM.

3475 263 3606 324 1014

319 397 422 458 ret,
458 411 484 441 ι)
515 392 572 446 id
608 398 712 458 est,
748 394 1002 464 quamvis
1039 395 1098 447 in
1127 391 1426 447 sanctitate
1457 391 1581 446 vitae
1618 393 1792 458 fuero,
1825 397 1978 456 ta-A
1999 394 2056 448 in
2086 392 2188 448 Job
2222 412 2232 446 :
2272 410 2297 444 ι(
2335 393 2402 446 Et
2422 390 2681 445 medullis
2711 405 2837 443 ossa
2867 388 3015 442 illius
3051 387 3362 457 irrigantur
3391 388 3454 454 ιθ,
3490 405 3514 439 ι)
3552 387 3607 442 id

320 497 447 536 men
473 481 637 553 plene
659 499 890 536 securus
914 500 1022 536 non
1046 500 1191 536 sum.

393 572 618 628 Orioncs
637 577 770 626 sunt
793 577 1090 644 martyres,
1113 575 1179 626 ut
1197 571 1253 626 in
1275 571 1378 624 Job
1413 589 1423 624 :
1465 592 1484 622 ι
1527 571 1635 634 Qui
1668 572 1798 625 fecit
1825 574 1924 626 Ar-

323 666 542 716 cturum
566 666 624 714 et
634 659 869 715 Oriones
891 662 930 724 ¹,
952 680 973 710 ι
1005 661 1150 732 quod
1175 661 1324 716 Deus
1345 667 1594 714 sanctam
1619 660 1919 714 Ecclesium

322 749 592 814 fundavit,
617 749 746 804 etin
769 767 835 804 ea
855 755 1076 804 sanctos
1099 756 1376 821 martyres
1393 749 1671 820 produxit.

397 840 582 905 Ortus,
615 844 810 894 sancta
847 838 1108 903 Ecclesia,
1151 845 1215 892 ut
1249 839 1304 892 in
1339 839 1569 894 Cantica
1603 857 1614 892 :
1655 859 1680 888 ‹ι
1716 839 1923 892 Hortus

324 933 407 982 est
430 929 725 984 conclusus
774 945 934 982 soror
979 945 1107 983 mea
1148 945 1352 1000 sponsa
1373 928 1414 990 ³,
1461 947 1487 981 ›)
1539 929 1686 1000 quod
1730 935 1924 983 sancta

327 1017 568 1072 Ecclesia
583 1017 705 1072 viva
726 1017 834 1072 ﬁde
865 1017 1118 1089 undique
1147 1018 1384 1072 munita.
1410 1019 1596 1084 Ortus,
1623 1035 1781 1072 mens
1801 1035 1925 1072 san-

322 1111 428 1172 cta,
455 1111 522 1161 ut
539 1105 597 1160 in
620 1106 886 1161 Cantica:
913 1125 940 1160 ς(
960 1107 1164 1161 Veniat
1183 1107 1420 1161 dilectus
1439 1123 1599 1160 meus
1619 1107 1676 1160 in
1698 1107 1924 1161 hortum

321 1211 484 1250 suum
502 1195 545 1261 ³,
584 1215 609 1247 ))
642 1195 698 1249 id
727 1201 832 1262 est,
865 1194 1054 1250 visitet
1082 1201 1328 1250 mentem
1361 1213 1566 1262 meam,
1590 1195 1648 1249 in
1667 1213 1778 1266 qua
1790 1213 1920 1266 gra-

321 1283 530 1338 tiarum
557 1301 787 1340 suarum
814 1285 1072 1356 germina
1116 1285 1406 1356 plantavit.
1458 1287 1641 1348 Oltus,
1683 1285 1923 1340 caelestis

319 1377 524 1443 patria,
544 1373 681 1428 utin
698 1373 930 1429 Cantica
953 1391 964 1426 :
993 1391 1020 1426 ‹‹
1044 1373 1186 1428 Veni
1209 1373 1266 1428 in
1289 1373 1513 1428 hortum
1537 1390 1744 1440 meum,
1764 1390 1925 1428 soror

319 1478 447 1516 mea
475 1479 683 1534 sponsa
700 1462 742 1528 ⁸,
781 1483 803 1515 ι)
847 1462 903 1516 id
944 1468 1048 1529 est,
1093 1463 1294 1517 festina
1331 1463 1520 1518 venire
1568 1464 1636 1517 ad
1681 1463 1921 1534 patriam

319 1551 624 1616 caelestem,
658 1549 754 1605 ubi
783 1567 1058 1632 egosum.
1097 1553 1280 1618 Ortus,
1315 1552 1506 1607 anima
1529 1552 1728 1607 ﬁdelis.
1763 1555 1785 1576 δ
1819 1554 1922 1609 Or-

320 1646 429 1706 tus,
458 1640 733 1712 voluptas,
757 1646 822 1694 ut
840 1640 1072 1696 inlibris
1092 1641 1311 1712 Regum
1338 1660 1348 1694 :
1379 1660 1404 1694 «
1433 1642 1518 1696 Da
1545 1641 1683 1695 mihi
1703 1641 1921 1696 vineam

2005 487 2108 546 est,
2145 499 2324 553 pravae
2363 480 2524 551 impii
2565 478 3000 534 consuetudines
3041 475 3254 531 deliciis
3290 475 3608 532 carnalibus

2005 577 2363 625 renovantur.
2411 571 2519 624 Per
2559 585 2694 624 ossa.
2747 567 3134 638 suggestiones
3175 565 3403 632 diaboli,
3443 569 3508 620 ut
3551 565 3604 620 in

2005 659 2106 714 Job
2131 678 2141 712 :
2177 679 2198 709 ε
2225 660 2364 712 Ossa
2395 659 2517 728 ejus
2551 657 2721 710 veluti
2754 657 2952 709 ﬁstulae
2979 655 3106 709 aeris
3126 655 3189 718 ‘9,
3221 655 3370 725 quod
3399 653 3607 709 diaboli

2005 749 2412 818 suggestiones,
2429 748 2560 800 dum
2571 745 2777 799 blande
2800 749 3019 805 sonant.
3045 760 3168 797 eam
3183 743 3484 814 decipiunt.
3502 744 3609 798 Per

2005 853 2140 900 ossa,
2169 853 2338 908 prava
2360 835 2632 900 doctrina,
2660 843 2724 887 ut
2747 834 2803 887 in
2833 832 3076 888 Jeremia
3100 849 3112 885 :
3141 850 3166 884 ί(
3197 832 3449 887 Adhaesit
3463 833 3608 888 cutis

2005 942 2199 980 eorum
2232 924 2449 979 ossibus
2469 924 2534 990 ³ο,
2569 943 2592 976 ι
2629 924 2686 977 id
2715 928 2818 990 est,
2854 921 3116 976 mollities
3142 937 3338 976 eorum
3366 921 3424 976 in
3455 925 3476 946 *
3499 922 3604 977 du-

2005 1014 2193 1068 ritiam
2227 1018 2574 1070 commutata
2603 1017 2706 1067 est.

2081 1105 2338 1158 Osculum
2363 1107 2451 1156 est
2473 1103 2683 1156 donum
2708 1100 2949 1172 Spiritus
2971 1100 3166 1168 sancti,
3183 1105 3248 1154 ut
3265 1100 3322 1154 in
3341 1099 3602 1154 Cantica:

2009 1212 2030 1244 ι
2068 1193 2364 1246 Osculetur
2393 1207 2482 1244 me
2515 1191 2703 1244 osculo
2725 1191 2838 1245 oris
2867 1191 2954 1244 sui
2983 1189 3049 1256 πί,
3083 1207 3106 1241 ι)
3142 1188 3196 1242 id
3228 1194 3332 1256 est,
3376 1195 3610 1244 exornet

2005 1297 2094 1335 me
2125 1282 2271 1334 dono
2312 1280 2554 1352 Spiritus
2595 1280 2794 1334 sancti.
2831 1279 3108 1344 Osculum,
3145 1279 3406 1346 Charitas,
3445 1282 3512 1334 ut
3548 1277 3606 1332 in

2005 1370 2302 1438 Evangelia
2333 1387 2343 1422 :
2376 1388 2399 1420 ι
2425 1368 2692 1424 Osculum
2716 1367 2855 1421 mihi
2877 1383 2990 1422 non
3010 1366 3212 1422 dedisti
3232 1366 3297 1433 9',
3320 1367 3468 1439 quod
3490 1367 3606 1422 Deo

2005 1476 2106 1531 per
2135 1459 2466 1514 charitatcm
2495 1457 2766 1512 Judaicus
2786 1456 3024 1528 populus
3043 1455 3224 1510 noluit
3251 1457 3478 1512 servire.
3499 1456 3609 1510 Per

2005 1553 2251 1604 osculum
2285 1546 2661 1619 deceptiones,
2703 1550 2769 1600 ut
2805 1545 2865 1599 in
2907 1544 3196 1600 Parabolis
3239 1563 3250 1598 :
3305 1565 3326 1597 ι
3373 1545 3608 1600 Meliora

2005 1644 2138 1693 sunt
2175 1637 2408 1692 vulnera
2455 1635 2759 1706 diligentis,
2807 1651 2977 1706 quam
3013 1633 3372 1688 fraudulenta
3415 1634 3608 1689 oscula

316 1733 498 1794 tuam,
531 1734 597 1784 ut
623 1729 823 1784 faciam
847 1730 987 1784 mihi
1017 1731 1243 1785 hortum
1275 1732 1490 1785 olerum
1510 1730 1552 1796 ⁵,
1583 1749 1604 1780 ι
1631 1731 1778 1802 quod
1807 1731 1924 1784 dia-
1940 1715 1986 1774 Β
2005 1727 2245 1782 odientis
2265 1726 2330 1792 ’3,
2362 1745 2387 1778 ι)
2413 1725 2562 1797 quod
2582 1724 2838 1780 utiliores
2857 1723 3240 1796 correptiones
3257 1721 3421 1778 amici
3435 1723 3604 1794 quam

315 1815 481 1872 bolus
518 1817 868 1890 spiritualem
909 1819 1152 1874 hominis
1187 1819 1442 1874 laetitiam
1469 1818 1776 1874 transferre
1803 1820 1926 1874 vult

317 1907 379 1962 in
401 1908 749 1979 voluptatem
761 1907 1075 1963 carnalium
1095 1908 1522 1964 desideriorum.

389 1997 478 2062 0s,
513 1996 687 2051 Filius
716 1996 838 2063 Dei,
871 2002 936 2052 ut
965 1997 1024 2052 in
1051 1997 1154 2052 Job
1186 2011 1200 2052 :
1235 2018 1257 2049 ε
1293 1999 1362 2052 Et
1392 2013 1592 2052 sonum
1623 1997 1693 2051 de
1723 2013 1818 2052 ore
1855 1997 1919 2050 il-

312 2085 428 2142 lius
459 2087 854 2158 procedentem
883 2087 926 2153 ⁸,
961 2107 990 2140 ι)
1022 2087 1080 2142 id
1109 2092 1220 2152 est,
1261 2087 1687 2142 instructionem
1714 2088 1922 2142 summi

311 2175 504 2230 Patris
539 2179 562 2200 "
593 2175 663 2230 de
688 2175 830 2230 Filio
859 2177 1273 2248 procedentem.
1310 2178 1393 2241 Os,
1441 2175 1678 2248 quilibet
1719 2177 1920 2248 praedi-

308 2271 492 2331 cator,
527 2269 592 2319 ut
619 2265 676 2319 in
707 2265 1041 2338 Apocalypsi
1070 2285 1082 2319 :
1121 2285 1144 2315 α
1181 2265 1448 2338 Incipiam
1477 2272 1534 2320 te
1573 2281 1828 2320 evomere
1857 2283 1922 2319 ex

309 2371 410 2408 ore
450 2371 576 2408 meo
596 2355 637 2417 ⁷,
683 2355 740 2408 id
784 2359 888 2420 est,
941 2372 1040 2426 per
1077 2355 1468 2426 praedicatores
1511 2371 1666 2410 meos
1713 2372 1745 2408 a
1788 2371 1920 2409 con-

308 2443 489 2498 sortio
541 2449 865 2498 sanctorum
917 2444 1138 2514 ejiciam
1179 2448 1254 2498 te.
1306 2445 1389 2508 0s,
1439 2449 1716 2499 secretum
1765 2443 1920 2500 bonae

311 2525 545 2592 mentis,
581 2530 646 2580 ut
671 2525 730 2580 in
759 2527 996 2581 Psalmis
1028 2545 1040 2580 :
1083 2546 1109 2578 α
1140 2528 1208 2582 Et
1235 2544 1297 2581 os
1331 2544 1518 2582 meum
1564 2527 1922 2583 annuntiabit

312 2615 545 2669 laudem
575 2621 733 2670 tuam
751 2616 793 2682 ⁸,
827 2633 855 2668 n
888 2615 944 2670 id
962 2622 1066 2674 est.
1099 2616 1158 2670 in
1187 2633 1392 2670 arcano
1414 2617 1619 2670 mentis
1647 2633 1784 2671 meae
1803 2618 1920 2672 lau-

306 2703 460 2758 dabo
489 2709 568 2758 te.
596 2705 680 2767 0s,
709 2721 880 2775 prava
895 2705 1179 2776 cogitatio,
1203 2705 1342 2759 utin
1358 2704 1462 2760 Job
1495 2723 1506 2758 :
1545 2724 1566 2755 α
1601 2707 1740 2760 Cum
1769 2707 1917 2760 enim

313 2793 483 2848 dulce
541 2794 715 2848 fuerit
768 2794 825 2848 in
871 2811 966 2848 ore
1018 2795 1140 2864 ejus
1195 2795 1406 2848 malum
1435 2794 1476 2854 θ.
1529 2793 1584 2847 id
1641 2799 1742 2860 est,
1795 2812 1922 2848 cum

317 2900 495 2940 suave
524 2883 694 2938 fuerit
717 2885 768 2938 ei
795 2885 853 2938 in
875 2883 1213 2955 cogitatione
1237 2888 1544 2955 peccatum.
1579 2885 1662 2948 Os,
1693 2884 1916 2951 locutio,

2004 1816 2360 1887 deceptiones
2383 1814 2618 1870 inimici.

2078 1905 2290 1960 Ostium
2316 1910 2402 1958 est
2425 1902 2700 1968 Christus,
2733 1907 2800 1956 ut
2821 1901 2879 1954 in
2908 1901 3207 1972 Evangelia
3231 1918 3242 1954 :
3281 1918 3306 1952 (ι
3341 1900 3456 1972 Ego
3479 1915 3606 1955 sum

2003 1994 2211 2048 ostium
2233 1993 2418 2047 ovium
2437 1991 2501 2057 Ἃ,
2530 2011 2553 2043 ›)
2580 1991 2726 2062 quod
2748 2006 2850 2062 per
2870 1989 3155 2044 Christum
3176 1989 3392 2044 intrant
3409 1989 3604 2044 ﬁdeles

2003 2084 2072 2138 ad
2104 2097 2360 2153 regnum.
2396 2081 2629 2145 Ostium,
2654 2079 2907 2134 foramen
2925 2079 2984 2132 in
3014 2079 3190 2132 latere
3215 2078 3444 2145 Christi,
3463 2078 3602 2132 utin

2005 2172 2160 2227 libris
2190 2172 2406 2241 Regum
2434 2187 2445 2222 ε
2481 2189 2505 2219 ‹‹
2539 2168 2760 2223 Ostium
2789 2165 2982 2221 lateris
3003 2167 3174 2221 medii
3199 2166 3263 2231 ’⁵,
3299 2183 3326 2220 ι)
3353 2166 3413 2220 in
3445 2171 3604 2237 parte

2008 2265 2131 2314 erat
2158 2260 2359 2314 domus
2389 2261 2648 2322 dexterae,
2686 2257 2834 2328 quod
2865 2260 3122 2328 apertum
3161 2260 3284 2308 erat
3318 2256 3466 2309 latus
3501 2256 3606 2310 Do-

2009 2349 2166 2412 mini,
2198 2349 2346 2401 unde
2367 2347 2566 2402 salutis
2587 2351 2791 2402 nostrze
2817 2349 3170 2400 sacramenta
3195 2345 3602 2416 perﬂuxerunt.

2009 2439 2242 2500 Ostium,
2279 2436 2541 2503 Ecclesia,
2589 2440 2654 2490 ut
2681 2437 2740 2490 in
2779 2435 3008 2490 Cantica
3041 2452 3052 2487 :
3089 2451 3116 2487 ι
3163 2434 3222 2488 Si
3255 2432 3461 2488 ostium
3496 2439 3600 2499 est,

2006 2527 2428 2599 compingamus
2451 2527 2472 2549 δ
2495 2542 2625 2580 eum
2645 2525 2851 2580 tabulis
2871 2523 3114 2578 cedrinis
3131 2522 3197 2588 ⁸⁸,
3225 2541 3252 2576 ί(
3273 2522 3330 2576 id
3347 2527 3452 2588 est,
3480 2539 3606 2576 san-

2001 2622 2150 2672 ctam
2174 2615 2496 2679 Ecclesiam,
2533 2631 2635 2686 per
2663 2630 2834 2686 quam
2853 2613 2924 2666 ad
2945 2612 3184 2684 patriam
3207 2611 3488 2666 caelestem
3510 2627 3604 2682 pa-

2000 2711 2084 2760 tet
2123 2706 2404 2777 introitus,
2457 2703 2858 2759 adornabimus
2906 2700 3115 2756 sanctis
3155 2700 3310 2754 viris.
3363 2701 3598 2765 Ostium,

2004 2793 2438 2865 contemplativi,
2471 2799 2538 2848 ut
2563 2792 2622 2846 in
2657 2791 2960 2857 Ezechiele,
2988 2793 3008 2814 '
3028 2789 3088 2845 in
3116 2789 3328 2844 visione
3357 2789 3598 2844 interna.

2007 2885 2236 2948 Ostium,
2263 2899 2324 2938 os
2343 2888 2616 2946 nostrum,
2641 2886 2706 2936 ut
2735 2881 2792 2936 in
2819 2881 2922 2935 Job
2947 2899 2958 2934 :
2990 2899 3014 2931 α
3045 2877 3236 2944 Tacui,
3279 2895 3382 2932 nec
3410 2895 3602 2949 egres-

309 2971 452 3026 utin
467 2971 604 3026 Job:
630 2973 897 3027 «Manum
915 2987 1099 3027 meam
1113 2989 1316 3043 ponam
1331 2989 1502 3042 super
1515 2989 1576 3026 os
1597 2972 1862 3039 meum”,
1895 2991 1916 3022 ι
1951 2989 2098 3043 “sus
2128 2989 2252 3026 sum
2292 2973 2499 3026 ostium
2529 2971 2593 3038 ’7,
2643 2991 2666 3022 ι
2714 2970 2769 3024 id
2813 2975 2915 3037 est,
2956 2969 3236 3040 loquendo
3268 2983 3371 3040 per
3401 2984 3463 3022 os
3491 2983 3604 3022 non

306 3060 365 3116 id
399 3066 510 3128 est,
545 3077 646 3132 per
673 3060 874 3115 bonam
907 3035 1290 3132 operationem
1321 3035 1630 3116 emendabo
1652 3035 1922 3132 quidquid
1945 3035 1988 3096 C
2007 3061 2168 3116 exivi.
2195 3062 2430 3128 Ostium,
2448 3035 2824 3131 intelligentia
2839 3035 2993 3114 verbi
3013 3035 3135 3124 Dei,
3174 3064 3240 3113 ut
3264 3035 3324 3112 in
3353 3057 3604 3127 Evange-

304 3150 527 3222 deliqui
550 3167 651 3222 per
671 3167 901 3223 pravam
922 3151 1284 3205 locutionem.
1322 3151 1405 3216 Os,
1444 3156 1732 3221 peccatum
1753 3167 1924 3220 gran-

307 3239 402 3306 de,
438 3239 590 3294 utin
621 3239 724 3294 Job
756 3259 767 3293 :
807 3259 832 3290 ‹‹
866 3239 1115 3294 Salvabit
1141 3245 1198 3294 te
1229 3240 1298 3294 de
1330 3256 1424 3295 ore
1456 3247 1695 3310 angusto
1717 3240 1780 3304 ¹¹,
1812 3257 1838 3292 ))
1871 3239 1928 3294 id

310 3334 422 3394 est,
470 3331 491 3351 ⁶
517 3328 767 3384 liberabo
795 3335 853 3384 te
889 3347 924 3384 a
949 3335 1176 3402 peccato
1203 3329 1424 3401 grandi,
1463 3329 1520 3383 in
1551 3346 1662 3400 quo
1690 3328 1928 3384 constri-

312 3423 451 3473 ctus
491 3417 756 3472 tenebris.
809 3421 892 3485 Os,
943 3418 1220 3474 calliditas
1271 3419 1498 3486 diaboli,
1555 3424 1619 3473 ut
1671 3419 1727 3472 in
1767 3417 1868 3473 Job
1911 3433 1924 3474 :

313 3525 340 3558 ι
369 3505 629 3561 Salvabit
647 3512 702 3561 te
717 3507 786 3561 de
804 3523 900 3562 ore
921 3513 1180 3579 angusto,
1207 3513 1264 3562 et
1291 3509 1348 3562 in
1383 3509 1629 3562 medium
1661 3508 1773 3561 oris
1803 3507 1925 3577 ejus

306 3596 446 3668 quis
487 3595 720 3650 intravit
740 3595 805 3662 ¹²,
847 3617 867 3646 ι
904 3597 958 3651 id
990 3603 1094 3664 est,
1127 3598 1489 3652 calliditatem
1531 3596 1738 3650 diaboli
1777 3595 1922 3667 quis,

308 3683 426 3739 nisi
456 3701 582 3755 ego,
619 3685 780 3756 plene
799 3687 1054 3740 detexit?

387 3775 480 3838 Os,
517 3777 668 3840 ossis,
695 3774 866 3830 robur
885 3776 1107 3841 mentis,
1126 3781 1190 3829 ut
1209 3776 1266 3829 in
1301 3775 1539 3830 Psalmis
1576 3793 1588 3827 :
1627 3793 1652 3827 α
1686 3777 1811 3830 Non
1844 3783 1930 3832 est

310 3881 502 3918 os.....
531 3882 558 3913 η
597 3863 652 3918 id
683 3868 786 3930 est,
834 3863 880 3918 si
920 3864 1053 3936 quid
1094 3864 1311 3918 roboris
1350 3864 1407 3918 in
1453 3881 1542 3918 me
1584 3868 1688 3930 est,
1731 3871 1789 3919 et
1826 3865 1929 3919 tibi

309 3954 581 4024 ignotum
611 3969 724 4006 non
747 3958 850 4006 est.
889 3955 972 4017 Os,
998 3953 1259 4007 divinitas
1281 3953 1508 4019 Christi,
1535 3959 1598 4008 ut
1615 3953 1671 4007 in
1697 3954 1884 4008 Exodo
1915 3975 1924 4008 :

319 4063 341 4093 α
381 4043 468 4098 0s
489 4057 602 4095 non
627 4043 650 4064 ⁶
669 4041 1062 4096 comminuetis
1079 4059 1143 4096 ex
1183 4058 1249 4096 eo
1270 4041 1333 4108 ‘3,
1366 4062 1388 4092 ››
1413 4042 1561 4113 quod
1583 4042 1931 4096 divinitatem

316 4147 438 4186 non
473 4131 738 4202 poterant
767 4131 1016 4184 occidere
1046 4131 1104 4184 in
1125 4131 1367 4185 Christo.
1405 4131 1488 4197 Os,
1523 4131 1695 4185 robur
1721 4131 1932 4202 passia-

314 4219 412 4274 nis
426 4217 660 4286 Christi,
686 4223 751 4272 ut
783 4219 838 4272 in
869 4218 1004 4272 Job:
1034 4238 1060 4269 ι(
1081 4219 1221 4274 Pelli
1261 4236 1400 4274 mea}
1430 4219 1777 4290 consumptis
1808 4236 1932 4273 car-

317 4309 495 4363 nibus
526 4307 764 4362 adhzesit
791 4325 854 4362 os
880 4325 1068 4362 meum
1099 4308 1164 4375 Ν,
1209 4327 1234 4361 ι)
1267 4309 1321 4362 id
1350 4314 1452 4375 est,
1491 4308 1768 4379 passionis
1797 4325 1934 4363 mea)

2008 3152 2082 3205 lio
2107 3169 2118 3203 :
2150 3170 2170 3202 α
2201 3151 2229 3205 J
2235 3168 2326 3204 am
2346 3150 2551 3204 ostium
2565 3151 2818 3204 clausum
2837 3156 2923 3204 est
2947 3147 3011 3214 ³⁸,
3031 3167 3056 3201 ›)
3082 3147 3140 3202 id
3159 3152 3264 3213 est,
3287 3145 3606 3217 intelligen-

2010 3238 2088 3292 tia
2115 3238 2268 3292 verbi
2296 3255 2411 3292 non
2449 3243 2621 3310 patet.
2657 3240 2890 3304 Ostium,
2917 3237 3054 3292 ordo
3085 3236 3428 3303 auditorum,
3453 3239 3524 3290 ‘ut
3549 3235 3608 3290 in

2009 3327 2342 3400 Apocalypsi
2377 3345 2392 3381 :
2437 3346 2463 3379 «
2497 3328 2636 3382 Ecce
2665 3333 2753 3382 sto
2783 3327 2854 3381 ad
2880 3326 3088 3381 ostium
3117 3332 3175 3381 et
3199 3325 3363 3398 pulso
3389 3323 3454 3391 ³9,
3485 3343 3512 3380 ι
3549 3324 3607 3379 id

2012 3421 2116 3484 est,
2141 3433 2253 3481 cor,
2289 3421 2355 3471 ut
2382 3416 2687 3488 aperiatur,
2719 3416 2917 3470 excito.
2957 3416 3187 3482 Ostium,
3221 3415 3508 3486 ingressus
3526 3429 3610 3468 re-

2005 3505 2102 3578 gni
2135 3505 2391 3571 coelestis,
2417 3510 2482 3559 ut
2510 3504 2568 3558 in
2600 3504 2786 3558 Exodo
2819 3523 2830 3557 :
2871 3521 2898 3556 α
2944 3503 3154 3559 Oﬁ‘eret
3180 3519 3309 3558 eum
3339 3501 3610 3558 Dominus

2007 3595 2132 3662 diis,
2148 3601 2204 3648 et
2226 3591 2600 3665 applicabitur
2615 3592 2682 3646 ad
2698 3591 2906 3646 ostium
2923 3590 2990 3657 ³ο,
3018 3611 3044 3646 ι
3073 3591 3131 3644 id
3151 3595 3254 3657 est,
3282 3589 3612 3661 subjiciatur

2009 3683 2238 3750 Balatis,
2271 3688 2328 3736 et
2349 3681 2420 3736 ab
2460 3681 2540 3736 eis
2577 3681 2880 3745 intruetur,
2925 3685 2991 3759 ut
3019 3679 3224 3750 dignus
3260 3679 3336 3734 sit
3367 3694 3604 3750 regnum

2009 3773 2233 3827 caeleste
2261 3771 2513 3826 introire.
2547 3771 2656 3824 Per
2697 3772 2919 3835 ostium,
2962 3768 3355 3839 praedicatores
3404 3767 3606 3835 sancti,

2011 3867 2074 3916 ut
2092 3861 2151 3914 in
2167 3860 2269 3914 Job
2294 3879 2304 3913 :
2333 3878 2359 3913 α
2381 3860 2450 3914 Et
2462 3858 2624 3930 posui
2643 3861 2858 3912 vectem
2879 3862 2936 3910 et
2956 3855 3103 3912 ostia
3117 3856 3184 3922 ³¹,
3217 3874 3245 3908 »
3281 3855 3429 3926 quod
3457 3855 3610 3911 Deus

2014 3951 2181 4004 Pater
2210 3951 2281 4003 ad
2312 3948 2681 4002 coercendum
2711 3945 2987 4000 mundum
3013 3945 3298 4000 Christum
3329 3949 3387 3998 et
3412 3944 3613 4016 praedi-

2013 4044 2230 4094 catores
2259 4038 2430 4092 misit.
2467 4038 2576 4091 Per
2604 4038 2826 4102 ostium,
2865 4033 3090 4090 dilectio
3119 4033 3220 4088 Dei
3255 4038 3312 4088 et
3345 4033 3607 4105 proximi,

2009 4130 2172 4199 juxta
2194 4127 2450 4198 exempla
2467 4130 2791 4180 sanctorum
2812 4126 3064 4180 Patrum.
3094 4124 3203 4178 Per
3224 4125 3446 4192 ostium,
3469 4122 3614 4178 desi-

2014 4217 2170 4272 deria
2195 4215 2400 4282 carnis,
2417 4222 2481 4270 ut
2503 4215 2561 4268 in
2581 4215 2684 4270 Job
2708 4233 2720 4269 :
2756 4233 2779 4266 ι
2805 4215 2928 4269 Non
2943 4213 3217 4268 conclusit
3235 4213 3382 4269 ostia
3400 4211 3612 4268 ventris

2016 4307 2110 4378 qui
2142 4305 2385 4378 portavit
2412 4322 2501 4359 me
2529 4304 2594 4371 3’,
2636 4325 2657 4354 ι
2694 4304 2750 4358 id
2782 4308 2886 4369 est,
2908 4319 3022 4358 non
3051 4303 3317 4358 devitavit
3335 4301 3613 4357 desideria

316 4396 522 4469 rigori,
547 4396 834 4468 discipulis
854 4398 994 4452 meis
1013 4397 1377 4469 fugientibus,
1402 4397 1802 4469 quipropiores
1815 4415 1998 4482 esseD
2017 4395 2335 4467 voluptatis,
2369 4393 2467 4466 qui
2497 4392 3000 4482 peccataexposuit
3030 4408 3137 4482 me.
3171 4392 3278 4445 Per
3304 4393 3464 4482 ostia,
3494 4389 3613 4482 spi-

315 4485 666 4552 debuerunt,
699 4486 964 4541 mulieres
992 4486 1353 4542 adstiterunt.
1398 4487 1507 4541 Per
1540 4503 1658 4540 ossa
1699 4478 1988 4542 virtutes_
2016 4485 2160 4539 ritus
2188 4483 2440 4554 maligni,
2473 4488 2538 4537 ut
2568 4483 2626 4536 in
2655 4480 2758 4536 Job
2791 4499 2802 4533 :
2837 4498 2863 4534 α
2902 4481 2972 4534 Et
3011 4480 3156 4534 ostia
3193 4478 3492 4534 tenebrosa
3529 4479 3613 4534 vi-

316 4573 554 4641 animaa,
585 4579 652 4628 ut
677 4575 736 4629 in
765 4574 867 4630 Job
898 4594 910 4630 :
961 4593 985 4628 α
1025 4576 1230 4631 Omnia
1263 4592 1392 4630 ossa
1431 4576 1553 4646 ejus
1592 4593 1936 4630 marcescere

317 4663 466 4718 facit
483 4662 548 4730 ¹⁵,
567 4681 593 4716 ι»
619 4662 674 4716 id
697 4669 799 4732 est,
829 4663 1066 4719 virtutes
1098 4666 1220 4736 ejus
1241 4665 1478 4719 deﬁcere
1501 4665 1799 4736 permittit.
1833 4665 1938 4718 Per

319 4768 469 4816 ossa,
499 4751 668 4806 fortia
689 4744 853 4819 facta,
887 4759 952 4808 ut
981 4753 1039 4808 in
1063 4753 1165 4808 Job
1195 4771 1205 4806 :
1241 4772 1267 4803 α
1286 4753 1487 4808 Omnia
1507 4771 1634 4808 ossa
1653 4770 1780 4808 mea
1807 4770 1935 4824 per-

319 4840 537 4896 territa
560 4847 694 4896 sunt
713 4842 776 4908 ¹⁶,
821 4843 874 4896 id
913 4847 1016 4909 est,
1063 4843 1132 4897 de
1175 4842 1345 4897 nullis
1383 4842 1628 4897 robustis
1676 4841 1950 4914 operibus,

323 4930 477 4984 meis
500 4929 762 4985 ﬁduciam
793 4931 985 4986 habui.
1019 4932 1128 4986 Per
1150 4948 1286 4998 ossa,
1329 4931 1597 4986 fortitudo
1626 4931 1830 4996 carnis,
1873 4937 1938 4984 ut

323 5021 390 5074 in
411 5017 522 5074 Job
545 5036 558 5072 :
590 5039 615 5071 α
643 5021 714 5074 Et
732 5026 972 5076 mortem
991 5037 1116 5075 ossa
1131 5037 1258 5074 mea
1278 5021 1340 5084 ¹⁷,
1367 5021 1423 5074 id
1447 5025 1550 5084 est,
1585 5021 1768 5075 carnis
1798 5036 1936 5074 meae

325 5107 610 5164 fortitudo
631 5109 850 5164 defecit.
873 5111 982 5164 Per
1009 5126 1144 5176 ossa,
1178 5126 1360 5181 pravae
1388 5110 1839 5175 consuetudines,
1872 5115 1938 5164 ut

423 5267 442 5302 ¹
475 5266 580 5321 Job
603 5281 678 5331 Ix,
715 5263 767 5322 9.
799 5267 822 5301 ²
844 5267 1005 5322 Cant.
1039 5282 1114 5332 Iv,
1150 5267 1240 5324 1‘2.
1264 5268 1288 5301 ³
1315 5268 1456 5324 Ibid.
1491 5284 1542 5335 v,
1585 5267 1664 5324 16.
1695 5267 1716 5302 ⁴
1742 5269 1904 5322 Cant.

2023 5266 2074 5319 ι.
2107 5267 2128 5298 δ
2156 5266 2233 5320 ιιι
2265 5266 2385 5334 Reg

2017 4573 2150 4627 disti
2163 4572 2227 4638 33,
2251 4591 2277 4625 η
2301 4571 2448 4643 quod
2467 4570 2698 4642 Spiritus
2718 4569 3012 4640 malignos,
3037 4584 3277 4639 quorum
3297 4569 3613 4640 suggestio-

2019 4662 2184 4716 nibus
2211 4659 2621 4716 consentientes
2647 4656 2868 4730 reprobi
2913 4657 3126 4712 aditum
3163 4662 3386 4712 veterna;
3416 4657 3614 4712 mortis

2019 4751 2328 4815 inveniunt,
2364 4747 2638 4803 Dominus
2668 4746 2913 4802 moriens
2941 4745 3256 4801 debellavit.

2093 4842 2266 4896 Ovum
2297 4843 2384 4892 est
2414 4853 2561 4908 spes,
2594 4841 2660 4890 ut
2685 4837 2744 4890 in
2776 4835 3072 4905 Evangelia
3097 4852 3108 4888 :
3138 4853 3164 4886 «
3187 4835 3302 4889 Aut
3319 4835 3367 4890 si
3389 4835 3617 4906 petierit

2017 4945 2200 4995 ovum,
2222 4926 2476 4998 nunquid
2500 4925 2752 4996 porriget
2770 4923 2852 4978 illi
2873 4923 3226 4996 scorpionem
3240 4923 3344 4976 ³η»
3368 4923 3518 4995 quod
3540 4925 3562 4946 ⁶
3581 4939 3615 4978 a

2019 5019 2132 5072 Deo
2163 5016 2406 5088 petimus
2425 5032 2602 5087 spem,
2625 5029 2981 5084 nequaquam
3002 5011 3158 5068 dabit
3175 5011 3336 5067 nobis
3357 5011 3616 5084 despera-

2015 5107 2246 5162 tionem.
2288 5107 2398 5159 Per
2419 5120 2518 5158 ova
2547 5103 2804 5174 subjecti,
2839 5107 2903 5156 ut
2930 5101 2990 5157 in
3017 5101 3122 5156 Job
3148 5119 3159 5155 :
3194 5120 3216 5152 ι
3242 5101 3378 5166 Quae
3400 5103 3421 5124 '
3441 5100 3620 5156 delin-

2391 5305 2402 5317 .
2431 5278 2544 5329 xxx,
2576 5261 2630 5316 2.
2663 5263 2686 5296 ⁸
2710 5262 2812 5318 Job
2831 5278 3038 5326 xxxvn,
3071 5260 3125 5315 2.
3158 5262 3178 5296 7
3210 5262 3381 5333 Apoc.
3415 5274 3498 5333 ιιι,
3521 5257 3612 5317 16.

331 5339 356 5374 ⁸
394 5339 546 5393 Psa'l.
574 5353 626 5406 1.,
661 5329 932 5394 17.9Job.
969 5353 1058 5404 xx,
1096 5329 1180 5394 1‘2.
1214 5339 1260 5373 ¹⁰
1289 5339 1392 5395 Job
1421 5329 1605 5402 xxxix,
1634 5339 1720 5395 37.
1751 5339 1787 5372 ¹¹
1821 5339 1922 5393 Job
1956 5329 2140 5403 xxxvi,
2173 5336 2260 5392 16.
2308 5329 2626 5406 “ilongxn
2659 5333 2996 5406 4.}37Exod.
3031 5347 3127 5388 xu.
3155 5329 3338 5406 ρὃη
3366 5331 3470 5387 Job
3497 5347 3610 5406 Xix,

329 5409 431 5466 ‘20.
470 5409 515 5443 ¹⁵
541 5403 646 5466 Job
674 5425 867 5472 xxxm,
901 5411 988 5466 19.
1022 5403 1068 5445 ¹⁶
1091 5410 1195 5465 Job
1229 5427 1298 5477 ιν,
1339 5411 1416 5466 14.
1450 5411 1493 5444 ¹⁷
1524 5411 1627 5464 Job
1652 5425 1742 5475 vn,
1775 5410 1864 5464 15.
1898 5411 1926 5444 ¹³

2013 5409 2067 5462 )1›
2097 5424 2204 5472 XXI,
2233 5405 2319 5462 ‘24.
2357 5406 2399 5440 '9
2426 5405 2530 5460 Job
2557 5419 2647 5472 xL,
2681 5403 2772 5462 13.
2807 5405 2852 5440 ²⁰
2880 5407 3012 5460 Thr.
3038 5419 3114 5472 ιν,
3147 5403 3200 5459 8.
3233 5404 3466 5477 “Cant.
3500 5420 3540 5472 ι,
3567 5403 3612 5460 1.

333 5481 386 5516 ²²
419 5482 555 5536 Luc.
590 5497 690 5550 vn,
718 5481 805 5538 45.
838 5481 885 5516 ³³
911 5483 1072 5537 Prov.
1107 5475 1363 5550 xxvu,'6.
1395 5481 1441 5516 9“
1471 5483 1630 5536 Jaan.
1667 5497 1719 5548 x,
1753 5479 1804 5534 7.
1836 5480 1882 5514 ²⁵
1915 5482 1926 5535 ]

2019 5482 2157 5549 Reg.
2193 5495 2266 5544 γι,
2295 5477 2348 5534 8.
2374 5477 2420 5513 π
2449 5479 2610 5550 Cant.
2645 5491 2764 5550 viil,
2798 5479 2849 5532 9.
2897 5478 2940 5512 ’7
2968 5477 3248 5550 .101)Χ)ί)ῑι,
3283 5475 3368 5532 34.
3403 5476 3450 5511 ’⁸
3478 5477 3612 5550 Luc.

331 5567 422 5621 χι,
456 5550 508 5607 7.
542 5552 590 5588 ὐ
617 5547 791 5629 xpoc.
824 5568 910 5624 ιιι,
943 5552 1034 5611 20.
1069 5554 1116 5589 ³ο
1144 5547 1312 5610 Exod.
1340 5569 1449 5622 XXI,
1483 5553 1533 5608 6.
1566 5553 1608 5588 ³¹
1640 5552 1743 5608 Job
1767 5566 1926 5607 xxxvi

2013 5547 2177 5606 10.7“
2206 5550 2309 5606 Job
2334 5568 2410 5619 ιιι,
2455 5547 2532 5605 10.
2564 5547 2610 5582 ³³
2639 5547 2741 5602 Job
2771 5563 2996 5616 xxxvm,
3020 5547 3109 5604 17.
3141 5549 3187 5584 3‘
3218 5550 3348 5605 Luc.
3383 5562 3458 5616 x1,
3491 5547 3577 5602 12.
