3942 6158
416 334 548 394 1015
1007 336 1070 391 Β.
1112 333 1384 391 RABANI
1422 331 1654 390 MAURI
1692 331 1973 389 ARCHIE‘J

2074 330 2396 388 MOGUNT.
2437 330 2735 388 OPERUM
2772 329 2958 387 PARS
2992 330 3091 387 III.
3520 329 3631 390 1016

406 460 530 531 quit
555 461 614 515 in
653 466 806 516 terra
852 476 957 515 ova
1000 475 1105 516 sua
1135 460 1176 526 ¹,
1226 479 1251 514 ι)
1302 458 1454 531 quod
1496 474 1705 531 pravus
1741 457 2073 529 praslatusA
2092 459 2334 514 Piscina.
2627 459 2899 514 Pusillus.
3154 459 3575 526 Prinwgcnitum.

408 530 693 620 subjectos
721 566 853 604 suos
882 549 941 604 in
968 547 1233 621 operibus
1259 530 1505 604 terrenis
1524 563 1561 601 a
1586 563 1720 602 vera
1736 545 1965 617 religion

1780 545 2010 617 aligione
2089 531 2394 621 Peccatum.
2628 531 2899 621 Pupillus.
3158 530 3337 621 ipsi“.

407 636 607 692 alienis
631 637 850 693 versari
879 636 1173 709 permittit.
1216 637 1324 692 Per
1363 652 1482 703 ova,
1531 635 1768 691 consilia
1807 635 2009 691 daemo-
2087 602 2354 726 ςξίξεξηί·
3158 602 3530 739 ςῖῗὲἱῖἓυωη-

407 740 561 791 num,
584 730 650 781 ut
668 725 728 780 in
747 725 934 781 Isaia:
965 745 988 777 ι
1013 725 1122 791 Qui
1140 725 1451 780 comederit
1473 724 1544 779 de
1570 723 1689 779 ovis
1721 723 2003 796 aspidum,

408 814 683 870 morietur
703 814 745 881 ³,
797 834 820 867 ι
857 815 1004 886 quod
1055 814 1150 887 qui
1192 812 1648 886 suggestionibus
1688 812 2007 869 daemonum
2088 815 2301 899 Pastas.
2625 815 3102 899 Pragitiatorium.
3160 815 3369 899 Plurim.

408 904 707 971 consentit,
732 904 936 960 animae
958 920 1074 959 suae
1104 908 1343 958 mortem
1375 901 1633 958 incurrit.

2089 887 2408 971 Pttnnbum.
2624 887 2844 971 Perdis.

484 993 608 1048 Ovis
721 992 1062 1060 innocentia,
1085 991 1222 1048 utin
1243 991 1347 1047 Job
1375 1009 1386 1044 :
1414 1011 1438 1044 ι
1458 991 1750 1048 Dederunt
1766 991 1817 1047 ei
1840 1007 2011 1047 unus-

1850 1007 2011 1047 ωηε-
2089 958 2281 1012 Pinus.
2628 958 2830 1011 Panni.
3163 956 3363 1010 Passer.

1850 1080 1906 1096 η,
1962 1079 1975 1092 ,
2091 1028 2323 1083 ‘Pedus.
2626 1029 2788 1082 Puer.
3160 1028 3407 1096 Princeps

410 1080 649 1153 quisque
677 1098 836 1137 ovem
865 1098 1028 1137 suam
1054 1079 1098 1145 ³,
1131 1097 1155 1135 s
1199 1081 1351 1153 quod
1377 1096 1574 1136 omnes
1614 1081 1711 1152 qui
1745 1081 1818 1135 ad
1845 1079 1967 1137 Chri

1866 1079 2009 1137 ειινί-
2090 1066 2323 1154 ss?”
2625 1066 2858 1155 ipse...
3160 1066 3423 1154 se?”

410 1174 563 1226 stum
592 1170 898 1242 pertinent,
934 1169 1199 1225 virtutem
1228 1168 1283 1225 ei
1325 1169 1661 1225 innocentiae
1697 1168 1757 1225 in
1791 1168 2012 1226 unitate
2090 1173 2274 1255 Pater.
3159 1171 3336 1255 Pater.

411 1241 707 1317 charitatis
721 1259 924 1315 aﬁ‘erre
942 1259 1188 1314 student.
1215 1259 1355 1324 Ovis,
1382 1256 1660 1325 Christus,
1676 1262 1744 1314 ut
1759 1257 1820 1313 in
1834 1257 1968 1315 Isaia

1834 1257 2006 1315 Isaia:
2093 1243 2356 1344 Ιέῑιζιειιιες.
2625 1243 2943 1344 Piscatores.
3162 1241 3382 1344 Pierius.

416 1311 918 1420 James}...
934 1311 1371 1438 asseasse:
1385 1311 2012 1438 magna...
2091 1314 2370 1438 ςεξξεξίζεο
2628 1314 2812 1438 βεξξξι
3165 1311 3469 1438 mmine-

413 1437 671 1496 Ghristus
695 1437 966 1493 innocens
983 1441 1167 1492 morte
1185 1435 1418 1509 punitus
1437 1442 1542 1492 est.
1567 1436 1712 1504 Ovis,
1734 1435 1903 1492 homo
1919 1452 2011 1492 re-
2091 1421 2365 1509 δ,

411 1527 692 1599 demptus,
716 1531 781 1582 ut
798 1525 859 1581 in
886 1525 1223 1597 Evangelia:
1252 1545 1277 1578 ι
1309 1524 1502 1581 Inveni
1520 1541 1679 1580 avem
1699 1541 1871 1598 quam
1890 1541 2014 1597 per-
2092 1526 2352 1581 Pch'ades.
2628 1527 2871 1582 Platani.

412 1615 667 1671 dideram
691 1614 735 1683 ⁵,
758 1634 784 1669 ν
811 1614 961 1686 quod
980 1614 1267 1670 hominem
1295 1630 1399 1686 per
1420 1619 1711 1686 peccatum
1728 1613 2014 1686 perditum
2162 1616 2284 1669 Pax
2293 1620 2382 1671 est
2393 1614 2670 1682 Christus,
2682 1619 2749 1670 ut
2764 1613 2824 1669 in
2845 1614 3022 1671 Paula
3044 1631 3092 1667 τι
3109 1615 3236 1686 Ipse
3250 1617 3339 1669 est
3354 1618 3646 1686 paxnostrs.

412 1703 707 1761 moriendo
735 1703 995 1760 Christus
1033 1702 1265 1759 invenit.
1310 1703 1422 1759 Per
1454 1719 1574 1758 oves
1615 1703 1822 1775 angeli,
1855 1707 1921 1759 ut
1952 1703 2014 1759 in
2033 1774 2070 1778 _
2095 1702 2192 1775 qui
2215 1702 2349 1759 fecit
2372 1708 2616 1778 utraque
2640 1720 2820 1760 unum
2834 1702 3089 1776 "utquod
3107 1701 3366 1759 Christus
3382 1702 3654 1757 humanam

413 1793 752 1865 Evangelia:
789 1811 815 1844 «
847 1791 1098 1848 Dimittit
1125 1791 1436 1864 nonaginta
1457 1808 1659 1848 novem
1686 1808 1817 1848 oves
1843 1791 1903 1847 in
1922 1774 2360 1849 de-Bnaturam
2405 1774 2624 1850 natum
2667 1792 2933 1865 angelicae
2957 1774 3036 1847 fin
3082 1807 3200 1849 una
3236 1790 3581 1859 beatitudine,
3612 1794 3660 1845 et

414 1887 566 1937 serto
592 1883 636 1950 ⁸,
678 1901 699 1933 ι
737 1881 887 1954 quod
917 1881 1148 1953 angelos
1201 1880 1436 1954 reliquit
1470 1881 1731 1937 Christus
1761 1881 1822 1936 in
1852 1881 2012 1948 coelo,
2097 1881 2371 1954 quosdam
2401 1898 2469 1938 ex
2496 1882 2705 1939 Judmis
2745 1887 2806 1937 et
2836 1881 3047 1937 multos
3089 1898 3159 1936 ex
3191 1879 3450 1952 gentibus
3478 1879 3532 1937 in
3565 1895 3661 1935 una

412 1971 638 2043 quando
657 1970 945 2028 hominem
970 1969 1255 2042 perditum
1278 1969 1538 2042 quaesivit
1557 1969 1619 2026 in
1641 1971 1875 2026 mundo.
1909 1971 2018 2027 Per
2097 1969 2346 2026 sociavit.
2378 1969 2521 2038 Par,
2555 1986 2718 2026 amor
2742 1969 2964 2027 socialis
2992 1988 3004 2024 :
3035 1989 3059 2022 ι
3087 1967 3308 2025 IIabete
3328 1968 3410 2025 sal
3436 1967 3494 2024 in
3512 1967 3658 2033 vobis,

412 2076 530 2116 oves
565 2059 758 2133 populi
799 2059 1011 2126 ﬁdeles,
1063 2063 1129 2115 ut
1169 2058 1229 2115 in
1272 2058 1560 2115 Ezechiele
1607 2077 1621 2113 :
1665 2078 1691 2112 α
1732 2059 1872 2116 Ecce
1912 2075 2016 2131 ego
2097 2062 2158 2115 et
2182 2075 2380 2131 pacem
2401 2059 2553 2116 inter
2578 2076 2676 2116 vos
2693 2059 2758 2127 ¹⁶,
2794 2077 2821 2113 )›
2852 2059 2912 2114 id
2938 2063 3045 2127 est,
3073 2059 3156 2114 sic
3180 2057 3383 2114 habete
3410 2057 3467 2113 in
3491 2055 3660 2113 vobis‘

416 2165 643 2222 pascam
672 2165 803 2207 oves
854 2164 1010 2204 meas
1051 2149 1095 2215 ⁷,
1142 2165 1171 2202 α
1222 2147 1373 2220 quod
1418 2147 1793 2221 spiritualiter
1839 2147 2020 2204 reﬁcit
2097 2146 2382 2216 ﬁduciam,
2411 2153 2481 2204 ut
2496 2165 2627 2205 cum
2655 2147 3002 2221 simplicibus
3038 2164 3296 2204 amarem
3335 2146 3530 2203 habere
3563 2161 3660 2202 non

415 2237 675 2295 Christus
693 2237 889 2293 ﬁdeles
911 2239 934 2262 ⁶
953 2253 1106 2294 suos.
1118 2237 1228 2293 Per
1247 2253 1364 2292 oves
1381 2237 1752 2309 cogitationes
1767 2238 2012 2305 mundae,
2097 2237 2420 2308 negligatis.
2452 2239 2590 2305 Par,
2621 2237 2783 2311 quies
2813 2236 3037 2305 mentis,
3066 2242 3133 2292 ut
3160 2237 3223 2293 in
3248 2235 3479 2293 Psalmis
3506 2253 3518 2289 :
3548 2252 3574 2290 ι
3608 2233 3666 2290 Et

414 2326 556 2383 utin
582 2325 724 2385 Job:
750 2344 779 2380 α
806 2327 961 2398 Ignis
988 2325 1091 2382 Dei
1105 2325 1310 2382 cecidit
1324 2327 1396 2382 de
1415 2327 1556 2382 coelo
1584 2327 1665 2398 [et
1688 2331 1869 2382 tactas
1887 2343 2018 2383 oves
2099 2325 2280 2382 factus
2308 2326 2482 2383 estin
2509 2344 2646 2400 pace
2673 2327 2830 2383 locus
2861 2327 3030 2399 [ejus]
3052 2325 3116 2393 1",
3148 2345 3173 2379 ι
3207 2325 3357 2399 quod
3385 2324 3440 2380 in
3465 2325 3664 2380 mente‘

413 2431 731 2490 puerosque
759 2414 1107 2488 consumpsit
1128 2414 1196 2487 ⁸],
1247 2434 1271 2467 ι
1316 2415 1467 2488 quod
1496 2415 1724 2472 mundae
1763 2431 2021 2472 nonnun-
2099 2418 2302 2488 parata
2323 2419 2382 2471 et
2406 2415 2642 2488 paciﬁca
2663 2415 2886 2472 habitat
2921 2415 3092 2471 Deus.
3137 2417 3278 2483 Paw,
3327 2412 3667 2486 tranquillitas

412 2519 585 2576 quam
615 2503 983 2575 cogitationes
1012 2503 1071 2559 in
1097 2502 1346 2570 homine,
1381 2503 1746 2576 permittente
1764 2504 1901 2572 Deo,
1933 2519 2021 2559 ar-
2099 2504 2609 2576 contemplationis,
2639 2504 2782 2561 utin
2809 2503 3074 2561 Psalmis:
3094 2523 3121 2558 «
3143 2503 3212 2560 In
3229 2521 3363 2577 pace
3380 2503 3439 2559 in
3454 2501 3666 2574 idipsum

413 2592 550 2649 dore
583 2591 835 2648 libidinis
860 2596 1311 2649 concremantur.
1345 2592 1456 2648 Per
1483 2609 1601 2649 oves
1629 2592 1888 2649 homines
1927 2608 2020 2649 re-
2101 2592 2429 2666 [dormiam]
2439 2593 2504 2661 1⁸,
2524 2612 2552 2648 ι
2575 2593 2633 2650 id
2651 2599 2756 2662 est,
2777 2593 3262 2666 intranquillitate
3280 2590 3663 2664 contemplatio-

414 2679 595 2769 probi,
625 2685 692 2736 ut
717 2679 777 2736 in
804 2680 1093 2769 Psalmis:
1122 2700 1146 2732 ι
1175 2680 1334 2736 Sicut
1355 2697 1486 2737 oves
1513 2681 1574 2736 in
1601 2681 1822 2738 inferno
1851 2681 2019 2755 positi
2099 2681 2188 2737 nis
2234 2687 2295 2738 et
2337 2681 2556 2739 unitate
2609 2683 2842 2769 spiritus
2885 2681 3067 2738 habeo
3108 2682 3383 2754 quietem.
3429 2684 3549 2747 Par,
3590 2694 3666 2734 re-

414 2773 550 2826 sunt
561 2768 605 2836 θ,
639 2786 662 2820 ι
697 2769 846 2841 quod
875 2767 1101 2841 reprobi
1126 2769 1201 2825 ad
1228 2768 1550 2826 fatuitatem
1569 2787 1734 2827 suam
1756 2776 2015 2844 pereunt.
2100 2770 2349 2843 demptio
2364 2772 2592 2843 generis
2609 2767 2862 2840 humani,
2887 2776 2954 2827 ut
2971 2771 3030 2827 in
3042 2771 3192 2828 Isaia
3215 2790 3229 2827 :
3259 2791 3281 2822 ι
3299 2771 3471 2827 Pedes
3483 2785 3671 2825 annun-

414 2858 524 2916 Per
541 2873 660 2914 oves
675 2856 806 2913 boni
822 2856 1080 2930 subjecti,
1098 2857 1461 2915 utinGenesi
1485 2876 1542 2914 ει
1566 2859 1872 2916 Pariebant
1891 2876 2020 2916 oves
2099 2859 2296 2916 tiantis
2323 2865 2382 2917 et
2415 2860 2768 2933 praedicantis
2808 2876 3004 2934 pacem
3038 2861 3100 2928 ³⁸,
3148 2879 3176 2916 »
3223 2861 3283 2916 id
3319 2865 3422 2927 est,
3462 2859 3663 2915 allocuta

415 2945 601 3002 varios
627 2946 776 3003 fetus
806 2945 873 3014 ¹⁰,
901 2966 924 2999 ι
948 2945 1009 3003 id
1033 2951 1139 3016 est,
1181 2945 1316 3003 boni
1349 2946 1590 3019 subjecti
1625 2947 2017 3005 diversitatem
2099 2949 2694 3023 cujuslibetprophetae
2704 2950 3013 3006 humanam
3029 2949 3350 3005 nuntiantis
3359 2946 3666 3020 redemptio-

415 3035 696 3095 ducebant
731 3034 1007 3093 bonarum
1040 3036 1346 3092 actionum.
1387 3037 1498 3093 Per
1536 3053 1653 3094 ores
1698 3038 2018 3110 petulantes
2036 3057 2082 3119 ο
2097 3054 2249 3095 nem.
2280 3040 2413 3105 Pax,
2446 3038 2786 3112 pmdicaﬁo,
2814 3043 2881 3095 ut
2905 3039 2966 3094 in
2995 3038 3240 3095 Psalmis
3259 3053 3288 3096 τ
3321 3056 3350 3092 α
3384 3035 3670 3108 Suscipiunt

415 3129 603 3183 motus
651 3124 877 3192 mentis,
923 3130 991 3181 ut
1029 3124 1088 3180 in
1125 3124 1371 3182 Levitico
1419 3143 1433 3181 :
1483 3125 1544 3183 Si
1586 3125 1657 3182 de
1689 3127 1712 3151 *
1757 3126 2020 3183 omnibus
2101 3132 2323 3183 montes
2340 3143 2536 3200 pacem
2556 3127 2763 3200 populo
2783 3125 2857 3200 ³ο,
2882 3146 2909 3182 ι
2936 3127 2993 3182 id
3013 3131 3118 3195 est,
3137 3126 3451 3200 suscipiant
3463 3122 3669 3198 apostoli

414 3213 589 3273 fuerit
612 3213 824 3271 oblatio
852 3214 917 3281 “,
951 3233 979 3269 »
1011 3214 1162 3286 quod
1181 3218 1369 3271 motus
1395 3213 1455 3270 in
1482 3213 1645 3271 nobis
1670 3215 2022 3288 petulantia!
2100 3198 2580 3289 praedicationem,
2613 3198 2782 3290 quam
2799 3198 3090 3290 proferant
3106 3198 3344 3273 mundo.
3366 3218 3495 3282 Pax,
3520 3211 3669 3286 pumi-

415 3302 762 3360 maturitatis
783 3303 942 3364 cultu
964 3307 1215 3361 mactare
1241 3303 1531 3361 debemus.
1555 3304 1666 3361 Per
1683 3321 1801 3360 oues
1819 3321 2023 3361 uxores
2060 3316 2071 3322 '
2103 3306 2301 3372 tentia,
2334 3307 2479 3363 utin
2497 3307 2675 3364 Paula
2700 3322 2715 3364 :
2743 3327 2766 3361 ι
2796 3306 3092 3363 Nuntiavit
3108 3322 3309 3379 pacem
3335 3306 3405 3361 iis
3421 3303 3512 3377 qui
3530 3303 3673 3373 longe

418 3393 615 3461 David,
645 3392 792 3449 sicut
818 3409 922 3466 per
947 3409 1100 3449 ovem
1124 3392 1405 3449 Bethsabe
1428 3409 1572 3450 uxor
1587 3393 1755 3462 Urize,
1786 3399 1852 3450 ut
1867 3393 1928 3450 in
1957 3394 2024 3451 li-
2102 3400 2268 3450 erant
2280 3393 2351 3463 ²¹,
2377 3412 2406 3450 ι
2430 3395 2580 3468 quod
2610 3395 2868 3452 Christus
2895 3399 2956 3451 et
2981 3394 3192 3451 Iudaeis
3220 3393 3476 3450 ﬁdelibus
3495 3397 3674 3462 etsen-

419 3481 540 3537 bris
567 3481 787 3553 Regum
818 3499 832 3536 :
861 3500 888 3535 α
926 3482 1170 3538 Parcens
1196 3482 1292 3538 ille
1311 3498 1536 3565 sumere
1562 3483 1635 3539 de
1659 3482 1854 3539 ovibus
1880 3483 2016 3552 suis,
2101 3483 2252 3540 tibus
2267 3483 2590 3541 inﬁdelibus
2604 3483 2995 3557 paenitentiam
3014 3483 3359 3555 prmdicavit.
3384 3488 3515 3547 Pas,
3539 3476 3675 3552 quies

420 3570 555 3628 tulit
579 3587 739 3627 ovem
780 3569 883 3626 viri
920 3571 1202 3644 pauperis,
1244 3577 1304 3628 et
1337 3572 1675 3645 praeparavit
1708 3573 2019 3630 convivium
2102 3573 2335 3642 ‘futura,
2353 3579 2421 3630 ut
2440 3573 2500 3629 in
2518 3572 2878 3630 libraJosue:
2907 3593 2929 3624 ι
2955 3573 3100 3629 Data
3119 3578 3212 3627 est
3232 3588 3342 3645 pax
3360 3571 3411 3627 ei
3428 3571 3485 3626 in
3505 3583 3676 3627 omnes

420 3659 720 3734 peregrino
749 3658 846 3732 qui
875 3660 1031 3716 venit
1051 3661 1122 3716 ad
1152 3677 1285 3718 eum
1313 3659 1378 3729 η,
1410 3680 1436 3715 s
1469 3661 1619 3733 quod
1658 3661 1831 3718 David
1861 3668 2016 3730 tunc,
2100 3679 2204 3735 per
2221 3661 2520 3717 circuitum
2538 3661 2797 3717 nationes
2821 3659 2888 3727 ²²,
2925 3680 2948 3712 ι
2979 3659 3129 3732 quod
3156 3659 3375 3715 nullam
3396 3653 3674 3714 omninoab

420 3749 644 3805 omissis
663 3747 930 3805 uxoribus
948 3749 1086 3817 suis,
1108 3749 1302 3822 rapuit
1319 3765 1553 3806 uxorem
1564 3750 1732 3818 Urite,
1757 3756 1822 3806 ut
1837 3752 2022 3824 exple-
2101 3750 2290 3823 aliquo
2316 3751 2477 3806 hoste
2499 3749 3003 3823 perturbationem,
3025 3747 3125 3804 sed
3154 3748 3382 3821 plenam
3402 3763 3500 3820 per
3511 3742 3675 3800 omnia

418 3844 507 3894 ret
530 3837 874 3894 desiderium
903 3837 1138 3894 luxuriae
1162 3855 1298 3905 suas,
1330 3855 1456 3912 quae
1483 3839 1723 3895 tentavit
1740 3855 1892 3896 eum.
2100 3840 2161 3896 in
2189 3839 2380 3896 futuro
2404 3839 2566 3896 electi
2587 3838 2877 3895 habebunt
2901 3853 3118 3910 pacem.
3150 3839 3292 3905 Par,
3321 3834 3551 3891 carnalis
3568 3846 3676 3887 con-

495 3928 643 3984 Ovile
668 3932 758 3983 est
785 3927 1103 4000 Synagoga,
1126 3927 1270 3984 utin
1286 3928 1587 3999 Evangelia
1619 3946 1631 3982 :
1666 3948 1688 3981 ι
1722 3928 1876 3985 Alias
1891 3945 2022 3985 oves
2101 3946 2318 3997 sensus,
2338 3933 2404 3984 ut
2429 3928 2490 3984 in
2514 3927 2845 4000 Evangelia:
2876 3946 2897 3980 α
2928 3928 3056 3982 Νοη
3075 3926 3204 3982 veni
3234 3943 3429 3999 pacem
3455 3923 3670 3985 mittas,

417 4015 618 4082 habeo,
650 4031 776 4087 quae
794 4031 909 4071 non
936 4021 1074 4071 sunt
1097 4032 1165 4071 ex
1192 4016 1300 4072 hoc
1327 4016 1460 4072 ovili
1488 4015 1553 4083 ‘3,
1585 4036 1612 4070 ι)
1644 4016 1841 4093 idest,
1880 4033 2022 4090 gen-
2103 4019 2204 4075 sed
2229 4017 2484 4091 gladium
2509 4015 2576 4085 ³³,
2604 4035 2631 4070 ››
2663 4016 2722 4071 id
2752 4020 2858 4083 est,
2886 4016 3017 4071 nolo
3046 4014 3236 4072 fovere
3254 4015 3314 4071 in
3341 4029 3503 4069 carne
3521 4008 3675 4066 molli-

419 4103 569 4171 tiles,
588 4103 687 4175 qui
705 4120 819 4159 non
838 4103 1209 4176 pertinentad
1229 4105 1606 4178 Synagogam,
1639 4110 1705 4160 ut
1729 4105 1790 4161 in
1804 4107 2023 4162 cantico
2103 4107 2268 4173 ciem,
2291 4105 2390 4162 sed
2404 4121 2621 4162 acarne
2643 4105 3082 4177 separationem.
3101 4104 3202 4160 Est
3224 4121 3334 4176 pax
3358 4102 3671 4163 ilwrdinata,

422 4191 686 4249 Habacue
715 4210 728 4246 :
766 4212 790 4245 ι
824 4191 1201 4249 Abscindetur
1225 4193 1296 4249 de
1318 4193 1448 4249 ovili
1468 4210 1638 4267 pecus
1658 4194 1720 4263 “,
1746 4197 1939 4268 aquod
1951 4195 2024 4251 ab
2104 4200 2193 4252 est
2223 4198 2510 4262 simulata,
2530 4199 2620 4250 est
2641 4196 2964 4264 inquinata,
2994 4199 3081 4251 est
3108 4199 3168 4249 et
3188 4198 3468 4251 scelerata.
3489 4189 3673 4249 Prima.

422 4281 669 4340 Ecclesia
686 4281 1049 4341 abscindatur
1072 4281 1388 4339 hmreticus.
2104 4282 2497 4357 superborum,
2528 4282 2627 4356 qui
2649 4286 2972 4354 contempta
2995 4283 3288 4355 superiore
3315 4280 3573 4338 obediunt
3603 4276 3677 4333 in-

1202 4389 1248 4445 p
2039 4419 2091 4481 Β
2106 4372 2298 4481 feripri
2319 4392 2331 4440 ;
2369 4372 2983 4481 contemptolvijdelicet
2997 4373 3133 4481 Deq,
3152 4371 3425 4481 obediunt
3660 4382 3673 4430 ;

421 4482 554 4538 Pas.
953 4481 1139 4535 Poma.
1490 4483 1679 4536 Panis.
2042 4454 2091 4481 υ
2108 4466 2428 4534 contempto
2456 4461 2614 4530 ccela,
2651 4459 2924 4517 obediunt
2944 4460 3183 4529 mundo;
3229 4464 3542 4532 contempto
3580 4454 3677 4526 spi-

420 4553 611 4607 Pv'sci‘s.
956 4551 1407 4620 Prapugnacula.
1495 4553 1814 4610 Paradi’sus.
2111 4550 2247 4620 ritu,
2278 4549 2550 4607 obediunt
2574 4550 2749 4606 carni.
2784 4549 3060 4619 Secunda,
3100 4549 3431 4622 duplicium,
3470 4545 3561 4619 qui

422 4624 535 4714 lies;
596 4692 621 4714 ι
957 4623 1206 4714 erasnm.
1492 4623 1754 4714 P‘otfnfes.

2120 4639 2390 4714 quitatem
2421 4638 2760 4695 meditantes
2786 4639 2849 4696 in
2878 4640 3046 4696 corde
3082 4656 3205 4706 suo,
3236 4637 3494 4710 labiaque
3514 4633 3677 4690 dolosa

424 4692 717 4760 Palpebrze.
964 4693 1171 4748 Parias.
1501 4697 1709 4750 Pulsis.

424 4719 717 4760 rqumw.
964 4719 1171 4748 ranas.
1501 4719 1709 4750 ιἰιιυιδ.

422 4764 692 4820 Porticus.
961 4763 1210 4819 Pictura.
1499 4768 1826 4823 Pcllicanus.

2119 4728 2388 4784 habentes
2411 4733 2469 4784 et
2489 4730 2512 4752 ⁵
2539 4727 2707 4783 corde
2735 4732 2795 4783 et
2813 4727 2980 4784 corde
3011 4727 3326 4800 loquentes,
3359 4741 3455 4782 ore
3480 4738 3575 4823 suo

426 4806 708 4891 Permutat.
963 4835 1148 4889 Pecus.

2121 4815 2472 4884 nedicebant,
2500 4820 2559 4871 et
2584 4815 2752 4871 corde
2779 4831 2883 4871 suo
2913 4814 3347 4872 maledicebant.
3375 4811 3570 4877 Tertia,

420 4907 643 4962 Planta.
959 4905 1192 4961 Palmos.
1334 4942 1347 4953 ο
1500 4909 1678 4965 Porci.
2118 4904 2581 4977 mundorum,qui
2590 4903 2834 4976 turpiter
2842 4904 3132 4976 prostituti
3140 4892 3678 4975 requiewunhmfwti

422 4979 830 5062 Propagnator.
961 4977 1232 5062 Pantz‘fex.
1496 4979 1656 5062 Pera.

2118 4996 2175 5053 in
2189 4993 2400 5051 fecibus
2413 4991 2549 5050 suis.
2570 4993 2802 5062 Quarta,
2824 4991 3119 5049 rebellium
3138 4984 3675 5050 etschismaticorum'

423 5049 698 5187 im...
1495 5050 1704 5176 $5,353;
2113 5046 2812 5187 gessissem;
2826 5046 3536 5140 sesgsssssesm
3552 5077 3573 5100 α

423 5172 728 5243 Ροὲεἶιιωη.
958 5172 1296 5244 Picturator.
1494 5172 1794 5247 rigabam.

1494 5172 1794 5247 ᾖὲέάὧιεδ,
2110 5173 2428 5230 ctoritatem
2455 5172 2868 5229 contradicunt.

425 5260 798 5314 Petusculum.
959 5261 1309 5329 Peregrinus.
1493 5263 1710 5319 Pullus.
2182 5264 2445 5333 Paciﬁcas
2474 5266 2563 5318 est
2597 5261 2874 5327 Christus,
2916 5265 2984 5316 ut
3032 5260 3091 5316 in
3138 5258 3370 5316 Cantica
3411 5276 3425 5313 :
3464 5275 3488 5309 ε
3528 5252 3678 5308 Vinea

498 5400 517 5434 τ
548 5398 653 5471 Job
682 5414 867 5465 xxxxx,
909 5398 990 5457 l7.
1034 5401 1058 5437 ³
1083 5403 1191 5458 Isa.
1228 5414 1336 5469 ux,
1362 5401 1418 5459 5.
1464 5401 1490 5437 ³
1516 5402 1621 5458 Job
1644 5416 1778 5471 xm,
1820 5403 1901 5458 ll.
1934 5404 1959 5440 ⁴
1988 5405 2098 5460 Isa.
2130 5417 2250 5470 Lm,
2276 5402 2328 5460 7.
2361 5403 2386 5438 ⁵
2413 5404 2545 5458 Luc.
2575 5417 2666 5470 xv,
2695 5398 2748 5458 6.
2785 5402 2810 5437 θ
2837 5401 2920 5456 Ib.
2954 5419 3007 5456 υ.
3035 5401 3090 5456 4.
3121 5401 3143 5436 ⁷
3174 5400 3566 5471 Εῑθοιωῐξξίῐγς
3590 5388 3670 5446 51-

423 5472 447 5545 f
464 5470 585 5545 gob
606 5487 660 5545 ι,
681 5471 762 5545 ιβ.
787 5470 812 5505 ⁸
840 5473 987 5545 Psal.
1011 5487 1214 5545 xm",
1251 5465 1336 5528 15.
1382 5474 1437 5545 ξεῖ
1454 5475 1596 5529 Gen.
1632 5465 1785 5543 xm,
1811 5475 1866 5530 8.
1904 5476 1943 5511 ¹¹
1973 5477 1980 5531 1

2139 5465 2308 5543 m,'6.
2349 5474 2398 5510 ¹²
2424 5476 2477 5531 II
2503 5465 2770 5545 Regﬁxu,
2799 5473 2865 5545 4_.
2904 5473 2951 5545 '3
2977 5475 3138 5529 Joan.
3179 5487 3232 5539 Χ,
3261 5471 3316 5526 6.
3364 5468 3407 5545 ξι
3430 5465 3664 5545 Ῐξᾷδε-Ῑξίι

430 5540 590 5648 17.Ι¹;
787 5556 850 5608 ιι,
891 5539 972 5599 M.
1006 5531 1250 5648 :‘Marc.
1274 5559 1346 5610 ix,
1378 5543 1467 5602 50.
1495 5545 1538 5581 ν’
1571 5546 1718 5602 Psal.
1751 5531 1915 5615 uxxv,
1949 5547 1987 5601 3'

430 5626 466 5648 ιο
751 5628 812 5648 nc
872 5627 965 5648 vvr
1133 5614 1181 5648 23
1209 5615 1389 5648 Μοιιι.
1456 5630 1485 5648 ν
1543 5613 1604 5648 ’Μ

2109 5531 2366 5612 psam,
2395 5547 2450 5601 9.
2483 5546 2530 5583 πο
2559 5531 2669 5602 Isa.
2701 5531 2798 5611 ui,
2831 5543 2885 5602 7.
2933 5544 3153 5601 mpsal.
3187 5531 3327 5611 uvxr,
3355 5540 3404 5596 3.
3455 5537 3493 5574 ιι
3539 5531 3663 5605 Eph.

424 5626 486 5679 ιι,
528 5610 607 5669 17.
642 5610 690 5648 ﬁ
717 5612 832 5668 Jos.
872 5627 986 5680 xxi,
1013 5613 1103 5668 44.
1133 5614 1181 5649 ³³
1209 5615 1413 5670 Matth.
1453 5630 1508 5685 χ,
1542 5613 1628 5674 3i.
