3818 6168
126 351 248 410 1017,

1032 349 1464 407 ALLEGORIIE
1502 353 1578 408 IN
1623 352 1912 408 SACRAM
1951 350 2430 407 SCRIP’I‘URAM.

3237 352 3370 410 1018

119 477 208 532 luit
227 475 448 546 paciﬁco
477 475 518 540 ί,
559 495 580 523 ι
615 475 764 546 quod
796 491 896 546 per
924 475 1105 545 legem
1157 475 1415 532 Christus
1449 477 1878 538 excoluitAtes.
1909 479 2174 540 Pallium,
2209 476 2539 542 reverentia,
2571 483 2633 532 ut
2678 478 2735 532 in
2787 478 2991 532 Genesi
3025 495 3037 532 :
3075 495 3100 530 ι
3130 478 3370 533 Pallium

121 568 466 638 Synagogam.
499 565 769 631 Paci/ltus
797 563 1034 635 quilibet
1077 571 1324 631 sanctus,
1358 572 1422 621 ut
1450 566 1508 620 in
1537 566 1695 620 Psal-

124 655 240 710 mis:
268 672 293 706 α
317 654 455 708 Cum
481 652 552 706 iis
580 652 929 723 quioderunt
945 670 1139 724 pacem
1157 671 1310 709 eram
1342 654 1692 727 paciﬁcus’,»

125 744 248 817 quod
275 741 373 796 viri
401 741 584 796 sancti
605 741 971 796 serenitatem
995 743 1199 796 mentis
1227 760 1339 798 non
1361 745 1545 798 solum
1567 761 1697 799 con-

126 840 198 890 tra
223 831 436 898 amicos,
467 831 568 884 sed
598 831 769 884 etiam
821 836 1017 886 contra
1045 831 1300 886 inimicos
1328 832 1554 888 habent.
1588 834 1696 888 Per

123 924 341 992 mei/Sim
366 919 780 991 praedicatores,
817 925 880 974 ut
932 921 990 974 in
1041 921 1302 976 Cantico:
1345 941 1367 971 ι
1421 922 1571 976 Mille
1609 921 1694 976 tui

127 1009 310 1084 paciﬁci
329 1008 369 1075 ³,
423 1029 446 1060 ι
475 1009 625 1080 quod
665 1009 846 1063 sancti
877 1009 1271 1081 praedicatores
1301 1011 1394 1082 qui
1435 1011 1692 1066 Ecclesiae

126 1115 291 1172 pacem
320 1097 598 1164 nuntiant,
654 1098 1052 1170 perfectionem
1112 1099 1404 1170 possident
1451 1099 1688 1164 virtutis,

126 1188 248 1260 quod
275 1187 621 1242 millenarius
651 1203 922 1241 numerus
942 1187 1220 1258 perfectus
1247 1193 1350 1242 est.
1375 1189 1483 1242 Per
1493 1191 1694 1257 paciﬁ-

124 1294 190 1331 eos
220 1281 490 1331 amatores
518 1275 848 1342 concordiae,
891 1281 954 1330 ut
1008 1275 1066 1330 in
1101 1277 1400 1347 Evangelio
1436 1294 1446 1329 :
1481 1278 1501 1298 ⁶
1527 1294 1553 1328 α
1593 1276 1693 1330 Dei

125 1365 326 1438 paciﬁci,
363 1386 387 1417 ι
446 1365 503 1418 id
533 1370 640 1430 est,
691 1368 975 1419 amatores
1004 1363 1332 1432 concordiae,
1362 1383 1388 1418 α
1431 1365 1696 1437 quoniam

126 1454 205 1510 ﬁlii
227 1454 320 1509 Dei
347 1452 697 1510 vocabuntur
725 1452 767 1506 ⁴.
805 1472 828 1505 ι

179 1546 356 1598 Palma
395 1547 484 1598 est
513 1542 780 1610 Ecclesia,
814 1549 880 1597 ut
905 1543 963 1598 in
992 1541 1096 1598 Job
1131 1559 1143 1596 :
1179 1561 1206 1596 α
1241 1543 1311 1598 Et
1337 1543 1483 1598 sicut
1511 1543 1700 1614 palma

126 1630 475 1704 multiplicabo
503 1631 626 1686 dies
653 1630 694 1698 ⁵,
729 1648 757 1684 ι
807 1631 957 1702 quod
1012 1637 1208 1686 sancta
1253 1631 1499 1687 Ecclesia
1529 1631 1698 1686 intel-

125 1723 274 1776 lectus
299 1720 650 1776 incrementa
683 1721 918 1776 internae
946 1721 1219 1776 claritatis
1241 1721 1299 1776 in
1328 1720 1460 1776 viris
1486 1721 1694 1775 sanctis

125 1809 364 1883 producit.
400 1812 596 1865 Palma
625 1811 854 1882 Uustus,
880 1816 943 1864 ut
965 1809 1024 1864 in
1046 1809 1339 1881 Psalmis]:
1368 1831 1392 1862 α
1411 1812 1604 1866 Justus
1632 1815 1696 1864 ut

123 1899 285 1972 palma
311 1898 532 1954 ﬂorebit
553 1899 595 1966 ⁸,
629 1919 654 1952 ››
689 1900 838 1971 quod
865 1899 952 1954 vir
980 1905 1206 1954 sanctus
1237 1899 1295 1953 in
1315 1899 1498 1954 nitore
1523 1897 1694 1970 justi-

1777 567 2168 639 imposuerunt
2197 566 2449 620 humeris
2471 566 2593 637 ejus
2613 567 2675 633 *7,
2709 587 2733 618 γι
2769 567 2917 638 quod
2948 565 3252 621 Christiani
3284 567 3371 622 in-

1778 656 1940 709 ﬁrma
1964 653 2332 708 humanitatis
2360 662 2662 726 assumpta:
2703 655 2762 710 in
2791 655 3014 710 Christo
3053 660 3374 710 reverenter

1776 743 2356 802 honorant.Pa/lium,
2397 746 2415 766 ⁶
2440 744 2768 814 jucunditas
2799 743 3003 810 cordis,
3038 751 3100 799 ut
3121 743 3179 798 in
3201 743 3368 798 Isaia:

1779 833 2058 886 «Pallium
2075 832 2253 886 laudis
2270 825 2370 903 pro
2383 832 2583 904 spiritu
2603 833 2859 888 maeroris
2875 834 2934 896 ιδ,
2969 853 2989 883 ι
3015 833 3072 886 id
3097 838 3202 897 est,
3229 832 3373 887 dabo

1774 921 1928 976 vobis
1955 921 2406 986 exsultationem,
2465 922 2558 992 qui
2610 923 2766 993 prius
2819 922 2878 977 in
2908 921 3138 976 tristitia
3165 921 3369 976 fuistis.

1775 1013 2039 1076 Pallium,
2070 1010 2417 1082 poenitentia,
2435 1017 2497 1064 ut
2524 1010 2581 1065 in
2607 1011 2810 1066 Genesi
2836 1029 2846 1063 :
2886 1031 2911 1062 «
2938 1011 3062 1066 Cito
3089 1011 3224 1065 tulit
3251 1011 3373 1082 pal-

1775 1099 1915 1154 lium
1947 1115 2132 1165 suum,
2165 1105 2222 1153 et
2242 1099 2465 1169 operuit
2479 1115 2537 1153 se
2568 1099 2630 1164 ’9,
2659 1117 2686 1152 ι
2709 1099 2857 1170 quod
2881 1099 3125 1154 Ecclesia
3145 1099 3214 1153 de
3231 1117 3372 1169 gen-

1777 1188 1945 1254 tibus,
1970 1187 2160 1242 statim
2185 1193 2245 1242 ut
2267 1205 2367 1259 per
2410 1189 2578 1242 ﬁdem
2616 1188 2892 1258 cognovit,
2917 1188 3121 1260 prioris
3143 1204 3374 1242 conver-

1777 1277 2012 1333 sationis
2059 1294 2173 1332 suae
2227 1277 2561 1348 pravitatem
2612 1294 2713 1349 per
2783 1277 3172 1349 paenitentiam
3212 1277 3372 1331 texit.

1777 1369 2044 1434 Pallium,
2067 1367 2360 1430 auxilium,
2393 1371 2458 1421 ut
2484 1366 2542 1420 in
2574 1366 2865 1421 Parabolis
2899 1385 2910 1420 :
2950 1389 2972 1416 ι
3021 1366 3131 1432 Qui
3160 1365 3376 1421 amittit

1778 1455 2012 1527 pallium
2043 1455 2102 1510 in
2149 1455 2238 1510 die
2285 1454 2512 1526 frigoris
2541 1453 2608 1522 ³ο,
2647 1474 2673 1508 »
2709 1455 2766 1509 id
2795 1461 2898 1522 est,
2939 1454 3035 1527 qui
3066 1471 3179 1510 non
3207 1454 3378 1510 habet

1779 1543 2049 1600 auxilium
2079 1544 2136 1599 in
2165 1549 2418 1616 tempore
2447 1544 2816 1599 necessitatis.
2839 1546 3106 1612 Pallium,
3126 1543 3376 1598 conside-

1779 1633 1923 1688 ratio
1970 1633 2212 1706 propria:
2267 1633 2630 1700 inﬁrmitatis,
2665 1638 2728 1688 ut
2785 1633 2842 1688 in
2900 1632 3060 1688 libris
3107 1633 3370 1704 Regum:

1785 1742 1808 1774 «
1843 1723 2080 1794 Operuit
2105 1722 2321 1777 vultum
2335 1738 2500 1776 suum
2517 1721 2687 1794 pallio
2708 1721 2773 1788 “,
2807 1741 2830 1772 ι
2857 1722 3006 1793 quod
3028 1738 3157 1777 cum
3177 1721 3237 1776 in
3249 1737 3377 1776 con-

1779 1811 2144 1883 templatione
2175 1814 2194 1834 ⁶
2225 1810 2569 1878 aberremus,
2604 1817 2829 1883 oportet
2856 1818 2919 1866 ut
2949 1828 3052 1866 nos
3095 1811 3246 1883 ipsos
3276 1826 3378 1882 per

1775 1901 2280 1956 considerationem
2339 1899 2685 1955 inﬁrmitatis
2738 1905 2943 1955 nostrae
2990 1899 3373 1956 humiliemus.

125 1988 200 2044 tiae
242 1987 492 2062 precibus
536 1988 978 2060 praecedentibus
1014 2005 1075 2043 se
1107 1987 1455 2043 conformare
1483 1988 1690 2042 studet.
1775 1993 2042 2056 Pallium,
2078 1989 2354 2044 exteriora
2375 1995 2720 2060 peccata,.ut
2747 1989 2806 2043 in
2836 1989 3134 2058 Evangelio
3176 2006 3189 2042 :
3229 2007 3255 2041 (ι
3286 1987 3380 2044 Di-

122 2079 306 2144 Palma,
328 2083 524 2132 sancta
550 2093 711 2144 crux,
740 2083 804 2132 ut
834 2077 892 2131 in
916 2077 1148 2132 Cantico
1175 2094 1186 2130 :
1225 2097 1248 2129 ι
1283 2077 1599 2132 Ascendam
1631 2076 1690 2130 in
1773 2079 1934 2134 mitte
1964 2079 2015 2133 ei
2045 2079 2315 2150 'pallium
2334 2078 2403 2146 ”,
2439 2097 2462 2132 ι)
2498 2080 2518 2102 ⁴’
2547 2083 2605 2133 et
2629 2077 2910 2139 exteriora
2929 2083 3266 2150 peccatatua
3283 2076 3376 2132 ab-

123 2165 357 2236 palmam,
391 2173 448 2220 et
503 2165 923 2238 apprehendam
966 2165 1182 2222 fructus
1212 2166 1336 2237 ejus
1357 2166 1397 2233 7,
1439 2185 1461 2217 ι
1495 2165 1552 2220 id
1583 2170 1686 2232 est,
1768 2169 1880 2240 jice
1905 2166 2004 2222 abs
2033 2174 2108 2222 te.
2141 2171 2408 2234 Pallium,
2443 2183 2617 2240 prava
2638 2173 2909 2233 vetustas,
2933 2172 2998 2221 ut
3023 2166 3082 2220 in
3107 2165 3369 2221 Cantico:

123 2255 512 2326 oontemplabor
564 2254 830 2310 virtutem
879 2254 1076 2322 crucis,
1129 2261 1186 2310 et
1240 2255 1520 2326 particeps
1571 2271 1692 2309 esse

123 2350 349 2415 satagam
378 2343 653 2400 mercedis
679 2345 821 2416 ejus.
854 2347 1073 2410 Palma,
1107 2349 1260 2398 recta
1279 2343 1616 2410 intentio,ut
1634 2343 1693 2399 in

125 2432 331 2488 Cantica
362 2451 374 2487 :
410 2451 440 2486 ι
472 2435 704 2488 Statura
732 2438 834 2488 tua
861 2433 1171 2488 assimilata
1199 2439 1286 2488 est
1311 2433 1565 2505 palmae“,
1595 2452 1617 2484 ι
1637 2432 1698 2486 id

124 2529 208 2588 est,
235 2522 294 2576 in
339 2519 601 2578 exteriori
637 2521 784 2576 bona
846 2521 1064 2578 actione
1105 2527 1204 2577 tua
1239 2528 1492 2594 apparet,
1524 2537 1694 2593 quam

123 2617 255 2666 recta
283 2618 365 2666 est
388 2611 649 2666 intentio.
682 2611 792 2666 Per
811 2615 1067 2682 palmam
1087 2611 1328 2665 victoriae
1351 2611 1692 2683 spirituales,

124 2705 173 2754 ut
203 2701 260 2756 in
300 2700 450 2756 libris
498 2701 716 2772 Regum
751 2719 761 2753 :
793 2720 814 2752 ι
864 2701 934 2756 Et
963 2699 1094 2755 fecit
1121 2699 1178 2754 in
1218 2700 1300 2754 eis
1328 2699 1618 2755 cherubim
1639 2705 1698 2754 et

124 2791 318 2862 palmas
344 2789 385 2858 9,
417 2809 441 2841 ›
477 2789 627 2862 quod
674 2790 823 2844 Deus
877 2788 1337 2866 praedicatoribus
1389 2789 1598 2844 sanctis
1635 2794 1694 2842 et

123 2879 503 2949 plenitudinem
553 2895 701 2933 verae
755 2879 1022 2946 scientiae,
1085 2885 1142 2932 et
1196 2878 1545 2950 spiritualem
1594 2895 1690 2933 su-

1779 2275 1804 2310 ‹‹
1835 2257 2109 2313 Tulerunt
2143 2257 2375 2328 pallium
2405 2273 2595 2312 meum
2621 2256 2881 2311 custodes
2929 2271 3223 2312 murorum
3241 2253 3311 2320 ³³,
3347 2275 3368 2304 ο

1775 2346 1832 2400 id
1860 2352 1965 2412 est,
1996 2345 2351 2400 abstulerunt
2369 2362 2404 2400 a
2432 2363 2522 2400 me
2542 2345 2876 2417 pravitatem
2904 2347 3132 2399 vetusta:
3148 2359 3376 2398 conver-

1775 2435 2010 2490 sationis
2043 2440 2284 2490 rectores
2341 2435 2734 2490 Ecclesiarum.
2788 2435 3054 2500 Pallium,
3087 2431 3370 2504 superbia,

1771 2531 1842 2584 .ut
1863 2525 1922 2580 in
1949 2524 2092 2579 libro
2121 2525 2288 2580 Josue
2315 2541 2326 2576 :
2351 2541 2377 2577 α
2405 2523 2560 2578 Vidit
2585 2523 2780 2578 Achan
2811 2522 2958 2578 inter
2976 2527 3179 2577 caetera
3196 2520 3375 2593 spolia

1776 2613 2011 2686 pallium
2041 2612 2381 2679 coccineum,
2429 2612 2587 2667 valde
2644 2611 2854 2667 bonum
2884 2610 2950 2677 Ἃ,
2986 2627 3014 2665 ι
3048 2610 3197 2682 quod
3225 2609 3374 2665 inter

1777 2708 1977 2758 cratera
2006 2707 2232 2774 peccata
2265 2701 2446 2767 nitore
2473 2699 2747 2774 superbia;
2779 2699 3001 2772 reprobi
3023 2699 3148 2772 plus
3167 2714 3373 2754 concu-

1772 2792 2012 2864 piscunt.
2037 2793 2144 2846 Per
2157 2795 2424 2861 pallium,
2460 2791 2728 2858 actiones,
2762 2796 2827 2846 ut
2848 2790 2907 2844 in
2927 2789 3070 2844 libro
3092 2787 3326 2844 Numeri
3361 2806 3372 2842 :

1776 2898 1803 2932 α
1845 2882 1918 2936 Ut
1948 2881 2154 2935 faciant
2190 2881 2271 2935 eis
2303 2879 2550 2934 ﬁmbrias
2577 2879 2637 2935 in
2665 2879 2886 2951 angulis
2911 2878 3214 2951 palliorum
3241 2876 3307 2943 ³⁵,
3347 2897 3370 2928 ι

121 2983 202 3037 per
227 2971 247 2991 θ
278 2967 408 3022 vitia
457 2967 749 3023 victoriam
804 2968 995 3022 donat.
1050 2968 1158 3022 Per
1182 2971 1434 3037 palmam
1463 2966 1693 3038 praemia
1720 2970 1833 3041 “id
1859 2975 1964 3035 est,
1997 2976 2062 3026 ut
2099 2969 2364 3024 studeant
2405 2985 2760 3041 perseverare
2799 2969 2858 3022 in
2886 2965 3374 3040 conjunctionibus

120 3029 326 3124 aeterna,
354 3064 417 3112 ut
446 3057 504 3112 in
525 3057 862 3130 Apocalypsi
896 3073 910 3113 :
945 3077 974 3110 ιι
1005 3058 1076 3112 Et
1117 3029 1315 3129 palma)
1343 3057 1400 3110 in
1428 3029 1688 3112 manibus
1713 3029 2054 3115 Cbonorum
2076 3065 2302 3114 actuum
2331 3029 2582 3114 suorum.
2607 3059 2714 3112 Per
2728 3029 3374 3128 pallium,velationes,ut

119 3161 293 3200 eorum
313 3145 371 3212 ιο,
414 3168 438 3198 ι)
467 3146 524 3202 id
553 3152 655 3213 est,
691 3147 922 3218 praemia
944 3151 1149 3202 aeterna
1182 3163 1282 3218 pro
1313 3146 1474 3201 bonis
1505 3146 1690 3217 operi-

121 3232 204 3288 bus
225 3251 436 3290 eorum.

174 3325 380 3379 Palma:
416 3329 505 3380 est
531 3323 767 3397 quilibet
811 3325 910 3396 qui
943 3323 1112 3380 ﬁdem
1144 3326 1163 3348 ⁶
1195 3330 1490 3396 septenum
1516 3329 1688 3392 tenet,

121 3413 238 3467 utin
269 3413 570 3484 Evangelio
603 3431 615 3468 :
671 3434 694 3465 ι
730 3413 969 3468 Omnem
1017 3414 1307 3486 palmitem
1337 3414 1394 3470 in
1437 3432 1547 3479 me,
1583 3431 1694 3469 non

119 3501 368 3558 ferentem
391 3502 658 3568 fructum,
695 3503 1019 3558 ‘excidetur
1051 3504 1113 3569 ¹¹,
1147 3523 1168 3553 ι
1201 3503 1257 3557 id
1289 3508 1393 3570 est,
1445 3520 1689 3570 omnem,

116 3591 195 3661 qui
219 3593 571 3646 solummodo
601 3589 770 3647 ﬁdem
796 3591 981 3658 habet,
1016 3592 1074 3646 in
1107 3609 1196 3645 me
1217 3598 1275 3646 et
1297 3594 1315 3615 ⁶
1341 3593 1516 3647 ullum
1553 3609 1690 3663 opus

114 3677 296 3736 bonum
327 3681 624 3736 damnabit
653 3697 801 3736 eum.
837 3682 946 3736 Per
966 3684 1225 3750 palmites
1256 3681 1516 3752 apostoli,
1550 3687 1615 3736 ut
1635 3680 1696 3736 in

117 3767 422 3841 Evangelio:
453 3787 484 3823 ιι
508 3771 625 3840 Ego
653 3787 779 3826 sum
807 3769 954 3837 vitis,
977 3787 1073 3824 vos
1098 3770 1358 3842 palmites
1381 3769 1480 3836 ¹²,››
1514 3771 1570 3824 id
1589 3777 1692 3838 est,

115 3873 201 3927 ego
224 3860 482 3914 Christus
511 3859 922 3930 plenitudinem
942 3859 1142 3930 gratiae
1173 3858 1461 3930 possideo,
1479 3876 1574 3914 vos
1601 3876 1699 3914 au-

117 3953 211 4001 tem
231 3949 472 4020 apostoli
501 3953 723 4020 partem
753 3947 1117 4003 habetis.Per
1138 3951 1398 4018 palmilcs
1424 3949 1528 4003 viri
1559 3948 1698 4003 ﬁde-

115 4035 199 4104 les,
217 4043 279 4092 ut
304 4037 364 4093 in
385 4037 665 4092 Psalmis:
703 4057 728 4089 «
765 4038 1027 4093 Extendit
1059 4037 1320 4108 palmites
1361 4054 1493 4092 suos
1523 4055 1698 4108 usque

116 4124 172 4178 ad
199 4143 357 4182 mare
384 4126 450 4193 '3,
471 4145 498 4178 ι)
532 4126 678 4198 quod
695 4133 889 4182 sancta
901 4126 1144 4182 Ecclesia
1163 4126 1355 4182 ﬁdeles
1371 4143 1504 4181 suos
1522 4142 1701 4198 usque

115 4213 172 4268 ad
198 4216 336 4272 ﬁnes
359 4222 528 4271 terrae
559 4215 839 4270 dilatavit.

1772 3149 1833 3203 in
1862 3149 2010 3204 Isaia
2041 3168 2052 3203 :
2081 3171 2106 3197 σι
2142 3149 2374 3204 Auferet
2401 3148 2550 3202 Deus
2581 3150 2601 3170 ⁶
2632 3147 2690 3202 in
2716 3145 2974 3202 unctoria
3001 3151 3059 3201 et
3088 3143 3370 3218 pallia”,r

1774 3238 1832 3293 id
1864 3245 1970 3305 est,
2022 3238 2277 3294 destruet
2321 3238 2380 3292 in
2440 3235 2695 3309 reprobis
2741 3235 3138 3292 instabilitates
3165 3240 3223 3291 et
3251 3235 3369 3290 ela-

1776 3329 1977 3383 tiones.

1847 3418 2122 3484 Palpebra:
2142 3422 2275 3470 sunt
2290 3415 2504 3485 judicia
2534 3416 2656 3482 Dei,
2688 3422 2753 3470 ut
2779 3415 2834 3469 in
2867 3414 3104 3469 Psalmis
3143 3433 3154 3467 :
3192 3433 3216 3465 α
3252 3415 3383 3469 Pal-

1776 3504 1960 3576 pebra:
1989 3505 2111 3574 ejus
2136 3505 2486 3573 interrogant
2503 3504 2646 3558 ﬁlios
2673 3503 2968 3557 hominum
2983 3502 3050 3569 ’7,
3085 3522 3111 3556 ν)
3136 3503 3281 3574 quod
3299 3503 3383 3558 in-

1776 3598 1962 3647 tentos
1993 3609 2094 3647 nos
2128 3596 2149 3616 '
2179 3609 2276 3646 vos
2300 3591 2514 3663 judicia
2560 3591 2660 3646 Dei
2690 3597 2748 3646 et
2791 3591 3060 3646 sollicitos
3089 3591 3303 3645 faciunt
3323 3591 3381 3645 in

1779 3699 1863 3747 eo,
1897 3682 2046 3753 quod
2075 3681 2131 3735 in
2181 3679 2521 3752 quibusdam
2571 3696 2632 3734 se
2661 3684 2684 3706 ¹
2713 3697 2816 3734 nos
2847 3681 3150 3746 occultant,
3175 3679 3234 3734 in
3263 3678 3383 3751 qui-

1778 3770 2014 3825 busdam
2047 3787 2176 3824 vero
2199 3788 2256 3824 se
2285 3769 2564 3840 aperiunt.
2607 3771 2902 3838 Palpebras,
2938 3768 3154 3840 praelati
3191 3768 3382 3823 Eccle-

1780 3859 1895 3926 siae,
1929 3865 1993 3914 ut
2020 3859 2078 3913 in
2108 3858 2212 3913 Job
2243 3877 2256 3913 :
2283 3859 2382 3913 «Et
2411 3857 2692 3931 palpebrae
2721 3874 2858 3913 meae
2881 3857 3381 3930 caligaverunt”,)

1781 3949 1839 4004 id
1859 3954 1961 4015 est,
1995 3949 2214 4021 prmlati
2234 3948 2344 4002 mei
2370 3947 2427 4002 in
2468 3947 2804 4019 quibusdam
2835 3947 3219 4002 deviaverunt.
3249 3949 3380 4002 Pal-

1775 4041 1971 4109 pebm,
1988 4038 2294 4110 prudentes
2315 4037 2522 4104 saeculi,
2544 4041 2611 4092 ut
2628 4037 2685 4090 in
2705 4036 2809 4091 Job
2835 4054 2846 4090 :
2869 4057 2891 4087 ι
2913 4035 3074 4091 Oculi
3097 4036 3219 4106 ejus
3234 4035 3385 4091 velut

1781 4127 2061 4200 palpebrae
2081 4127 2312 4182 diluculi
2325 4126 2392 4192 3°,
2421 4145 2444 4178 ι
2465 4126 2613 4198 quod
2631 4125 2936 4198 prudentes
2951 4124 3140 4180 saaculi
3155 4125 3224 4179 de
3243 4140 3385 4180 vana

1783 4216 2040 4271 claritate
2066 4215 2402 4286 gloriantur.
2457 4217 2750 4284 Palpebraa,
2793 4213 3181 4285 cogitationes,
3234 4218 3301 4268 ut
3325 4211 3385 4268 in

175 4291 418 4360 Polliam
449 4311 538 4360 est
590 4304 828 4360 altitudo
877 4304 1248 4360 humanitatis
1291 4303 1519 4373 Christi,
1552 4308 1617 4360 ut
1643 4281 2108 4362 inDParabolis‘:
2157 4323 2184 4358 α
2207 4306 2323 4360 Nec
2374 4281 2682 4359 dormitent
2727 4281 3086 4375 palpebrae”,
3133 4319 3156 4354 ι
3189 4300 3247 4355 id
3276 4305 3380 4368 est,

113 4389 226 4448 libri
241 4394 490 4466 Regum:
519 4396 546 4420 "
565 4414 588 4446 ι
609 4394 866 4449 Christus
887 4394 1088 4448 levavit
1120 4393 1350 4464 pallium
1375 4393 1524 4460 Eliae,
1553 4394 1702 4465 quod

111 4483 375 4539 ceciderat
393 4484 447 4540 ei
469 4482 532 4549 ¹⁴,
566 4503 588 4533 ι
619 4483 766 4555 quod
795 4488 971 4537 castus
998 4482 1250 4537 ﬁdelium
1276 4482 1486 4538 Christi
1513 4499 1702 4538 sacra-

112 4576 288 4627 menta
307 4571 684 4628 humanitatis
712 4573 854 4643 ejus,
885 4588 1008 4643 quae
1035 4571 1145 4626 illis
1176 4571 1403 4644 reliquit
1435 4571 1492 4626 in
1522 4577 1692 4639 terra,

111 4663 432 4717 excellenter
456 4661 773 4725 honoravit.
807 4662 1078 4726 Pallium,
1115 4666 1310 4715 sancta
1339 4661 1602 4729 Ecclesia,
1635 4667 1700 4717 ut

111 4747 157 4802 in
183 4749 388 4806 Genesi
423 4769 435 4803 :
472 4771 496 4802 α
533 4751 605 4805 Et
642 4749 916 4820 sanguine
945 4766 1064 4804 uvae
1098 4749 1331 4821 pallium
1361 4767 1528 4806 suum
1567 4751 1632 4818 15,
1669 4771 1694 4804 »

112 4839 242 4908 quod
291 4839 552 4895 Christus
600 4844 952 4893 sacramento
1000 4838 1275 4910 passionis
1305 4855 1419 4894 suae
1451 4842 1470 4863 ⁴⁵
1504 4839 1701 4894 tendat

112 4925 398 4984 Ecclesiam
427 4928 1078 4996 suam.Pallium,littera
1093 4927 1314 4983 Veteris
1333 4928 1696 4994 Testamenti,

113 5017 235 5072 utin
262 5019 502 5074 Genesi:
531 5039 552 5070 ί
583 5017 796 5072 Relicto
843 5017 901 5072 in
950 5017 1207 5072 manibus
1242 5018 1364 5088 ejus
1415 5017 1582 5088 pallio
1610 5025 1700 5072 lu-

109 5103 258 5173 git“,
295 5127 322 5160 ι
358 5107 508 5180 quod
527 5107 804 5175 Christus,
840 5106 1037 5162 relicto
1067 5107 1344 5161 velamine
1375 5105 1593 5173 litterae,
1638 5107 1697 5162 in

110 5195 360 5265 operibus
388 5197 720 5269 Synagogae,
751 5213 851 5268 per
865 5195 1125 5251 notitiam
1149 5195 1279 5250 ﬁdei
1309 5194 1461 5250 venit
1477 5196 1549 5250 ad
1563 5212 1698 5266 gen-

1785 4411 1899 4451 non
1931 4394 2195 4449 aberrent
2235 4394 2605 4465 cogitationes
2633 4398 2764 4447 tuae.
2815 4393 3109 4460 Palpebrae,
3160 4389 3387 4445 interna

1785 4485 2036 4540 consilia.
2078 4488 2144 4538 ut
2171 4482 2229 4536 in
2258 4481 2546 4536 Parabolis
2591 4500 2602 4534 :
2639 4499 2666 4534 ι
2699 4478 2985 4552 Palpebrae
3033 4483 3143 4533 tuae
3175 4493 3384 4550 praece-

1785 4575 1924 4630 dant
1951 4589 2180 4644 gressus
2209 4576 2336 4626 tuos
2371 4569 2437 4636 3‘,
2476 4590 2502 4625 υ
2534 4570 2591 4625 id
2619 4575 2724 4636 est,
2774 4569 2997 4623 interna
3031 4566 3267 4622 consilia
3286 4571 3387 4622 tua

1779 4662 2120 4735 prazveniant
2149 4666 2308 4714 actus
2337 4664 2486 4713 tuos.
2793 4643 2800 4652 ’

1851 4755 2020 4807 Palas
2048 4755 2181 4805 sunt
2211 4749 2313 4803 viri
2339 4747 2538 4814 sancti,
2571 4751 2636 4802 ut
2656 4747 2715 4801 in
2748 4745 2951 4801 Genesi
2981 4764 2992 4800 :
3026 4766 3048 4798 α
3086 4746 3384 4802 Palearum

1782 4847 1840 4896 et
1867 4840 1978 4894 feni
2000 4839 2305 4912 plurimum
2333 4841 2421 4892 est
2447 4835 2596 4908 apud
2627 4852 2729 4891 nos
2741 4834 2806 4902 3’,
2845 4853 2866 4886 ι
2897 4835 3047 4908 quod
3073 4835 3176 4890 viri
3206 4821 3386 4890 sancti

1781 4948 1816 4985 a
1846 4929 2061 5002 peccati
2082 4927 2329 5002 pondere
2377 4927 2522 4981 leves
2547 4930 2605 4980 et
2630 4925 2688 4980 in
2718 4923 2866 4980 bono
2897 4941 3065 4996 opere
3089 4924 3292 4980 virides
3323 4923 3382 4979 in

1783 5025 1977 5074 sancta
2007 5017 2248 5073 Ecclesia
2275 5015 2582 5070 abundant.
2637 5018 2825 5071 Palem.
2872 5012 3164 5068 sententia:
3217 5028 3388 5068 sacra:

1785 5109 2107 5180 Scripturae,
2139 5113 2206 5163 ut
2233 5107 2289 5160 in
2313 5105 2454 5160 libro
2484 5104 2746 5161 Judicum
2781 5120 2794 5156 :
2831 5123 2854 5154 ι
2882 5101 3165 5157 Habentes
3197 5102 3388 5174 paleas

1781 5204 1840 5255 et
1865 5198 2059 5254 fenum
2089 5197 2147 5252 in
2173 5197 2461 5252 asinorum
2491 5193 2762 5267 pabulum
2801 5191 2870 5258 ³³,
2897 5214 2920 5242 ιι
2946 5191 3005 5246 id
3045 5196 3150 5258 est,
3201 5191 3386 5267 possi-

173 5357 189 5392 ¹
221 5357 388 5413 Cant.
417 5374 538 5425 vm,
575 5360 662 5414 11.
693 5358 718 5393 ³
741 5359 886 5413 Psal.
922 5372 1033 5423 cxx,
1066 5360 1116 5412 7.
1150 5357 1173 5390 ³
1203 5358 1364 5412 Cant.
1400 5374 1520 5426 vm,
1559 5361 1642 5416 12.
1669 5360 1692 5395 ⁴
1721 5361 1920 5416 Matth.
1952 5375 2005 5426 v,
2039 5357 2091 5414 9.
2126 5359 2148 5391 ⁵
2173 5357 2276 5412 Job
2305 5373 2452 5422 xxrx,
2484 5357 2567 5410 18.
2596 5355 2619 5390 ⁸
2641 5356 2788 5410 Psal.
2821 5368 2910 5423 xc,
2937 5353 3025 5426 13.
3051 5353 3072 5389 ⁷
3094 5355 3257 5410 Cant.
3285 5369 3386 5422 vn,

110 5425 156 5480 8.
185 5428 207 5462 ⁸
230 5428 374 5500 Ibid.
407 5448 463 5485 υ.
496 5429 550 5487 7.
576 5431 600 5465 ⁹
632 5432 656 5486 Ῑ
688 5431 825 5500 Reg.
861 5445 936 5494 νῐ,
968 5430 1058 5486 29.
1087 5429 1132 5464 ¹⁰
1159 5431 1330 5500 Apoc.
1366 5445 1462 5494 vn,
1497 5425 1550 5488 9.
1585 5433 1626 5467 ¹¹
1661 5433 1689 5486 J

1859 5447 1948 5493 xv,
1981 5425 2034 5488 2.
2071 5429 2118 5464 ¹²
2146 5429 2286 5484 Ibid.
2316 5443 2363 5500 v,
2389 5429 2442 5483 5.
2477 5427 2521 5500 ‘3
2542 5427 2688 5481 Psal.
2718 5440 2902 5500 Lxxrx,
2940 5425 3027 5500 42A.
3065 5425 3114 5500 1‘
3140 5426 3217 5482 IV
3246 5426 3386 5497 Reg.

113 5511 164 5563 ιι,
198 5499 282 5558 13.
315 5502 364 5537 ¹⁵
397 5503 534 5559 Gen.
559 5516 707 5567 xux,
751 5497 830 5556 ll.
867 5503 912 5535 ¹⁸
938 5502 1078 5556 Gen.
1115 5497 1298 5568 xxxix,
1339 5501 1418 5557 l2.
1453 5504 1496 5538 ¹⁷
1528 5504 1670 5558 Gen.

1849 5503 1898 5557 3.
1951 5503 1993 5537 ¹⁸
2022 5503 2130 5556 Isa.
2169 5514 2282 5565 xu,
2313 5499 2364 5552 3.
2413 5499 2458 5533 ¹⁹
2487 5499 2628 5553 Gen.
2654 5512 2808 5568 χχιιι,
2840 5497 2929 5554 65.
2980 5497 3028 5533 ὀ
3063 5499 3226 5553 Prov.
3256 5513 3384 5564 xxv,

111 5569 514 5646 merum.
547 5589 660 5640 xxx,
688 5572 857 5646 113.”
884 5575 1084 5646 Matth.
1114 5567 1291 5646 γάρ.
1324 5571 1370 5608 ’³
1401 5575 1562 5630 Cant.
1599 5590 1652 5640 v,
1684 5575 1694 5623 7

1849 5575 1944 5629 los.
1979 5587 2083 5646 vn.
2113 5571 2200 5646 21..
2225 5570 2272 5646 ’f
2293 5571 2468 5626 Num.
2496 5567 2914 5646 xv,_§8._f°_ls_a.
2939 5585 3024 5636 In,
3041 5569 3144 5646 22L
3167 5569 3214 5607 ⁸⁷
3236 5569 3387 5627 Psal.

113 5654 159 5707 ι,
187 5642 238 5697 4.
271 5643 320 5680 ³⁸
347 5639 614 5716 Ιοδζκνι,
642 5645 731 5702 16.
758 5643 806 5680 ²θ
833 5643 936 5702 Job
959 5660 1071 5712 xu,
1104 5644 1156 5702 9.
1181 5643 1230 5681 ³ο
1250 5645 1413 5701 Prov.
1448 5661 1523 5715 Vl,
1553 5646 1611 5702 4.
1641 5639 1684 5682 ³¹

1849 5663 1874 5700 ν.
1910 5661 1986 5713 iv,
2025 5645 2110 5702 '35.
2146 5642 2193 5680 ³³
2223 5643 2364 5700 Gen.
2399 5657 2548 5711 xxiv,
2582 5641 2670 5699 25.
2703 5639 2750 5678 ³³
2775 5643 2902 5699 Jud.
2935 5656 3048 5710 xix,
3083 5639 3167 5697 19.
