3942 6158
542 327 680 388 1019
1132 327 1194 382 Β.
1238 324 1511 382 RABANI
1549 324 1781 381 MAURI
1831 323 2170 380 ARCHIEP.
2210 323 2536 382 MOGUNT.
2577 323 2874 382 OPERUM
2913 322 3095 379 PARS
3129 321 3224 378 IIl.
3616 327 3721 388 1010

538 454 736 510 dentes
764 468 926 508 sacra
951 453 1292 507 documenta
1320 456 1378 506 et
1397 450 1654 522 exempla
1672 450 1744 504 ad
1774 440 2135 505 refectionem
2153 450 2439 518 Amundi,
2473 456 2538 505 ut
2565 449 2623 505 in
2644 449 2848 505 Genesi
2880 465 2892 502 :
2931 468 2953 500 ι
3015 447 3172 502 Alter
3213 447 3479 520 egraliens
3518 450 3719 523 plantam

539 541 899 615 simplicium.
951 543 1140 603 Pales,
1174 539 1492 595 necessaria
1546 538 1716 611 hujus
1769 539 1914 606 vitae,
1961 543 2029 593 ut
2083 539 2143 594 in
2224 539 2416 596 fratris
2445 538 2675 594 tenebat
2702 555 2875 594 manu
2899 537 2964 605 ‘7,
2995 555 3023 591 ι
3069 538 3211 609 quod
3240 536 3295 592 in
3329 538 3430 593 ﬂne
3454 541 3621 596 mundi
3641 543 3725 612 pii-

544 632 729 688 Exodo
761 648 772 684 :
811 652 834 683 α
869 631 1048 686 Palem
1077 647 1189 685 non
1209 629 1496 684 dabuntur
1522 627 1694 695 vobis,
1725 633 1782 683 et
1808 620 2139 684 consuetum
2221 634 2439 684 metum
2469 645 2640 702 super
2684 626 2952 700 reprobos
2992 624 3315 682 adveniente
3366 626 3542 683 ultimo
3561 629 3726 700 judicio

540 736 841 776 numerum
862 718 1162 781 reddetis‘,
1200 737 1223 768 ι
1244 718 1389 789 quod
1407 717 1602 772 volunt
1622 716 1855 789 maligni
1881 716 2134 788 spiritus,
2219 718 2512 774 habebunt
2537 718 2723 774 electi.

540 814 607 865 ut
625 809 786 864 electi
814 809 984 880 hujus
1014 808 1142 863 vita:
1183 806 1500 862 necessaria
1548 812 1614 861 ut
1652 805 2053 873 destituantur,
2086 810 2144 861 et
2295 811 2524 863 Platani
2550 812 2685 862 sunt
2713 805 2820 861 viri
2848 803 3046 871 sancti,
3067 809 3133 860 ut
3158 803 3216 859 in
3252 804 3441 860 Genesi
3472 823 3484 858 :
3517 828 3531 854 ι
3556 807 3730 864 Tollens

543 899 701 954 duris
755 896 1153 953 afﬂictionibus
1204 900 1587 951 conterantur.
1611 898 1802 962 Palem,
1856 894 2145 950 instabiles
2223 896 2395 953 Iacob
2418 897 2602 968 virgas
2615 895 2936 968 explatanis
2955 894 3019 959 *3,
3042 912 3065 944 ι
3087 893 3234 965 quod
3253 894 3497 965 praelatus
3512 893 3660 951 bonus
3679 898 3729 952 ad

470 1002 481 1009 ‘
543 987 772 1060 quique,
800 992 866 1042 ut
893 986 950 1041 in
981 985 1084 1041 Job
1121 1005 1131 1040 :
1157 1006 1181 1037 ς(
1214 986 1394 1040 Erunt
1413 984 1558 1040 sicut
1583 983 1759 1056 paleae
1793 988 1924 1039 ante
1945 982 2144 1038 faciem
2226 986 2564 1042 erudiendos
2590 984 2870 1058 subjectos
2895 983 3045 1039 bona
3080 982 3330 1054 exempla
3346 982 3412 1039 de
3423 982 3543 1039 viris
3573 986 3731 1041 sanctis

546 1076 694 1133 venti
707 1075 750 1144 ²,
790 1096 812 1127 ι
865 1075 1011 1148 quod
1065 1074 1355 1130 instabiles
1401 1074 1607 1146 quique
1645 1073 1975 1128 adveniente
2005 1073 2144 1129 ﬂatu
2224 1075 2419 1132 sumit.
2441 1073 2872 1141 Platani,sancti
2885 1072 3172 1145 angeli,ut
3188 1072 3247 1128 in
3269 1070 3566 1127 Ezechiele:
3598 1093 3616 1125 ι
3643 1074 3734 1130 Pla-

543 1165 873 1223 tentationis
916 1165 1337 1237 disperguntur.
1394 1166 1584 1230 Palem,
1641 1162 1916 1229 inﬁdeles,
1973 1166 2040 1217 ut
2083 1162 2144 1218 in
2223 1165 2344 1220 tani
2371 1181 2484 1220 non
2530 1164 2760 1220 fuerunt
2815 1161 3058 1234 aequales
3105 1159 3388 1217 frondibus
3411 1160 3522 1232 ejus
3545 1161 3598 1228 ιο,
3623 1163 3733 1234 quod

543 1255 692 1312 Isaia
723 1274 735 1310 :
767 1275 791 1307 ι
824 1256 935 1310 Leo
981 1254 1140 1326 quasi
1196 1253 1296 1308 bos
1354 1253 1544 1325 paleas
1573 1251 1830 1310 comedet
1853 1249 1896 1318 3,
1930 1268 1958 1305 ι
1992 1251 2141 1324 quod
2222 1255 2406 1326 primo
2436 1253 2517 1310 illi
2564 1253 2765 1325 angelo
2794 1252 2852 1308 in
2893 1250 3274 1325 prerogativis
3317 1249 3568 1306 donorum
3592 1251 3735 1307 caeteri

541 1343 797 1402 diabolus
844 1344 1096 1399 inﬁdeles
1126 1342 1232 1398 sibi
1278 1343 1616 1414 incorporat.
1668 1343 1856 1409 Ραιείε,
1889 1340 2142 1396 damnati
2222 1359 2337 1398 non
2363 1347 2628 1416 poterant
2653 1341 2841 1414 angeli
2867 1340 2951 1396 illi
2992 1338 3323 1413 comparari.
3355 1341 3609 1406 Plateam,
3644 1340 3737 1411 qui-

541 1433 603 1489 in
626 1433 860 1504 judicio,
882 1436 946 1488 ut
974 1433 1030 1487 in
1063 1432 1366 1503 Evangelio
1401 1449 1412 1485 :
1451 1451 1472 1483 ι
1491 1431 1690 1486 Paleas
1720 1433 1910 1486 autem
1932 1432 1959 1457 "
1987 1446 2141 1485 com-
2222 1431 2362 1488 libet
2386 1432 2448 1488 in
2473 1429 2943 1504 contemplatione
2985 1433 3224 1495 erectus,
3275 1433 3340 1484 ut
3380 1425 3576 1482 inlibro
3597 1427 3737 1484 Eccle-

540 1522 708 1578 bures
738 1522 854 1594 igni
877 1521 1318 1592 inexstinguibili
1343 1521 1384 1584 ⁴,
1408 1540 1432 1574 ››
1468 1520 1617 1592 quod
1645 1518 1900 1575 damnati
1917 1519 1977 1574 in
1986 1518 2143 1590 judi-
2223 1521 2450 1578 siastico
2469 1539 2482 1576 :
2504 1522 2606 1578 «Et
2618 1520 2765 1578 sicut
2780 1520 3044 1593 platanus
3064 1515 3503 1574 exaltatasumin
3517 1515 3736 1583 Gades!»

540 1611 626 1668 cio
653 1610 895 1684 reprobi,
923 1611 1043 1666 sine
1074 1613 1189 1666 fine
1219 1610 1367 1682 apud
1397 1609 1607 1664 inferos
1633 1606 2070 1681 torquebuntur.
2225 1611 2374 1684 quod
2394 1611 2467 1668 ad
2503 1627 2602 1666 cor
2628 1610 2809 1666 altum
2836 1607 3054 1665 accedit
3072 1607 3245 1664 homo
3273 1611 3332 1662 et
3356 1606 3379 1631 ⁶
3397 1605 3586 1662 exaltat
3610 1604 3738 1671 Deus,

568 1702 579 1715 '
612 1702 844 1756 Paludes
863 1704 996 1756 sunt
1020 1699 1315 1756 societates
1343 1697 1822 1771 reproborum,ut
1844 1697 1907 1753 in
1925 1697 2140 1753 Exodo:
2162 1770 2179 1771 γ
2296 1703 2484 1756 Plalea
2531 1705 2619 1756 est
2681 1697 2990 1755 multitudo
3044 1697 3395 1770 populorum,
3444 1699 3506 1751 ut
3548 1695 3601 1750 in
3627 1693 3737 1750 Job:

547 1811 571 1843 ι
607 1789 847 1846 Paludes
873 1789 1238 1844 vertebantur
1286 1788 1344 1843 in
1374 1770 1708 1859 sanguinem
1737 1792 1796 1843 et
1832 1770 2206 1842 educebantB
2226 1789 2297 1846 Et
2331 1790 2392 1844 in
2442 1789 2631 1862 platea
2674 1786 2956 1862 parabant
3007 1785 3334 1842 cathedram
3358 1782 3423 1852 ²¹,
3451 1802 3474 1836 ι
3520 1782 3571 1839 id
3595 1788 3677 1851 est,
3699 1782 3741 1838 in

541 1895 712 1936 ranas
745 1880 787 1947 ⁵,
823 1898 850 1932 ›)
883 1879 1033 1951 quod
1080 1876 1448 1950 reproborum
1480 1875 1865 1932 conventicula
1901 1874 2144 1932 crudeli-
2226 1878 2591 1935 multitudine
2611 1877 2997 1950 subiectorum
3022 1873 3408 1949 praelationem
3433 1871 3643 1929 exercui.
3666 1872 3745 1927 Per

540 1972 689 2025 tates
717 1973 775 2024 et
798 1983 1106 2022 venenosas
1124 1965 1373 2021 habeant
1398 1965 1785 2038 loquacitates.
2219 1970 2431 2039 plateas
2483 1967 2792 2036 auditores,
2840 1970 2902 2022 ut
2931 1966 2992 2021 in
3036 1963 3344 2020 Parabolis.
3375 1981 3398 2014 ι
3427 1961 3492 2018 Et
3518 1961 3570 2016 in
3592 1960 3746 2033 plateis

610 2059 882 2113 Paliurus
912 2062 998 2111 est
1024 2055 1326 2122 excusatio,
1353 2060 1421 2110 ut
1440 2055 1501 2109 in
1528 2054 1709 2110 Isaia:
1743 2073 1765 2106 ι
1800 2053 1870 2109 Et
1888 2053 2144 2126 paliurus
2225 2072 2401 2128 aquas
2442 2062 2571 2112 tuas
2598 2055 2784 2112 divide
2811 2054 2876 2123 ⁸³,
2906 2075 2929 2108 ι
2962 2054 3020 2111 id
3049 2059 3156 2123 est,
3185 2053 3335 2110 inter
3361 2051 3616 2108 auditores
3636 2064 3746 2123 pra-

542 2146 602 2203 in
622 2144 1033 2203 munitionibus
1061 2161 1255 2200 eorum
1290 2144 1334 2211 0,
1375 2165 1397 2195 ι
1446 2143 1595 2216 quod
1624 2143 1906 2199 excusatio
1932 2143 2143 2217 peccati
2224 2145 2535 2202 dicationes
2553 2151 2682 2201 tuas
2700 2144 2981 2219 disperge.
3005 2144 3115 2199 Per
3132 2147 3345 2214 plateas
3367 2140 3599 2196 homines
3623 2153 3753 2196 sese

543 2235 872 2292 dominatur
899 2233 957 2290 in
987 2233 1326 2290 elationibus
1354 2232 1746 2306 reproborum.
2224 2235 2391 2301 lares,
2431 2240 2496 2291 ut
2518 2235 2575 2290 in
2607 2234 2842 2291 Cantico
2873 2253 2886 2290 :
2921 2256 2946 2282 α
2964 2234 3073 2289 Per
3087 2231 3237 2288 vicos
3264 2235 3321 2287 et
3346 2230 3546 2304 plateas
3561 2243 3752 2302 quietam

614 2327 786 2394 Plaga
814 2329 900 2380 est
928 2323 1214 2396 percussio
1236 2322 1398 2388 dura,
1429 2321 1573 2378 utin
1602 2321 1734 2377 Job:
1765 2341 1789 2373 α
1811 2321 2010 2376 Manus
2030 2321 2146 2393 pla-
2231 2340 2401 2396 quem
2429 2323 2616 2396 diligit
2659 2323 2855 2379 anima
2891 2338 3016 2377 mea
3040 2319 3107 2389 ’³,
3145 2340 3173 2376 ι»
3222 2319 3279 2375 id
3311 2324 3412 2388 est,
3445 2318 3690 2374 Christum
3710 2316 3751 2370 in

543 2431 630 2487 gae
662 2416 687 2442 "
717 2430 857 2470 meae
883 2416 1193 2485 aggravata
1219 2417 1306 2467 est
1333 2428 1505 2484 super
1537 2411 1815 2482 gemitum
1846 2427 2037 2466 meum
2065 2410 2142 2477 ⁷,»
2229 2410 2746 2469 conversationibus
2779 2411 3174 2483 religiosorum
3211 2425 3453 2483 quaeram
3488 2412 3543 2464 et
3579 2405 3754 2462 secula-

550 2502 605 2558 id
637 2508 740 2567 est,
764 2503 950 2576 major
985 2506 1073 2557 est
1100 2501 1387 2574 percussio
1417 2516 1587 2572 quam
1616 2499 1817 2567 sentio,
1855 2516 2023 2571 quam
2045 2499 2148 2554 do-
2228 2501 2731 2573 rium.Perplalras
2743 2496 3531 2565 cordaelectorum,utinlibro
3550 2492 3759 2551 Ecclesia-

545 2593 633 2648 lor
656 2609 823 2665 quem
857 2591 1111 2646 ostendo.
1146 2594 1337 2659 Plaga,
1369 2588 1660 2645 tribulatio
1706 2587 2052 2652 transitoria,
2085 2594 2152 2644 ut
2230 2591 2408 2648 stico:
2446 2609 2475 2646 ((
2506 2590 2764 2647 Exaltata
2791 2607 2919 2647 sum
2948 2591 3113 2662 juxta
3134 2604 3345 2662 aquam
3371 2586 3427 2642 in
3455 2583 3634 2660 plateis
3660 2580 3713 2649 ",
3739 2602 3757 2633 ι

548 2680 610 2737 in
637 2679 785 2735 Isaia
813 2698 825 2734 :
864 2699 886 2730 ε
918 2679 989 2734 Et
1018 2679 1292 2751 percutiet
1320 2677 1594 2733 Dominus
1624 2677 1927 2750 1Egyptum
1960 2677 2143 2750 plaga,
2231 2681 2383 2753 quod
2402 2680 2463 2736 in
2489 2686 2814 2737 sanctorum
2860 2676 3168 2746 mentibus,
3199 2693 3305 2751 per
3337 2675 3638 2732 charitatem
3659 2672 3761 2728 dila-

545 2775 604 2824 et
659 2767 884 2822 sanabit
928 2784 1054 2822 eam
1082 2767 1126 2834 ³,
1158 2787 1181 2819 ι
1212 2766 1361 2839 quod
1420 2767 1692 2822 Dominus
1739 2767 1945 2822 electos
1993 2782 2144 2833 suos,
2231 2769 2388 2837 tatis,
2421 2769 2702 2843 sapientia
2729 2786 2832 2842 per
2858 2767 3168 2842 profundas
3195 2763 3662 2838 contemplationes
3683 2760 3762 2817 ele-

551 2857 810 2930 quandiu
838 2856 896 2911 in
921 2856 1216 2929 praesentis
1244 2856 1369 2911 vitae
1396 2854 1644 2910 tenebris
1671 2860 1824 2922 sunt,
1852 2856 2018 2910 modo
2040 2854 2143 2910 tri-
2233 2859 2540 2915 vatur.Per
2562 2862 2794 2931 plateas,
2825 2856 3057 2930 agmina
3076 2856 3395 2912 caelestium
3421 2854 3625 2919 civium,
3649 2858 3701 2907 ut
3718 2850 3761 2904 in

543 2946 832 3003 bulatione
886 2945 1097 3011 atterit,
1151 2945 1316 3000 modo
1373 2962 1502 3018 vero
1546 2945 1925 3000 consolatione
1955 2944 2144 3016 erigit.
2232 2946 2378 3004 libro
2406 2946 2625 3003 Tobiae:
2662 2965 2691 3002 α
2712 2947 2920 3002 Ρὶιιιθαξ
2934 2951 3067 3014 ture,
3093 2945 3428 3011 Jerusalem,
3457 2943 3761 2999 ‘sternuntur
3876 2942 3879 2961 ‘

545 3038 735 3106 Plaga,
765 3041 974 3091 aeterna
1017 3034 1324 3101 damnatio,
1357 3039 1423 3089 ut
1477 3033 1537 3089 in
1579 3033 1826 3089 Ieremia
1859 3050 1872 3086 :
1916 3051 1943 3088 α
1970 3033 2146 3106 Plaga
2165 3089 2208 3109 η
2231 3053 2372 3092 auro
2400 3035 2611 3092 mundo
2655 3033 2721 3103 ’⁸,
2760 3056 2782 3087 ι
2813 3035 2964 3109 quod
2993 3050 3138 3108 pura
3170 3033 3428 3090 claritate
3452 3038 3508 3088 et
3531 3031 3662 3087 clara
3687 3043 3766 3100 pu-

543 3123 756 3180 inimici
784 3123 1035 3197 percussi
1062 3129 1120 3178 te
1149 3122 1191 3181 9.
1232 3142 1254 3174 ι
1314 3121 1459 3194 quod
1517 3126 1729 3177 aeterna
1751 3121 2134 3189 damnatione,
2164 3117 2395 3181 “ritate
2437 3129 2661 3181 aeterna:
2705 3125 2994 3198 sapientiae
3022 3123 3256 3196 agmina
3292 3122 3558 3178 bonorum
3599 3117 3757 3174 civium

544 3229 668 3287 qum
697 3212 921 3268 diabolo
938 3211 1193 3278 debetur,
1211 3211 1488 3266 Dominus
1515 3211 1782 3282 reprobos
1804 3213 1826 3234 θ
1852 3211 1999 3267 fecit.
2036 3213 2144 3267 Per
2224 3214 2582 3270 decorantur.
2612 3212 3142 3285 Perplalcasglorias
3162 3213 3482 3286 impiorum,
3512 3209 3634 3266 utin
3657 3205 3764 3262 Job:

545 3306 796 3375 plagam,
819 3301 1219 3374 correptiones,
1245 3304 1311 3356 ut
1329 3300 1388 3355 in
1416 3299 1684 3356 Psalmis:
1713 3319 1736 3352 ι
1769 3301 1979 3356 Amove
1996 3318 2030 3356 a
2054 3317 2145 3357 me
2230 3322 2259 3359 α
2288 3305 2417 3360 Non
2444 3303 2762 3360 celebretur
2789 3318 2999 3359 nomen
3027 3303 3153 3375 ejus
3196 3303 3261 3359 in
3287 3300 3484 3375 plateis
3502 3297 3564 3365 ’⁸,
3597 3316 3617 3348 ι
3652 3292 3762 3369 quod

546 3390 773 3464 plagam
799 3395 956 3446 tuam
987 3388 1052 3443 ¹⁰.
1090 3409 1114 3441 ι
1146 3390 1255 3444 Per
1278 3392 1786 3462 plagam.peccata,
1811 3389 1944 3445 utin
1962 3390 2146 3446 Evan-
2232 3393 2394 3466 impii
2431 3410 2546 3449 non
2610 3391 2807 3449 {amati
2848 3407 3073 3465 semper
3108 3390 3534 3448 honorabantur
3572 3387 3623 3444 in
3647 3399 3771 3457 supe-

545 3478 730 3552 gelio:
765 3498 788 3531 ι
823 3479 892 3534 Et
926 3478 1108 3550 plagis
1148 3476 1427 3549 impositis
1469 3476 1811 3545 abierunt“,
1847 3478 1995 3550 quod
2041 3479 2150 3534 daa-
2232 3481 2574 3538 reminentia
2601 3487 2658 3537 et
2682 3480 2868 3554 gloria
2893 3481 3021 3538 vitae
3050 3480 3369 3553 praesentis.

543 3584 765 3635 mones,
801 3567 999 3640 primis
1030 3566 1356 3639 parentibus
1385 3567 1594 3622 nostris
1621 3566 1865 3639 peccatis
1889 3567 2140 3633 inﬂictis,
2300 3556 2469 3626 Panis
2497 3575 2586 3626 est
2630 3569 2907 3637 Christus,
2930 3574 2996 3626 ut
3023 3569 3087 3625 in
3126 3568 3465 3642 Evangelia:
3500 3585 3524 3618 ι
3553 3564 3654 3636 Ego
3676 3576 3769 3617 sum

543 3663 915 3716 recesserunt.
949 3657 1059 3712 Per
1072 3662 1318 3727 plagam,
1347 3656 1699 3723 afﬂictiones,
1734 3662 1797 3712 ut
1825 3656 1882 3711 in
1907 3657 2095 3713 Exodo
2122 3675 2134 3711 :
2218 3659 2381 3733 panis
2409 3659 2566 3716 vivus
2584 3659 2650 3727 ’7,
2690 3679 2713 3712 ι
2744 3659 2892 3732 quod
2922 3660 2983 3715 in
3011 3657 3240 3715 Christo
3267 3657 3455 3714 vitalis
3481 3654 3661 3711 animae
3697 3656 3762 3704 te-

546 3767 571 3801 ι
597 3748 818 3804 Mittam
850 3762 1046 3802 omnes
1071 3747 1264 3818 plagas
1307 3762 1462 3801 meas
1511 3761 1682 3818 super
1709 3762 1806 3801 cor
1823 3750 1986 3802 tuum
2015 3746 2080 3813 ¹²,
2106 3764 2134 3801 »
2219 3749 2486 3805 stimonio
2514 3751 2556 3803 '.
2582 3751 2772 3817 Panis,
2800 3751 3241 3818 sacramentum,
3272 3745 3423 3820 quod
3445 3746 3504 3800 in
3530 3741 3673 3799 altari
3694 3754 3762 3794 su-

541 3836 692 3911 quod
707 3853 901 3892 omnes
911 3835 1246 3891 aﬂlictiones
1262 3834 2133 3907 imponitDominus‘diabolum.
2219 3838 2447 3905 mimus,
2489 3843 2555 3894 ut
2580 3838 2641 3894 in
2667 3837 2957 3893 Parabolis
2991 3853 3002 3890 :
3031 3856 3054 3889 α
3081 3837 3297 3893 Panem
3327 3834 3562 3892 otiosum
3583 3842 3762 3887 nonco-

541 3898 650 3982 Per
665 3930 916 3996 plagam,
941 3929 1245 3996 praesentes
1282 3898 1673 3990 adversitates,
1697 3930 1764 3980 ut
1792 3924 1848 3979 in
1867 3924 2025 3979 libris
2036 3925 2143 3980 Re-
2221 3898 2489 3995 medati‘,
2526 3947 2549 3979 ι
2576 3926 2634 3983 id
2660 3932 2763 3994 est,
2812 3942 3014 3999 corpus
3043 3924 3257 3982 Christi
3285 3924 3409 3981 sine
3434 3922 3608 3979 fructu
3639 3918 3768 3973 bono-
3874 3898 3882 3921 ⁸

538 4031 678 4088 gum
718 4032 730 4068 :
767 4034 791 4067 ε
821 4016 1070 4085 Arguam
1093 4029 1223 4068 eum
1250 4012 1307 4067 in
1322 4013 1480 4083 virga
1501 4013 1769 4080 virorum,
1793 4019 1851 4069 et
1882 4013 1941 4068 in
1960 4014 2142 4086 plagis
2223 4032 2350 4072 rum
2369 4033 2605 4089 operum
2629 4032 2741 4072 non
2768 4015 3248 4089 percepit.Panis,
3278 4013 3466 4088 gratia
3491 4004 3763 4084 spiritualis.

541 4103 787 4159 ﬁliorum
816 4102 1109 4157 hominum
1139 4101 1204 4169 '3,
1233 4120 1255 4152 ι
1290 4100 1345 4155 id
1399 4107 1502 4165 est,
1551 4102 1860 4158 emendabo
1880 4119 2011 4158 eum
2043 4120 2183 4176 per,
2222 4110 2289 4161 ut
2315 4105 2375 4160 in
2398 4104 2584 4161 Isaia:
2625 4124 2648 4157 α
2682 4104 2853 4160 Panis
2885 4104 2937 4160 ei
2969 4104 3136 4160 datus
3164 4110 3274 4172 est,
3307 4119 3464 4175 aqum
3489 4101 3602 4172 ejus
3619 4093 3770 4153 ﬁdeles

540 4191 953 4263 correptionem
992 4196 1050 4246 et
1065 4194 1370 4262 praesentes
1397 4190 1782 4260 adversitates,
1816 4191 2018 4264 quibus
2034 4175 2142 4248 ele-
2159 4175 2209 4235 D
2225 4199 2360 4250 sunt
2370 4193 2437 4262 ’9,
2475 4213 2498 4247 ι
2555 4193 2613 4249 id
2640 4198 2744 4261 est,
2777 4192 2964 4265 gratia
3008 4192 3059 4248 ei
3088 4208 3359 4248 concessa
3385 4196 3470 4247 est
3496 4181 3769 4262 spirituum.

541 4287 663 4338 ctos
694 4283 715 4304 θ
744 4296 875 4336 suos
906 4280 1059 4334 soleo
1078 4279 1400 4334 emendare.
2225 4281 2733 4355 contemplationes
2757 4283 2883 4354 ejus
2911 4297 3160 4338 erroneae
3180 4298 3298 4337 non
3329 4285 3479 4337 sunt.
3510 4277 3675 4340 Panis,
3698 4268 3770 4325 do-

612 4372 813 4426 Planta
879 4374 963 4424 est
1017 4367 1278 4423 discretio
1335 4367 1536 4433 cordis,
1570 4374 1635 4424 ut
1696 4370 1757 4424 in
1811 4370 2142 4426 Ezechiele:
2227 4372 2410 4428 ctrina
2456 4388 2635 4440 sacra,
2662 4376 2729 4428 ut
2777 4371 2838 4428 in
2881 4369 3167 4427 Ieremia:
3226 4390 3250 4423 ι
3296 4367 3518 4426 Parvuli
3540 4362 3775 4440 petiei‘mlt

546 4477 576 4514 α
604 4459 806 4514 Planta
842 4456 1002 4530 pedis
1031 4473 1228 4513 eorum
1267 4462 1331 4512 ut
1359 4457 1556 4528 planta
1606 4456 1763 4512 vituli
1784 4457 1848 4524 “,
1883 4478 1909 4510 ιι
1946 4459 2005 4513 id
2030 4464 2136 4526 est,
2228 4477 2432 4534 panem
2450 4459 2517 4529 ³ο,
2555 4480 2578 4513 ι
2615 4460 2675 4516 id
2711 4465 2817 4529 est,
2870 4459 3154 4533 simplices
3181 4463 3243 4514 et
3269 4458 3514 4516 humiles
3540 4450 3775 4528 petieram

541 4547 806 4603 discretio
838 4562 1030 4602 eorum
1079 4550 1303 4601 mature
1333 4562 1392 4600 se
1440 4545 1626 4601 habet.
1687 4548 1910 4614 Planta,
1949 4547 2146 4603 intima
2225 4549 2541 4606 doctrinam
2594 4548 2812 4605 audire.
2845 4551 3032 4616 Panis,
3065 4548 3218 4604 bona
3246 4548 3416 4614 actio,
3446 4552 3510 4604 ut
3541 4544 3596 4600 in
3623 4537 3772 4598 Isaia:

541 4637 709 4704 actio,
732 4641 798 4692 ut
825 4635 882 4691 in
911 4635 1060 4691 Isaia
1083 4635 1165 4690 :A
1191 4635 1387 4706 planta
1405 4635 1564 4706 pedis
1593 4651 1771 4706 usque
1783 4635 1855 4691 ad
1877 4636 2142 4692 verticem
2231 4660 2256 4691 ιι
2279 4639 2490 4695 Panem
2505 4643 2762 4695 nostrum
2781 4637 3140 4694 comedemus
3161 4636 3230 4706 εί,
3250 4654 3279 4692 ι
3313 4636 3460 4710 quod
3487 4624 3774 4705 septiformis

542 4741 655 4782 non
693 4730 780 4780 est
808 4724 867 4779 in
896 4741 962 4779 eo
977 4724 1190 4779 sanitas
1220 4723 1284 4790 ¹⁵,
1316 4723 1341 4775 ἡ
1365 4726 1387 4748 *
1418 4723 1488 4779 ab
1507 4723 1705 4779 intima
1729 4724 1948 4780 actione
1968 4742 2148 4798 usque
2231 4727 2545 4801 Spiritusin
2564 4726 2711 4783 bono
2731 4743 2920 4801 opere,
2949 4726 3098 4800 quod
3119 4725 3286 4782 nobis
3301 4715 3776 4799 agende

546 4816 621 4870 ad
653 4829 935 4869 summam
951 4813 1092 4868 nihil
1118 4813 1177 4867 in
1198 4829 1264 4867 eo
1284 4811 1572 4884 probabile
1587 4819 1690 4868 est.
1724 4813 1833 4868 Per
1849 4814 2144 4888 [plantam]
2229 4816 2558 4873 delectatur.
2576 4818 2769 4885 Panis,
2785 4816 2960 4872 robur
2972 4814 3290 4885 charitatis,
3309 4816 3377 4871 ut
3403 4814 3461 4870 in
3486 4803 3770 4880 Ενευεθιὶοε

550 4902 678 4961 ﬁnis
704 4902 1170 4973 uniuscujusque,
1203 4906 1268 4956 ut
1287 4900 1346 4956 in
1376 4900 1481 4956 Job
1510 4919 1523 4954 :
1563 4921 1588 4952 cr
1619 4901 1928 4959 Tenebitur
1955 4903 2148 4976 planta
2232 4925 2256 4958 «
2286 4905 2423 4972 Quis
2450 4922 2518 4961 ex
2544 4904 2700 4960 vobis
2752 4910 2971 4978 patrem
3005 4904 3150 4978 petit
3177 4920 3390 4978 panem
3407 4901 3497 4957 υτ
3526 4919 3549 4951 ι
3577 4900 3599 4923 ‘
3622 4891 3772 4954 Ραηεετ

545 4994 669 5066 ejus
699 4992 901 5064 laqueo
930 4990 994 5057 1‘,
1034 5010 1057 5042 ι
1088 4990 1237 5062 quod
1269 4988 1569 5062 reprobum
1609 4991 1918 5063 quemlibet
1941 4992 2001 5048 in
2030 4993 2142 5048 ﬂne
2222 4993 2533 5063 humilitas,
2549 4998 2615 5050 ut
2628 4993 2687 5049 in
2711 4993 3099 5066 librisRegum
3119 5011 3133 5049 :
3157 5013 3179 5046 ι
3198 4992 3272 5049 Et
3289 5008 3419 5049 ecce
3437 4990 3505 5046 ad
3523 4980 3774 5066 caputon

544 5063 791 5139 maxime
843 5078 1098 5135 diabolus
1141 5078 1396 5150 decipere
1454 5078 1661 5134 studet.
1720 5082 1941 5150 Planta,
2012 5081 2141 5138 ﬁnis
2223 5082 2625 5141 subcinericius
2665 5083 2830 5156 panis
2853 5080 2920 5151 ³³,
2958 5063 3156 5156 ἶςιιοὰ
3183 5081 3244 5137 in
3293 5083 3484 5136 mente
3511 5074 3609 5132 viri
3632 5063 3772 5128 sancti

616 5256 635 5294 ί
668 5257 838 5329 Exod.
870 5255 1055 5329 v.181
1079 5253 1103 5289 ε
1133 5255 1255 5329 Job.
1289 5269 1403 5318 XXI,
1437 5255 1712 5329 18_.3_Isa.
1746 5272 1823 5325 XI,
1855 5258 1908 5314 7.
1940 5259 1964 5294 4
1992 5259 2173 5315 Matth

2225 5274 2314 5328 III,
2347 5259 2455 5329 ‘12;
2483 5261 2616 5318 Luc.
2657 5274 2743 5328 ιιι,
2783 5258 2866 5318 17.
2897 5259 2922 5294 ⁵
2952 5258 3125 5329 Exod.
3167 5271 3266 5329 vn,
3292 5255 3411 5329 19.,
3436 5254 3461 5291 ⁸
3486 5253 3766 5329 [περιεῖτε

546 5327 633 5386 13.
660 5309 1081 5399 ’ῘῙοιῖᾇίτςίιίέῖζ
1130 5309 1547 5399 έῘεειίὲᾶὲίέὲ.
1595 5309 1918 5399 δῖὲςῗξξχξ,
1964 5309 2103 5388 vi?

2215 5309 2316 5388 ἑὲιίἶ
2345 5309 2635 5399 ἐξιένῆῖῖι
2653 5309 3156 5397 {Titium—£30.
3183 5309 3437 5399 ὶῖέέάο.
3467 5309 3541 5399 ιὶς,
3570 5320 3652 5378 it.
3676 5313 3713 5353 ⁸³
3726 5309 3772 5399 ξι

544 5380 813 5525 magis
843 5380 1014 5455 Ii?!"
1044 5380 1306 5463 Ezechrl,
1324 5380 1599 5454 ῙΪίέῙέει.
1633 5380 1760 5466 1,6}
1792 5380 1974 5457 ἱῖῑὸιέ
1990 5380 2101 5456 {vn

544 5469 594 5506 ὀ
728 5470 799 5523 le.
832 5484 983 5525 xxrv.
1022 5469 1104 5525 l9.
1137 5467 1181 5503 ²¹
1207 5469 1311 5524 Job
1342 5485 1490 5525 xxxx.
1526 5471 1577 5525 7.
1604 5469 1654 5506 ²¹
1682 5472 1842 5525 Prov.
1868 5486 1921 5525 v.
1960 5469 2039 5525 16.
2069 5472 2101 5508 ³³

2214 5380 2316 5457 Ἤ
2334 5380 2480 5459 (ἷζῶ
2590 5380 2642 5461 ν’.
2659 5380 2756 5460 Ξὸ.
2791 5380 3155 5466 ίῖᾷἒὶιῗέίξιῐζ
3179 5380 3560 5460 37.73'Egecii.
3582 5400 3708 5451 un,
3725 5380 3767 5438 8.

2210 5479 2304 5525 int-
2340 5488 2436 5525 vn.
2471 5474 2524 5525 2.
2560 5473 2793 5525 “Eeeli.
2826 5488 2976 5525 xxxv.
3013 5474 3098 5525 19.
3135 5471 3185 5506 ³⁸
3220 5468 3348 5525 Job.
3382 5480 3501 5525 κω.
3527 5461 3610 5522 22-
3637 5449 3767 5512 ’⁵³οδ

541 5469 594 5506 ὀ
622 5449 813 5525 ἓωιεῖ
832 5449 983 5535 iiiis,
1022 5449 1311 5525 ιῦῖῖἷξῐοῖὶ
1342 5449 1842 5537 ἆίχιχξῖξέῗιῖιίον.
1863 5449 2098 5539 vati-.3

545 5554 687 5576 wn!
741 5538 808 5576 l7
859 5538 1065 5576 ﬂlnnn
1116 5554 1172 5576 VI
1223 5539 1295 5576 9K
1343 5539 1402 5576 [14
1463 5538 1532 5576 ΑΩ
1581 5541 1802 5576 ηυντ...
1856 5558 1983 5576 vva
2026 5542 2097 5576 0‘1

2215 5449 2304 5532 ῐηι.
2340 5449 2793 5543 ἷιῖῖέῗῖέ
2826 5449 3348 5540 χὶιῖῖὶἓῗίίὶὸι).
3368 5449 3610 5536 ᾘίιζεη.
3637 5458 3678 5495 ἰ
3694 5449 3772 5512 Job

2224 5545 2309 5576 ιι...
2362 5560 2536 5576 νη...
2596 5543 2654 5576 In
2705 5544 2965 5576 samum...
3022 5558 3078 5576 η.
3134 5542 3161 5576 ι
3215 5541 3259 5576 at
3288 5542 3377 5576 1..
3432 5555 3487 5576 nr
3532 5530 3771 5576 4.81m.

545 5554 708 5607 xvm,
741 5538 828 5594 l7.
859 5538 905 5576 ’⁷
925 5530 1087 5594 Joan.
1116 5554 1190 5605 v1,
1223 5539 1313 5603 35,
1343 5539 1432 5606 41,
1462 5530 1552 5599 48.
1581 5541 1632 5581 ’⁸
1661 5542 1821 5597 Prov.
1856 5530 2003 5611 xm,
2026 5542 2097 5601 27

551 5626 630 5683 x1,
670 5609 754 5670 ll.
787 5609 834 5645 ⁸³
861 5610 943 5668 lll
973 5608 1112 5681 Reg.
1136 5625 1249 5680 xxx,
1277 5610 1332 5665 6.

2223 5530 2332 5604 Isa.
2362 5530 2556 5613 xx'xin,
2596 5543 2675 5607 l6.
2705 5544 2754 5582 ³ο
2780 5530 2988 5603 Thren.
3020 5558 3097 5613 ιν,
3131 5542 3186 5602 4.
3215 5541 3259 5579 ³¹
3288 5542 3398 5600 Isa.
3432 5530 3506 5607 iv,
3532 5536 3583 5593 1.
3609 5530 3770 5586 ⁹²Ιιιοι
