3818 6168
111 354 209 413 IO‘Zl

104 480 356 536 humilitas
377 495 441 529 ex
474 477 920 531 consideratione
952 477 1188 547 pmprize
1219 477 1562 530 inﬁrmitatis
1598 480 1613 499 "

103 574 257 629 Panis,
292 567 363 619 vir
397 571 644 629 sanctus,
668 572 730 618 ut
758 566 815 618 in
840 565 1071 618 Psalmis
1104 585 1113 617 :

103 665 333 727 tauquam
366 671 569 725 panem
606 653 1011 707 manducabam
1042 654 1077 707 ¹.
1130 678 1136 697 ›
1164 654 1309 723 quod
1342 671 1455 707 non
1485 654 1665 707 solum

104 754 293 801 sanctos
317 744 418 796 sibi
448 743 724 796 Dominus
759 742 1073 811 incorporat
1118 760 1216 812 per
1237 743 1535 811 justitiam,
1570 744 1662 796 sed

105 840 385 907 peccatores
416 849 518 903 per
550 832 958 913 penitentiam.
982 834 1168 895 I’mu'v,
1197 832 1427 902 quilibet
1454 832 1507 885 in
1539 850 1668 901 pec-

106 930 204 978 cato
229 938 601 993 perseveians,
634 926 697 973 ut
720 920 774 973 in
806 920 951 973 Osca
981 923 1000 941 θ
1035 938 1058 972 ε(
1087 920 1281 973 Factus
1302 925 1386 972 est
1411 921 1669 991 Ephraim

107 1012 238 1085 panis
264 1009 681 1073 subcinericius,
717 1009 812 1079 qui
854 1026 962 1062 non
996 1012 1016 1029 ¹
1053 1015 1362 1062 revertatur
1386 1010 1426 1073 9,
1468 1030 1487 1057 ι
1525 1012 1671 1080 quod

108 1106 326 1175 peccator
352 1099 677 1152 immundus
716 1099 772 1151 in
807 1098 1045 1167 peccatis
1078 1098 1192 1151 suis
1221 1099 1389 1168 jacet,
1427 1099 1572 1151 etde
1594 1099 1673 1151 eis

109 1207 196 1245 non
222 1188 461 1259 pmnitet.
498 1190 683 1251 Ihm-11v,
708 1186 1002 1239 delectatio
1034 1186 1293 1251 carnalis,
1316 1192 1377 1239 ut
1400 1186 1456 1239 in
1477 1186 1578 1239 Job
1612 1206 1622 1238 :
1653 1190 1673 1208 θ

114 1301 132 1329 ι
158 1278 216 1332 Ni
241 1294 295 1329 se
328 1274 564 1328 moverit
600 1274 671 1326 ad
700 1274 1063 1344 quaerendum
1090 1290 1289 1343 panem
1310 1274 1350 1338 3,
1387 1293 1411 1326 »
1456 1273 1510 1327 id
1571 1280 1672 1339 est,

110 1384 209 1420 cum
233 1385 285 1418 se
312 1361 677 1417 intromiserit
708 1362 996 1433 acquirere
1026 1363 1450 1416 delectationem
1481 1381 1678 1417 carna-

110 1458 213 1510 lem.
244 1456 419 1519 I’am’s,
449 1452 781 1516 consolatio,
823 1458 885 1504 ut
932 1452 989 1504 in
1015 1453 1257 1506 Jeremia
1288 1471 1296 1503 :
1358 1474 1377 1502 α
1432 1454 1678 1523 Populus

107 1560 302 1613 gemens
319 1559 380 1595 ac
400 1557 657 1612 quaerens
672 1557 875 1611 panem
901 1540 939 1607 4,
983 1562 1003 1589 ι»
1030 1541 1082 1593 id
1103 1542 1432 1613 cstidolens
1460 1559 1522 1594 ac
1537 1542 1679 1595 desi-

106 1633 280 1687 derans
310 1630 511 1683 habere
527 1629 987 1683 consolationem.
1008 1632 1195 1693 Panis,
1224 1629 1535 1683 subsidium
1554 1631 1678 1682 vitze

108 1719 382 1792 praesentis,
408 1723 475 1772 ut
504 1719 562 1771 in
585 1717 826 1771 Genesi:
866 1736 891 1768 «
927 1718 984 1770 Si
1022 1717 1241 1770 dederis
1293 1718 1430 1770 mihi
1474 1736 1677 1789 panem

106 1810 165 1864 ad
192 1808 449 1863 edendum
470 1808 510 1873 ⁵,
536 1827 558 1856 ι
592 1807 647 1860 id
671 1812 773 1871 est,
798 1806 845 1861 si
880 1806 1017 1859 mihi
1036 1806 1338 1860 contuleris
1368 1807 1677 1861 subsidium
1696 1796 1744 1857 B

107 1899 167 1952 ad
210 1897 590 1951 roborandum.
628 1898 828 1961 Panis,
876 1895 1131 1948 doctrina
1174 1896 1457 1963 haeretica,
1511 1903 1575 1950 ut
1618 1898 1674 1950 in

108 1986 360 2043 Parabolis
393 2004 404 2038 :
436 2004 463 2037 α
498 1986 565 2039 Et
590 1984 749 2056 panis
780 1984 1141 2038 absconditus
1200 1985 1442 2049 suavior,
1482 2004 1505 2037 ›>
1528 1987 1677 2057 quod

107 2076 332 2131 doctrina
347 2074 608 2128 haeretica
626 2073 829 2126 clarior
856 2079 942 2126 est
962 2091 1019 2126 re
1024 2072 1210 2145 probis
1229 2091 1397 2144 quam
1422 2075 1677 2129 doctrina

110 2184 244 2222 sana.
299 2168 483 2231 Panis,
525 2164 723 2234 gratia:
780 2163 1116 2234 spirituales,
1178 2171 1242 2218 ut
1288 2164 1345 2217 in
1392 2165 1670 2218 Psalmis:

110 2277 128 2306 1
156 2257 420 2326 Pauperes
443 2255 567 2323 ejus
593 2251 857 2306 saturabo
895 2252 1134 2322 panibus
1161 2253 1201 2318 θ,
1249 2275 1270 2303 »
1308 2253 1363 2306 id
1396 2260 1497 2315 est,
1531 2254 1675 2307 dona

105 2345 385 2415 gratiarum
415 2359 667 2396 mearum
692 2342 971 2395 conferam
1002 2342 1322 2395 humilibus.
1358 2344 1464 2395 Per
1481 2360 1675 2411 panx-m

107 2433 421 2488 eruditiones
445 2431 786 2503 spirituales,
813 2436 876 2483 ut
897 2431 954 2484 in
972 2431 1117 2484 Isaia
1142 2449 1151 2483 :
1194 2454 1215 2482 ι)
1238 2432 1567 2502 Appenditis
1597 2451 1679 2485 ar-

106 2529 312 2593 gentum
340 2538 452 2575 non
484 2521 540 2574 in
572 2520 808 2591 panibus
839 2520 879 2585 7,
918 2541 943 2567 ι›
976 2520 1031 2573 id
1076 2525 1179 2584 est,
1224 2520 1281 2573 in
1310 2520 1680 2575 locutionibus

107 2612 282 2665 vestris
310 2628 419 2664 non
442 2610 735 2663 intenditis
758 2609 895 2663 satis
917 2608 1344 2664 eruditionibus.
1374 2611 1479 2663 Per
1514 2628 1681 2679 panes

106 2701 335 2772 apostoli,
389 2706 453 2753 ut
485 2699 541 2753 in
574 2699 757 2753 Exodo
784 2718 794 2752 :
821 2718 845 2749 «
872 2700 1052 2752 Panes
1107 2699 1398 2753 duodecim
1436 2700 1684 2770 preposi-

106 2789 254 2844 tionis
275 2786 334 2843 in
363 2805 559 2843 mensa
588 2788 629 2851 8,
664 2808 688 2841 ›)
723 2788 779 2841 id
809 2793 895 2841 est
920 2788 1156 2858 apostoli
1187 2789 1476 2841 duodecim
1526 2790 1686 2843 electi

111 2880 158 2932 in
184 2879 435 2933 Ecclesia.
470 2878 580 2931 Per
607 2894 809 2947 panem.
845 2877 1220 2946 intelligentia
1247 2884 1451 2931 sancta:
1502 2879 1685 2932 Trini-

110 2968 242 3033 tatis,
276 2974 335 3022 ut
358 2968 414 3021 in
443 2966 744 3038 Evangelio
772 2986 781 3019 :
811 2986 831 3016 ε
862 2966 1073 3033 Amice,
1093 2968 1387 3021 commoda
1406 2967 1542 3021 mihi
1573 2973 1687 3021 tres

110 3074 262 3127 panes
275 3057 314 3124 9,
338 3078 357 3107 ι
373 3056 429 3110 id
458 3062 562 3122 est,
584 3072 615 3109 o
629 3055 870 3117 Christe,
890 3055 1081 3109 confer
1103 3057 1242 3109 mihi
1260 3056 1685 3127 intelligentiam

107 3152 294 3200 sach
318 3145 626 3200 Trinitatis.
643 3145 751 3198 Per
774 3145 1083 3213 pancxlihri
1108 3146 1333 3214 legales,
1353 3154 1416 3199 ut
1434 3146 1489 3199 in
1506 3147 1684 3200 Evan-

108 3236 271 3304 gelio‘
306 3255 325 3284 ι
362 3234 459 3287 Est
478 3249 620 3304 puer
652 3249 799 3287 unus
821 3234 909 3287 hic
968 3233 1063 3304 qui
1104 3233 1273 3287 habet
1319 3235 1565 3305 quinque
1596 3252 1688 3305 pa-

110 3340 194 3377 nes
226 3322 289 3389 ¹⁰,
338 3341 362 3375 ι
413 3323 469 3376 id
499 3323 598 3389 est,
632 3324 869 3394 papulus
895 3322 1182 3390 Judaicus,
1216 3340 1383 3377 sensu
1433 3324 1684 3394 puerilis,

114 3412 193 3483 qui
223 3412 468 3484 quinque
497 3410 668 3465 libros
700 3412 905 3483 Moysis
936 3411 1105 3465 habet
1125 3412 1361 3465 clausos.
1387 3413 1494 3466 Per
1522 3430 1688 3481 panes

112 3501 327 3555 internm
356 3501 784 3563 consolationes,
820 3510 883 3554 ut
910 3501 965 3554 in
1016 3502 1255 3554 Psalmis
1318 3520 1329 3553 :
1368 3522 1389 3551 ι
1446 3503 1695 3555 Fuerunt

110 3590 501 3661 mihilaCryma:
515 3607 653 3643 mea:
669 3593 996 3660 panes‘cum
1017 3590 1247 3643 lactucis
1265 3591 1579 3659 agrestibus
1592 3592 1604 3624 ¹
1616 3592 1629 3624 ¹
1641 3631 1652 3658 ,
1665 3611 1690 3643 »

108 3679 153 3732 id
178 3686 261 3733 est
287 3679 433 3733 bona
460 3695 633 3749 opera
660 3679 782 3732 sine
816 3679 1033 3732 malitia
1064 3679 1121 3732 in
1177 3680 1385 3731 amaris
1420 3697 1690 3751 compun-

108 3770 389 3823 ctionibus.

166 3861 348 3912 Fanni
375 3863 510 3912 sunt
537 3863 889 3911 sacramenta
916 3858 1249 3913 humilitatis
1284 3858 1510 3925 Christi,
1552 3866 1613 3911 ut
1637 3859 1694 3911 in

109 3946 391 4018 Evangelio
426 3966 437 4000 :
483 3968 503 3997 ε
544 3948 611 4001 Et
659 3948 859 4018 pannis
900 3964 1029 4002 eum
1080 3948 1325 4015 involvit,
1368 3953 1425 4001 et
1447 3948 1698 4018 reposuit

106 4051 221 4090 eum
252 4038 308 4090 in
351 4036 622 4108 pnesepio
657 4035 723 4099 η,
764 4060 784 4088 ι)
845 4037 1058 4107 quod...
1098 4037 1396 4091 Dominum
1447 4036 1548 4090 sub
1605 4055 1695 4090 sa-

105 4126 395 4179 cramentis
431 4125 799 4179 humanitatis
832 4132 1131 4196 assumpta:
1162 4127 1473 4189 occultavit,
1507 4127 1695 4196 sicque

1006 350 1435 405 ALLEGORIZE
1475 352 1550 406 IN
1592 351 1881 405 SACRAM
1922 352 2401 407 SCRIPTURAM.

3219 306 3348 409 10-212

1653 497 1663 530 ε
1696 477 2035 545 Agentibus,
2060 484 2121 531 ut
2168 479 2301 531 vidit
2325 480 2487 532 Iidem
2515 479 2725 533 Christi
2746 479 2890 549 apud
2928 478 3167 541 Judzeos,
3200 478 3352 531 misit

1155 584 1179 617 ς(
1214 566 1371 629 Quod
1422 566 1662 619 cinerem
1747 567 2099 620 devotionem
2136 584 2314 629 suam,
2345 576 2399 621 et
2439 569 2713 621 credendo
2750 568 2994 638 suscepit
3040 567 3347 621 Christum.

1824 658 2125 708 Parad/ws
2170 662 2256 709 est
2314 665 2503 710 sancta
2568 657 2828 719 Ecclesia,
2892 662 2954 709 ut
2992 655 3045 708 in
3102 654 3346 709 Genesi:

1757 763 1778 794 α
1816 744 2368 799 Plantawraiautem
2388 748 2530 799 Deus
2558 747 2879 815 paradisum
2902 746 2962 809 ‘7,
2994 766 3012 794 ι
3042 745 3185 814 quod
3208 745 3351 797 Deus

1749 831 1995 885 instituit
2025 844 2272 886 sanctam
2326 835 2644 887 Ecclesium.
2698 836 3017 898 l’an’zd/‘sus,
3079 833 3352 886 serenitas

1754 922 1976 989 mentis,
2010 930 2071 975 ut
2101 922 2155 975 in
2209 924 2437 975 Cantico
2475 943 2484 975 :
2521 944 2544 972 «
2598 923 2935 976 Emissiones
2966 930 3075 975 tua)
3135 921 3352 992 paradi-

1754 1027 1849 1063 sus
1880 1011 1977 1071 1⁸.»
2016 1011 2161 1080 quod
2198 1012 2465 1081 quidquid
2505 1013 2572 1065 de
2606 1018 2791 1065 mente
2824 1017 2921 1065 tua
2954 1011 3233 1082 producis,
3253 1010 3351 1063 de-

1758 1099 2014 1152 lectabile
2042 1106 2098 1152 et
2127 1117 2315 1153 suave.
2353 1104 2673 1165 Perculit-us,
2702 1101 2879 1169 gloria
2912 1100 3256 1171 temporalis,
3293 1106 3354 1152 ut

1758 1188 1813 1241 in
1846 1189 2047 1241 Genesi
2084 1193 2093 1240 ἑ
2128 1212 2146 1237 υ
2185 1189 2319 1253 Quae
2351 1189 2611 1243 universa
2644 1194 2661 1211 ⁶
2688 1190 2975 1260 irrigabat,
3011 1191 3156 1243 sicut
3187 1205 3351 1260 para-

1761 1277 1913 1330 disUs
1940 1278 1999 1341 '9,
2028 1296 2051 1328 ›)
2102 1279 2248 1348 quod
2279 1284 2398 1331 tota
2424 1279 2605 1348 gloria
2634 1279 2959 1349 temporalis
3008 1279 3076 1331 ad
3131 1284 3354 1349 tempus

1762 1366 1942 1419 nitere
1997 1367 2231 1420 videtur.
2276 1370 2593 1425 Paradisus.
2626 1367 2889 1437 gaudium
2919 1368 3160 1431 caeleste,
3196 1372 3258 1420 ut
3295 1366 3354 1420 in

1761 1456 2091 1525 Apocalypsi
2121 1474 2130 1506 :
2162 1476 2187 1506 «
2214 1457 2291 1509 De
2331 1456 2483 1525 ligno
2514 1455 2777 1526 paradisi,
2813 1457 2960 1526 quod
2992 1462 3077 1509 est
3110 1456 3166 1509 in
3194 1472 3355 1526 para-

1761 1543 1881 1595 diso
1913 1544 2008 1597 Dei
2044 1544 2152 1596 mei
2183 1542 2246 1607 9°,
2290 1565 2309 1593 ι
2345 1544 2491 1614 quod
2526 1544 2621 1614 qui
2644 1544 2934 1610 mundum,
2960 1550 3017 1597 et
3044 1561 3267 1598 carnem
3299 1551 3356 1598 et

1761 1631 2044 1686 diabolum
2078 1632 2277 1697 vincet,
2309 1635 2326 1654 ⁶
2358 1632 2579 1686 Christo
2611 1633 2730 1687 sine
2762 1634 2869 1687 ﬁne
2900 1634 3218 1704 perfruetur
3250 1636 3267 1655 ”
3298 1632 3355 1688 in

1761 1722 1968 1773 cmlesti
1996 1722 2223 1791 gaudio.

1836 1814 2024 1864 Parias-
2046 1816 2128 1863 est
2146 1811 2471 1863 humanitas
2487 1811 2715 1875 Christi,
2740 1818 2804 1865 ut
2819 1811 2877 1864 in
2898 1812 3128 1865 Cantico
3154 1830 3162 1863 :
3189 1829 3213 1862 α
3233 1812 3355 1883 Ipse

1760 1898 1865 1952 fuit
1896 1905 2021 1970 post
2048 1899 2317 1970 parietem
2350 1908 2603 1953 nostrum
2629 1899 2693 1966 Ἦ,
2734 1920 2755 1950 ι
2792 1899 2939 1970 quod
2956 1899 3058 1954 sub
3084 1900 3357 1953 velamine

1759 1988 2128 2042 humanitatis
2158 1995 2457 2059 assumptw
2478 1988 2739 2042 divinitas
2771 1989 2953 2041 latuit.
2994 1991 3177 2041 Parias
3198 2005 3357 2042 sacra

1759 2078 2065 2147 Scriptura,
2092 2083 2155 2131 ut
2176 2078 2233 2130 in
2256 2080 2274 2099 δ
2293 2078 2522 2131 Cantico
2557 2095 2567 2129 :
2611 2097 2631 2128 α
2659 2078 3011 2147 Palpavimus
3033 2077 3177 2130 sicut
3230 2077 3358 2131 caeci

1758 2166 2029 2236 parietem
2050 2164 2115 2232 π,
2135 2185 2160 2217 ν)
2191 2166 2337 2237 quod
2352 2165 2596 2219 haeretici
2611 2164 2867 2219 czecatiin
2892 2181 3052 2218 sacra
3070 2164 3360 2235 Scriptura

1762 2271 1863 2325 per
1888 2271 2137 2307 errorem
2170 2255 2561 2308 ostenduntur.
2618 2257 2826 2319 Parias,
2862 2254 3029 2307 corda
3078 2254 3357 2323 subjecto-

1764 2360 1907 2409 rum,
1952 2348 2016 2397 ut
2046 2344 2098 2397 in
2144 2344 2425 2397 Ezechiele
2460 2362 2469 2396 :
2508 2363 2529 2393 ι
2560 2343 2664 2397 Fili
2696 2343 2955 2405 hominis,
2979 2341 3132 2395 'fode
3176 2342 3360 2413 parie-

1763 2438 1876 2485 tem
1906 2433 1968 2497 ⁸³³,
2004 2453 2024 2483 ι)
2048 2433 2194 2503 quod
2220 2433 2436 2503 praelati
2459 2433 2635 2485 acutis
2656 2431 3108 2502 inquisitionibus
3124 2433 3362 2485 scrutari

1765 2522 1969 2575 debent
1995 2523 2161 2574 corda
2192 2522 2589 2590 subjectorum.
2615 2524 2824 2587 Parias,
2868 2520 3190 2587 obstinatio,
3213 2526 3277 2574 ut
3306 2521 3358 2574 in

1767 2610 2049 2664 Ezechiele
2076 2628 2087 2662 :
2117 2630 2137 2660 ε
2169 2610 2540 2664 .-Edilicabant
2559 2610 2851 2681 parietem,
2876 2610 2956 2663 illi
2981 2614 3168 2665 autem
3202 2610 3364 2663 linie-

1769 2699 1905 2752 bant
1935 2715 2064 2753 eum
2093 2698 2157 2765 '4",
2206 2719 2229 2751 »
2273 2701 2416 2770 quod
2452 2700 2657 2770 impius
2715 2699 3146 2754 obstinationem
3190 2699 3248 2752 in
3304 2714 3364 2751 se

1770 2789 2073 2855 construit,
2105 2786 2161 2841 et
2204 2789 2525 2841 adulatores
2556 2805 2681 2842 eam
2703 2787 2922 2842 blandis
2952 2787 3369 2841 adulationibus

1772 2878 1973 2931 fovent.
1998 2880 2203 2942 Parz'cs,
2230 2884 2456 2948 peccata
2514 2878 2814 2948 praeterita,
2840 2883 2901 2930 ut
2955 2877 3014 2931 in
3062 2876 3215 2930 libris
3266 2876 3369 2930 Re-

1767 2984 1901 3036 gum
1939 2987 1948 3019 :
1988 2967 2328 3020 «Convertit
2370 2984 2427 3019 se
2461 2966 2717 3020 Ezechias
2758 2967 2826 3019 ad
2870 2966 3139 3036 parietem
3173 2971 3226 3019 et
3268 2966 3367 3019 ﬂe-

1769 3056 1847 3109 vit
1875 3055 1938 3121 ”,
1975 3073 2002 3109 ι
2036 3056 2184 3126 quod
2214 3056 2375 3109 electi
2408 3056 2475 3109 ad
2510 3061 2735 3127 peccata
2777 3072 2879 3109 sua
2937 3055 3256 3125 paenitendo
3311 3071 3369 3106 se

1771 3150 2100 3199 convertunt
2132 3162 2252 3216 quae
2276 3145 2423 3198 inter
2442 3162 2499 3198 se
2526 3151 2581 3198 et
2596 3145 2891 3198 Dominum
2916 3148 3365 3199 construxerunt.

1842 3237 2056 3288 Pardus
2085 3240 2171 3287 est
2198 3234 2431 3305 quilibet
2460 3234 2721 3287 vitiorum
2759 3234 3026 3287 varietate
3058 3233 3273 3305 plenus,
3307 3238 3372 3286 ut

1772 3323 1829 3377 in
1850 3323 1997 3377 Isaia
2029 3342 2039 3376 :
2081 3320 2107 3375 ἁ
2141 3325 2209 3377 Et
2238 3323 2446 3395 pardus
2489 3340 2615 3377 cum
2656 3326 2673 3345 ‘
2706 3324 2809 3377 edo
2840 3322 3135 3393 occupabit
3172 3321 3236 3384 ⁵⁸,
3266 3342 3290 3372 »
3314 3321 3370 3375 id

1774 3424 1877 3478 est,
1912 3417 2170 3483 peccator
2195 3412 2456 3465 vitiorum
2489 3411 2755 3466 varietate
2793 3412 2993 3482 plenus
3049 3428 3148 3481 per
3199 3410 3372 3481 poeni-

1774 3502 2010 3555 tentiam
2041 3518 2361 3565 conversus,
2396 3517 2521 3554 cum
2554 3519 2618 3554 eo
2652 3501 2746 3570 qui
2778 3517 2835 3553 se
2892 3500 3115 3554 assidue
3164 3498 3221 3551 in
3267 3499 3367 3552 Dei

1776 3590 2002 3645 servitio
2022 3596 2249 3655 mactat,
2282 3591 2340 3642 in
2364 3590 2607 3643 Ecclesia
2626 3589 2956 3659 requiescat.
3002 3590 3108 3641 Per
3124 3589 3366 3656 pardum

1774 3679 2094 3750 hypocrita),
2129 3679 2268 3731 utin
2292 3678 2519 3732 Cantico
2555 3696 2565 3730 :
2613 3699 2635 3725 σι
2668 3679 2747 3731 De
2802 3677 3077 3729 cubilibus
3122 3676 3368 3741 leonum,

1775 3770 1844 3822 de
1874 3768 2156 3822 montibus
2186 3769 2497 3838 pardonum
2525 3766 2589 3831 97,
2627 3785 2649 3816 ι
2677 3767 2728 3818 id
2762 3771 2865 3831 est,
2889 3767 2960 3819 de
2996 3764 3227 3819 occultis
3274 3780 3371 3818 su-

1778 3858 2099 3929 perborum,
2136 3864 2194 3910 et
2222 3858 2290 3911 de
2321 3856 2663 3910 excellentiis
2678 3856 3104 3909 sceleratorum.

1849 3952 2045 4001 Pastas
2067 3954 2153 4000 est
2182 3946 2495 3999 sublimitas
2514 3962 2685 3999 sacra:
2734 3945 3054 4015 Scripturze,
3098 3948 3161 3997 ut
3180 3943 3238 3996 in
3269 3942 3373 3996 Ge-

1779 4037 1897 4090 nesi
1931 4055 1941 4088 :
1982 4055 2004 4086 ι
2039 4037 2151 4088 Aut
2180 4037 2197 4057 ⁴
2232 4036 2359 4088 date
2381 4041 2573 4106 potum
2603 4035 2815 4101 ovibus,
2847 4040 2905 4087 et
2932 4034 3009 4088 sic
3041 4033 3112 4086 ad
3150 4036 3373 4103 pastum

1715 4156 1764 4213 D
1785 4144 1878 4180 eas
1913 4128 1931 4147 '
1963 4125 2212 4178 reducite
2239 4124 2303 4185 93,
2331 4146 2353 4176 ι
2376 4125 2431 4178 id
2461 4129 2563 4189 est,
2591 4124 2887 4196 pmedicate
2918 4124 3075 4194 prius
3102 4120 3377 4192 simplicia

106 4214 478 4269 manifestavit
505 4231 633 4268 eum
665 4214 892 4267 mundo.
924 4217 1124 4281 I’amzz‘,
1156 4216 1420 4270 mandata
1448 4215 1604 4285 legis,
1637 4211 1748 4270 utﬁ
1784 4214 2152 4281 auditoribus,
2186 4220 2243 4268 et
2273 4231 2351 4268 διο
2383 4231 2477 4268 eos
2516 4215 2587 4267 ad
2642 4213 2973 4269 sublimiora
3015 4211 3379 4281 intelligenda

106 4302 157 4355 in
182 4304 285 4357 Job
325 4323 336 4356 :
364 4324 389 4354 (ς.
428 4305 498 4358 Et
536 4303 735 4373 pannis
762 4303 1009 4357 infantiae
1031 4304 1378 4359 obvolverem
1405 4304 1468 4367 "‘3,
1498 4328 1511 4349 ο
1551 4305 1697 4374 quod

105 4391 245 4446 Deus
276 4396 637 4465 Synagogam
678 4394 958 4446 mandatis
992 4394 1129 4463 legis
1172 4394 1437 4463 alligavit.
1493 4397 1689 4457 l’anm‘,

104 4483 347 4553 exempla
367 4484 673 4553 justorum,
701 4488 764 4534 ut
789 4482 845 4535 in
891 4483 1137 4536 Jeremia
1168 4502 1178 4534 :
1216 4502 1241 4533 ς(
1274 4485 1424 4537 Pone
1484 4489 1694 4537 veteres

102 4584 314 4639 pannos
336 4571 440 4625 sub
465 4575 483 4594 ⁶
517 4570 709 4625 cubitu
740 4588 939 4625 manus
971 4571 1035 4636 η,
1060 4572 1115 4624 id
1147 4578 1248 4638 est,
1285 4573 1354 4626 ad
1385 4573 1698 4627 roboranda

103 4673 260 4728 opera
279 4677 388 4714 sua
416 4660 619 4714 adhibe
648 4660 749 4714 tibi
775 4661 1025 4731 exempla
1049 4661 1409 4733 antiquorum
1444 4664 1694 4716 Patrum.

166 4751 420 4818 Papi/rus
450 4756 538 4804 est
566 4750 798 4803 scientia
826 4751 1125 4816 szccularis,
1164 4756 1227 4805 ut
1262 4751 1320 4804 in
1353 4752 1494 4805 Isaia
1528 4771 1538 4805 :
1572 4775 1596 4800 «
1630 4754 1699 4807 Et

104 4836 153 4890 in
180 4840 327 4911 va_sis
350 4839 549 4911 papyri
581 4857 751 4910 super
777 4857 952 4911 aquas
982 4840 1043 4904 ‘5,
1089 4860 1108 4889 ι
1150 4842 1297 4912 quod
1324 4842 1699 4895 Antichristus

102 4927 487 4995 praedicatores
517 4945 649 4983 suos
686 4929 753 4983 ad
816 4929 1195 4983 seducendum
1235 4932 1469 5002 populos
1521 4931 1698 4984 verbis

100 5016 335 5071 scientiae
356 5017 644 5072 saecularis
675 5018 981 5072 exornabit.
1015 5022 1032 5041 ⁶
1055 5020 1351 5087 Ραρίμήςί
1382 5022 1696 5092 synagogas

100 5110 155 5155 ut
180 5105 235 5158 in
296 5106 490 5160 Exodo
525 5124 534 5157 :
566 5124 593 5157 α
645 5107 709 5159 Et
736 5107 923 5159 videns
980 5108 1245 5160 ﬁscellam
1286 5109 1343 5161 in
1388 5109 1700 5180 papyrione

99 5194 239 5248 misit
267 5212 448 5249 unam
479 5211 509 5249 e
540 5195 855 5249 famulabus
887 5195 1003 5249 suis
1035 5196 1095 5262 ω,
1126 5216 1147 5247 ›)
1193 5197 1337 5267 quod
1369 5198 1611 5251 Ecclesia
1632 5199 1700 5253 de

1784 4304 2089 4375 perducite.
2116 4307 2326 4369 Pastas.
2362 4304 2675 4371 instructio,
2712 4303 2841 4356 utin
2870 4302 3075 4356 Genesi
3107 4319 3119 4353 :
3157 4320 3179 4351 ι
3203 4300 3377 4354 Filius

1776 4395 1835 4447 in
1867 4402 2029 4464 pastu
2064 4398 2082 4415 '
2113 4394 2399 4464 occupatis
2430 4409 2690 4464 pecorum
2730 4392 2796 4457 99,
2842 4412 2866 4442 θ
2901 4391 2957 4445 id
3006 4396 3109 4455 est,
3134 4388 3377 4460 praelatis

1780 4483 2241 4537 instructionibus
2267 4482 2654 4537 insistentibus
2675 4481 3029 4551 populorum.
3052 4482 3263 4544 Pastas,
3296 4478 3379 4531 in-

1780 4582 1953 4629 ternae
1980 4573 2266 4644 sapientiae
2316 4572 2564 4631 refectio,
2599 4578 2664 4624 ut
2690 4570 2746 4623 in
2774 4569 2877 4624 Job
2910 4587 2920 4620 :
2960 4587 2985 4620 a
3020 4567 3143 4623 Filii
3181 4583 3377 4621 earum

1783 4668 2022 4734 pergunt
2052 4662 2121 4714 ad
2151 4666 2394 4731 pastum,
2418 4659 2804 4729 egrediuntur,
2822 4662 3003 4711 etnon
3021 4659 3381 4710 revertuntur

1780 4754 1851 4807 ad
1881 4770 1974 4806 eas
1999 4750 2065 4817 3°,
2102 4768 2128 4802 ))
2155 4751 2207 4803 id
2240 4756 2343 4813 est,
2378 4749 2613 4818 subjecti
2644 4747 3004 4819 praelatorum
3033 4746 3105 4799 ad
3128 4744 3380 4798 refectio-
3452 4766 3459 4771 κ

1764 4858 1909 4895 Ἥρη]
1931 4840 2171 4894 caelestis
2198 4838 2427 4892 convivii
2447 4843 2670 4903 exeunt,
2699 4842 2754 4890 ct
2786 4853 2897 4891 non
2928 4835 3166 4891 redeunt
3192 4833 3252 4887 in
3275 4833 3380 4887 hac

1781 4933 1894 4985 vita
1916 4932 1984 4983 ad
2008 4947 2119 4984 eos.

1854 5024 2046 5074 Passer
2076 5023 2160 5072 est
2191 5018 2464 5083 Christus,
2501 5024 2565 5070 ut
2590 5018 2646 5070 in
2677 5016 2914 5071 Psalmis
2934 5018 2953 5037 ‘
2982 5033 3005 5066 α
3031 5012 3286 5084 Vigilavi,
3321 5017 3378 5065 et

1782 5111 1957 5163 factus
1987 5125 2109 5162 sum
2150 5107 2294 5161 sicut
2326 5124 2515 5177 passer
2540 5106 2606 5171 εί,
2646 5127 2666 5155 ι
2704 5106 2758 5159 id
2790 5111 2893 5171 est,
2918 5121 2951 5156 a
2983 5108 3162 5156 morte
3194 5116 3377 5155 resur-

1782 5198 1915 5266 rexi,
1950 5204 2005 5252 et
2035 5197 2103 5251 ad
2134 5198 2334 5251 coelum
2365 5195 2562 5267 volavi.
2599 5198 2806 5261 Passer,
2838 5194 2923 5247 vir
2953 5196 3198 5258 sanctus,
3225 5196 3288 5245 ut
3316 5189 3375 5245 in

160 5356 174 5389 ¹
208 5358 360 5411 Psal.
393 5372 466 5423 CI,
511 5356 593 5412 10.
642 5356 664 5389 ²
692 5358 819 5412 Ose.
856 5372 951 5419 vn,
984 5357 1036 5409 8.
1087 5356 1108 5386 ³
1138 5357 1256 5409 .lob.
1294 5372 1380 5415 xv.
1418 5355 1505 5412 ‘33.
1554 5356 1573 5389 ⁴
1616 5357 1821 5409 Thren.
1860 5371 1893 5419 ι,
1942 5356 2019 5408 ll.
2053 5354 2074 5385 ⁵
2105 5356 2242 5407 Gen.
2288 5368 2476 5415 xxvm,
2512 5352 2597 5407 ‘20.
2648 5353 2670 5387 ⁸
2700 5352 2845 5405 Psal.
2876 5364 3059 5415 CXXXI,
3088 5347 3371 5423 15.71821.

2495 5423 2526 5435 ..ι

98 5439 174 5489 LV,
200 5428 255 5484 2.
290 5432 312 5462 ⁸
349 5419 523 5483 Exod.
557 5444 682 5491 xxv,
719 5430 805 5481 illi.
855 5430 877 5462 ο
920 5431 1047 5482 Luc.
1092 5444 1165 5487 XI,
1197 5428 1247 5481 5.
1284 5427 1327 5461 ¹⁰
1355 5430 1520 5481 .loan.
1557 5443 1626 5485 \‘I.
1664 5432 1678 5481 ἒ

1841 5429 1969 5481 9sal.
2010 5440 2117 5479 XLI.
2153 5425 2197 5459 η
2228 5428 2354 5479 Luc.
2394 5440 2450 5485 η,
2495 5423 2545 5478 7.
2602 5424 2643 5456 ‘3
2670 5423 2771 5477 Job
2802 5437 3030 5488 xxxviii,
3084 5420 3136 5476 9.
3184 5419 3226 5454 ¹⁴
3255 5422 3368 5476 Jer.

99 5510 318 5567 xxxvm,
364 5501 442 5556 l2.
480 5501 524 5533 ¹⁵
550 5501 657 5554 lsa.
694 5516 845 5563 XVIII,
877 5499 927 5556 ‘2.
980 5500 1021 5533 "3
1054 5500 1219 5553 Exod.
1258 5515 1313 5563 II,
1352 5501 1400 5553 5.
1454 5501 1491 5534 ⁸⁷
1520 5502 1657 5552 Gen.

1894 5499 1935 5531 ¹δ
1966 5500 2125 5551 Cant.
2165 5512 2236 5559 Iv,
2267 5496 2354 5551 13.
2410 5496 2451 5529 ¹υ
2481 5498 2783 5567 Gen,x1II,
2817 5495 2904 5548 10.
2938 5492 2985 5526 το
3012 5495 3183 5567 Apoc.
3222 5507 3282 5567 II,
3322 5495 3372 5546 7.

100 5566 133 5603 ²¹
166 5563 331 5625 Cant.
368 5585 428 5635 II,
460 5570 513 5627 9.
549 5570 596 5603 ²’²
620 5573 726 5625 Isa.
762 5587 870 5639 le,
912 5569 992 5627 ’lO.
1028 5571 1072 5603 '23
1103 5572 1297 5625 Ezech.
1336 5586 1451 5631 VIII,
1486 5569 1538 5625 8.
1565 5570 1611 5604 Ἡ
1642 5572 1678 5624 Ε

1874 5584 1992 5631 xm,
2022 5570 2108 5621 il).
2155 5568 2199 5599 ⁵³⁵
2232 5568 2303 5621 IV
2336 5568 2470 5636 Reg.
2504 5582 2591 5633 xx,
2624 5566 2673 5621 ‘2.
2726 5566 2771 5600 9°
2802 5567 2908 5621 Isa.
2943 5580 3017 5631 χι,
3046 5563 3098 5621 ti.
3134 5563 3178 5599 ’7
3210 5565 3372 5620 Cant.

100 5653 165 5694 Iv.
190 5643 243 5697 8.
276 5643 323 5677 ’8
358 5643 499 5697 Gen.
537 5657 685 5710 xmx,
718 5644 767 5697 7.
804 5643 849 5676 ‘19
880 5643 1018 5697 Gen.
1046 5658 1229 5711 xxxv,
1268 5643 1315 5697 Ξ).
1351 5644 1398 5675 ³ο
1428 5642 1549 5696 Job.
1583 5656 1769 5709 .vxmx,
1801 5642 1851 5694 7.
1889 5642 1929 5676 31
1963 5641 2109 5694 Psel.
2142 5654 2212 5707 CI,
2247 5638 2297 5695 8.
