3942 6158
561 365 696 426 1023

557 581 639 636 vir
649 584 876 636 sanctus
897 581 1068 651 elegit
1080 580 1186 635 sibi
1201 581 1484 635 caelestem
1501 579 1926 636 habitationem.
1944 583 2156 646 Passer,

555 670 792 742 quilibet
809 687 845 724 a
862 675 1089 742 peccato
1109 686 1429 735 conversus,
1453 674 1518 725 ut
1540 670 1596 724 in
1618 669 1885 725 Psalmis:
1907 670 2161 726 (Anima

555 763 748 814 nostra
771 758 917 814 sicut
944 776 1138 830 passer
1175 761 1412 830 erepta(
1455 763 1542 813 est
1575 759 1644 813 de
1698 759 1900 830 laqueo
1957 776 2161 814 venan-

557 847 700 903 tium
727 846 794 917 ²),
838 868 857 898 ι
895 847 1040 919 quod
1066 852 1388 918 peccatores
1435 847 1748 902 liberantur
1775 865 1808 902 a
1836 848 2159 904 seductione

555 936 894 992 daemonum.
911 939 1118 1002 Passer,
1144 935 1442 1002 instabilis,
1470 943 1534 992 ut
1557 937 1614 991 in
1634 937 1897 992 Psalmis:
1923 958 1943 988 ι
1969 943 2157 992 trans-

556 1025 738 1096 migra
783 1025 842 1079 in
900 1031 1152 1082 montem
1219 1025 1620 1097 sicut'passer
1646 1025 1688 1092 3,
1747 1042 1774 1078 ι
1831 1026 1965 1098 quia
2008 1027 2156 1098 quod

557 1114 908 1187 conspiciunt
942 1114 1211 1180 haeretici,
1243 1115 1313 1169 ad
1337 1132 1493 1169 suam
1521 1115 1904 1170 excellentiam
1931 1115 2159 1171 trahere

557 1203 838 1260 nituntur.
869 1204 977 1258 Per
1008 1219 1285 1273 passerem
1324 1204 1586 1270 humiles,
1644 1209 1709 1258 ut
1753 1204 1812 1258 in
1869 1205 2108 1260 Psalmis
2139 1224 2150 1260 :

561 1309 590 1346 ι
629 1292 749 1348 Illic
803 1309 998 1364 passer
1047 1292 1299 1346 nidificat
1335 1291 1377 1358 ⁴,
1433 1310 1461 1345 ι
1522 1292 1578 1347 id
1621 1297 1723 1357 est,
1769 1291 1826 1346 in
1871 1293 2158 1348 Christum

560 1380 801 1436 maxime
829 1381 1069 1436 humiles
1117 1380 1441 1453 sperabunt.
1503 1383 1714 1449 Passer,
1762 1381 1992 1454 gemina
2033 1381 2160 1438 sub—

558 1469 771 1525 stantia
798 1469 1060 1536 hominis,
1079 1487 1282 1542 corpus
1310 1469 1524 1525 scilicet
1541 1475 1598 1525 et
1625 1469 1836 1537 anima,
1868 1475 1934 1526 ut
1962 1471 2021 1526 in
2051 1473 2158 1527 Le-

559 1557 725 1614 vitico
754 1558 778 1593 ⁵
813 1559 870 1613 in
896 1560 1294 1614 emundatrone
1316 1559 1519 1631 leprosi
1560 1559 1671 1614 duo
1726 1576 1982 1631 passeres
2008 1577 2161 1616 assu-

1159 366 1222 422 B.
1272 365 1547 422 RABANI
1585 337 1816 422 MAURI
1855 366 2193 422 ARCHIEP.
2233 367 2560 425 MOGUNT.
2599 368 2895 425 OPERUM
2934 366 3114 422 PARS
3149 367 3242 422 Ill.

557 493 798 548 Psalmis
830 509 844 546 :
878 511 904 542 «ι
929 493 1129 546 Passer
1157 490 1369 546 invenit
1387 490 1493 546 sibi
1523 491 1750 546 domum
1783 491 1822 558 ί,
1869 511 1894 544 »
1946 491 2001 546 id
2042 497 2144 559 est,
2171 493 2359 554 Λιιρεί
2393 511 2404 547 :
2441 510 2468 545 α
2503 495 2684 566 Super
2709 497 2902 565 pectus
2935 497 3096 547 tuum
3139 491 3395 562 gradieris
3419 494 3474 559 ¹⁸,
3507 517 3526 544 ι

3632 374 3734 431 1024

3577 496 3622 550 id
3657 505 3733 562 est,

2243 582 2543 638 elationem
2574 581 2942 655 reproborum
2963 580 3262 653 superabis.

2315 674 2693 727 Peetusculum
2716 675 2801 724 est
2827 686 2924 724 cor
2947 675 3178 735 rectum,
3226 675 3284 724 ut
3312 669 3365 724 in
3393 670 3554 726 Exodo
3582 691 3592 724 :
3622 691 3641 724 ι
3666 674 3738 728 Pe-

2241 760 2556 815 ctusculum
2571 759 2678 814 erit
2707 759 2896 813 Aaron
2925 757 2988 823 ¹⁰,
3026 777 3053 810 ι)
3077 758 3220 830 quod
3247 759 3313 812 ad
3331 759 3583 830 praelatum
3601 763 3738 831 preci

2241 866 2350 922 pue
2376 848 2638 921 pertinet,
2670 854 2735 903 ut
2771 864 2867 902 cor
2896 852 3112 901 rectum
3144 846 3356 902 habeat.

2234 933 2238 936 ’
2311 941 2476 993 Pecus
2505 943 2594 993 est
2620 937 2934 1001 haereticus,
2954 941 3018 990 ut
3037 935 3094 991 in
3113 936 3321 990 cantico
3335 935 3562 990 Habacuc
3587 955 3597 988 :
3626 956 3644 988 (ι
3663 938 3738 992 Ab-

2239 1027 2526 1083 scindetur
2549 1027 2618 1082 de
2639 1026 2768 1082 ovili
2790 1042 2962 1098 pecus
2991 1023 3059 1092 ²⁰,
3099 1044 3121 1075 ι
3187 1025 3241 1079 id
3296 1031 3393 1090 est,
3449 1024 3510 1079 de
3557 1025 3738 1081 Ecclesia

2238 1115 2552 1172 haereticus.
2592 1117 2772 1182 Pecus,
2814 1118 3075 1187 peccator
3112 1119 3170 1168 et
3217 1114 3412 1184 justus,
3453 1117 3510 1168 ut
3554 1113 3602 1166 in
3645 1114 3740 1168 Eze-

2238 1205 2445 1260 chiele:
2473 1223 2500 1257 «
2523 1205 2661 1259 Ecce
2681 1220 2784 1275 ego
2798 1203 2990 1276 judico
3023 1202 3172 1258 inter
3216 1219 3377 1274 pecus
3405 1208 3457 1256 et
3488 1217 3627 1272 pecus
3647 1201 3697 1266 ’l,
3720 1220 3739 1254 ι

2241 1293 2296 1348 id
2328 1298 2430 1360 est,
2455 1293 2710 1348 discerno
2741 1291 2892 1346 inter
2935 1297 3282 1364 peccatorem
3336 1295 3390 1345 et
3432 1290 3632 1361 justum.
3668 1290 3746 1344 Per

2234 1399 2396 1454 pecus
2419 1381 2632 1455 populi,
2658 1387 2722 1437 ut
2757 1381 2818 1436 in
2868 1379 3084 1436 Genesi
3116 1397 3128 1434 :
3157 1399 3180 1431 ι
3213 1378 3485 1435 Constitue
3531 1378 3632 1433 illos
3663 1395 3744 1432 ma-

2238 1472 2446 1544 gistros
2463 1457 2729 1544 pecorum
2771 1486 3027 1526 meorum
3047 1468 3113 1536 ³³,
3150 1488 3174 1520 ι
3233 1467 3288 1523 id
3315 1473 3398 1524 est
3438 1467 3656 1540 praelatos
3676 1484 3748 1540 po-

2241 1561 2504 1634 pulorum
2530 1576 2807 1616 meorum.
2839 1561 3023 1624 Pecus,
3068 1557 3276 1630 cupidi,
3331 1561 3393 1612 ut
3441 1556 3495 1610 in
3537 1555 3744 1610 Psalmis:

559 1653 812 1716 muntur,
845 1653 902 1702 et
930 1664 1077 1702 unus
1097 1647 1442 1714 immolatur,
1480 1648 1625 1703 alter
1647 1647 1791 1704 liber
1810 1649 2163 1721 permittitur
2245 1669 2272 1704 α
2303 1651 2542 1722 Insuper
2569 1655 2628 1704 et
2655 1665 2858 1721 pecora
2879 1646 3062 1720 campi
3082 1645 3148 1700 ³³.
3178 1667 3195 1692 ο
3218 1646 3274 1701 id
3319 1650 3418 1713 est,
3450 1643 3750 1701 subdidistiei

556 1737 778 1792 avolare
812 1741 914 1804 ;ut
945 1742 1202 1808 peccator
1232 1735 1396 1808 plene
1417 1742 1710 1808 purgetur,
1735 1753 1962 1792 necesse
1993 1743 2080 1792 est
2098 1743 2163 1793 ut
2242 1745 2301 1795 et
2329 1739 2562 1811 cupidos
2577 1738 2796 1794 mundi.

557 1830 616 1881 et
655 1841 857 1898 corpus
886 1826 1008 1897 ejus
1049 1842 1150 1898 per
1203 1825 1694 1880 mortiﬁcationem
1761 1832 2056 1894 mactetur,
2101 1815 2219 1883 etB
2309 1831 2596 1884 Peccatum
2615 1831 2702 1882 est
2741 1825 3041 1881 admittere
3081 1825 3312 1892 malum,
3345 1828 3402 1879 et
3446 1825 3665 1878 delictum
3692 1829 3750 1876 est

554 1915 748 1972 anima
773 1931 876 1987 per
893 1915 1424 1987 contemplationem
1454 1915 1511 1970 in
1525 1915 1785 1988 supernis
1815 1917 2082 1971 elevetur.

623 2031 784 2087 Pater
816 2035 903 2086 est
927 2032 1077 2086 Deus
1113 2035 1352 2097 creator,
1386 2036 1451 2086 ut
1497 2031 1556 2086 in
1605 2031 1926 2086 Parabolis:
1964 2050 1990 2083 (ι
2017 2033 2158 2088 Ocu-

558 2120 674 2177 lum
715 2120 811 2192 qui
853 2119 1164 2176 subsannat
1203 2125 1422 2193 patrem
1455 2139 1481 2174 ι)
1512 2121 1554 2187 ⁸,
1590 2121 1647 2176 id
1673 2126 1777 2187 est,
1809 2121 2154 2188 haereticum,

557 2213 656 2282 qui
693 2209 912 2265 deridet
930 2211 1110 2266 Deum
1139 2215 1471 2266 creatorem.
1494 2212 1676 2276 Pater,
1695 2210 1960 2282 praelatus
1989 2210 2158 2282 quili-

557 2297 670 2367 bet,
704 2299 837 2354 utin
849 2298 1006 2354 libris
1035 2300 1251 2371 Regum
1283 2317 1295 2354 :
1322 2318 1345 2351 α
1370 2299 1539 2354 Pater
1557 2298 1653 2366 mi,
1675 2303 1833 2370 pater
1854 2299 2158 2368 mi,currus

557 2388 782 2446 Israelis
820 2393 878 2443 et
894 2388 1094 2460 auriga
1119 2389 1242 2460 ejus
1270 2388 1311 2456 ⁷,
1355 2408 1382 2441 ››
1406 2388 1464 2443 id
1512 2393 1616 2455 est,
1649 2388 1878 2460 praelate
1907 2390 1928 2411 θ
1975 2405 2154 2455 meus,

557 2478 654 2551 qui
679 2483 870 2550 portas
883 2483 941 2533 et
967 2478 1143 2533 ducis.
1175 2479 1358 2545 Pater,
1392 2478 1795 2550 prot0plastus,
1823 2481 1890 2532 ut
1914 2477 1974 2532 in
2009 2478 2158 2532 Psal-

558 2567 667 2622 mis
699 2585 711 2620 :
747 2584 776 2620 ι
807 2568 975 2622 Pater
1029 2583 1186 2622 meus
1217 2573 1275 2622 et
1326 2571 1510 2622 mater
1563 2583 1692 2621 mea
1737 2566 2160 2639 dereliquerunt

558 2672 649 2711 me
676 2655 719 2723 ⁸,
750 2673 777 2708 ι
807 2655 866 2710 id
901 2661 1004 2722 est,
1038 2655 1218 2710 Adam
1249 2661 1307 2710 et
1353 2655 1466 2710 Eva
1510 2659 1738 2727 peccato
1782 2660 2160 2728 exposuerunt

557 2760 668 2798 me.
701 2747 882 2811 Pater,
915 2743 1148 2816 quilibet
1174 2744 1448 2816 superior,
1499 2750 1564 2800 ut
1586 2744 1645 2799 in
1700 2744 1860 2799 libris
1905 2761 2104 2816 regum
2139 2765 2150 2800 :

561 2851 584 2884 ι
623 2833 761 2898 Quis
787 2839 948 2904 pater
975 2833 1098 2904 ejus
1130 2833 1154 2868 θ
1196 2833 1220 2887 ?
1261 2851 1288 2887 ι
1331 2833 1388 2888 id
1434 2839 1539 2900 est,
1575 2833 1700 2905 quis
1753 2833 2010 2905 superior
2037 2851 2102 2890 eo
2130 2833 2155 2888 ?

555 2923 738 2989 Pater,
771 2922 1014 2977 mundus
1052 2921 1176 2988 iste,
1233 2929 1299 2978 ut
1341 2922 1401 2977 in
1439 2923 1727 2979 Jeremia:
1767 2941 1790 2974 (ι
1827 2921 2157 2978 Maledictus

557 3011 655 3083 qui
693 3011 1048 3066 annuntiavit
1075 3013 1221 3084 patri
1261 3029 1386 3067 meo
1437 3011 1626 3068 dicens
1659 3030 1670 3066 :
1719 3012 1898 3067 Natus
1941 3018 2027 3068 est
2054 3011 2156 3067 tibi

556 3115 698 3172 puer
733 3101 1014 3156 masculus
1051 3100 1112 3167 ¹⁰,
1177 3119 1204 3154 ι
1236 3100 1291 3155 id
1347 3107 1451 3167 est,
1503 3101 1599 3172 qui
1619 3118 1722 3173 per
1773 3101 2153 3157 adulationem

559 3205 728 3262 opere
756 3206 882 3245 meo
905 3190 1035 3244 fecit
1075 3207 1164 3245 me
1185 3207 1220 3245 a
1241 3191 1452 3245 mundo
1481 3190 1718 3245 laudari.
1753 3193 1934 3259 Pater,
1965 3191 2154 3247 diabo-

557 3277 663 3346 lus,
683 3278 817 3334 utin
833 3278 1130 3351 Evangelio
1157 3299 1168 3334 :
1191 3297 1219 3330 ι
1247 3280 1359 3334 Vos
1379 3295 1443 3334 ex
1455 3285 1615 3352 patre
1629 3279 1852 3334 diabolo
1869 3279 2003 3335 estis
2029 3280 2069 3316 ¹¹
2082 3320 2096 3347 ,
2123 3298 2150 3333 ι

557 3367 705 3439 quod
735 3384 830 3423 eos
858 3367 1114 3424 diabolus
1133 3373 1192 3424 et
1218 3368 1267 3423 si
1299 3384 1410 3424 non
1438 3369 1663 3434 creavit,
1697 3374 1798 3424 aut
1823 3369 2036 3441 genuit,
2072 3375 2154 3426 ta-

559 3471 688 3512 men
717 3457 999 3530 persuasit
1024 3463 1082 3512 et
1095 3457 1300 3513 tenuit.

629 3575 1014 3628 Pavimentum
1063 3579 1150 3628 est
1190 3590 1320 3628 caro
1367 3579 1578 3634 nostra,
1643 3580 1706 3629 ut
1754 3574 1835 3649 in,
1863 3574 2148 3641 Psalmis;

556 3679 585 3713 α
610 3661 859 3718 Adhaesit
885 3663 1205 3734 pavimento
1236 3663 1424 3718 anima
1470 3679 1599 3718 mea
1626 3661 1691 3728 ¹²,
1728 3682 1755 3717 ι
1786 3662 1844 3718 id
1866 3669 1970 3730 est,
2025 3679 2152 3719 con-

552 3750 731 3805 sensit
755 3751 910 3806 carni
939 3751 1082 3807 ratio
1103 3768 1248 3807 mea.
1268 3755 1674 3818 Pavimentum,
1707 3768 1804 3806 cor
1832 3752 2064 3819 humile,
2087 3759 2152 3808 ut

555 3839 616 3894 in
672 3839 827 3894 libris
883 3842 1098 3912 Regum
1139 3861 1150 3895 :
1208 3852 1233 3894 δ
1288 3841 1451 3896 Texit
1501 3841 1888 3913 pavimentum
1941 3840 2150 3897 tabulis

554 3927 886 4000 alienigenis
917 3929 1023 3996 '3,»
1075 3930 1222 4002 quod
1267 3929 1540 3984 Dominus
1585 3946 1683 3985 cor
1729 3929 1940 3985 humile
1987 3930 2149 3985 donis

552 4017 940 4090 spiritualibus
959 4024 1210 4074 exornat.
1227 4021 1550 4074 Pavimentu
1559 4036 1631 4087 m,
1647 4019 1883 4090 quilibet
1900 4019 2142 4086 auditor,

552 4111 619 4162 ut
648 4105 707 4160 in
747 4107 1030 4162 Ezechiele
1075 4125 1086 4161 :
1125 4125 1153 4160 ι
1184 4107 1594 4180 Gazophylacia
1635 4108 1692 4163 in
1722 4107 1959 4164 circuitu
1997 4109 2148 4180 pavi-

554 4194 730 4250 menti
750 4195 813 4262 ¹⁴,
873 4214 896 4246 ι
951 4196 1100 4268 quod
1139 4196 1210 4251 ad
1261 4195 1471 4252 bonum
1515 4196 1760 4252 excitant
1823 4197 2143 4253 auditorum

553 4284 809 4357 exempla
827 4288 1050 4357 patrum
1065 4285 1538 4341 antecedentium.

624 4394 878 4448 Pas-illus
905 4397 992 4448 est
1019 4393 1394 4466 compunctio,
1439 4398 1504 4448 ut
1553 4393 1610 4448 in
1660 4393 2096 4449 Deuteromonio
2129 4369 2211 4448 ιθ

559 4500 584 4534 ι
618 4481 826 4537 Ferens
850 4481 1121 4554 paxillum
1150 4481 1208 4536 in
1239 4481 1421 4536 balteo
1443 4481 1506 4548 *5,
1547 4501 1568 4533 ι
1595 4481 1655 4537 id
1677 4487 1780 4549 est,
1817 4482 2026 4537 habens
2055 4483 2152 4538 sti-

555 4571 773 4626 mulum
821 4571 1266 4643 compunctionis
1284 4570 1342 4625 in
1370 4571 1577 4626 animo.
1620 4572 1729 4624 Per
1749 4575 1988 4640 partitos
2015 4589 2151 4644 prae-

555 4659 675 4724 lati,
702 4665 766 4715 ut
795 4660 848 4713 in
873 4660 1060 4715 Exodo
1091 4679 1104 4715 :
1138 4660 1423 4715 «Paxillos
1445 4659 1574 4715 atrii
1599 4677 1664 4715 ex
1689 4676 1798 4714 aere
1826 4659 1994 4716 facies
2030 4660 2092 4726 ¹⁰,
2122 4680 2145 4712 ι

556 4746 613 4802 id
645 4754 748 4813 est,
782 4749 1041 4820 praelatos
1063 4749 1320 4804 Ecclesiae
1347 4755 1402 4804 et
1422 4749 1595 4805 fortes
1613 4749 1671 4804 in
1697 4765 1884 4821 opere,
1909 4755 1968 4805 et
1993 4765 2154 4806 sono-

557 4853 648 4892 ros
678 4836 737 4892 in
767 4837 1162 4909 praedicatione
1181 4838 1510 4894 constitues.
2112 4834 2141 4856 ⁸

628 4947 816 5000 Pectus
845 4950 930 5000 est
945 4961 1042 5000 cor
1071 4951 1304 5011 rectum,
1339 4950 1404 5000 ut
1423 4944 1480 5000 in
1504 4945 1688 5000 Exodo
1712 4963 1724 4999 :
1755 4964 1778 4996 α
1829 4945 2152 5001 Doctrinam

557 5041 615 5090 et
633 5033 946 5100 veritatem,
980 5050 1103 5105 quae
1125 5033 1234 5088 erit
1260 5033 1318 5088 in
1338 5039 1564 5107 pectore
1593 5035 1780 5089 Aaron
1811 5034 1874 5102 ¹⁷,
1908 5053 1936 5087 ι
1965 5034 2023 5089 id
2044 5039 2148 5102 est,

555 5123 614 5179 in
633 5123 972 5195 cogitatione
1001 5123 1238 5195 praelati.
1287 5125 1498 5190 Pectus,
1535 5121 1816 5195 superbia,
1848 5122 1989 5178 utin
2044 5123 2149 5178 Ge-

2237 1917 2500 1973 omittere
2513 1917 2742 1973 bonum.
2771 1918 3077 1983 Peccatum,
3109 1913 3438 1970 sacriﬁcium
3454 1929 3548 1985 pro
3565 1915 3750 1984 parcam.

2237 2011 2304 2062 ut
2331 2006 2390 2062 in
2428 2007 2602 2062 Paulo
2635 2024 2648 2060 :
2685 2023 2712 2059 α
2744 2005 2906 2072 Eum,
2948 2003 3044 2076 qui
3074 2021 3189 2060 non
3219 2003 3373 2059 novit
3397 2007 3660 2075 peccatum,
3683 2015 3754 2071 pro

2239 2095 2400 2151 nobis
2432 2101 2721 2168 peccatum
2747 2094 2880 2150 fecit
2906 2092 2972 2161 ²⁴,
3011 2112 3037 2146 ››
3071 2093 3222 2166 quod
3252 2092 3522 2148 Christum
3543 2089 3603 2144 ab
3644 2086 3757 2142 omni

2239 2190 2466 2258 peccato
2489 2185 2804 2240 immunem
2840 2201 2942 2256 pro
2966 2182 3212 2256 peccatis
3240 2181 3438 2237 nostris
3465 2180 3596 2235 Deus
3636 2177 3758 2232 Pater

2238 2274 2575 2329 sacrificium
2603 2273 2950 2329 sacerdotem
2979 2271 3296 2328 constituit.
3339 2273 3612 2333 Peccatum,
3639 2281 3759 2338 pmna

2239 2363 2469 2436 peccati,
2494 2368 2559 2418 ut
2579 2362 2638 2418 in
2659 2363 2807 2418 Isaia
2853 2381 2864 2415 :
2906 2383 2928 2414 ι
2963 2362 3090 2434 Ipse
3135 2364 3158 2384 ⁹
3190 2365 3471 2433 peccatum
3519 2356 3761 2412 multorum

2239 2453 2374 2508 tulit
2396 2451 2462 2520 ³⁵,
2492 2471 2514 2502 ι
2542 2452 2691 2524 quod
2721 2451 2978 2506 Christus
2996 2467 3097 2522 pro
3124 2449 3289 2505 nobis
3314 2445 3666 2536 peccatoribus
3682 2459 3764 2514 Ρω-
3874 2514 3875 2536 χ

2240 2559 2373 2598 nam
2411 2540 2609 2596 mortis
2629 2539 2819 2596 subiit.
2843 2543 3152 2607 Peccatum,
3187 2538 3364 2594 fomes
3391 2535 3600 2610 peccati,
3624 2532 3670 2586 id
3685 2537 3760 2592 est,
3873 2532 3875 2558 ί

2239 2629 2711 2702 concupiscentia,
2733 2633 2800 2684 ut
2835 2627 2894 2683 in
2923 2629 3136 2682 Paulo:
3179 2645 3204 2680 (ί
3229 2628 3516 2682 Peccatum
3553 2636 3646 2676 non
3697 2635 3764 2674 co-

2235 2719 2422 2791 gnovi,
2456 2718 2565 2773 nisi
2596 2735 2698 2790 per
2717 2718 2919 2789 legem,
2945 2719 2965 2741 '
2990 2716 3084 2772 ubi
3113 2717 3202 2771 lex
3235 2716 3457 2780 diceret,
3489 2727 3588 2768 non
3611 2723 3764 2764 concu-

2237 2808 2416 2881 pisces
2442 2807 2507 2862 ³⁵.
2553 2825 2580 2861 ι
2613 2809 2918 2874 Peccatum,
2951 2805 3230 2873 diabolus,
3261 2811 3324 2860 ut
3350 2803 3408 2859 in
3435 2801 3592 2858 Paulo
3615 2818 3625 2853 :
3646 2819 3666 2848 ο
3685 2797 3764 2852 Re-

2239 2898 2454 2953 velatus
2482 2896 2835 2952 fuerithomo
2864 2895 3098 2968 peccati,
3133 2897 3155 2918 '
3189 2894 3320 2949 ﬁliis
3365 2889 3658 2966 perditionis
3671 2886 3721 2949 ³⁷,
3746 2903 3762 2936 ν

2239 2988 2294 3044 id
2319 2993 2422 3054 est,
2457 2986 2848 3042 manifestatus
2863 2985 3035 3040 fuerit
3050 2983 3431 3039 Antichristus
3439 2981 3591 3036 homo
3613 2972 3767 3032 diaboli

2239 3077 2312 3132 ad
2343 3081 2612 3132 aeternam
2640 3073 3060 3129 damnationem
3091 3077 3458 3145 praeparatus.
3877 3073 3879 3126 ἶ

2311 3168 2402 3220 Pes
2436 3168 2524 3219 est
2547 3162 2783 3236 quilibet
2807 3161 3157 3235 praedicator,
3189 3166 3256 3216 ut
3291 3161 3353 3215 in
3389 3155 3610 3214 Psalmis
3638 3173 3648 3206 :
3677 3171 3698 3203 ι
3717 3149 3771 3205 Ut

2235 3248 2539 3325 instigatur
2557 3270 2654 3326 pes
2681 3258 2815 3308 tuus
2844 3251 2903 3307 in
2935 3251 3212 3323 sanguine
3242 3249 3308 3317 ³⁸,
3347 3269 3370 3301 ι
3400 3247 3539 3321 quod
3566 3241 3771 3317 pradica-

2232 3348 2325 3398 tor
2352 3358 2762 3414 nonnunquam
2791 3341 3038 3396 afficitur
3061 3339 3448 3397 tribulatione.
3487 3339 3590 3402 Pes,
3615 3327 3771 3404 pradi-

2233 3431 2398 3499 catio,
2413 3437 2479 3486 ut
2505 3431 2562 3486 in
2575 3431 2798 3486 Psalmo
2816 3448 2828 3484 :
2848 3449 2873 3482 ‹‹
2891 3431 2956 3486 In
2973 3429 3211 3484 ﬂumine
3225 3425 3627 3502 pertransibunt
3646 3417 3772 3492 pedes

2232 3521 2310 3576 ibi
2335 3519 2401 3587 υ,
2436 3538 2463 3574 ››
2488 3520 2542 3575 id
2566 3526 2670 3586 est,
2705 3520 2764 3578 in
2793 3518 3066 3574 mundum
3089 3518 3257 3574 ibunt
3277 3514 3661 3590 praedicatione.
3689 3509 3770 3569 Per,

2233 3609 2470 3683 quilibet
2496 3609 2728 3675 amicus,
2785 3612 2850 3662 ut
2891 3607 2949 3662 in
3007 3607 3354 3679 Evangelia:
3407 3625 3432 3656 α
3473 3602 3527 3659 Si
3576 3603 3774 3673 pestuus

2231 3698 2688 3755 scandalizaverit
2711 3705 2768 3754 te
2793 3696 2860 3764 3°,
2899 3717 2922 3747 ι
2958 3697 3015 3751 id
3043 3701 3147 3763 est,
3177 3696 3226 3751 si
3255 3692 3592 3752 necessarius
3611 3685 3772 3742 amicus

2230 3794 2363 3844 tuus
2389 3789 2599 3843 malum
2639 3791 2904 3858 suggeret
2931 3784 3052 3846 tibi.
3085 3802 3157 3840 ne
3185 3783 3441 3857 sequaris
3467 3797 3604 3838 eum.
3631 3774 3768 3836 Pedes,

2229 3894 2402 3951 opera
2429 3875 2737 3932 caelestium
2770 3880 3198 3948 praeceptorum,
3233 3873 3437 3946 quibus
3473 3868 3622 3926 inniti
3645 3861 3768 3951 debet

2229 3950 2466 4039 uterque
2489 3966 2748 4038 populus,
2757 3970 2822 4019 ut
2845 3964 2904 4019 in
2929 3963 3078 4020 Isaia
3095 3980 3145 4018 τα
3160 3963 3514 4019 Immitentes
3528 3950 3772 4032 pedembo-

2227 4055 2308 4110 vis
2337 4061 2395 4112 et
2419 4054 2564 4110 asini
2587 4053 2654 4120 3',
2688 4071 2716 4107 ι
2732 4053 2786 4106 id
2815 4057 2920 4122 est,
2940 4057 3297 4124 rmponentes
3318 4066 3487 4124 opera
3511 4042 3765 4102 celestium

2227 4148 2654 4228 praeceptorum,
2701 4141 2902 4214 quibus
2922 4140 3089 4196 inniti
3113 4139 3286 4196 debet
3311 4145 3544 4228 uterque
3558 4129 3766 4228 populus,

2225 4219 2492 4290 Iudaicus
2505 4229 2763 4286 videlicet
2772 4246 2837 4284 ac
2846 4229 3094 4300 gentilis.
3126 4231 3244 4297 Pes,
3263 4227 3573 4300 exemplum
3584 4219 3768 4278 Christi.

2228 4329 2292 4378 ut
2319 4323 2377 4377 in
2407 4320 2553 4378 Isaia
2594 4339 2606 4374 :
2643 4341 2666 4372 ι
2694 4317 3057 4374 Conculcabit
3094 4334 3222 4372 eam
3245 4335 3348 4390 pes
3399 4312 3642 4390 pauperis
3670 4305 3724 4372 ",
3749 4321 3769 4353 δ

2231 4411 2380 4484 quod
2407 4408 2679 4483 superbos
2697 4407 2895 4463 mundi
2917 4407 3221 4480 prostravit
3255 4406 3566 4479 exemplum

2231 4479 2608 4566 ChristifPes,
2650 4496 3210 4570 exemplummalum,
3245 4502 3312 4551 ut
3338 4495 3396 4550 in
3423 4492 3556 4550 Job:
3585 4511 3606 4542 ι
3653 4479 3773 4542 Οῢιὶο

2230 4588 2474 4644 viscetur
2499 4586 2647 4659 quod
2666 4601 2766 4658 pes
2794 4584 3082 4640 conculcet
3105 4599 3203 4638 eas
3225 4583 3293 4649 ³³,
3323 4607 3348 4632 ιι
3378 4581 3520 4655 quod
3538 4575 3776 4648 negligens

2234 4677 2500 4751 praelatus
2528 4692 2641 4731 non
2695 4679 2872 4741 curat,
2892 4673 3040 4746 quod
3070 4673 3287 4728 malum
3345 4669 3642 4742 exemplum
3681 4676 3776 4716 cor-

2233 4765 2448 4838 rumpit
2467 4763 2767 4836 subjectos.
2792 4763 2902 4817 Per
2928 4763 3081 4832 pedes
3102 4767 3462 4816 sacramenta
3489 4755 3778 4814 incarnaﬂo‘

2235 4855 2325 4911 nis
2348 4860 2414 4910 ut
2441 4854 2501 4909 in
2529 4851 2828 4924 Evangelio
2873 4873 2888 4907 :
2925 4871 2946 4902 α
2995 4850 3284 4922 Lacrymis
3328 4848 3495 4921 coepit
3521 4846 3681 4917 rigare
3704 4851 3779 4909 pe-

2231 4946 2332 5000 des
2359 4942 2556 5016 ejus3‘,
2580 4960 2608 4996 ι
2625 4941 2773 5014 quod
2786 4955 3052 4996 conversa
3085 4939 3379 5010 gentilitas
3406 4925 3781 5016 veneraricmpit

2233 5034 2349 5089 ima
2377 5014 2781 5088 incarnationis
2803 5029 3033 5086 Christi.
3064 5030 3244 5095 Pedes,
3260 5027 3518 5101 apostoli.
3539 5029 3598 5078 ut
3622 5014 3781 5075 inlob:

2235 5143 2258 5176 ι
2291 5121 2572 5178 Lavabam
2601 5120 2772 5193 pedes
2800 5134 2955 5174 meos
2984 5117 3196 5190 butyro
3221 5116 3288 5183 ³⁵,
3319 5140 3346 5167 ι
3381 5117 3527 5188 quod
3553 5108 3780 5168 Christus).

627 5230 645 5265 ¹
681 5231 826 5285 Psal.
861 5243 1088 5295 Lxxxnr,
1121 5226 1173 5284 4.
1205 5227 1228 5262 ²
1258 5228 1404 5283 Psal.
1438 5241 1632 5296 cxxrrr,
1665 5227 1718 5285 7.
1762 5228 1786 5263 ³
1814 5229 1962 5284 Psal.
1991 5244 2044 5296 x,
2084 5228 2131 5288 1.

2234 5229 2378 5286 Psal.
2429 5241 2550 5294 cur,
2581 5227 2672 5283 17.
2720 5225 2744 5261 ⁵
2791 5225 2967 5282 Levit.
3015 5238 3142 5296 xrv._
3171 5221 3369 5296 _49.__°_
3386 5221 3544 5296 Prov.
3576 5229 3686 5277 xxx,

555 5301 591 5372 1
605 5280 842 5372 ινίιξὲέ.
863 5280 1114 5372 "tif—15:8
1133 5280 1611 5372 sarisam—6:
1619 5280 1686 5372 ’f
1707 5280 1739 5372 ‘I,
1754 5280 2130 5372 Βὲέῗὶὲξὶαῗ

2234 5280 2376 5372 )3;
2395 5280 2640 5372 ξιξξίῖέξ
2665 5280 2712 5333 ν¹¹
2761 5280 2924 5372 Joap.
2958 5309 3090 5372 vni,
3120 5293 3208 5372 ιη.
3256 5293 3304 5329 ¹²
3336 5280 3779 5372 Ρεειλςιιιζιιιλξξ-

558 5371 859 5477 ἷῗτίίέλθῖἕ

559 5456 642 5507 ιιι,
675 5442 763 5498 14.
797 5443 814 5477 ¹

864 5355 989 5439 (ιιι,
1017 5369 1101 5428 15.
1148 5370 1194 5406 ¹⁴
1236 5371 1429 5426 Ezech.
1463 5355 1674 5439 x1417.
1716 5355 1772 5406 ί¹⁵
1799 5355 2153 5439 Βῖιιιίχιιιιι,

2234 5355 2271 5429 3.
2298 5355 2368 5407 ί¹⁶
2393 5355 2562 5426 Exod.
2595 5383 2767 5436 xxvn,
2819 5366 2904 5424 19.
2953 5363 3010 5439 ἐξ
3052 5355 3216 5439 Exod.
3250 5378 3448 5431 xxvnr,
3477 5361 3560 5439 3Q.
3603 5359 3649 5439 ff
3669 5355 3781 5439 geg-

867 5419 1209 5510 Εὲιόἀῖἷέχιχ,
1236 5419 1432 5509 ’ᾖξ’ἑέ
1454 5419 1643 5512 ζῖἰθῦξ
1663 5419 1761 5508 vn,
1797 5419 1964 5499 5ιῖἿά
1992 5419 2271 5510 ἧξιῐῗιὶζ
2287 5441 2377 5499 17.
2393 5419 2902 5512 assedisse,
2943 5419 3115 5512 11.}!
3138 5419 3284 5512 ce...
3317 5419 3645 5512 sui“:
3669 5419 3782 5512 gssi-

558 5500 680 5577 vrrl,
711 5511 764 5570 8.
811 5512 858 5547 ²⁴
887 5515 938 5570 II
965 5515 1092 5568 Cor.
1124 5500 1208 5579 v,'
1231 5500 1327 5568 2i.
1371 5513 1418 5548 ⁸³
1447 5500 1555 5571 Isa.
1602 5527 1723 5582 LIII,
1752 5500 1842 5569 d2.
1890 5513 1938 5548 ’⁸
1963 5515 2124 5569 Rom.
2157 5500 2256 5582 vn,
2289 5512 2342 5570 7.
2389 5511 2434 5548 ⁵⁷
2464 5514 2514 5568 lI
2543 5515 2736 5568 'l‘hess.
2773 5526 2834 5578 Ir,
2875 5500 2927 5566 3.
2969 5507 3414 5582 ’§_Psal._l.xvn,
3451 5500 3625 5582 ‘Zlin”

557 5561 684 5650 ιζῐῆ
713 5561 784 5685 ἐξ
839 5561 1336 5650 εοίιῖιὶἰιιξὶκῆἰί,
1381 5561 1904 5650 8.’ῖῗίἔεῐῖ”χῖνὸἐιι,
1938 5561 2128 5644 215."?i

2234 5561 2412 5652 diu,
2447 5561 2514 5640 6-.-
2548 5561 2746 5639 δῖ’-’.1ἷὺ
2773 5561 2960 5649 ﬁxis
2992 5578 3082 5685 18;
3113 5561 3184 5616 '5‘
3210 5579 3343 5636 Luc.
3379 5561 3476 5643 vn,
3506 5573 3591 5632 38.
3640 5567 3683 5605 ³⁵
3703 5561 3786 5620 Job

557 5669 710 5724 xxxx,
742 5652 798 5712 6.
