3942 6158
157 269 276 328 1025

1075 268 1506 325 ALLEGORIIE
1544 267 1622 324 IN
1661 265 1954 326 SACRAM
1993 264 2472 354 SQRIPTURAM.

3271 267 3413 326 1096

157 396 234 470 qui
251 396 474 466 peccata
493 396 687 448 nostra
697 393 941 464 portavit
951 394 1238 466 apostolos
1271 409 1406 449 suos
1437 393 1731 449 mundavit
1749 397 1794 455 Α
1822 396 1924 452 bus
1955 395 2017 461 ιτ,
2053 413 2080 447 »
2112 395 2170 449 id
2199 399 2302 459 est,
2329 391 2542 448 devotis
2558 389 2888 447 mulieribus
2907 408 2998 448 me
3017 391 3412 448 circumdanti-

157 483 347 558 Spiritu
366 487 577 537 sancto.
601 483 711 537 Per
729 484 886 552 pedes
905 481 1318 554 praedicatores,
1351 489 1417 539 ut
1443 483 1504 538 in
1542 482 1724 538 Isaia:

157 594 179 629 ι
205 575 374 639 Quam
401 571 637 644 speciosi
667 572 836 644 pedes
865 572 1372 644 evangelizantium
1401 589 1595 645 pacem
1615 573 1631 606 ¹
1661 571 1672 625 !
1700 589 1726 624 ι

154 663 278 738 quod
306 679 408 734 per
434 661 794 716 sanctitatem
823 661 1010 716 decori
1039 665 1174 718 sunt
1202 662 1616 734 praedicatores,
1633 661 1730 732 qui

157 751 474 808 annuntiant
499 749 705 822 populo
737 749 1144 822 paenitentiam.
1169 752 1278 806 Per
1319 752 1476 820 pedes
1526 749 1729 822 praedi-

153 847 365 907 catores,
395 845 462 894 ut
487 838 548 906 in
587 839 923 911 Evangelia:
984 861 1006 892 ι
1042 840 1296 896 Excutite
1335 840 1621 913 pulverem
1661 838 1732 894 de

151 929 364 1005 pedibus
407 927 603 984 vestris
639 927 681 992 ³,
714 947 744 982 ι
796 929 856 983 id
901 935 1004 997 est,
1055 935 1284 985 terrena
1310 947 1412 1002 pro
1467 928 1733 1002 praedica-

135 1019 377 1089 ,tionibus
398 1019 597 1076 vestris
623 1017 694 1073 ab
714 1017 784 1073 iis
812 1019 987 1074 nolite
1017 1021 1300 1092 suscipere
1329 1019 1426 1092 qui
1464 1035 1568 1074 nos
1594 1034 1729 1074 con-

150 1113 410 1164 temnunt.
441 1109 552 1162 Per
571 1108 730 1178 pedes
757 1106 968 1162 inﬁmi
997 1107 1095 1180 qui
1125 1112 1260 1164 sunt
1283 1108 1344 1163 in
1369 1107 1632 1171 Ecclesia,
1665 1111 1732 1162 ut

151 1198 201 1253 in
223 1197 322 1253 Job
349 1215 360 1250 :
397 1215 424 1251 α
455 1195 634 1252 Pedes
663 1212 818 1251 meos
845 1195 1244 1252 subverterunt
1267 1196 1310 1265 ³,
1344 1195 1404 1252 id
1431 1201 1534 1263 est,
1567 1195 1727 1250 inﬁr-

152 1303 254 1342 mos
284 1302 443 1342 meos
473 1285 568 1358 qui
600 1291 735 1340 sunt
762 1285 820 1340 in
850 1284 1093 1341 Ecclesia
1138 1285 1386 1341 haeretici
1436 1284 1727 1340 subverte-

152 1381 280 1433 runt.
303 1375 418 1430 Per
441 1376 597 1444 pedes
617 1373 1002 1445 cogitationes,
1019 1380 1085 1429 ut
1100 1374 1160 1429 in
1175 1373 1448 1429 Ieremia:
1471 1391 1498 1426 (ί
1523 1373 1729 1429 Sordes

1811 487 1936 552 bus,
1967 481 2310 556 fugientibus
2340 480 2646 554 discipulis,
2669 480 2766 554 qui
2787 481 3076 554 propiores
3109 499 3231 539 esse
3262 481 3412 538 vide-

1811 575 2040 642 bantur,
2073 571 2310 628 adhaesit
2323 571 2496 628 robur
2517 569 2793 643 passionis
2809 587 2966 626 meae.
2991 573 3175 639 Pelles,
3199 571 3412 628 littera-

1811 665 1881 720 lis
1908 664 2245 729 intellectus,
2279 665 2346 716 ut
2372 660 2428 715 in
2469 659 2710 716 Levitico
2741 679 2751 713 :
2795 680 2817 712 ι
2852 661 3226 733 Detractaque
3267 660 3412 732 pelle

1811 753 2008 808 hostiae
2029 758 2184 807 artus
2213 751 2273 805 in
2312 753 2333 774 θ
2355 749 2565 805 frustra
2580 749 2874 805 concident
2894 749 2958 817 "3,
2995 769 3016 802 ι
3039 749 3188 822 quod
3217 749 3414 822 praedi-

1813 847 2031 898 catores
2059 839 2278 896 sublato
2307 838 2583 894 velamine
2602 839 2803 894 litterae
2834 838 3106 894 interiora
3133 837 3414 894 subtiliter

1813 931 2053 988 scrutari
2081 929 2305 985 debent.
2338 931 2521 994 Pellis,
2573 927 2890 984 mortalitas
2937 927 3201 996 hominis,
3248 933 3313 984 ut
3353 927 3414 984 in

1812 1021 2051 1077 Psalmis
2077 1038 2088 1074 :
2116 1021 2139 1044 ⁶
2165 1038 2190 1072 ι
2212 1017 2490 1074 Extendes
2505 1017 2707 1072 caelum
2731 1017 2878 1073 sicut
2900 1017 3104 1089 pellem
3120 1016 3184 1086 ίο,
3211 1037 3234 1069 ι
3261 1016 3412 1090 quod

1811 1127 1912 1183 per
1935 1127 2036 1165 ora
2064 1107 2386 1164 mortalium
2411 1107 2839 1179 praedicatorum
2862 1123 3080 1162 sacram
3107 1105 3269 1162 nobis
3296 1107 3411 1162 Do-

1809 1199 1998 1256 minus
2026 1198 2374 1270 Scripturam
2411 1194 2699 1251 reseravit.
2750 1198 2938 1262 Pelles,
2983 1212 3217 1268 corpora
3257 1211 3411 1250 mar-

1807 1294 2019 1361 tyrum,
2053 1292 2116 1342 ut
2140 1285 2200 1341 in
2227 1285 2414 1341 Exodo
2441 1301 2488 1340 ζ(
2516 1284 2602 1338 De
2629 1283 2868 1355 pellibus
2893 1283 3135 1339 arietum
3164 1283 3412 1340 rubrica-

1807 1377 1882 1434 tis
1907 1376 1974 1444 ’0,
2015 1397 2040 1430 »
2075 1375 2131 1431 id
2160 1379 2264 1441 est,
2287 1373 2358 1429 de
2373 1371 2698 1446 corporibus
2726 1377 3050 1428 sanctorum
3079 1372 3410 1446 martyriza-

151 1465 254 1537 ejus
273 1463 334 1519 in
361 1463 596 1536 pedibus
625 1463 748 1535 ejus
775 1462 816 1531 ⁴,
857 1481 880 1514 ι
913 1463 971 1518 id
1021 1468 1126 1531 est,
1177 1462 1550 1518 immunditiae
1604 1463 1728 1534 ejus
1810 1466 1908 1526 tis.
1943 1467 2053 1521 Per
2067 1468 2250 1536 pelles,
2279 1462 2498 1534 antiqui
2521 1467 2729 1534 patres,
2769 1461 2911 1516 utin
2948 1461 3106 1516 libris
3152 1462 3405 1534 Regum:

149 1554 196 1609 in
217 1552 646 1625 cogitationibus
676 1553 819 1624 ejus.
846 1552 956 1608 Per
974 1554 1132 1623 pedes
1160 1551 1520 1620 intentiones,
1559 1557 1624 1606 ut
1668 1551 1727 1606 in
1813 1572 1841 1608 α
1869 1553 2240 1610 Ambulabam
2269 1553 2328 1607 in
2345 1551 2531 1606 medio
2547 1550 2798 1622 pellium,
2836 1569 2861 1603 1)
2896 1551 3044 1622 quod
3073 1549 3133 1604 in
3161 1550 3410 1623 antiquis

147 1641 416 1698 Parabolis
455 1661 468 1696 :
507 1662 528 1693 ε
559 1641 736 1697 Pedes
766 1658 962 1696 eorum
988 1642 1061 1696 ad
1089 1642 1302 1699 malum
1331 1646 1568 1698 currunt
1615 1641 1658 1708 ⁵,
1698 1659 1722 1692 ι
1746 1711 1785 1717 _
1811 1643 2065 1717 patribus
2084 1641 2358 1698 Dominus
2385 1639 2696 1695 habitabat.
2727 1640 2837 1694 Per
2849 1642 3014 1708 pelles
3033 1639 3268 1694 virtutes
3284 1656 3408 1694 cor-

147 1733 194 1788 id
217 1739 314 1798 est,
351 1731 694 1787 intentiones
721 1747 920 1786 eorum
940 1731 1012 1786 ad
1031 1737 1262 1804 peccata
1281 1731 1552 1804 proclives
1571 1735 1722 1786 sunt.
1745 1711 1794 1772 Β
1811 1711 2052 1806 porales,
2082 1737 2148 1787 ut
2166 1731 2224 1786 in
2252 1729 2499 1786 Jeremia
2519 1747 2532 1783 :
2549 1747 2577 1783 ι
2610 1727 2808 1784 Subito
2837 1732 3070 1784 vastatas
3089 1733 3224 1784 sunt
3234 1728 3410 1801 pelles

146 1820 238 1875 Per
251 1823 411 1891 pedes
437 1820 785 1887 aﬂlictiones,
817 1825 881 1875 ut
925 1821 986 1876 in
1037 1821 1318 1876 Levitico:
1367 1838 1393 1872 α
1437 1817 1726 1875 Intestinis
1811 1839 1948 1878 meae
1975 1821 2042 1888 ²¹,
2079 1841 2101 1874 ι
2136 1821 2192 1876 id
2219 1825 2322 1888 est,
2347 1824 2579 1892 repente
2599 1824 2733 1874 sunt
2755 1817 3086 1890 interruptae
3105 1818 3410 1874 exteriores

145 1917 192 1966 et
213 1909 448 1984 pedibus
477 1911 600 1982 ejus
628 1909 758 1965 lotis
787 1927 934 1982 aqua
963 1911 1004 1974 θ,
1041 1928 1067 1963 )›
1112 1909 1261 1981 quod
1288 1913 1354 1964 ut
1381 1925 1483 1964 nos
1512 1907 1726 1962 sacriﬁ-
1807 1911 2094 1968 cicatrices
2121 1927 2279 1964 mem.
2299 1909 2409 1964 Per
2429 1911 2594 1978 pelles
2622 1907 2768 1962 cives
2797 1907 3070 1975 caelestes,
3099 1913 3164 1962 ut
3181 1907 3240 1962 in
3259 1908 3408 1962 Can-

143 2001 269 2055 cium
287 2000 396 2056 Dei
415 2016 534 2055 esse
558 1999 859 2072 possimus,
897 2005 1120 2071 oportet
1145 2005 1210 2054 ut
1235 1998 1598 2070 cognationes
1621 2002 1679 2052 et
1703 1998 1725 2021 ¹
1807 2002 1916 2057 tico
1943 2019 1954 2054 :
1993 2020 2017 2052 α
2049 2000 2206 2055 Sicut
2225 1998 2397 2070 pelles
2417 1994 2810 2064 Salomonis”,
2837 2014 2864 2050 ι
2889 1996 3038 2068 quod
3056 1996 3407 2068 spiritualem

141 2089 458 2146 afﬁictiones
475 2088 1153 2161 nostrascompunctionis
1173 2104 1322 2160 aqua
1335 2087 1722 2142 emundemus.
1808 2091 2086 2156 decorem,
2114 2103 2282 2161 quem
2299 2087 2446 2142 cives
2469 2087 2724 2140 caelestes
2755 2084 3058 2156 possident,
3093 2085 3286 2140 anima
3315 2086 3409 2142 de-

144 2179 236 2234 Per
250 2181 413 2249 pedes
439 2177 812 2250 operationes,
845 2183 912 2232 ut
954 2177 1014 2232 in
1058 2177 1344 2232 Ieremia:
1391 2197 1432 2240 α⁴
1450 2175 1728 2248 Expandit
1808 2185 1938 2235 vota
1970 2185 2028 2234 et
2071 2179 2132 2232 in
2168 2177 2429 2249 pmsenﬁ
2471 2191 2537 2230 ex
2585 2180 2746 2246 parte
2782 2173 2991 2230 habere
3039 2173 3246 2229 studet.
3297 2175 3406 2230 Per

144 2271 244 2322 rete
271 2266 512 2340 pedibus
563 2265 704 2321 meis
747 2266 789 2332 ⁷,
828 2285 852 2318 ι
897 2265 1047 2338 quod
1095 2265 1289 2320 multis
1330 2265 1514 2320 modis
1557 2281 1730 2336 opera
1807 2273 1968 2339 pelles
2015 2265 2258 2339 reprobi,
2294 2270 2360 2321 ut
2399 2265 2458 2319 in
2501 2263 2719 2318 cantico
2777 2262 3072 2318 Habacuc:
3129 2281 3154 2316 α
3187 2263 3405 2318 Turbae-

139 2361 316 2428 nostra
335 2355 598 2411 diabolus
619 2355 809 2410 studet
828 2371 1208 2426 corrumpere.
1240 2355 1350 2408 Per
1385 2355 1541 2423 pedes
1569 2360 1728 2408 actus
1807 2355 2020 2412 buntur
2043 2355 2216 2428 pelles
2241 2359 2407 2409 terrae
2443 2351 2670 2408 Madian
2696 2350 2763 2418 ³³,
2795 2371 2824 2404 ι
2857 2351 2914 2406 id
2944 2357 3049 2421 est,
3090 2351 3315 2424 reprobi
3343 2353 3404 2410 in

139 2451 476 2512 sanctorum,
508 2451 575 2502 ut
603 2445 664 2500 in
691 2444 976 2500 Ezechiele
1003 2463 1016 2498 :
1063 2463 1088 2496 ί(
1120 2443 1297 2498 Pedes
1331 2457 1525 2497 eorum
1558 2442 1729 2514 pedes
1803 2445 2017 2516 judicio
2045 2441 2636 2516 damnatipunientur,
2661 2441 2810 2513 quod
2838 2440 3065 2496 Madian
3090 2441 3160 2496 de
3181 2444 3402 2510 judicio

137 2535 258 2590 recti
282 2535 324 2602 ⁸,
359 2551 392 2588 ι
431 2533 580 2606 quod
595 2539 918 2590 sanctorum
948 2538 1107 2588 actus
1125 2533 1195 2587 ad
1223 2531 1580 2603 iniquitatem
1611 2547 1724 2586 non
1804 2535 2228 2606 interpretatur.

135 2630 254 2679 sunt
286 2624 513 2679 retorti.
541 2623 650 2678 Per
673 2624 827 2692 pedes
857 2621 962 2677 viri
991 2622 1190 2690 sancti,
1231 2627 1296 2676 ut
1336 2621 1396 2675 in
1443 2619 1718 2675 Psalmis:
1875 2626 2188 2679 Pellicanus
2236 2629 2324 2678 est
2360 2619 2595 2694 quilibet
2621 2621 2871 2688 eremila,
2919 2625 2986 2674 ut
3019 2619 3078 2674 in
3123 2619 3398 2676 Psalmis:

139 2733 160 2764 ι
186 2711 832 2768 Adorabimusinlocum
850 2710 950 2766 ubi
961 2710 1265 2782 [steterunt
1282 2709 1453 2782 pedes
1467 2708 1609 2780 ejus]
1629 2707 1670 2776 ⁸,
1694 2727 1720 2762 )›
1808 2733 1832 2765 ι
1869 2711 2080 2768 Similis
2104 2712 2283 2767 factus
2309 2727 2436 2767 sum
2462 2709 2737 2782 pellicano
2759 2706 2825 2774 Ἃ,
2850 2727 2878 2762 ι
2900 2708 2958 2763 id
2988 2712 3093 2776 est,
3121 2707 3181 2763 in
3210 2709 3404 2765 solitu-

137 2801 184 2856 id
211 2807 308 2870 est,
338 2803 408 2857 in
438 2801 909 2874 contemplatione
938 2805 1146 2855 sanctm
1173 2797 1628 2866 conversationis,
1662 2797 1722 2852 in
1804 2801 1936 2857 dine
1959 2803 2030 2858 ad
2057 2802 2238 2857 instar
2264 2801 2416 2856 illius
2444 2799 2560 2855 avis
2583 2802 2983 2854 commoratus.

137 2909 236 2964 qua
257 2891 498 2964 perfecti
521 2890 668 2945 servi
687 2891 771 2946 tui
789 2889 1005 2946 utiliter
1027 2889 1339 2962 persistunt
1351 2887 1724 2960 nosmetipsos
1875 2893 2062 2947 Pleelz
2089 2896 2223 2948 sunt
2249 2889 2579 2956 concordiae,
2609 2892 2675 2942 ut
2692 2887 2751 2942 in
2779 2885 2938 2942 libris
2967 2887 3185 2958 Regum
3209 2905 3222 2941 :
3256 2908 3280 2940 ι
3313 2888 3402 2950 In-

137 2979 507 3036 humiliamus.
535 2981 646 3035 Per
663 2981 838 3050 pedes,
863 2979 945 3034 illi
965 2979 1162 3046 sancti,
1186 2983 1282 3050 qui
1308 2979 1367 3032 in
1397 2977 1583 3049 patria
1609 2993 1722 3030 cae-
1743 3019 1786 3051 ρ
1803 2983 1894 3036 ter
1925 2980 2220 3036 coronulas
2249 2984 2306 3034 et
2332 2979 2564 3051 plectas,
2599 2977 2790 3032 leones
2809 2981 2868 3030 et
2889 2975 3058 3031 boves
3086 2975 3153 3042 ’5,
3195 2995 3220 3028 ι
3253 2975 3401 3048 quod

133 3067 243 3124 lesti
263 3077 421 3132 sunt,
449 3075 513 3125 ut
525 3069 586 3124 in
616 3069 853 3124 Psalmis
871 3087 920 3122 m
948 3067 1208 3124 Statuisti
1239 3068 1298 3122 in
1331 3067 1452 3121 loco
1475 3065 1722 3139 spatioso
1743 3055 1862 3126 “in
1893 3069 2027 3124 viris
2056 3069 2264 3124 sanctis
2277 3084 2424 3124 cum
2445 3055 2720 3122 charitate
2743 3070 2800 3120 et
2827 3065 3128 3120 concordia
3155 3065 3305 3121 zelus
3315 3071 3402 3121 est

135 3158 286 3228 pedes
303 3161 510 3230 (meos)
539 3157 607 3224 ¹⁰,
641 3178 666 3211 ι)
697 3158 844 3230 quod
876 3157 936 3212 in
975 3155 1272 3212 latitudine
1319 3155 1517 3227 gratiae
1564 3159 1716 3222 sunt,
1805 3164 1865 3214 et
1893 3157 2286 3213 mansuetudo.

134 3247 216 3319 qui
238 3249 368 3304 hinc
403 3252 676 3304 exeuntes
704 3246 764 3301 in
785 3245 997 3302 cmlesti
1023 3245 1210 3318 patria
1237 3245 1569 3300 consistunt.
1615 3245 1725 3299 Per
1875 3251 2064 3303 Penna
2093 3253 2180 3301 est
2199 3246 2346 3302 actio
2377 3243 2738 3310 exteriorum,
2774 3248 2839 3298 ut
2863 3243 2922 3297 in
2949 3241 3092 3298 Job:
3151 3261 3178 3296 α
3211 3243 3400 3299 Penna

133 3338 270 3404 pedes
299 3337 556 3392 ministri
587 3337 909 3408 impiorum,
943 3335 1083 3390 utin
1114 3334 1386 3390 Psalmis:
1437 3353 1464 3388 α
1495 3333 1726 3389 Veloces
1805 3335 2140 3392 struthionis
2156 3335 2358 3390 similis
2369 3333 2568 3406 pennis
2598 3331 2815 3387 berodii
2843 3331 2909 3399 ’⁸,
2939 3350 2962 3382 ι
2995 3331 3145 3402 quod
3162 3333 3404 3388 exterior

134 3425 285 3495 pedes
309 3442 516 3481 eorum
545 3425 617 3479 ad
660 3423 1100 3497 (effundendum)
1129 3423 1462 3494 sanguinem
1493 3422 1558 3491 ¹¹,
1594 3442 1620 3475 ››
1668 3421 1723 3476 id
1807 3425 1952 3480 actio
1986 3424 2289 3497 hypocrita?
2317 3423 2518 3478 similis
2545 3437 2667 3478 esse
2696 3421 2917 3475 videtur
2958 3420 3270 3476 actionibus
3300 3422 3402 3477 viri

132 3519 210 3568 est
229 3514 484 3586 prompti
507 3519 641 3569 sunt
653 3513 899 3568 ministri
917 3529 1112 3568 eorum
1132 3513 1202 3568 ad
1223 3512 1588 3567 exercendam
1604 3527 1726 3565 cru-
1806 3514 2005 3570 sancti.
2031 3514 2139 3568 Per
2154 3529 2367 3582 pennas
2394 3511 2610 3566 monita
2630 3509 3048 3580 prophetarum,
3083 3515 3148 3564 ut
3172 3509 3228 3563 in
3252 3510 3404 3565 Psal-

132 3601 436 3659 delitatem.
1805 3603 1948 3658 mis:
1985 3620 2014 3656 α
2045 3601 2160 3656 Sub
2193 3600 2390 3674 pennis
2415 3601 2539 3670 ejus
2567 3598 2834 3653 ﬁduciam
2851 3597 3161 3652 habebis”.
3197 3619 3218 3648 ι
3252 3601 3273 3622 ⁶
3295 3598 3405 3654 Per
3433 3629 3436 3631 λ

194 3694 353 3748 Pellis
383 3697 480 3748 est
503 3698 690 3748 motus
708 3691 913 3760 carnis,
934 3696 1001 3746 ut
1018 3691 1077 3746 in
1103 3690 1238 3746 Job:
1275 3711 1298 3743 ι
1332 3689 1484 3744 Pelle
1514 3694 1573 3744 et
1607 3704 1726 3744 car-
1801 3694 2325 3762 pennas,praeccpta
2336 3687 2646 3755 charitatis,
2669 3691 2735 3741 ut
2751 3686 2813 3740 in
2838 3685 3098 3740 Psalmis:
3133 3705 3154 3737 ι
3180 3686 3240 3741 Si
3251 3703 3405 3743 sum-

131 3779 282 3838 nibus
295 3781 521 3837 vestisti
549 3798 642 3837 me
661 3779 727 3850 ¹²,
761 3801 785 3834 ι
809 3781 866 3836 id
894 3784 998 3848 est,
1031 3785 1189 3836 motu
1221 3783 1279 3835 et
1303 3777 1562 3834 sensibus
1598 3793 1727 3834 car-
1805 3795 1971 3852 psero
1998 3793 2212 3852 pennas
2229 3779 2294 3845 ’3,
2331 3795 2359 3832 ι
2397 3777 2456 3832 id
2485 3782 2591 3844 est,
2619 3775 2668 3831 si
2694 3778 2972 3848 praecepta
2997 3773 3405 3831 charitatisim-

130 3869 207 3924 nis
233 3869 664 3927 circumdedisti
682 3887 792 3925 me.
815 3872 1002 3937 Pollis,
1025 3869 1230 3924 veritas
1253 3867 1505 3940 corporis
1525 3866 1721 3937 nostri,
1806 3869 1962 3942 plere
1980 3867 2269 3924 studuero.
2295 3867 2404 3921 Per
2418 3865 2674 3937 (pennas)
2707 3863 2942 3918 virtutes
2966 3862 3227 3930 morales,
3246 3868 3314 3919 ut
3343 3864 3404 3920 in

131 3964 186 4012 ut
213 3959 268 4014 in
295 3960 447 4017 Job:
484 3981 508 4013 ι
543 3960 790 4016 Rursum
816 3958 1206 4015 circumdabor
1246 3957 1392 4030 pelle
1420 3973 1550 4012 mea
1593 3955 1657 4024 ‘3,
1697 3976 1724 4011 »
1806 3958 2082 4014 Psalmis:
2117 3975 2144 4011 α
2174 3957 2379 4012 Pennas
2405 3951 2674 4009 columbae
2701 3950 2766 4020 ’9,
2798 3969 2826 4006 ι
2861 3951 2917 4006 id
2941 3956 3048 4018 est,
3079 3949 3298 4008 habebo
3343 3953 3403 4012 in

129 4046 178 4102 id
207 4055 309 4115 est,
345 4065 582 4106 rursum
612 4047 892 4120 apparebo
919 4048 979 4103 in
1005 4048 1242 4103 veritate
1291 4045 1542 4118 corporis
1591 4045 1721 4100 mei.
1807 4046 2109 4102 virtutibus
2146 4043 2348 4100 vestris
2374 4040 2868 4099 mansuetudinem
2895 4039 3290 4112 simplicitatis,
3347 4048 3406 4098 et

130 4137 302 4206 Pellis,
336 4138 572 4194 modica
596 4137 921 4204 adversitas,
952 4143 1019 4192 ut
1043 4136 1104 4192 in
1131 4135 1271 4192 Job:
1327 4153 1354 4188 α
1384 4135 1596 4190 Pellem
1624 4151 1726 4210 pro
1806 4135 2121 4192 claritatem
2166 4133 2434 4190 scientia.
2495 4131 2605 4186 Per
2643 4146 2858 4201 pennas
2902 4129 3404 4204 contemplationes

125 4225 260 4295 pelle
282 4227 367 4311 1‘,‘
394 4247 423 4280 ι
458 4233 519 4282 et
541 4227 666 4281 ideo
684 4227 804 4282 haec
821 4242 1002 4298 pauca
1023 4225 1256 4282 adversa
1286 4224 1522 4296 suscipit
1538 4239 1726 4296 aequa-
1743 4298 1786 4311 κ
1807 4231 2148 4291 sanctorum,
2181 4229 2246 4278 ut
2273 4223 2334 4278 in
2365 4220 2685 4311 Ezechiele:
2720 4238 2747 4274 α
2783 4220 2852 4275 Et
2891 4218 3061 4276 facies
3103 4225 3162 4276 et
3205 4237 3406 4294 penna:

126 4298 368 4384 nimiter;
406 4315 562 4387 quod
591 4315 807 4386 majora
829 4314 948 4386 pati
975 4314 1340 4386 pertimescit.
1373 4316 1558 4381 Pellis,
1603 4298 2004 4384 ipsaDeorum
2033 4318 2270 4369 extenta
2299 4311 2541 4383 desuper
2552 4309 2618 4376 3°,
2642 4329 2669 4366 ι)
2702 4309 2852 4382 quod
2863 4309 2963 4363 viri
2977 4309 3405 4367 sanctiinternae

123 4406 454 4476 superﬁcies
485 4403 722 4459 actionis
741 4409 966 4470 nostrae,
994 4408 1061 4458 ut
1085 4403 1146 4458 in
1171 4403 1416 4458 Levitico
1437 4421 1448 4457 :
1473 4419 1502 4456 ι
1533 4403 1727 4458 Sacer-
1806 4403 2081 4460 mercedis
2105 4401 2315 4458 intuitu
2343 4405 2401 4456 et
2435 4399 2641 4456 actioni
2687 4404 2746 4454 et
2771 4398 3229 4470 contemplationi
3271 4400 3405 4456 insi-

123 4491 217 4548 dos
243 4495 344 4568 qui
379 4496 401 4518 ⁶
439 4487 845 4559 holocaustum,
883 4492 1088 4565 pellem
1138 4491 1368 4547 habebit
1411 4491 1471 4558 ιδ,
1506 4508 1534 4546 υ
1577 4491 1726 4562 quod
1807 4497 1984 4548 stunt.

121 4582 269 4638 solus
301 4587 324 4608 ⁶
357 4583 612 4640 exterior
641 4581 700 4636 in
747 4580 894 4636 bono
935 4598 1104 4654 opere
1149 4579 1366 4636 homini
1403 4580 1723 4652 deputatur.
1877 4584 2139 4636 Pennulw
2167 4583 2301 4635 sunt
2325 4583 2520 4634 sancta
2554 4573 2853 4641 desideria,
2903 4579 2969 4629 ut
3009 4573 3069 4629 in
3115 4575 3400 4638 Levitico:

123 4671 298 4739 Pellis,
333 4672 574 4728 inﬁma
600 4669 816 4737 mundi,
834 4673 901 4724 ut
925 4670 986 4725 in
1002 4669 1106 4726 Job
1132 4687 1144 4724 :
1178 4690 1200 4721 ι
1231 4667 1499 4741 Nunquid
1523 4667 1726 4740 imple—
1811 4689 1839 4724 α
1873 4670 2072 4736 Omne,
2106 4668 2255 4742 quod
2285 4666 2455 4722 habet
2473 4665 2766 4738 pennulas,
2790 4662 3098 4718 comedetis
3113 4663 3183 4733 3‘,
3202 4686 3227 4718 ι
3249 4667 3402 4739 quod

123 4756 200 4814 bis
232 4763 252 4784 ⁶
283 4777 509 4832 sagena
535 4759 679 4832 pelle
706 4759 829 4830 ejus
857 4757 922 4826 ω,
948 4780 972 4810 ι
1003 4759 1152 4830 quod
1173 4758 1401 4814 inﬁma
1419 4757 1614 4812 mundi
1627 4758 1728 4812 hu-
1805 4758 1887 4814 illi
1914 4759 1975 4814 in
1999 4775 2200 4831 corpus
2230 4758 2535 4812 electorum
2563 4758 2876 4820 transeunt,
2919 4751 3018 4824 qui
3062 4770 3166 4826 per
3209 4763 3405 4815 sancta

117 4849 223 4919 jus,
257 4853 280 4875 θ
310 4850 418 4924 qui
448 4849 599 4904 hosti
621 4847 1002 4915 adhaerebant,
1037 4848 1308 4903 Dominus
1338 4846 1526 4918 elegit,
1573 4851 1630 4902 et
1657 4863 1725 4902 ex
1806 4845 2085 4900 desideria
2113 4843 2184 4898 ad
2213 4857 2458 4915 superna
2483 4858 2544 4896 se
2567 4839 2930 4896 transferunt.

123 4939 196 4994 eis
233 4939 557 4996 Ecclesiam
586 4954 750 4993 suam
793 4937 1110 4994 constituit.
1149 4939 1337 5005 Pellis,
1386 4941 1593 4992 sanctae
1643 4937 1725 4992 fe-
1857 4937 2106 5004 «Pepones
2133 4937 2268 4988 sunt
2291 4937 2530 4987 terrenae
2557 4929 2900 4998 dulcedines,
2938 4934 3004 4986 ut
3035 4929 3093 4986 in
3121 4929 3262 4988 libro
3288 4932 3406 4991 Nu-

122 5033 303 5098 mine,
346 5033 422 5084 ut
457 5028 517 5083 in
541 5027 680 5083 Job:
717 5047 739 5081 ι
773 5027 916 5082 Pelli
958 5043 1096 5083 meae
1139 5026 1483 5098 consumptis
1538 5025 1722 5082 carni-
1807 5022 1986 5080 meri:
2037 5041 2060 5076 ι
2093 5022 2157 5077 In
2202 5026 2450 5078 mentem
2485 5019 2646 5076 nobis
2691 5026 2966 5077 venerunt
2982 5036 3308 5078 cucumeres
3345 5030 3404 5081 et

186 5199 206 5234 ¹
239 5199 357 5256 Isa.
396 5215 500 5268 ιιι,
535 5200 588 5257 7.
632 5201 657 5237 ²
702 5202 904 5258 Matth.
945 5215 1001 5269 x,
1037 5199 1131 5267 14;
1181 5201 1353 5256 Marc.
1387 5214 1464 5268 v1,
1508 5199 1606 5268 11;
1653 5201 1786 5256 Luc.
1833 5213 1910 5267 Ix,
1939 5197 1993 5254 5.
2021 5197 2044 5234 ³
2070 5196 2174 5269 Job
2198 5212 2327 5265 xxx,
2357 5196 2448 5256 1‘2.
2492 5197 2760 5269 ‘iThren.
2792 5211 2830 5269 ξ,
2875 5193 2928 5251 9.
2978 5194 3000 5229 ⁵
3025 5195 3200 5269 _Prov.
3233 5204 3274 5260 ι,
3307 5185 3396 5269 lt_i.

120 5267 300 5341 {Lev.
333 5286 377 5338 ι,
418 5259 538 5329 υ.”¹
573 5273 781 5328 Thren.
833 5287 874 5341 ι,
905 5259 1000 5328 13.
1033 5271 1059 5341 Ρ
1095 5259 1290 5327 Ezech.
1324 5287 1363 5340 ι,
1395 5259 1462 5328 7.’
1492 5270 1517 5306 ο
1555 5259 1702 5326 Psal.
1739 5259 1924 5338 cxxxi,
1957 5271 2010 5341 Ἰ.
2055 5268 2101 5306 ¹⁰
2152 5259 2322 5326 Ρεεὶί
2351 5284 2477 5341 xxx,
2517 5268 2580 5341 9.
2613 5269 2656 5304 “
2683 5267 2837 5341 Psal.
2867 5281 2988 5341 xit},
3021 5265 3074 5341 3,
3105 5270 3168 5341 et
3193 5277 3306 5330 LIX,
3339 5259 3396 5341 Ζ.

123 5337 165 5412 ε’
187 5342 296 5398 Job
347 5330 409 5406 xi,
465 5342 548 5400 ιι.
595 5343 642 5380 ιθ
683 5343 787 5400 Job
827 5330 940 5411 xix,
983 5339 1073 5402 26.
1124 5342 1300 5398 “Job
1328 5330 1390 5411 ἡ,
1422 5342 1476 5412 4,
1503 5341 1555 5400 5.
1605 5342 1728 5397 an

1839 5330 1922 5396 vn
1970 5339 2024 5400 8.
2054 5341 2116 5412 717°
2143 5341 2247 5396 Job
2275 5356 2365 5408 XL,
2400 5330 2586 5412 26."
2613 5338 2718 5396 Job
2746 5330 2989 5412 x1x,2Q._
3019 5330 3234 5412 filia.
3269 5349 3308 5400 ι,
3338 5330 3395 5390 6.

118 5410 164 5482 ξ’
189 5415 346 5470 Psal.
383 5427 512 5482 LIII,
542 5413 598 5471 2.
623 5415 673 5452 ³ο
699 5415 870 5472 Exod.
896 5406 1045 5480 sxw,
1069 5412 1160 5472 M.
1186 5412 1230 5450 ²¹
1263 5406 1388 5471 Ιθιυζ
1409 5406 1484 5482 1v,
1512 5413 1600 5470 20.
1631 5411 1679 5448 ²²
1709 5415 1728 5467 (

1810 5417 1872 5468 ιι,
1901 5427 1941 5480 1,
1969 5412 2021 5470 5.
2048 5411 2096 5448 ⁸³
2122 5412 2264 5467 Hab.
2288 5406 2372 5478 ιη’,
2402 5412 2456 5467 7.
2483 5410 2530 5482 ’ἦ
2555 5412 2703 5466 Psal.
2737 5424 2814 5475 cr,
2845 5408 2918 5482 7.
2942 5406 3100 5482 εἴη-Ι
3127 5407 3265 5477 Reg.
3295 5419 3395 5482 νει,

119 5480 201 5558 29.
231 5485 284 5522 ’³
312 5485 432 5542 Job
461 5474 646 5558 xiixxx,
680 5487 766 5545 16.
791 5486 838 5523 ³⁷
864 5487 1014 5546 Psal.
1036 5474 1133 5558 'xc,
1165 5485 1218 5542 4.
1245 5485 1293 5524 ³⁸
1321 5474 1482 5542 Ρεεὶξ
1501 5498 1724 5540 cxxxvn

1810 5483 1855 5542 9.
1887 5474 1938 5520 ’ά
1961 5485 2110 5540 Psal.
2144 5499 2313 5551 vau,
2362 5474 2447 5538 14.
2487 5481 2536 5518 ³ο
2564 5483 2760 5538 Ezech.
2789 5496 2828 5536 ι.
2864 5481 2951 5538 ll.
2983 5478 3026 5516 ³¹
3059 5479 3189 5538 Lev.
3213 5474 3290 5546 iu,
3323 5474 3396 5546 9;

120 5555 280 5615 Dent.
315 5571 449 5624 XIV,
476 5557 558 5614 19.
