3824 6152
166 302 268 364 1029
1005 293 1436 350 ALLEGORIE
1477 295 1552 350 IN
1594 291 1883 350 SACRAM
1923 291 2404 349 SCRIP’I‘URAM.
3228 297 3360 355 1030

156 423 308 485 mundi
328 419 536 493 spiritus
561 416 678 486 ejus
699 415 999 487 perditioni
1025 419 1509 489 congratulantur.
1539 420 1742 481 Ρίιο-Α
1757 417 1900 473 bunt
1927 417 2076 489 loqui
2110 417 2170 484 ⁸⁸,
2201 438 2226 470 »
2279 417 2426 490 quod
2455 417 2695 474 Ecclesia
2727 419 2966 475 destruit
2993 438 3211 478 errores
3239 424 3355 480 ha-

151 533 236 581 m,
284 508 488 584 quilibet
513 503 895 576 superﬂuitate
926 506 1176 575 studens,
1210 514 1278 563 ut
1304 508 1362 564 in
1420 509 1664 564 Genesi:
1752 508 2075 563 reticorum.

152 625 172 658 ι
199 605 316 660 Esau
336 599 541 671 pilosus,
575 599 631 650 et
657 611 760 666 ego
789 595 932 650 lenis
954 595 992 662 ί,
1031 615 1053 646 3
1102 598 1251 668 quod
1309 597 1533 670 reprobi
1573 615 1670 653 su-
1823 600 2044 652 Piscina
2073 601 2159 652 est
2186 597 2425 669 populus
2455 598 2795 666 Judaarum,
2827 606 2892 656 ut
2930 601 2988 655 in
3004 601 3301 673 Evangelia
3335 622 3347 658 :

147 691 320 767 perﬁua
342 687 580 757 diligunt,
612 689 670 738 et
718 684 880 738 electi
911 687 1198 757 superﬂua
1233 703 1266 741 a
1319 705 1378 741 se
1408 687 1668 742 cohibere
1757 704 1784 739 α
1808 688 2026 741 Piscina
2058 687 2304 757 porticus
2338 687 2584 758 quinque
2609 687 2822 743 habens
2862 690 2925 756 1",
2967 709 2994 744 »
3024 690 3081 744 id
3123 696 3224 758 est,
3258 709 3355 764 po-

146 781 340 838 student.
367 778 576 839 Piiosus,
611 773 846 844 quilibet
872 775 1121 842 humilis,
1156 778 1178 798 θ
1203 781 1372 847 atque
1393 777 1516 831 vilis
1547 782 1669 831 erat
1749 775 1916 846 pulus
1958 775 2224 830 Judaicus
2264 775 2512 847 quinque
2560 775 2730 831 libros
2780 779 2958 850 Moysi
2988 785 3204 834 tenens.
3265 770 3382 836 Pi?

147 873 240 926 in...
261 867 360 923 suis
386 870 439 920 et
458 861 707 919 castitate
737 864 1013 934 corporali
1044 863 1361 920 roboratus.
1749 867 1922 930 scina,
1947 865 2320 936 compunctio,
2347 865 2481 919 utin
2507 865 2687 921 Isaia:
2712 889 2735 917 ι»
2755 868 2839 922 Ad
2858 874 3168 923 extremum
3189 886 3347 942 aqua

1750 954 1953 1008 ductus
1983 953 2208 1025 piscina
2237 953 2546 1024 superioris
2585 955 2648 1019 1⁸,
2680 974 2700 1006 ι
2734 955 2790 1010 id
2820 962 2922 1023 est,
2963 957 3034 1012 ad
3064 975 3350 1014 summum

1751 1042 1963 1098 intima
2005 1043 2469 1114 compunctionis,
2531 1060 2701 1114 quam
2751 1044 2956 1100 format
3009 1046 3350 1104 desiderium

1751 1132 1979 1187 amoris.
2009 1133 2118 1186 Per
2141 1135 2420 1201 piscinam
2447 1131 2714 1188 doctrina
2733 1134 3163 1206 pradicationis,
3199 1141 3264 1191 ut
3292 1136 3351 1194 in

1752 1221 1980 1276 Cantica
2006 1241 2017 1274 :
2048 1241 2073 1273 «
2105 1221 2265 1276 Oculi
2293 1221 2376 1276 tui
2404 1222 2551 1276 sicut
2581 1222 2804 1293 piscina
2844 1223 2903 1277 in
2941 1224 3199 1280 Hesebon
3219 1226 3285 1294 ‘9,
3321 1246 3346 1280 3

1753 1311 1899 1382 quod
1954 1311 2346 1382 praedicatores
2385 1317 2589 1366 sancta
2634 1312 2888 1367 Ecclesia
2942 1314 3227 1369 auditores
3280 1315 3352 1371 ad

1751 1400 2206 1470 compunctiones
2249 1415 2547 1454 maerorem
2599 1401 2861 1469 excitant,
2895 1403 3045 1473 quod
3093 1403 3352 1462 Hesebon

1751 1490 2043 1554 cingulum
2067 1493 2318 1543 maeroris
2350 1489 2776 1560 interpretatur.

1823 1579 1990 1631 Piscis
2012 1583 2098 1632 est
2115 1577 2392 1646 Christus,
2418 1582 2482 1632 ut
2514 1578 2572 1632 in
2588 1579 2918 1650 Evangelia:
2959 1598 2984 1630 (ί
3012 1579 3354 1639 Obtulerunt

1751 1664 1802 1718 ei
1833 1670 2050 1736 partem
2078 1666 2247 1737 piscis
2278 1666 2387 1720 assi
2427 1671 2484 1721 et
2515 1667 2699 1721 favum
2745 1667 2810 1732 *0,
2850 1687 2871 1718 3
2907 1668 2963 1722 id
2994 1674 3080 1722 est
3107 1669 3351 1727 honora-

185 1742 584 1809 Ρνίθηοθθηίίυπι
614 1744 701 1794 θεῖ
726 1738 882 1806 ἥδεθ’
903 1743 969 1794 ut
994 1739 1053 1793 in
1081 1739 1319 1793 Psalmis
1343 1758 1354 1792 ε
1385 1760 1408 1792 ί
1444 1739 1513 1794 Et
1541 1756 1671 1811 Per-
1686 1737 1734 1799 B
1750 1761 1952 1809 verunt
1969 1760 2118 1809 recte
2135 1756 2411 1810 credenda
2433 1761 2490 1810 et
2513 1763 2704 1811 sancte
2733 1757 2970 1812 vivendo
3000 1766 3355 1816 sacramenta

133 1829 267 1884 mssit
289 1845 438 1883 omne
452 1827 908 1918 primogenitum
938 1827 995 1918 in
1018 1828 1326 1918 Αῑεγριολν
1363 1846 1390 1883 ιι
1435 1829 1582 1900 quod
1606 1829 1666 1884 in
1750 1844 1954 1898 Christi
1978 1845 2148 1915 passi.
2170 1847 2359 1910 Piscis,
2397 1845 2554 1913 ﬁdes,
2588 1852 2652 1900 ut
2681 1846 2740 1900 in
2771 1847 3104 1918 Evangelia:
3141 1868 3167 1900 ‹‹
3201 1849 3354 1905 Nun-

133 1925 278 1972 mente
294 1915 654 2008 reproborum
683 1916 852 2008 etiam
883 1917 1050 2008 ﬁdem
1112 1917 1386 1971 Dominus
1413 1933 1668 1972 nannun-
1749 1933 1883 2004 quid
1909 1950 2010 2004 pro
2032 1933 2180 2006 Pisce
2217 1934 2664 2006 [serpentempn
2696 1955 2716 1986 ,
2743 1935 2800 1989 id
2821 1915 3062 2008 θείη)Γο
3086 1937 3195 1992 ﬁde
3226 1939 3350 1994 inﬁ.

133 2022 262 2078 quam
287 2007 540 2061 Dominus
583 2006 800 2061 destrui
846 2005 1142 2078 permittit.
1203 2009 1662 2075 Primogenitum,

1823 2022 2036 2076 litatem
2065 2042 2087 2074 α
2123 2022 2280 2078 dabit
2308 2005 2436 2077 illi?
2475 2043 2499 2074 ι)
2537 2026 2721 2090 Piscis,
2755 2041 2926 2092 mors,
2959 2005 3021 2078 ut
3052 2026 3110 2080 in
3141 2027 3286 2082 Jana
3336 2046 3349 2082 :

132 2095 304 2150 initium
347 2094 472 2150 boni
499 2094 708 2167 operis,
759 2098 824 2150 ut
850 2094 910 2149 in
952 2095 1427 2150 Deuteronomio:
1469 2113 1495 2147 «
1540 2095 1666 2150 Non

1823 2111 2287 2182 ’raparavitDeus
2297 2111 2506 2182 piscem
2530 2112 2824 2182 grandem,
2850 2116 2914 2166 ut
2929 2113 3235 2183 deglutiret
3255 2116 3351 2171 Jo-

131 2183 394 2255 operaberis
431 2183 487 2238 in
544 2183 922 2255 primogenita
973 2183 1130 2238 bovis
1152 2183 1192 2250 ⁵,
1262 2205 1284 2235 3
1319 2184 1374 2238 id
1407 2189 1510 2248 est,
1553 2201 1662 2238 non

1826 2217 1880 2268 in
1917 2198 1981 2266 υ,
2023 2219 2044 2250 3
2097 2199 2245 2270 quod
2277 2200 2534 2271 permisrt
2561 2201 2708 2255 Deus
2739 2201 2925 2268 Pater,
2959 2208 3022 2255 ut
3052 2219 3202 2257 mors
3231 2220 3353 2260 cru-

130 2272 327 2328 oonﬁdes
364 2273 417 2328 in
455 2272 620 2327 initio
671 2272 801 2327 boni
831 2273 1017 2344 operis
1045 2274 1150 2328 tui.
1195 2275 1663 2341 Primogem'tum.
1749 2288 1890 2343 delis
1911 2288 2202 2344 invaderet
2227 2289 2534 2343 Christum.
2568 2291 2756 2356 Piscis,
2790 2289 3063 2358 diabolus,
3096 2295 3161 2346 ut
3190 2291 3248 2346 in
3278 2291 3349 2346 li-

129 2361 355 2433 δυΡθΓδίες
385 2366 447 2417 ιη
472 2362 532 2416 in
562 2360 670 2416 10b
696 2379 707 2414 ³
745 2381 770 2413 (ί
828 2362 898 2417 Et
921 2367 1218 2416 consumat
1256 2361 1485 2416 braChia
1519 2361 1668 2416 illius
1750 2376 1850 2431 bro
1879 2375 2064 2432 Tobia
2089 2395 2100 2430 :
2129 2395 2154 2430 (ί
2180 2375 2362 2432 Exivit
2381 2376 2550 2448 piscis
2579 2362 2842 2432 immanis
2864 2379 2936 2434 ad
2963 2379 3349 2436 devorandum

125 2449 441 2540 Ρτίωοεθηίίδ
468 2467 626 2540 φοΐε
646 2450 688 2540 θτ
723 2467 749 2540 ξ
783 2450 944 2540 quod
975 2449 1120 2540 b0”?
1161 2449 1465 2540 aliqua?“
1495 2466 1667 2540 οΡφῐξδ
1748 2483 1877 2520 eum
1896 2465 1961 2532 ’3,
2006 2486 2031 2516 ι)
2064 2465 2212 2537 quod
2242 2465 2498 2520 diabolus
2528 2466 2724 2520 circuit
2757 2484 3012 2538 quarens
3044 2485 3209 2540 quem
3257 2469 3352 2524 de-

124 2555 216 2609 (ιιιεε
261 2539 451 2628 impius
479 2538 637 2607 facit:
669 2537 896 2594 initium
943 2539 1127 2594 omnis
1159 2539 1371 2610 Peccati
1406 2539 1668 2610 superbia
1750 2561 1928 2610 voret.
1977 2555 2086 2610 Per
2110 2558 2282 2624 pisces
2310 2555 2585 2622 homines,
2621 2562 2683 2609 ut
2735 2537 2792 2610 in
2825 2537 3122 2628 Evangelia
3155 2576 3166 2610 :
3207 2578 3229 2610 ι
3265 2558 3343 2614 Ex

121 2627 391 2699 Corrumpit.
1749 2643 1903 2699 omni
1915 2660 2122 2715 genere
2143 2643 2381 2716 piscium
2400 2645 2763 2715 congreganti
2777 2644 2842 2713 ²⁴,
2873 2665 2896 2698 ι)
2920 2627 3066 2716 quod
3087 2646 3209 2701 sine
3231 2647 3348 2703 ulla

173 2735 390 2802 Princeps
414 2737 500 2789 est
527 2733 808 2801 Christus,
845 2738 910 2788 ut
935 2733 995 2788 in
1026 2733 1206 2789 Isaia:
1237 2755 1258 2785 ι
1296 2734 1466 2789 Pater
1492 2733 1668 2790 futuri
1747 2733 2104 2788 distinctione
2154 2750 2350 2788 omnes
2380 2734 2448 2788 ad
2492 2735 2658 2788 ﬁdem
2691 2735 2947 2790 Ecclesia
2975 2736 3205 2808 colligit.
3239 2737 3350 2792 Per

120 2820 283 2887 saeculi,
311 2823 563 2894 princeps
595 2822 748 2894 pacis
773 2821 813 2888 ⁷,
853 2842 874 2873 3
919 2821 1068 2894 quod
1098 2821 1354 2876 Christus
1383 2822 1494 2877 illis
1539 2823 1666 2895 qui-
1742 2825 1913 2892 pisces
1933 2823 2144 2889 ﬁdeles,
2176 2829 2236 2878 ut
2265 2823 2320 2877 in
2353 2823 2456 2878 Job
2487 2841 2498 2876 :
2532 2843 2552 2874 ι
2577 2825 2692 2878 Aut
2712 2825 3072 2895 gurgustium
3103 2826 3344 2898 piscium

121 2907 196 2964 bus
231 2909 460 2966 futurum
496 2910 773 2982 gaudium
820 2911 1158 2983 praparavit
1213 2927 1408 2982 pacem
1457 2911 1548 2965 hic
1606 2912 1667 2967 in
1748 2911 1928 2983 capite
1960 2911 2111 2978 illius
2157 2911 2222 2979 ³⁵,
2258 2931 2282 2964 n
2318 2912 2464 2983 quod
2497 2911 2646 2984 ipsos
2693 2913 2890 2968 mundi
2920 2914 3216 2986 principes,
3250 2915 3348 2988 qui

123 2998 411 3055 conscientia
451 2999 673 3056 tribuit.
707 3003 982 3070 Princeps,
1017 3000 1284 3072 pralatus
1315 2999 1569 3072 quilibet,
1602 3005 1666 3056 ut
1690 3017 1973 3072 "summa
2022 3006 2184 3056 erant
2227 3001 2285 3055 in
2344 3017 2574 3072 corpore
2629 3001 2838 3056 diaboli
2877 3003 3150 3070 membra,
3191 3005 3344 3060 Deus

115 3085 158 3139 in
181 3088 333 3142 Isaia:
369 3107 394 3142 α
422 3090 551 3144 Νοιι
572 3087 864 3144 vocabitur
890 3057 938 3143 is
1094 3057 1363 3161 insipiens
1393 3094 1479 3144 est
1507 3057 1664 3161 prin-
1687 3057 1729 3116 Ο
1747 3105 1848 3161 per
1887 3090 2055 3144 fidem
2105 3090 2358 3144 Ecclesia
2403 3057 2533 3144 fecit
2590 3091 2800 3145 ﬁdeles.
2851 3091 2959 3146 Per
3001 3057 3172 3160 pisces
3194 3057 3344 3147 idua

115 3189 212 3246 ceps
229 3177 266 3243 ⁸,
297 3196 321 3228 3
375 3179 523 3250 quod
583 3177 682 3249 qui
730 3177 788 3232 in
831 3194 890 3233 se
938 3177 1272 3250 sapientiam
1331 3195 1444 3233 non
1471 3178 1659 3247 habet,
1746 3178 1866 3233 ista
1896 3181 1918 3202 ⁴’
1965 3196 2130 3250 pera,
2183 3179 2546 3234 sacerdotalis
2594 3179 2850 3234 videlicet
2892 3186 2948 3234 et
2977 3181 3148 3252 regia,
3191 3181 3341 3235 utin

114 3264 210 3319 aliis
234 3267 284 3320 in
308 3267 580 3338 regimine
612 3283 850 3338 praeesse
863 3285 976 3322 non
1005 3266 1188 3322 debet.
1215 3270 1493 3336 Princeps,
1527 3285 1661 3323 ven-
1746 3267 2071 3338 Evangelia:
2103 3269 2294 3323 «Puer
2315 3268 2410 3340 qui
2435 3266 2604 3322 habet
2625 3267 2872 3340 quinque
2903 3286 3078 3340 panes
3108 3269 3343 3324 hordea-

116 3357 182 3406 ter
195 3354 433 3423 hominis,
456 3356 602 3411 utin
631 3357 876 3411 Jeremia
900 3376 911 3410 :
936 3357 1202 3428 Princeps
1230 3373 1540 3428 coquarum
1563 3357 1662 3412 de-
1744 3371 1871 3410 ceos
1900 3363 1958 3411 et
1999 3357 2138 3410 duos
2189 3357 2367 3428 pisces
2397 3355 2462 3419 ’⁸,
2496 3374 2522 3409 s
2583 3356 2731 3428 quod
2785 3357 3051 3411 Judaicus
3106 3358 3346 3428 populus

113 3442 246 3497 struit
261 3461 442 3500 muros
465 3445 784 3500 Jerusalem
806 3444 850 3511 θ,
871 3462 900 3498 3
927 3445 984 3499 id
1004 3451 1108 3512 est,
1127 3450 1340 3514 venter,
1378 3446 1467 3501 cui
1497 3447 1662 3518 coqui
1745 3462 1914 3501 sensu
1942 3445 2175 3517 puerilis
2203 3445 2450 3516 quinque
2481 3444 2637 3499 libris
2657 3445 2863 3517 Moysis
2890 3451 3140 3512 ornatus,
3171 3452 3229 3500 et
3262 3463 3349 3502 re-

113 3545 276 3602 magna
293 3550 422 3588 cura
443 3533 790 3601 deserviunt,
822 3534 1058 3590 virtutes
1087 3535 1290 3590 anima
1331 3536 1663 3608 corrumpit.
1743 3535 1956 3606 gimine
1997 3534 2328 3589 sacerdotali
2359 3538 2527 3604 atque
2578 3533 2750 3603 rogali
2782 3538 2902 3588 erat
2934 3534 3202 3588 munitus.
3237 3536 3347 3589 Per

113 3620 343 3692 Princeps,
391 3623 711 3678 intellectus
761 3628 972 3690 noster,
1015 3629 1080 3678 ut
1106 3623 1166 3678 in
1207 3623 1486 3679 Levitico:
1525 3645 1546 3675 ι
1606 3625 1663 3680 Si
1741 3627 1932 3694 pisces,
1969 3623 2225 3677 homines
2273 3621 2498 3686 curiosi,
2530 3627 2593 3675 ut
2622 3622 2680 3675 in
2709 3622 2977 3675 Psalmis:
3011 3641 3036 3673 (ί
3075 3622 3344 3678 Volucres

111 3711 373 3775 peccaverit
397 3713 664 3784 princeps
697 3711 758 3779 ιο,
797 3711 853 3766 id
901 3718 1005 3780 ist,
1039 3713 1086 3767 si
1116 3711 1460 3768 aberraverit
1495 3713 1663 3768 intel-
1747 3711 1867 3764 cali
1899 3716 1958 3765 et
1985 3711 2162 3782 pisces
2181 3711 2246 3777 ’7,
2283 3730 2308 3762 ι»
2345 3711 2398 3764 id
2431 3715 2534 3777 cst,
2569 3710 2701 3764 elati
2729 3727 2830 3782 per
2858 3710 3177 3782 superbiam
3217 3728 3342 3766 ere-

108 3794 246 3853 lectus
280 3800 328 3854 in
358 3801 610 3856 homine.
643 3803 922 3871 Princeps,
967 3801 1242 3870 diabolus,
1274 3807 1340 3858 ut
1387 3802 1444 3856 in
1483 3803 1662 3857 Evan-
1743 3804 1834 3861 cti,
1871 3813 1930 3854 et
1946 3799 2170 3867 curiosi,
2195 3799 2318 3853 vita
2351 3799 2518 3867 hujus
2545 3797 2834 3868 profundis
2854 3797 3122 3851 immersi.

105 3886 218 3953 gelio
245 3907 256 3941 :
304 3911 324 3940 ε
370 3890 641 3962 Princeps
669 3891 839 3962 hujus
868 3889 1067 3945 mundi
1094 3890 1154 3946 in
1184 3891 1321 3962 [me]
1352 3907 1464 3946 non
1493 3889 1664 3947 habet
1812 3891 2129 3952 Piscatores,
2165 3888 2576 3958 prmdicatarcs,
2624 3892 2688 3941 ut
2718 3887 2773 3940 in
2802 3886 3081 3941 Jeremia:
3137 3905 3163 3940 α
3204 3887 3343 3942 Ecce

105 3975 365 4048 quidquam
393 3980 458 4046 υ,
495 3999 520 4032 3
557 3979 708 4051 quod
754 3978 1029 4047 diabolus,
1071 3979 1168 4051 qui
1197 3979 1450 4051 reprabis
1481 3981 1659 4036 domi-
1742 3995 1846 4050 ego
1873 3979 2037 4032 mitto
2063 3977 2131 4031 ad
2157 3995 2251 4032 vos
2282 3977 2584 4048 piscatores
2605 3974 2670 4043 ⁸³,
2697 3994 2724 4028 ι)
2755 3976 2810 4029 id
2837 3981 2940 4042 est,
2961 3975 3341 4032 destmabaad

105 4068 253 4132 natur,
273 4067 329 4122 in
349 4068 578 4122 Christo
599 4067 740 4121 nihil
769 4067 984 4122 invenit
1005 4083 1190 4122 suum.
1231 4069 1339 4124 Per
1352 4072 1652 4140 principes,
1736 4085 1832 4123 vos
1852 4067 2265 4140 praedicatores.
3013 4135 3021 4147 ι

103 4151 270 4222 angeli,
303 4162 365 4211 ut
404 4157 464 4211 in
495 4156 762 4212 Daniele:
802 4176 825 4209 ι
863 4157 934 4211 Et
961 4173 1088 4211 ecce
1117 4157 1374 4226 Michael,
1406 4175 1554 4214 unus
1585 4160 1654 4215 de
1806 4160 1972 4214 Poma
2002 4161 2136 4210 sunt
2171 4155 2474 4227 propheta,
2517 4162 2581 4211 ut
2601 4157 2657 4210 in
2695 4155 2835 4210 Job:
2893 4175 2916 4207 α
2949 4155 3121 4220 Quasi
3174 4171 3343 4212 naves

101 4240 418 4314 principibus,
450 4245 513 4298 ι’.
552 4265 577 4298 ι)
611 4245 760 4316 quod
789 4261 935 4300 unus
962 4246 1113 4300 inter
1139 4247 1369 4318 angelos
1420 4233 1722 4304 MichaelD
1740 4263 1909 4318 poma
1938 4250 2226 4318 portantes
2239 4244 2305 4311 ’9,
2342 4264 2364 4297 3
2398 4245 2453 4298 id
2479 4251 2583 4312 est,
2610 4245 2756 4300 sicut
2783 4251 2977 4316 patres
3004 4249 3220 4300 veteres
3249 4245 3344 4300 do-

101 4332 181 4382 est.
199 4333 300 4386 Aer
310 4337 594 4405 principes
618 4333 875 4406 apostoli,
904 4339 968 4388 ut
985 4334 1044 4388 in
1074 4335 1339 4390 Psalmis:
1383 4355 1408 4388 «
1443 4337 1659 4391 Cansti-
1741 4335 1981 4390 ctrinam
2011 4334 2411 4407 prophetarum
2443 4333 2732 4389 habentes.
2769 4337 2955 4401 Poma,
2979 4350 3151 4405 opera
3173 4334 3338 4402 bona,

99 4420 199 4473 tiles
224 4438 310 4476 eos
337 4423 624 4496 principes
652 4439 823 4494 super
862 4439 1087 4478 omnem
1116 4429 1328 4478 terram
1357 4424 1420 4490 '3,
1449 4445 1474 4479 »
1510 4425 1658 4497 quod
1740 4431 1804 4480 ut
1829 4425 1887 4480 in
1919 4425 2184 4479 Cantica:
2225 4441 2250 4477 α
2282 4424 2423 4478 Cum
2472 4441 2767 4494 pomorum
2811 4422 3083 4477 fructibus
3119 4422 3184 4488 ³ο,
3221 4440 3247 4476 ι)
3283 4421 3342 4478 id

100 4510 340 4576 apostolos
360 4513 621 4568 Christus
649 4512 908 4584 pralatas
937 4511 1127 4584 posuit
1141 4529 1312 4584 super
1337 4515 1661 4570 universam
1741 4520 1843 4582 est,
1877 4520 1934 4568 et
1964 4513 2238 4568 bonarum
2285 4529 2517 4584 aperum
2564 4512 2884 4566 virtutibus.
2917 4514 3103 4578 Poma,
3139 4527 3342 4583 prace-

98 4593 383 4656 Ecclesiam.
432 4603 545 4656 Per
591 4605 872 4672 principes
916 4605 1162 4656 rectores
1192 4603 1468 4670 Ecclesia,
1509 4609 1572 4658 ut
1599 4603 1657 4659 in
1740 4609 1834 4676 pta
1874 4603 2166 4674 utriusque
2193 4601 2559 4664 Testamenti,
2595 4607 2659 4654 ut
2685 4601 2743 4654 in
2778 4600 3036 4654 Cantica:
3076 4619 3098 4650 ι
3137 4599 3343 4655 Omnia

97 4687 277 4743 cantico
302 4690 512 4746 Anna:
563 4709 590 4743 α
624 4690 802 4761 Erigit
831 4707 1157 4762 pauperem,
1198 4696 1263 4746 ut
1309 4693 1503 4747 sedeat
1529 4710 1657 4748 cum
1739 4709 1908 4766 poma
1958 4708 2100 4745 nova
2153 4695 2209 4744 et
2238 4696 2447 4756 vetera,
2483 4690 2689 4744 dilecta
2717 4688 2814 4756 mi,
2847 4688 3062 4742 servavi
3091 4687 3278 4757 tibi“,
3310 4708 3334 4741 3

97 4773 400 4849 principibus
437 4779 506 4847 ¹⁴,
559 4798 589 4833 ι
633 4780 783 4851 quod
828 4780 979 4835 Deus
1012 4780 1222 4835 exaltat
1249 4781 1540 4848 humilem,
1593 4787 1659 4838 ut
1737 4782 1794 4837 id
1825 4785 1928 4848 est,
1949 4779 2141 4834 omnia
2155 4784 2449 4850 pracepta,
2474 4783 2591 4830 tam
2611 4776 2832 4831 Veteris
2865 4793 3036 4848 quam
3059 4777 3198 4831 Novi
3228 4776 3336 4831 Te-

98 4865 253 4930 prasit
267 4883 392 4923 cum
421 4868 737 4924 rectoribus
762 4869 1036 4924 Ecclesia.
1073 4871 1372 4939 Principes,
1407 4871 1652 4942 superbi,
1737 4869 2024 4935 stamenti,
2046 4885 2081 4923 a
2107 4875 2162 4923 te
2193 4867 2451 4922 instituta
2471 4884 2590 4921 esse
2615 4865 2846 4920 credidi.
2873 4869 3061 4933 Poma,
3096 4866 3342 4937 insignia

201 997 216 1019 ⁶
241 992 449 1049 Pleiades
472 993 602 1044 sunt
627 988 808 1056 electi,
839 993 905 1044 ut
930 989 988 1043 in
1017 990 1146 1045 Job:
1186 1011 1214 1043 ι
1238 991 1506 1062 Nunquid
1534 1007 1669 1045 con-

147 1085 315 1154 tingere
339 1077 530 1132 valebis
557 1077 830 1132 micantes
858 1078 1048 1133 stellas
1078 1079 1332 1134 Pleiades
1351 1078 1393 1147 ²,
1419 1099 1442 1130 3
1475 1079 1533 1134 id
1562 1085 1664 1147 est,

145 1169 344 1242 nunquid
360 1174 416 1223 tu
443 1173 597 1240 potes
623 1183 819 1222 omnes
848 1167 1054 1223 electos
1079 1169 1336 1224 Ecclesia
1351 1169 1409 1224 in
1434 1169 1671 1225 beatitu-

144 1262 242 1316 dine
265 1257 449 1313 calesti
468 1256 730 1327 adjuvare
753 1257 778 1310 ?

191 1369 333 1422 Pinus
358 1369 437 1420 est
469 1363 674 1418 veritas
695 1363 845 1430 ﬁdei,
870 1371 935 1420 ut
957 1365 1014 1419 in
1037 1365 1180 1420 Isaia
1205 1383 1217 1420 :
1245 1385 1267 1417 ι
1295 1365 1381 1420 Ad
1402 1371 1460 1420 te
1484 1366 1672 1420 veniet

141 1455 257 1510 abies
280 1459 329 1508 et
349 1451 553 1507 buxus3
595 1452 676 1523 [et
707 1451 873 1524 pinus
920 1453 1131 1524 simul],
1159 1475 1181 1505 3
1214 1454 1362 1525 quod
1391 1455 1450 1509 in
1481 1454 1668 1509 Eccle-

139 1546 201 1600 sia
220 1549 332 1598 sunt
357 1548 410 1597 et
433 1540 701 1598 sublimes
724 1541 785 1596 in
813 1543 1307 1614 contemplatione,
1341 1549 1398 1599 et
1423 1543 1594 1599 fortes
1610 1545 1666 1598 in

139 1649 280 1706 opere,
308 1635 359 1687 et
384 1631 579 1686 virides
601 1632 658 1686 in
688 1631 818 1687 ﬁde.

97 4957 144 5006 ut
164 4952 215 5008 in
233 4955 332 5011 Job
354 4976 366 5011 :
394 4975 424 5014 κ
452 4958 582 5013 Νοιι
603 4959 623 4983 ⁶
643 4957 855 5030 accepit
875 4974 1140 5030 personas
1160 4959 1526 5030 reproborum
1544 4960 1606 5027 ίδ,
1626 4981 1649 5014 ι
1736 4957 2123 5023 humanitatis,
2150 4961 2216 5011 ut
2241 4955 2300 5010 in
2323 4955 2580 5010 Cantica:
2611 4973 2634 5007 «
2662 4955 2737 5009 Ut
2755 4955 2999 5008 viderem
3026 4970 3193 5025 poma
3212 4969 3340 5008 con-

96 5036 139 5091 id
162 5048 253 5111 est,
282 5061 395 5102 non
443 5045 742 5102 honoravit
787 5063 1056 5120 personas
1105 5047 1489 5119 reproborum.
1550 5050 1659 5106 Per
1737 5050 1966 5105 vallium
1985 5045 2052 5114 3’,
2091 5066 2112 5098 3
2163 5047 2218 5100 id
2246 5051 2348 5114 est,
2386 5051 2450 5100 ut
2479 5032 2746 5116 eligerem
2775 5045 3120 5100 suavitatem
3155 5043 3338 5098 cordis

91 5131 351 5205 Principes,
383 5135 654 5206 haretici,
687 5141 752 5192 ut
778 5136 840 5192 in
860 5135 991 5192 Job:
1029 5157 1057 5188 α
1089 5136 1378 5209 Principes
1401 5141 1420 5161 ⁶
1477 5156 1659 5196 cessa-
1739 5138 1986 5196 humilis.
2018 5139 2186 5193 Poma
2217 5135 2319 5190 viri
2362 5135 2558 5202 sancti,
2591 5141 2658 5190 ut
2680 5135 2739 5190 in
2767 5134 2996 5192 Cantica
3023 5153 3033 5188 :
3073 5152 3100 5187 «
3151 5133 3225 5188 Ut
3251 5147 3341 5188 co-

93 5355 109 5368 .
131 5288 166 5368 _’
189 5289 319 5348 Gen.
351 5310 528 5368 nxvn,
555 5297 641 5354 11.
687 5296 710 5332 ³
736 5296 840 5353 Job
867 5312 1098 5366 xxxviii,
1133 5297 1220 5354 31.
1267 5296 1290 5332 ³
1328 5297 1434 5353 Isa.
1468 5311 1557 5367 Lx,
1594 5297 1680 5357 13.
1722 5299 1746 5334 ⁴
1786 5297 1933 5354 Psal.
1977 5310 2184 5364 Lxxvn,
2219 5293 2304 5350 51.
2352 5293 2594 5368 ίῆῐλιιιιιζ
2622 5308 2710 5361 xv,
2743 5293 2840 5368 19,
2862 5294 2902 5368 ,λθ
2929 5293 3045 5368 ιριξ
3064 5306 3222 5368 xviii,
3249 5291 3342 5352 13.

99 5359 226 5437 ἷξεξε
248 5379 340 5437 IxL
345 5366 402 5422 6.
450 5367 474 5402 ⁸
518 5359 626 5424 Isa.
659 5383 830 5436 xxxn,
865 5369 915 5424 5.
959 5369 982 5404 θ
1013 5359 1126 5424 Jer.
1159 5383 1344 5437 xxxxx,
1379 5369 1430 5428 3.
1462 5370 1510 5404 ¹⁰
1538 5359 1668 5426 Lev.

1823 5369 1898 5427 :2.
1942 5368 1980 5402 ιί
2013 5359 2180 5422 Joan;
2200 5380 2314 5432 XIV,
2345 5365 2436 5420 30.
2489 5359 2706 5437 13min;
2738 5359 3346 5437 x,13.‘3_P8313,m3

97 5427 164 5484 17.
192 5433 231 5468 ¹⁴
256 5435 462 5511 i_Reg.
489 5452 550 5506 ιι,
582 5439 634 5495 8.
663 5440 710 5474 ¹⁵
736 5427 841 5511 Job
867 5455 1057 5510 xxxxv,
1092 5439 1178 5506 l9,
1213 5441 1258 5476 1⁸
1277 5427 1404 5511 Job.
1437 5455 1588 5511 xxxx,
1619 5439 1668 5499 9.

1823 5455 1947 5496 oan.
1981 5454 2034 5505 v,
2070 5439 2125 5492 2.
2156 5438 2210 5511 ἕξ
2231 5427 2470 5511 Isa._v_n,
2509 5436 2657 5511 3._1_9
2685 5427 2846 5511 Cant.
2881 5451 2980 5505 vn,
3001 5429 3101 5511 11.
3139 5427 3344 5511 ξ’]λὶιᾴ

93 5505 338 5581 Waltz.
363 5505 572 5581 ειυς.
605 5525 679 5577 x1,
716 5510 803 5570 il.
836 5511 884 5547 ³³
911 5505 1138 5581 Ιοιιζιι,
1164 5505 1219 5567 ⁷1.
1245 5509 1293 5546 ’³
1317 5512 1456 5568 Tob.
1484 5505 1648 5580 v1,'2.

1823 5511 1954 5566 ntth.
1989 5524 2112 5576 xm,
2140 5507 2308 5581 457.}
2329 5507 2435 5581 Job
2458 5521 2546 5575 XL,
2571 5506 2737 5581 26.)“
2765 5509 2925 5565 Joan.
2954 5520 3031 5576 v1,
3059 5505 3111 5564 9.
3138 5507 3346 5567 “Psal.

95 5583 194 5645 un,
215 5574 264 5634 9.
295 5577 344 5614 ³⁸
373 5579 492 5640 Jer.
525 5595 634 5654 XVI,
663 5574 758 5643 ⁷16.
789 5583 838 5621 ³9
861 5583 966 5643 Job
989 5598 1064 5656 ιχ,
1099 5574 1188 5642 26.
1221 5583 1268 5621 ³ο
1293 5584 1457 5642 Cant.
1490 5574 1562 5655 Iv,
1591 5583 1660 5642 13

1823 5585 1954 5639 ﬂant.
1984 5594 2083 5650 vn,
2102 5574 2204 5640 '13.
2232 5577 2280 5614 ³³
2311 5579 2474 5636 Cant.
2507 5574 2584 5650 vi,
2619 5577 2704 5638 11.
