3942 6158
515 244 648 302 1031

1107 241 1166 296 Β.
1213 239 1484 294 RABANI
1525 238 1754 295 MAURI
1793 240 2130 298 ARCHIEP.
2174 242 2498 300 MOGUNT.
2543 241 2839 300 OPERUM
2878 223 3061 298 PARS
3095 242 3188 298 ῙΙῙ.

3595 249 3702 306 1032

511 370 703 426 medat
741 369 982 424 fructum
1029 383 1324 439 pomorum
1380 367 1674 433 suorum‘,
1719 341 1838 422 η’ίᾱ
1891 374 1993 434 est,
2047 372 2173 432 utA
2197 375 2378 426 erant.
2412 371 2680 434 Porticus,
2715 369 3032 440 Synagoga,
3065 373 3126 422 ut
3151 367 3208 422 in
3234 367 3527 440 Evangelia:
3559 391 3578 423 ι
3606 374 3706 429 Am-

512 461 822 516 delectetur
849 457 1146 512 sanctitate
1173 456 1478 511 electorum
1509 473 1758 512 suorum.

581 550 836 616 Ponti/cx
863 552 950 600 est
979 545 1258 608 Christus,
1281 551 1348 601 ut
1382 545 1440 600 in
1461 547 1664 601 Paulo:
1697 565 1725 599 α
1745 545 2002 601 Christus
2033 565 2118 602 as-

511 638 714 694 sistens
765 636 1012 708 pontifex
1043 635 1364 691 futurorum
1394 635 1668 690 bonorum
1685 635 1726 702 ²,
1755 654 1782 689 ι
1815 637 1962 706 quod
1996 636 2114 708 ipse

510 725 874 798 semetipsum
909 725 968 779 in
999 741 1100 780 ara
1127 726 1306 780 crucis
1337 725 1576 779 oil‘erens
1619 725 1764 779 bona
1789 731 2000 780 aeterna.
2024 743 2112 780 re-

513 815 758 887 demptis
781 813 1036 870 contulit.

581 907 750 960 Porta
779 908 868 958 est
893 902 1172 968 Christus,
1205 907 1270 957 ut
1294 901 1352 956 in
1380 902 1516 957 Job:
1557 922 1582 956 «
1615 905 1805 976 Longe
1847 905 1985 958 ﬁent
2014 903 2115 958 ﬁlii

511 993 635 1065 ejus
667 1011 702 1048 a
733 993 915 1048 salute
935 995 1433 1047 et‘convertantur
1451 992 1510 1046 in
1533 999 1697 1064 porta
1713 992 1758 1060 ³,
1784 1011 1810 1045 »
1847 993 1994 1064 quod
2020 1009 2114 1064 sy-

512 1099 730 1154 nagoga
757 1081 950 1154 populi
977 1099 1014 1136 a
1039 1098 1171 1136 vera
1199 1098 1258 1136 se
1284 1082 1464 1136 salute
1501 1082 1830 1152 clangentes
1861 1081 2117 1136 veniente

513 1172 736 1228 Christo
758 1188 860 1243 per
879 1169 1269 1226 inﬁdelitatem
1295 1171 1544 1242 corrupti
1570 1176 1720 1225 sunt.
1749 1173 1928 1234 Porta,
1964 1171 2119 1241 virgo

507 1261 703 1327 Maria,
736 1265 802 1314 ut
830 1260 890 1314 in
923 1259 1236 1314 Ezechiele:
1274 1279 1297 1310 ι
1330 1259 1502 1313 Porta
1547 1259 1662 1313 haec
1691 1259 1882 1314 clausa
1917 1262 1938 1282 *
1974 1265 2114 1334 erat,

505 1357 565 1407 et
591 1366 703 1407 non
728 1348 1016 1422 aperietur
1041 1347 1083 1414 ⁴,
1121 1367 1148 1401 ι
1187 1347 1336 1419 quod
1386 1348 1567 1402 Maria
1596 1353 1653 1401 et
1699 1354 1830 1402 ante
1889 1353 2114 1419 partum

2203 459 2434 514 bulabat
2460 461 2488 514 J
2495 477 2622 514 esus
2652 458 2710 512 in
2738 458 2972 530 templo,
3005 456 3062 511 in
3094 455 3298 528 porticu
3319 459 3596 515 Salomonis
3615 461 3664 529 '7,
3685 483 3704 513 ι

2200 549 2350 620 quod
2375 549 2634 605 Christus
2663 553 2786 602 erat
2815 547 2874 601 in
2904 547 3110 602 mundo
3135 547 3192 601 in
3213 547 3484 620 Synagoga
3499 551 3624 621 apud
3639 552 3710 606 Ju-

2199 639 2367 693 daeos.
2429 641 2621 705 Portet,
2656 637 2784 692 libri
2817 637 3044 708 legales,
3077 641 3140 690 ut
3169 635 3222 690 in
3253 637 3553 707 Evangelia:
3593 658 3612 690 ι
3640 640 3710 694 Pi-

2195 727 2351 786 scina
2369 728 2618 798 quinque
2641 727 2890 798 porticus
2907 726 3117 780 habens
3134 725 3197 791 ¹⁸,
3226 745 3250 776 ι)
3283 725 3333 779 id
3355 732 3447 793 est,
3476 727 3714 800 Synagoga

2197 817 2444 889 quinque
2475 815 2632 870 libris
2663 816 2872 887 Moysis
2900 815 3214 870 intendens.

2267 909 2435 960 Porri
2457 911 2590 960 sunt
2618 905 2812 959 mundi
2844 905 3014 975 hujus
3036 903 3429 974 occupationes,
3457 909 3514 958 ut
3535 903 3584 958 in
3607 905 3714 960 libro

2196 995 2432 1050 Numeri
2468 1014 2479 1049 :
2515 1015 2540 1048 ι
2582 995 2648 1050 In
2699 997 2948 1048 mentem
2975 993 3134 1048 nobis
3171 993 3393 1048 veniunt
3417 998 3470 1046 et
3505 993 3644 1064 porri,
3675 1001 3716 1050 et

2202 1101 2467 1157 pepones,
2509 1089 2567 1138 et
2595 1099 2853 1139 cumeres
2899 1081 2966 1150 '9,
3001 1101 3026 1136 ι
3074 1081 3222 1153 quod
3275 1081 3330 1136 in
3374 1097 3430 1136 se
3475 1081 3720 1138 admittunt

2202 1175 2498 1230 saeculares
2541 1173 2880 1244 voluptates,
2925 1176 2984 1226 et
3036 1171 3307 1227 vanitates
3355 1175 3411 1225 et
3433 1170 3718 1226 curiositate:

2201 1262 2574 1318 mundialium
2603 1260 3053 1334 occupationum.

2273 1355 2438 1408 Porci
2483 1357 2617 1406 sunt
2663 1357 3078 1422 contemptores
3121 1349 3382 1417 veritatis,
3411 1354 3471 1404 ut
3509 1349 3559 1402 in
3582 1349 3719 1404 Evan-

509 1439 851 1511 incorrupta,
903 1444 960 1493 et
1005 1443 1133 1510 post
1161 1441 1389 1510 partum
1433 1435 1643 1490 mansit
1675 1436 1870 1491 illaesa.
1925 1439 2110 1504 Porta,
2196 1443 2374 1514 gelio:
2403 1459 2430 1495 α
2479 1443 2563 1496 Ne
2591 1440 2832 1496 mittatis
2873 1439 3216 1510 margaritas
3244 1444 3446 1500 vestras
3491 1443 3601 1492 ante
3622 1454 3718 1509 por-

505 1528 663 1596 ﬁdes,
697 1535 762 1584 ut
788 1528 848 1582 in
873 1525 1141 1582 Psalmis:
1179 1543 1208 1579 c
1238 1525 1684 1596 Cum,loquetur
1712 1525 1956 1580 inimicis
1983 1526 2102 1582 suis
2183 1548 2277 1587 cos
2293 1530 2358 1596 ’0,
2399 1551 2420 1583 ι
2466 1531 2525 1584 id
2573 1536 2678 1596 est,
2739 1545 2856 1584 non
2919 1528 3270 1601 participatis
3298 1543 3456 1584 sacrae
3483 1527 3722 1598 Scriptum

507 1617 566 1672 in
596 1623 760 1690 porta
778 1616 819 1684 ⁵,
841 1634 869 1670 ι»
892 1616 950 1670 id
962 1621 1066 1682 est,
1089 1615 1312 1687 quando
1334 1614 1646 1686 disputabit
1679 1631 1806 1669 cum
1827 1615 2102 1670 haereticis
2184 1626 2401 1676 secreta
2446 1618 2938 1690 contemptaribus
2980 1617 3258 1673 veritatis.
3303 1619 3471 1683 Porci,
3507 1615 3723 1671 immundi

509 1722 611 1778 pro
660 1705 792 1760 ﬁdei
847 1703 1189 1759 defensione.
1229 1706 1414 1769 Porta,
1446 1720 1586 1774 opus
1638 1703 1894 1773 justitize,
1927 1710 1992 1759 ut
2045 1693 2168 1758 inB
2189 1710 2438 1781 spiritus,
2471 1714 2536 1764 ut
2579 1709 2636 1763 in
2685 1707 2982 1778 Evangelia
3015 1725 3026 1760 :
3067 1727 3090 1759 ε
3129 1707 3282 1762 Misit
3318 1707 3470 1761 illum
3496 1706 3550 1760 in
3576 1705 3723 1759 villam

511 1793 616 1850 Job
640 1814 654 1849 :
691 1813 717 1845 «
742 1794 884 1848 Cum
915 1793 1284 1865 procedebam
1313 1792 1384 1846 ad
1411 1798 1632 1864 portam
1653 1795 1674 1816 ⁴⁵
1695 1792 1988 1847 charitatis
2004 1793 2046 1859 θ,
2077 1811 2106 1847 n
2189 1815 2370 1863 suam,
2403 1802 2466 1852 ut
2487 1802 2743 1870 pasceret
2761 1813 2959 1868 porcos
2981 1794 3048 1850 εί.
3082 1815 3104 1848 ι
3143 1795 3202 1850 id
3231 1802 3331 1862 est,
3365 1794 3526 1849 erexit
3551 1809 3657 1848 eum
3682 1793 3722 1846 in

511 1882 570 1938 id
599 1887 703 1949 est,
737 1882 960 1955 quando
993 1881 1134 1936 eXiVi
1163 1881 1407 1936 exterius
1435 1882 1505 1935 ad
1547 1898 1688 1953 opus
1723 1881 1977 1954 justitiam
2024 1898 2112 1937 co-
2193 1887 2534 1959 superbiam,
2567 1893 2632 1942 ut
2648 1887 2796 1941 male
2816 1885 3050 1940 vivendo
3075 1889 3337 1958 pasceret
3355 1882 3636 1938 immundos
3648 1882 3728 1954 spi-

513 1959 634 2026 ram
677 1971 820 2026 aliis.
873 1973 1062 2037 Porta,
1113 1970 1296 2025 exitus
1343 1969 1414 2024 ab
1458 1971 1563 2024 hac
1611 1970 1740 2038 Vita,
1790 1975 1854 2024 ut
1896 1970 1955 2024 in
1986 1970 2114 2024 EzeL
2195 1975 2358 2031 ritus.
2383 1978 2561 2042 Porci,
2595 1975 2850 2030 homines
2874 1975 3110 2042 mali,ut
3145 1975 3207 2029 in
3238 1969 3728 2044 Evangelioz'chﬁt-

511 2060 690 2116 chiele
711 2060 767 2114 7:
805 2059 1090 2130 Propheta
1126 2059 1278 2113 intus
1309 2064 1464 2114 stans
1491 2059 1680 2114 oculos
1723 2059 1968 2114 exterius
2021 2059 2116 2112 ha-
2195 2065 2299 2120 tite
2327 2081 2424 2119 vos
2452 2064 2511 2119 in
2539 2080 2770 2136 gregem
2813 2081 3116 2136 porcorum
3162 2062 3229 2130 ³³,
3267 2081 3292 2117 υ
3321 2062 3463 2134 quod
3487 2059 3729 2116 habitatio-

513 2149 637 2205 buit
653 2149 724 2204 ad
753 2153 996 2221 portam,
1025 2148 1173 2220 quod
1207 2148 1416 2203 electus
1446 2148 1682 2220 quisque
1711 2147 1773 2202 in
1799 2148 1910 2202 ﬁde
1935 2147 2117 2202 Eccle-
2199 2171 2328 2210 nem
2357 2153 2463 2208 sibi
2492 2153 2711 2226 eligunt
2739 2153 3022 2208 daemones
3045 2153 3104 2208 in
3134 2151 3393 2206 cordibus
3409 2148 3729 2223 repraborum.

515 2237 614 2294 sia;
644 2238 834 2294 vivens
859 2238 931 2293 ad
963 2237 1174 2292 exitum
1203 2253 1369 2293 suum
1404 2237 1474 2292 ab
1499 2237 1604 2292 hac
1637 2237 1751 2292 vita
1777 2237 2118 2292 desiderium
2271 2245 2606 2299 Procurator
2633 2248 2722 2298 est
2749 2243 3024 2310 Christus,
3050 2247 3115 2296 ut
3132 2241 3194 2296 in
3222 2239 3510 2312 Evangelia
3533 2258 3544 2294 :
3576 2259 3596 2290 ι
3618 2236 3734 2293 Dixit

513 2344 679 2384 suum
709 2327 1010 2383 extendere
1039 2327 1223 2394 debet,
1255 2333 1319 2382 ut
1345 2343 1474 2382 cum
1505 2327 1729 2382 Christo
1757 2343 1878 2382 esse
1904 2326 2114 2399 possit,
2199 2333 2472 2388 Dominus
2491 2332 2841 2404 procuratori
2871 2331 3046 2387 vinem
3066 2330 3262 2387 suae”.
3293 2351 3314 2382 ι
3347 2329 3485 2402 quod
3510 2327 3731 2390 Christus,

515 2417 624 2472 Per
665 2423 856 2488 portas
885 2417 1301 2489 praedicatoreS,
1334 2421 1399 2472 ut
1441 2417 1498 2471 in
1528 2415 1706 2471 Isaia:
1751 2434 1776 2468 (ι
1821 2416 1890 2469 Et
1928 2420 2118 2488 portas
2200 2439 2367 2494 quem
2396 2427 2558 2495 pater
2585 2421 2840 2477 Ecclesiae
2870 2437 2984 2477 suae
3012 2419 3337 2493 praeposuit,
3369 2419 3424 2474 in
3457 2419 3555 2472 ﬁne
3581 2413 3732 2471 mundi

513 2512 642 2562 tuas
660 2506 720 2562 in
735 2506 948 2578 lapides
969 2506 1214 2578 sculptas
1232 2506 1275 2572 ⁸,
1309 2525 1330 2556 ι
1367 2506 1516 2577 quod
1545 2505 1819 2560 Dominus
1855 2505 2118 2577 praedica-
2196 2512 2394 2566 reddet
2421 2511 2724 2582 unicuique
2749 2513 2913 2583 juxta
2941 2527 3082 2582 opus
3111 2526 3302 2565 suum.

511 2601 664 2651 tores
701 2600 908 2650 sanctae
929 2595 1186 2650 Ecclesiae
1223 2594 1382 2649 bonis
1407 2594 1622 2650 actibus
1643 2600 1894 2649 exornat.
1920 2597 2113 2661 Portas,
2268 2603 2735 2670 Propitiatorium
2753 2607 2839 2654 est
2851 2601 3127 2666 Christus,
3146 2599 3288 2654 utin
3322 2597 3520 2654 Exodo:
3548 2616 3569 2648 ι
3586 2593 3734 2650 Facies

511 2684 746 2740 virtutes
791 2684 1053 2751 morales,
1105 2673 1173 2739 ut
1201 2683 1260 2738 in
1307 2684 1584 2739 Psalmis:
1636 2703 1662 2738 α
1720 2683 1950 2756 Aperite
1977 2682 2116 2737 mihi
2199 2696 2256 2745 et
2303 2689 2759 2762 propitiatorium
2810 2689 2880 2744 de
2933 2705 3073 2744 auro
3125 2687 3424 2760 purissimo
3456 2685 3515 2754 Ἃ,
3553 2704 3578 2738 ι
3621 2683 3734 2756 quod

509 2778 700 2845 portas
744 2773 981 2845 iustitiae
1003 2773 1044 2840 θ,
1076 2796 1097 2822 ο
1135 2773 1191 2828 id
1224 2779 1328 2840 est,
1361 2773 1598 2828 virtutes
1647 2773 1926 2828 bonorum
1964 2788 2117 2827 meO-
2201 2779 2449 2835 mundus
2473 2783 2642 2834 natus
2673 2783 2759 2834 est
2788 2777 2950 2834 nobis
2975 2777 3240 2833 Christus
3263 2777 3334 2833 ab
3359 2775 3503 2832 omni
3537 2777 3732 2848 peccato.

509 2878 638 2917 rum
680 2861 819 2916 mihi
871 2868 1034 2917 notas
1071 2861 1257 2916 facite.
1297 2865 1488 2929 Porta},
1538 2879 1710 2935 Opera
1765 2863 1935 2930 mala,
1963 2867 2030 2917 ut
2057 2861 2117 2915 in
2274 2871 2664 2936 Propugnator
2691 2873 2779 2922 est
2809 2866 3084 2935 Christus,
3115 2871 3183 2922 ut
3210 2867 3271 2921 in
3299 2865 3443 2922 Isaia
3470 2880 3484 2920 :
3510 2883 3533 2916 α
3554 2864 3614 2918 Et
3633 2877 3732 2934 pro-

515 2949 754 3006 Psalmis
776 2969 788 3005 :
813 2968 842 3004 α
861 2950 1002 3014 Qui'
1035 2951 1248 3006 exaltas
1270 2967 1360 3006 me
1379 2951 1450 3006 de
1476 2951 1653 3022 portis
1671 2952 1872 3006 mortis
1903 2949 1967 3018 ¹⁰,
2001 2967 2028 3002 ι
2060 2949 2118 3003 id
2136 3011 2178 3030 ﬂ
2199 2961 2482 3030 pugnator
2504 2955 2579 3011 sit
2605 2957 2678 3011 ad
2704 2957 2946 3011 salutem
2969 2955 3034 3022 9⁵,
3062 2973 3090 3010 ι
3121 2955 3292 3028 quod,
3325 2960 3389 3011 ut
3413 2971 3508 3008 nos
3532 2951 3735 3008 Christus

511 3044 618 3108 est,
662 3038 756 3112 qui
779 3037 981 3094 liberat
1008 3056 1098 3094 me
1153 3040 1222 3094 de
1253 3040 1416 3095 malis
1445 3039 1726 3112 operibus,
1759 3057 1861 3112 per
1899 3055 2022 3110 quae
2051 3039 2116 3093 ﬁt
2134 3037 2178 3072 υ
2199 3047 2459 3114 salvaret,
2487 3045 2776 3102 diabolum
2801 3045 3158 3118 expugnavit.

514 3129 781 3184 introitus
826 3128 897 3183 ad
943 3129 1338 3201 perditionem.
1392 3132 1584 3197 Portas,
1635 3129 1885 3203 quinque
1913 3144 2111 3184 sensus
2267 3137 2696 3205 Ρνοριιρηαουια
2724 3141 2860 3190 sunt
2887 3134 3182 3202 miracula,
3209 3140 3275 3190 ut
3301 3134 3359 3189 in
3387 3131 3596 3189 cantico
3615 3147 3662 3184 εί
3687 3127 3736 3182 Et

518 3218 768 3289 corporis
809 3218 1010 3282 nostri,
1047 3223 1110 3272 ut
1133 3218 1192 3272 in
1223 3217 1427 3272 Esdra:
1451 3220 1472 3242 ⁶
1501 3236 1526 3269 ς(
1560 3217 1789 3273 Utinam
1810 3234 1922 3272 non
1947 3217 2114 3272 infer-
2195 3223 2471 3278 aediﬁcata
2497 3229 2584 3279 est
2611 3241 2738 3278 cum
2767 3224 3206 3296 propugnaculis
3239 3223 3307 3288 ³⁵,
3340 3243 3366 3277 »
3393 3222 3532 3296 quod
3565 3221 3737 3274 sancta-

515 3313 644 3362 rent
668 3323 842 3362 onera
869 3323 970 3379 per
997 3313 1188 3379 portas
1223 3323 1355 3362 suas
1378 3307 1435 3362 in
1457 3307 1549 3362 die
1569 3307 1786 3361 sabbati
1815 3307 1878 3373 “,
1908 3325 1935 3359 ι
1965 3305 2114 3378 Quod
2197 3329 2320 3368 rum
2351 3313 2623 3368 miracula
2651 3329 2812 3368 sacra
2858 3312 3020 3368 nobis
3047 3313 3346 3386 Scriptum
3373 3309 3611 3367 ostendit.
3637 3310 3736 3362 Pro-

517 3401 794 3468 quotquot
847 3396 904 3451 in
950 3396 1206 3452 claritate
1247 3396 1480 3451 internae
1528 3396 1733 3468 quietis
1763 3412 1979 3462 sumus,
2013 3412 2114 3449 nec
2191 3406 2534 3472 pugnacula,
2554 3402 2907 3457 munimenta
2932 3401 3521 3474 Scripturarum,utin
3536 3396 3734 3454 Cantica:

514 3501 615 3558 per
664 3485 842 3541 visum
888 3485 1186 3541 admittere
1214 3485 1484 3540 debemus
1521 3486 1844 3553 vanitatem,
1880 3501 1982 3540 nec
2013 3502 2115 3556 per
2199 3512 2226 3544 (ι
2259 3491 2440 3564 Sup‘er
2475 3508 2604 3546 eum
2635 3491 3054 3563 propugnacula
3075 3493 3095 3515 ⁶
3141 3496 3438 3563 argentum
3472 3488 3534 3556 '7,
3560 3510 3584 3538 »
3625 3481 3738 3557 quod

511 3574 790 3642 auditum,
822 3575 1242 3644 curiositatem;
1275 3591 1378 3630 nec
1397 3591 1500 3646 per
1527 3574 1810 3641 olfactum,
1849 3575 2108 3630 volunta-
2198 3579 2444 3636 Ecclesia
2465 3596 2627 3635 sacra
2656 3585 2742 3634 est
2771 3579 3072 3652 Scriptum
3113 3579 3478 3637 munimentis
3505 3575 3736 3631 roborata.

511 3669 631 3720 teni
659 3682 673 3722 :
699 3681 802 3720 nec
825 3681 928 3737 per
949 3669 1201 3736 gustum,
1225 3663 1559 3720 edacitatem
1591 3680 1730 3732 ;nec
1758 3680 1860 3736 per
1875 3668 2109 3730 tactum,
2267 3672 2444 3724 Poste:
2494 3672 2628 3724 sunt
2679 3669 2926 3724 hominis
3007 3685 3214 3742 corpus
3271 3675 3330 3724 et
3393 3667 3584 3732 anima,
3617 3667 3670 3718 ut
3695 3660 3738 3713 in

509 3753 914 3826 impuritatem.
963 3753 1072 3808 Per
1093 3758 1304 3823 portas,
1335 3753 1770 3808 consuetudines
1815 3769 2017 3824 pravae,
2048 3757 2116 3807 ut
2195 3757 2412 3814 Exodo:
2439 3777 2467 3812 α
2497 3759 2568 3814 Et
2583 3761 2794 3830 ponent
2811 3757 2882 3814 de
2915 3758 3192 3830 sanguine
3213 3758 3344 3832 agni
3373 3772 3533 3829 super
3564 3758 3739 3810 utrum-

510 3841 572 3898 in
600 3841 872 3897 Psalmis:
935 3863 962 3895 α
995 3841 1154 3908 Quod
1183 3841 1446 3898 contrivit
1471 3848 1662 3914 portas
1695 3858 1868 3897 aereas
1897 3841 1960 3909 ⁸⁸,
1997 3863 2020 3892 ι
2054 3841 2112 3896 id
2195 3863 2304 3920 que
2329 3851 2547 3919 postem
2564 3845 2631 3915 ³⁸,
2655 3866 2678 3899 ι
2711 3852 2994 3920 utcorpus
3017 3847 3230 3902 Christi
3250 3853 3309 3903 et
3327 3865 3421 3902 ore
3436 3843 3740 3900 sumamuset

511 3936 618 3999 est,
653 3931 828 3987 duras
868 3930 1160 4003 pravitatis
1206 3930 1636 3986 consuetudines
1668 3927 1963 3986 destruxit.
2005 3931 2114 3984 Per
2195 3940 2383 3990 mente
2410 3934 2718 4006 capiamus,
2759 3939 2954 4002 Pastas,
2987 3934 3117 3990 libri
3156 3935 3596 4007 Evangeliarum,
3622 3932 3674 3984 ut
3692 3925 3736 3980 in

509 4019 1001 4091 portas,doctrinae
1028 4019 1441 4085 haereticorum,
1459 4019 1598 4074 utin
1629 4019 1928 4090 Evangelia
1954 4037 1966 4074 :
2001 4039 2024 4072 ι
2044 4021 2114 4074 Et
2193 4023 2350 4079 libris
2373 4025 2624 4095 Regum:
2656 4043 2680 4077 cr
2705 4024 2860 4079 Fecit
2877 4024 2936 4079 in
2962 4024 3200 4080 introitu
3230 4025 3426 4096 templi
3464 4027 3630 4095 postes
3643 4016 3696 4081 ”,
3721 4031 3739 4064 ³

513 4114 688 4182 portae
717 4108 1031 4164 inferorum
1060 4124 1174 4163 non
1193 4107 1576 4180 praevalebunt
1595 4108 1646 4162 ei
1667 4107 1731 4176 ‘3,
1753 4127 1781 4163 ι
1799 4109 1947 4180 quod
1969 4126 2111 4165 verae
2131 4168 2180 4186 ﬁ
2197 4113 2348 4186 quod
2376 4113 2448 4168 ad
2477 4113 2646 4168 ﬁdem
2695 4113 2954 4169 Ecclesiae
3000 4131 3101 4186 per
3149 4114 3324 4170 libros
3369 4109 3740 4183 Evangeliomm

516 4197 648 4252 ﬁdei
702 4196 1038 4253 confessioni
1067 4196 1334 4252 doctrinae
1365 4197 1637 4252 haeretica;
1687 4198 1948 4253 resistere
1998 4215 2111 4253 non
2131 4168 2490 4258 l)iiitroitum
2519 4201 2810 4257 habemus.

512 4291 768 4360 possunt.
826 4287 934 4341 Per
975 4290 1166 4354 partas
1222 4285 1478 4340 doctores
1523 4287 1721 4359 iniqui,
1755 4293 1820 4342 ut
1875 4288 1935 4342 in
1965 4288 2067 4343 Job
2097 4307 2108 4342 :
2264 4293 2506 4346 Potentes
2534 4295 2668 4346 sunt
2682 4290 2786 4345 viri
2806 4291 3002 4359 sancti,
3025 4291 3253 4346 inbono
3275 4291 3462 4358 fortes,
3495 4293 3554 4343 ut
3566 4280 3736 4340 inJob:

515 4397 539 4428 ι
565 4377 766 4432 Portas
783 4375 968 4431 vultus
991 4375 1114 4446 ejus
1134 4376 1259 4446 quis
1275 4374 1588 4446 aperuit“?
1613 4395 1636 4428 ι
1663 4377 1811 4448 quod
1842 4377 2113 4433 Dominus
2199 4397 2226 4434 α
2255 4381 2403 4435 Deus
2431 4384 2689 4451 potentes
2720 4382 2868 4435 non"
2891 4379 3094 4436 habuit
3128 4378 3196 4447 ³ο,
3222 4397 3250 4434 ι
3271 4380 3330 4436 id
3361 4385 3462 4448 est,
3485 4377 3616 4432 viros
3639 4385 3741 4426 san-

3865 1381 3867 1418 Ι

3865 1833 3867 1864 l

3865 3453 3867 3496 4

3866 3529 3867 3558 ι

3866 3559 3867 3592 1

511 4467 902 4540 deceptionem
931 4465 1235 4538 impiorum
1264 4465 1556 4521 doctorum
1587 4467 1845 4526 Ecclesiae
1873 4485 1987 4524 suae
2019 4486 2110 4524 re-

509 4558 732 4613 velavit.
767 4558 877 4612 Per
895 4562 1120 4627 portam
1144 4554 1412 4611 ultimum
1439 4557 1468 4612 J
1473 4555 1740 4625 udicium,
1760 4562 1826 4612 ut
1865 4558 1924 4611 in
1945 4558 2113 4612 Para-

508 4645 681 4702 bolis:
721 4665 749 4700 ι
797 4645 1014 4702 Nobilis
1037 4645 1098 4700 in
1125 4645 1302 4716 portis
1331 4645 1416 4703 vir
1463 4646 1585 4716 ejus
1613 4646 1676 4712 ³⁵,
1713 4664 1740 4700 »
1775 4646 1924 4718 quod
1951 4646 2008 4700 in
2035 4649 2116 4701 ul-

505 4735 650 4792 timo
677 4734 889 4806 judicio
919 4733 1216 4806 apparebit
1257 4717 1514 4790 sublimis
1546 4735 1802 4790 Christus
1829 4741 1887 4790 et
1910 4735 2115 4806 glorio—

509 4841 625 4892 sus,
658 4822 754 4895 qui
783 4822 874 4877 hic
897 4822 1004 4878 fuit
1028 4822 1260 4878 humilis
1283 4828 1341 4878 et
1361 4824 1666 4895 judicatus.

581 4915 830 4968 Porticus
848 4916 1036 4984 patres
1063 4917 1199 4967 sunt
1225 4912 1463 4984 antiqui,
1497 4917 1562 4966 ut
1588 4912 1649 4966 in
1673 4911 1832 4968 libris
1861 4913 2104 4984 Regum:

515 5022 541 5057 ε
574 5003 829 5058 Porticus
855 5007 978 5057 erat
1019 5007 1152 5057 ante
1170 5002 1448 5074 templum
1481 5001 1544 5068 1°,
1573 5020 1598 5055 »
1629 5002 1779 5074 quod
1807 5007 2110 5073 antequam

513 5091 1006 5149 construereturin
1038 5090 1331 5159 Gentibus,
1367 5094 1556 5164 patres
1587 5089 1806 5162 antiqui
1826 5091 1884 5146 in
1917 5092 2111 5148 Iudaea

2195 4474 2313 4524 ctos
2343 4469 2402 4523 in
2431 4468 2577 4524 bono
2606 4486 2774 4541 opere
2805 4469 2976 4524 fortes
2999 4487 3112 4524 non
3139 4469 3387 4525 deserit'
3416 4469 3632 4539 potentes
3653 4457 3740 4514 de‘

2194 4575 2266 4626 se,
2299 4558 2356 4612 id
2386 4563 2490 4626 est,
2519 4558 2788 4630 superbos
2808 4575 2844 4614 a
2870 4576 2974 4615 sua
2996 4559 3189 4631 dejicit
3218 4559 3503 4616 electione.

2268 4650 2413 4702 Puer
2441 4653 2528 4702 est
2579 4648 2856 4717 Christus,
2887 4653 2953 4703 ut
2977 4649 3036 4702 in
3066 4649 3246 4704 Isaia:
3285 4670 3309 4702 ι
3340 4651 3484 4704 Puer
3525 4639 3738 4716 parvulus

2196 4737 2436 4792 minabit
2461 4754 2558 4793 eos
2579 4737 2646 4806 ³¹,
2681 4757 2706 4791 »
2737 4739 2886 4810 quod
2923 4739 3128 4794 electos
3150 4756 3302 4808 suos,
3352 4755 3423 4794 ne
3449 4734 3635 4791 mundo
3665 4741 3742 4801 per

2195 4828 2458 4882 affectum
2487 4827 2774 4883 adhaereat
2793 4830 2813 4852 ⁴
2846 4827 3068 4883 Christo
3119 4828 3352 4882 humilis
3398 4843 3495 4900 per
3519 4823 3738 4878 timorem

2193 4933 2358 4972 suum
2395 4916 2635 4972 interius
2646 4917 3020 4984 terret.'Puer,
3051 4918 3292 4989 populus
3323 4915 3591 4979 Iudaicus,
3615 4913 3668 4964 ut
3693 4904 3736 4958 in

2192 5005 2492 5077 Evangelia
2518 5025 2529 5060 :
2560 5006 2706 5060 «Est
2733 5023 2875 5078 puer
2905 5023 3052 5061 unus
3082 5006 3173 5062 hic
3190 5005 3258 5076 ³⁸,
3293 5025 3320 5060 )›
3351 5005 3408 5060 id
3454 5010 3550 5069 est,
3595 5011 3738 5072 ρορυ·

2191 5094 2279 5149 lus
2307 5094 2572 5150 Iudaicus
2584 5111 2750 5151 sensu
2785 5095 3036 5167 puerilis.
3055 5096 3164 5150 Per
3194 5111 3394 5166 pueros
3432 5089 3644 5165 quilibet
3663 5085 3731 5139 in-

582 5251 600 5323 ξ
632 5252 796 5308 Cant.
829 5266 904 5319 ιν,
935 5253 1025 5308 16.
1054 5252 1078 5287 ⁸
1106 5251 1248 5308 Heb.
1282 5266 1358 5319 Ix,
1390 5253 1474 5308 11.
1506 5251 1530 5286 ³
1557 5253 1660 5307 Job
1691 5268 1744 5320 v,
1771 5253 1824 5308 4.
1850 5253 1872 5288 ⁴
1902 5254 2096 5309 Εκεειι.

2196 5269 2275 5318 1v.
2307 5256 2360 5313 2.
2393 5255 2416 5290 ⁵
2443 5256 2589 5310 Psal.
2621 5267 2808 5322 CXXVI,
2831 5256 2881 5310 5.
2910 5255 2935 5290 ⁸
2955 5255 3059 5310 Job
3081 5269 3230 5323 XXIX,
3267 5252 3320 5308 7.
3355 5253 3378 5288 ⁸
3403 5250 3585 5307 Ezech.
3605 5239 3726 5323 n.1-

512 5321 681 5394 F_Isa.
710 5338 822 5391 Liv,
855 5313 944 5380 12.
982 5324 1006 5358 °
1035 5325 1182 5380 Psal.
1217 5313 1410 5391 cxvin,
1443 5324 1533 5380 19.
1567 5323 1612 5358 ¹⁰
1637 5313 1784 5380 Psal.
1817 5339 1892 5391 1x,
1929 5326 2014 5379 11.
2067 5325 2107 5360 ¹¹

2223 5313 2354 5384 Esd.
2381 5341 2516 5394 vaI,
2559 5324 2644 5384 19.
2693 5326 2740 5361 η
2771 5313 2920 5383 Psal.
2956 5340 3068 5394 OVI,
3103 5323 3192 5384 16.
3219 5313 3288 5360 ἐδ
3317 5313 3730 5394 Maesia}?-

507 5391 554 5427 “
579 5388 682 5468 Job
712 5383 824 5468 xu,
855 5396 910 5452 5.
945 5395 989 5432 ¹⁵
1017 5396 1178 5468 Prov.
1210 5410 1360 5468 XXXI,
1393 5383 1482 5453 93.
1527 5395 1572 5430 ¹⁶
1595 5397 1683 5468 III,
1704 5397 1842 5468 Reg.
1874 5383 1948 5462 v1,
1977 5395 2029 5450 3.
2075 5397 2113 5432 '7

2196 5413 2316 5468 pan.
2343 5383 2401 5465 7x,
2432 5383 2522 5454 23'.
2570 5383 2616 5434 ¹⁸
2640 5399 2804 5454 Joan.
2839 5414 2890 5468 v,
2923 5397 2979 5456 2.
3027 5383 3074 5434 ¹⁶
3099 5383 3270 5454 Num.
3299 5411 3385 5468 x1,
3403 5396 3452 5468 ὃς
3500 5391 3545 5426 ²⁰
3569 5383 3730 5468 Mati-1}-

509 5476 616 5536 χιι,
637 5461 692 5519 6.
721 5465 764 5501 ἰ
797 5467 930 5521 Luc.
965 5481 1054 5534 xv,
1087 5465 1172 5524 15.
1207 5465 1254 5501 ”
1281 5468 1480 5522 Matth.
1510 5481 1629 5536 VIII,
1659 5467 1749 5524 31.

1862 5452 2062 5538 Matth.
2097 5483 2150 5536 x,
2179 5452 2312 5526 8.“
2343 5452 2516 5526 Eimd.
2547 5452 2800 5538 xxv,_17.
2837 5452 2890 5505 ’τε
2921 5452 3032 5526 fsa.
3068 5452 3222 5536 mh,
3256 5469 3311 5522 3.
3343 5452 3570 5538 *Cant.
3599 5473 3662 5526 Iv,
3687 5452 3728 5510 4·

509 5531 558 5569 ³⁷
589 5534 750 5590 Cant.
778 5549 900 5603 vm,
932 5537 982 5592 9.
1011 5531 1059 5576 ’⁸
1087 5538 1259 5595 Exod.
1291 5553 1390 5606 χιι,
1424 5539 1514 5596 17.
1541 5537 1590 5576 ’9
1619 5531 1698 5596 ῘΙΙ
1730 5540 1868 5610 Reg.
1907 5553 1982 5606 γι,
2017 5537 2068 5598 3.
2100 5539 2113 5574 ε

2196 5540 2275 5596 'ob
2303 5555 2490 5610 XXXVI,
2523 5542 2573 5598 5.
2607 5531 2784 5598 3t'Isa.
2821 5556 2899 5612 x1,
2929 5541 2984 5597 6.
3019 5541 3065 5577 3'
3093 5531 3252 5598 Joan.
3288 5553 3362 5606 vr,
3393 5537 3446 5592 9.
