3824 6152
181 326 281 385 ιυδσδ
1026 315 1457 372 ALLEGORIAS
1496 317 1570 371 1N
1613 319 1900 374 SACRAM
1942 319 2419 377 SCRIPTURAM.
3223 323 3353 383 1034

169 455 392 513 nocentes,
420 449 476 500 ut
500 443 554 497 in
593 439 826 496 Psalmis
851 459 861 494 :
902 461 928 492 ιι
967 440 1236 509 Laudate,
1276 443 1457 513 pueri,
1489 443 1889 514 Domi-Aquae
1906 444 2044 515 agis,
2061 444 2120 500 in
2150 443 2576 502 subtilissimum
2596 445 2992 504 discretionem
3010 448 3354 508 distinxeris.

167 538 320 603 numi,
347 556 365 585 ι
390 531 521 604 quod
545 529 622 584 illi
650 531 820 601 digne
859 530 1174 588 Dominum
1204 531 1438 587 laudant
1465 533 1562 604 qui
1590 531 1680 587 in-
1760 535 1967 599 Pulvis,
2005 533 2278 604 fragilitas
2316 535 2577 605 hominis,
2604 543 2670 593 ut
2722 539 2780 594 in
2829 539 3093 595 Psalmis:
3132 559 3160 595 α
3191 543 3261 597 Et
3298 542 3357 599 in

165 629 373 686 nocentes
391 621 453 676 ad
478 620 646 674 instar
672 636 978 691 puerorum
1007 624 1065 674 et
1093 621 1374 693 simplices
1387 627 1536 676 sunt.
1573 623 1683 676 Per
1761 623 2045 693 pulverem
2064 639 2231 679 suum
2262 631 2616 681 revertentur
2646 628 2709 695 ¹“¹,
2743 647 2770 682 ι»
2803 629 2861 683 id
2891 635 2992 696 est,
3009 631 3172 686 tolles
3184 631 3256 686 ab
3275 631 3357 688 eis

162 732 320 791 pueros
365 708 583 766 ctelestis
626 709 822 780 patriae
873 710 1040 777 cives,
1099 716 1166 766 ut
1212 711 1272 766 in
1327 711 1627 783 Evangelia
1661 729 1675 768 :
1760 711 2020 783 spiritum
2040 712 2336 785 superbiae,
2366 720 2420 770 et
2449 715 2521 770 ad
2549 733 2608 771 se
2639 717 3052 774 humiliandum
3089 720 3359 792 fragilita-

164 802 333 860 «Ραθτί
356 799 453 855 mei
501 814 714 853 mecum
752 804 886 854 sunt
917 798 976 853 in
1010 798 1177 854 cubili
1203 798 1246 866 ³,
1274 820 1299 853 »
1349 801 1498 872 quod
1535 800 1680 856 cives
1761 805 1876 856 tem
1903 818 2066 857 suam
2097 803 2410 859 attenderit.
2435 807 2642 873 Pulm‘s,
2667 808 2904 878 putredo
2935 809 3167 865 humani
3190 827 3358 883 gene-

162 895 358 951 culestes
376 890 427 945 in
453 893 651 943 aeterna
702 887 889 959 quiete
933 889 1215 944 exsultant
1257 905 1384 944 cum
1417 889 1676 946 Domino.
1761 891 1841 945 ris
1868 908 1968 963 per
1996 897 2257 960 mortem,
2291 898 2356 949 ut
2413 911 2473 949 ιη
2517 894 2657 950 Job:
2695 916 2718 949 ι
2755 897 2912 952 Sicut
2956 898 3139 954 lutum
3177 899 3356 957 fecisti

162 986 240 1040 Per
256 996 428 1054 pueros
444 977 628 1043 Judaei,
669 984 734 1031 ut
776 978 834 1032 in
883 977 1040 1033 libris
1077 979 1294 1050 Regum
1322 998 1334 1034 :
1375 997 1400 1030 ‹‹
1435 980 1504 1034 Et
1529 981 1550 1002 ‘
1572 980 1682 1035 lac-
1764 997 1853 1035 me
1883 981 1944 1045 ‘8,
1974 1001 1999 1034 »
2034 981 2090 1036 id
2110 988 2215 1048 est,
2239 982 2308 1038 de
2333 987 2487 1039 terra
2513 983 2693 1040 fecisti
2723 1001 2924 1058 corpus
2943 1004 3152 1055 meum,
3175 996 3223 1044 et
3255 991 3354 1045 in‘

163 1074 366 1126 laverunt
384 1085 441 1122 ex
469 1067 544 1120 eis
573 1066 945 1136 quadraginta
984 1067 1124 1122 duos
1152 1085 1355 1139 pueras
1376 1068 1419 1136 ³,
1448 1089 1473 1122 ι)
1507 1069 1676 1140 quod,
1755 1073 2109 1140 pulredinem
2135 1077 2262 1144 post
2281 1079 2520 1129 mortem
2551 1075 2771 1146 rediges
2798 1076 2956 1131 illud.

160 1159 465 1233 quadraginta
485 1155 697 1209 duobus
724 1156 888 1210 annis
929 1163 1056 1228 post
1098 1157 1418 1228 passionem
1455 1158 1676 1214 Domini
1830 1161 2105 1215 Pulvillus
2146 1166 2232 1217 est
2269 1163 2538 1230 adulatio,
2590 1171 2655 1220 ut
2708 1165 2766 1220 in
2806 1166 3092 1222 Ezechiele
3129 1186 3140 1222 :
3187 1188 3214 1221 «
3247 1167 3354 1234 Qui

161 1248 363 1320 peractis,
393 1247 746 1317 imperatores
765 1245 1197 1301 devastaverunt
1220 1247 1461 1302 Judaeas.
1759 1255 2038 1304 consuunt
2077 1250 2335 1320 pulvillos
2363 1251 2465 1306 sub
2504 1254 2657 1306 omni
2702 1253 2888 1309 cubito
2917 1271 3117 1310 manus
3137 1257 3201 1321 '9,
3241 1277 3264 1309 ι)
3299 1257 3352 1311 id

211 1341 368 1392 Pullus
387 1341 463 1390 est
487 1334 789 1405 gentilitas,
831 1341 897 1389 ut
936 1335 994 1389 in
1034 1336 1373 1406 Evangelia:
1403 1338 1420 1359 ⁶
1459 1357 1480 1388 ι
1517 1337 1675 1392 Inve-
1759 1343 1861 1402 est,
1889 1337 1983 1409 qui
2013 1339 2300 1409 componit
2345 1340 2694 1397 adulationes
2725 1343 2782 1397 in
2825 1345 2976 1399 omni
3013 1346 3354 1417 Operationis

157 1429 245 1482 nies
261 1427 447 1480 asinam
475 1424 758 1495 alligatam
800 1430 856 1478 et
885 1425 1100 1496 pullum
1131 1441 1257 1480 cuin
1298 1443 1363 1480 ea
1393 1425 1433 1492 ί,
1470 1447 1494 1479 ››
1529 1428 1677 1498 quod
1764 1427 2128 1497 perfectione.

157 1525 396 1586 utrumque
417 1515 698 1586 populum,
732 1514 1026 1569 Judaicum
1057 1521 1113 1569 et
1137 1516 1426 1585 gentilem,
1453 1515 1678 1572 funibus
1837 1519 2128 1571 Pl-umbum
2159 1524 2246 1573 est
2265 1520 2580 1591 Synagoga,
2621 1529 2683 1575 ut
2711 1521 2768 1575 in
2798 1521 2900 1576 Job
2934 1541 2944 1576 :
2983 1543 3004 1574 ι
3033 1524 3101 1578 Et
3138 1524 3351 1596 plumbi

156 1610 442 1676 peccatorum
468 1604 700 1674 ligatum
719 1604 955 1676 apostoli
987 1605 1339 1660 invenerunt.
1364 1607 1472 1660 Per
1496 1610 1676 1676 pullos
1761 1604 1969 1659 lamina
2000 1606 2083 1660 vel
2113 1607 2340 1675 certe”,
2369 1627 2394 1660 »
2421 1609 2568 1680 quod
2597 1609 2654 1664 in
2670 1611 3002 1682 Synagaga'
3031 1619 3152 1667 octo
3189 1613 3354 1668 verba

152 1695 353 1766 apostoli,
381 1699 440 1748 ut
461 1695 515 1747 in
536 1693 640 1748 Job
665 1713 675 1748 :
718 1715 739 1746 ι
769 1694 1045 1758 Quoniam
1076 1695 1216 1766 pulli
1245 1697 1456 1766 ejus...
1476 1714 1501 1748 a
1526 1697 1673 1767 quod
1758 1694 1858 1748 Dei
1880 1701 2264 1767 susceperunt,
2294 1702 2351 1752 et
2371 1698 2482 1753 cito
2503 1698 2858 1770 abjecerunt;
2899 1707 2955 1755 et
2974 1706 3172 1772 gentes
3193 1703 3354 1757 tarde

152 1784 333 1855 apostoli
357 1783 594 1854 gentium
654 1783 892 1837 salutem
949 1801 1155 1854 magno
1211 1785 1412 1840 aﬁ‘ectu
1444 1790 2106 1864 exopta-Breceperunt,
2151 1791 2206 1840 et
2243 1786 2341 1841 diu
2380 1788 2753 1843 retinuerunt.
2783 1792 3102 1853 Plumbum,
3136 1791 3355 1863 pondus

152 1871 264 1926 bant.
291 1872 385 1926 Per
395 1875 568 1940 pullos
599 1872 857 1927 homines
897 1874 965 1926 de
1011 1873 1294 1944 gentibus,
1322 1880 1386 1929 ut
1423 1875 1481 1929 in
1515 1875 1674 1929 Psal-
1757 1873 1986 1944 peccati,
2036 1879 2101 1928 ut
2153 1874 2208 1929 in
2256 1876 2529 1931 Zacharia
2562 1896 2573 1930 :
2613 1897 2636 1928 ι
2667 1879 2805 1934 Ecce
2833 1880 3111 1934 talentum
3140 1881 3356 1952 plumbi

148 1963 248 2016 mis:
276 1982 294 2011 ι
323 1961 384 2015 Et
421 1961 580 2032 pullis
629 1977 921 2016 corvorum
968 1963 1353 2018 invocantibus
1411 1981 1539 2020 eum
1566 1964 1607 2018 ⁵.
1645 1986 1669 2014 ι
1755 1961 2087 2033 portabatur
2113 1962 2178 2029 ²¹,
2212 1981 2241 2016 ι»
2267 1964 2325 2018 id
2355 1971 2459 2032 est,
2495 1966 2824 2036 magnitudo
2853 1968 3064 2038 peccati
3107 1969 3354 2040 augeba-

147 2050 224 2104 Per
244 2055 396 2119 pullos
429 2050 732 2118 auditores,
777 2056 841 2106 ut
878 2051 936 2105 in
974 2051 1103 2107 Job:
1143 2072 1166 2104 ι
1202 2053 1346 2107 Pulli
1375 2055 1498 2124 ejus
1528 2054 1673 2108 lam-
1754 2056 1872 2110 tur.
1898 2056 2214 2120 Plumbum,
2247 2053 2522 2121 diabolus,
2558 2060 2622 2109 ut
2651 2055 2709 2110 in
2744 2056 2966 2111 Exodo:
3007 2078 3028 2108 ι
3063 2057 3353 2115 Submersi

143 2138 248 2194 bunt
270 2143 575 2214 sanguinem
596 2144 644 2210 ο,
677 2161 704 2197 3
738 2141 886 2214 quod
919 2141 1112 2196 ﬁdeles
1159 2142 1443 2197 auditores
1491 2159 1674 2198 sacra-
1756 2131 1889 2196 sunt
1927 2143 2097 2213 quaesi
2138 2143 2429 2214 plumbum
2461 2143 2520 2198 in
2568 2145 2729 2215 aquis
2777 2145 3199 2202 vehementibus
3227 2147 3290 2215 ”,
3321 2170 3348 2203 »

144 2236 288 2285 menta
338 2234 600 2303 passionis
652 2232 862 2289 Christi
917 2231 1161 2285 fideliter
1215 2231 1491 2286 credendo
1529 2231 1673 2286 hau-
1756 2232 1903 2302 quod
1925 2232 2068 2286 sicut
2095 2231 2351 2288 diabolus
2381 2233 2599 2300 cecidit,
2633 2239 2691 2289 et
2718 2235 2797 2290 sic
2827 2236 3068 2306 reprobi,
3102 2238 3198 2307 qui
3229 2239 3352 2310 ejus

142 2318 271 2373 riunt.
1755 2321 2009 2376 membra
2032 2327 2181 2388 sunt,
2215 2323 2273 2377 in
2302 2339 2496 2394 plenas
2524 2323 2824 2379 infernales
2852 2331 3045 2380 ruunt.

194 2410 345 2463 Pulm‘s
380 2417 460 2466 est
506 2412 825 2468 fecunditas
855 2411 1188 2477 sanctitatis,
1219 2414 1284 2465 ut
1308 2410 1364 2464 in
1400 2409 1665 2464 Cantica:
1825 2414 2021 2466 Pluvia
2053 2416 2138 2466 est
2178 2417 2374 2467 sancta
2417 2412 2754 2484 praedicatio,
2789 2419 2856 2469 ut
2891 2414 2949 2470 in
2978 2415 3120 2470 Job:
3163 2436 3187 2470 ι
3212 2417 3348 2482 Quis

143 2497 228 2550 «Et
250 2499 468 2555 universi
499 2503 749 2574 pulveris
791 2500 1150 2574 pigmentarii
1173 2500 1214 2566 ⁷,
1251 2517 1278 2552 ι
1303 2500 1359 2554 id
1397 2505 1499 2564 est,
1544 2499 1672 2554 uni-
1755 2504 1840 2554 est
1858 2500 2057 2571 pluvia
2094 2500 2349 2571 pater”?
2373 2521 2398 2553 »
2435 2502 2585 2557 Deus
2615 2503 2888 2570 videlicet,
2926 2505 3020 2576 qui
3053 2522 3154 2577 per
3181 2506 3350 2579 inspi-

141 2601 268 2642 versa:
289 2587 642 2645 fecunditates
677 2594 696 2614 ‘
729 2591 978 2646 virtutes.
1015 2591 1122 2645 Per
1141 2593 1444 2659 pulverem,
1478 2588 1672 2643 levitas
1755 2590 2029 2643 rationem
2059 2605 2218 2644 suam
2239 2590 2690 2662 praedicationem
2721 2591 3039 2650 doctoribus
3083 2595 3345 2652 infundit.

137 2676 312 2743 mentis,
341 2684 399 2733 ut
439 2680 495 2734 in
537 2681 840 2752 Evangelia
874 2700 885 2734 ε
921 2699 945 2730 «
988 2679 1238 2735 Excutite
1281 2679 1565 2750 pulverem
1605 2678 1673 2732 de
1754 2680 1970 2743 Plu-via,
1996 2679 2219 2733 interna
2240 2679 2444 2750 gratia,
2476 2686 2540 2734 ut
2583 2681 2640 2735 in
2692 2682 2960 2736 Psalmis:
3001 2703 3026 2736 «
3059 2684 3253 2749 Pluvia
3290 2686 3348 2741 in

138 2763 318 2832 pedibus
362 2770 548 2824 vestris
590 2771 634 2836 ⁸,
673 2789 698 2821 ››
748 2771 800 2823 id
857 2775 960 2835 est,
1011 2769 1234 2840 abjicite
1276 2767 1558 2822 levitatem
1603 2768 1674 2821 de
1755 2766 2128 2821 voluntariam
2157 2767 2500 2838 segregabis,
2529 2770 2698 2835 Deus,
2732 2770 3045 2826 haereditati
3074 2779 3186 2828 tum
3207 2773 3272 2839 9‘,
3323 2796 3345 2826 ι

136 2853 370 2912 aliectibus
396 2861 616 2914 vestris.
667 2863 874 2926 Pulcz‘s,
915 2858 1195 2914 instabilis
1226 2858 1481 2929 quisque,
1513 2863 1577 2911 ut
1612 2858 1670 2911 in
1755 2854 1809 2909 id
1853 2862 1954 2922 est,
1995 2855 2301 2926 gratuitam
2339 2856 2582 2927 gratiam
2637 2857 2898 2914 infundes
2955 2861 3163 2915 electis.
3207 2862 3350 2917 Huic

135 2940 319 2999 Psalmis
350 2966 360 3000 :
393 2967 415 2998 ς(
443 2949 743 3020 Tanquam
782 2949 980 3021 pulvis,
1015 2965 1183 3020 quem
1211 2947 1436 3019 projicit
1471 2951 1670 3001 ventus
1746 2948 1959 3013 pluvia,
1994 2945 2252 3008 tentatio,
2284 2952 2350 2999 ut
2375 2945 2433 3000 in
2463 2946 2765 3017 Evangelia
2803 2967 2814 3002 :
2843 2969 2866 3000 ι
2900 2949 3198 3005 Descendit
3222 2951 3346 3022 plu-

130 3047 153 3084 ει
172 3032 301 3102 [facie
325 3039 500 3108 terra]
529 3038 572 3106 θ,
611 3057 638 3091 3
662 3038 719 3092 id
749 3043 853 3104 est,
897 3037 1176 3092 instabilis
1206 3037 1465 3107 quisque,
1498 3050 1667 3106 quem
1750 3034 1856 3100 via,
1889 3040 2162 3089 venerunt
2200 3039 2258 3089 et
2283 3035 2520 3090 flumina
2536 3035 2602 3103 εδ,
2647 3058 2671 3086 υ
2708 3037 2764 3092 id
2813 3044 2917 3104 est,
2959 3038 3142 3094 amuit
3169 3045 3350 3096 tenta-

126 3126 378 3190 prostemit
411 3128 745 3183 tentatianis
766 3128 952 3183 ﬂatus.
981 3129 1188 3192 Pulvis,
1217 3125 1480 3196 cogitatio
1501 3125 1726 3187 inter-(1
1753 3123 1832 3178 tio
1853 3123 2004 3178 illius
2024 3129 2083 3178 et
2107 3124 2448 3195 persecutio.
3238 3138 3244 3145 '

123 3224 189 3275 na,
224 3218 276 3266 ut
319 3213 370 3268 in
426 3217 574 3271 Isaia
605 3235 617 3270 :
659 3237 680 3269 ι
709 3217 852 3272 Sede
892 3216 951 3270 in
988 3215 1235 3286 pulvere,
1276 3214 1393 3268 ﬁlia
1430 3213 1668 3286 Babylo-
1819 3215 2064 3268 Punclus
2093 3218 2180 3268 est
2205 3211 2448 3268 brevitas
2479 3213 2648 3286 hujus
2679 3214 2821 3284 vitae,
2853 3221 2918 3272 ut
2946 3217 3007 3273 in
3039 3218 3144 3274 Job
3180 3238 3191 3273 :
3229 3237 3256 3274 ι
3280 3220 3351 3276 Et

123 3299 183 3352 nis
214 3300 265 3366 1°,
294 3322 318 3356 3
348 3304 402 3359 id
457 3312 561 3372 est,
620 3307 842 3378 quiesce
880 3306 939 3360 in
977 3311 1204 3360 terrena
1239 3304 1595 3375 cogitatione,
1636 3321 1669 3359 ο
1749 3302 2018 3372 gaudium
2043 3302 2346 3374 hypocrita
2375 3302 2444 3357 ad
2463 3303 2644 3359 instar
2670 3305 2946 3377 puncti”,
2970 3325 2998 3362 3
3026 3309 3176 3380 quod
3203 3327 3350 3382 pra:-

121 3391 284 3446 sterilis
324 3395 508 3451 anima
557 3397 622 3451 in
676 3395 999 3450 confusione
1044 3394 1305 3449 vitiorum
1335 3393 1664 3448 consistens.
1749 3392 1926 3447 sentis
1955 3392 2079 3447 vitae
2105 3392 2380 3463 gaudium
2409 3392 2612 3448 stabile
2638 3410 2750 3449 non
2776 3401 2879 3450 est.
2906 3398 3169 3465 Functus,
3190 3398 3348 3454 festi-

118 3478 281 3546 Pulris,
319 3483 659 3541 desiderium
698 3485 984 3551 saeculare,
1048 3488 1114 3538 ut
1157 3483 1218 3538 in
1263 3482 1367 3538 Job
1403 3502 1414 3537 ε
1471 3502 1498 3535 ‹(
1530 3484 1600 3538 Et
1645 3485 1666 3506 θ
1749 3481 1962 3546 nantia,
2003 3481 2145 3535 utin
2169 3480 2307 3536 Job:
2343 3481 2460 3536 «Et
2478 3483 2537 3537 in
2561 3488 2768 3554 puncto
2791 3484 2860 3538 ad
2882 3484 3101 3541 inferna
3120 3487 3349 3544 descen-

121 3572 208 3621 tum
232 3570 381 3627 simul
408 3575 466 3629 in
515 3576 747 3648 pulvere
802 3573 1168 3630 darmient“.
1215 3592 1240 3626 »
1283 3573 1339 3626 id
1378 3577 1484 3639 est,
1524 3571 1670 3644 pari-
1750 3569 1893 3624 dunt
1916 3568 1980 3634 ³⁷,
2010 3589 2032 3620 ι
2068 3570 2217 3640 quod
2244 3571 2583 3626 festinantur
2615 3572 2736 3627 sine
2789 3573 2942 3628 omni
2971 3591 3132 3630 mora
3160 3577 3231 3632 ad
3254 3577 3346 3633 in-

118 3660 182 3709 ter
199 3659 245 3713 in
271 3661 539 3720 desiderio
569 3663 829 3719 saeculari
879 3663 1255 3734 requiescant.
1282 3665 1491 3727 Pulvz‘s,
1524 3662 1668 3716 actia
1751 3658 1909 3714 ferna
1937 3658 2159 3731 reprobi
2189 3659 2551 3715 descendunt.

121 3748 370 3818 mundana,
405 3760 466 3809 ut
495 3771 555 3810 in
611 3754 714 3809 Job
748 3773 759 3808 :
807 3772 834 3808 ι
869 3753 1074 3808 Induta
1110 3757 1196 3807 est
1234 3768 1362 3807 caro
1401 3768 1526 3806 mea
1563 3768 1669 3823 pu-
1821 3752 2042 3818 Pupilla
2074 3755 2160 3803 est
2187 3748 2464 3814 Christus,
2489 3749 2628 3804 utin
2643 3749 2904 3805 Psalmis:
2932 3752 3046 3808 nUt
3071 3754 3344 3826 pupillam

119 3837 292 3894 tredine
319 3849 372 3896 et
394 3844 659 3898 sordibus
689 3844 932 3914 pulveris
953 3843 1016 3910 η,
1046 3863 1070 3895 ))
1115 3843 1263 3914 quod
1304 3841 1532 3907 inﬁrmi,
1575 3840 1671 3912 qui
1753 3837 1896 3892 oculi
1916 3837 1982 3904 ³⁸,
2014 3858 2036 3888 3
2073 3838 2128 3892 id
2159 3843 2261 3904 est,
2311 3838 2529 3893 custodi
2565 3855 2675 3904 me,
2703 3856 2735 3894 ο
2782 3840 2932 3895 Deus
2961 3841 3146 3911 Pater,
3183 3846 3344 3916 quasi

121 3932 222 3980 sunt
250 3928 302 3984 in
350 3932 598 3988 Ecclesia
654 3933 820 3987 modo
871 3932 1020 3987 vitiis
1071 3931 1378 3986 immundis
1415 3929 1670 4001 coinqui-
1753 3926 2068 3982 membrum
2087 3927 2215 3981 Filii
2237 3926 2340 3980 tui.
2371 3929 2609 3995 Pupilla,
2644 3927 2824 3997 electi,
2847 3937 2913 3985 ut
2939 3930 2998 3986 in
3021 3933 3337 4006 Propheta:

118 4021 283 4071 nantur
302 4021 320 4043 ‘
349 4022 659 4076 mundanis
689 4021 906 4076 actibus
921 4021 1297 4094 implicantur.
1321 4019 1669 4091 Pulvis,qui-
1755 4017 1918 4082 «.QUi
1943 4017 2126 4087 ωηεὶῐ
2154 4033 2267 4081 νοδν
2307 4016 2491 4086 tangit
2519 4018 2790 4089 Pupilla“l
2817 4020 2963 4074 οουῙί
2991 4023 3103 4078 mei
3127 4022 3195 4091 ’θ’
3229 4042 3256 4078 1³
3286 4024 3344 4082 id

116 4099 486 4178 libetpeocator,
505 4117 571 4166 ut
591 4112 654 4165 in
682 4111 816 4166 Job:
857 4131 879 4161 ι
915 4111 1148 4176 Quando
1177 4109 1514 4165 fundebatur
1541 4109 1669 4181 pul-
1752 4112 1857 4173 est,
1901 4106 2047 4162 sicut
2080 4105 2398 4161 membrum
2439 4105 2578 4162 illud
2605 4113 2864 4165 tenerum
2902 4117 3007 4179 est,
3038 4111 3120 4167 ita
3148 4119 3342 4171 tenere

114 4190 171 4245 iis
193 4193 241 4248 in
261 4200 480 4268 terra“,
505 4218 532 4252 ι
561 4201 713 4273 quod
743 4206 1000 4272 peccator
1036 4216 1439 4271 nonnunquam
1468 4217 1502 4253 a
1531 4199 1668 4252 mol—
1747 4197 1916 4268 diligo
1944 4213 2058 4261 vos,
2090 4196 2295 4250 electos
2323 4211 2496 4250 meos.

113 4279 205 4336 litia
224 4302 332 4353 sua,
370 4289 689 4361 inspirante
725 4291 862 4356 Deo,
891 4290 963 4345 ad
997 4290 1363 4344 stabilitatem
1395 4288 1666 4343 canverti-
1815 4289 2069 4356 Pupillus
2100 4291 2186 4340 est
2201 4283 2438 4357 quilibet
2454 4285 2705 4354 humilis,
2728 4288 2863 4343 utin
2888 4289 3154 4347 Psalmis:
3183 4311 3211 4348 α
3235 4293 3342 4350 Ριι-

109 4373 193 4424 tur.
219 4376 412 4444 Pulvis,
435 4379 672 4434 inﬁrma
706 4379 870 4445 actio,
893 4384 958 4434 ut
996 4379 1054 4434 in
1084 4379 1226 4434 Job:
1269 4398 1294 4431 α
1324 4379 1407 4433 Tu
1428 4377 1662 4432 forsitan
1745 4376 1878 4447 pillo
1930 4382 2028 4430 tuo
2083 4381 2202 4430 esto
2249 4374 2493 4445 adjutor,
2519 4375 2576 4430 id
2631 4382 2735 4443 est,
2779 4379 3051 4435 humilem
3102 4382 3340 4452 adjuva-

109 4456 148 4510 in
168 4463 366 4530 pulvere
395 4469 694 4524 calefacies
723 4486 791 4522 ea
813 4468 901 4522 “7
933 4489 958 4520 »
984 4469 1133 4540 quod
1168 4469 1320 4523 solus
1349 4470 1499 4523 Deus
1528 4467 1725 4547 sub-D
1744 4465 1846 4521 bis.
1868 4467 1977 4520 Per
1999 4468 2238 4535 pupillos
2267 4464 2479 4517 inﬁrmi
2508 4466 2603 4535 qui
2629 4471 2760 4520 sunt
2789 4467 2847 4521 in
2898 4465 3160 4537 Ecclesia,
3192 4477 3257 4525 ut
3278 4472 3337 4526 in

103 4545 245 4614 lectos
267 4554 319 4610 in
340 4558 769 4613 conversatione
798 4558 994 4612 inﬁma
1021 4559 1273 4628 neglecte
1295 4576 1328 4612 a
1350 4559 1498 4613 malo
1529 4545 1714 4630 prse-—
1745 4557 1848 4610 Job
1882 4575 1892 4610 :
1914 4576 1936 4606 cr
1970 4556 2204 4609 Asinum
2227 4554 2566 4625 pupillorum
2592 4554 2904 4625 abegerunt
2921 4556 2986 4624 3°,
3003 4577 3029 4611 ι
3055 4561 3204 4630 quod
3220 4560 3338 4616 hm-

106 4634 192 4693 lato
207 4642 486 4702 derelictas
505 4648 722 4702 caelesti
745 4649 889 4701 valet
919 4665 1108 4702 amore
1131 4647 1502 4702 inflammare.
1528 4651 1663 4703 Pul-
1746 4646 1905 4701 retici
1927 4645 2238 4716 simplicem
2264 4643 2548 4697 doctorem
2565 4643 2919 4700 inﬁrmorum
2938 4647 3193 4720 decipere
3213 4655 3338 4706 stu-

107 4729 178 4794 cis,
205 4733 497 4804 spiritualis
542 4737 869 4803 inﬁrmitas,
903 4743 966 4791 ut
1000 4737 1057 4791 in
1091 4737 1338 4792 Jcremia
1369 4756 1380 4790 :
1429 4758 1450 4788 ι
1487 4739 1666 4792 Ponet
1747 4737 1901 4792 dent.

105 4814 144 4869 in
168 4822 369 4889 pulvere
392 4817 453 4881 os
483 4845 656 4882 suum
687 4827 751 4895 ‘5,
782 4848 810 4878 »
845 4827 903 4882 id
933 4831 1035 4895 est,
1078 4827 1449 4898 spiritualiter
1486 4829 1663 4883 canfi-
1814 4830 2075 4896 Purpura
2096 4833 2182 4884 est
2211 4830 2396 4900 passio
2429 4828 2656 4896 Christi,
2677 4832 2743 4882 ut
2771 4827 2830 4881 in
2859 4826 3090 4882 Cantica
3125 4846 3137 4881 :
3174 4847 3201 4882 ι
3225 4829 3336 4884 Co-

105 4905 681 4972 tebiturinﬁrmitatem
720 4933 900 4970 suam.
948 4919 1152 4982 Pulvls,
1186 4917 1409 4971 interna
1447 4917 1659 4972 discre-
1743 4933 1847 4971 mae
1865 4916 2176 4988 capitistui,
2199 4925 2264 4973 ut
2307 4935 2557 4990 purpura
2594 4915 2865 4989 rcgis3‘,»
2894 4915 2952 4971 id
2981 4921 3085 4984 est,
3119 4917 3334 4988 cogita-

101 4993 173 5062 tio,
201 5007 256 5055 ut
283 5003 337 5058 in
365 5005 558 5061 Exodo
585 5024 597 5059 :
629 5025 655 5059 ε
689 5006 941 5077 Cumque
960 5004 1018 5060 in
1049 5006 1442 5061 tenuissimum
1473 5008 1660 5079 pulve-
1738 5005 1921 5060 tiones
1951 5007 2155 5062 mentis
2175 5013 2284 5063 tuae
2307 5008 2531 5063 assidue
2555 5011 2849 5062 versantur
2867 5005 2926 5059 in
2955 5004 3214 5076 passione
3230 5006 3335 5061 Re-

102 5099 190 5141 rem
207 5092 457 5150 universa
485 5097 509 5120 ⁶
549 5094 867 5151 confuderit
893 5096 956 5163 ¹⁶,
996 5114 1020 5148 ι)
1046 5094 1105 5150 id
1134 5102 1238 5165 est,
1287 5113 1416 5152 cum
1446 5096 1652 5165 omnia,
1739 5094 2066 5166 demptaris.
2089 5097 2571 5168 Purpura,fulgor
2596 5094 2890 5161 castitatis,
2917 5099 2983 5148 ut
3008 5093 3068 5148 in
3096 5093 3284 5149 Exodo
3313 5111 3326 5148 :

149 5261 488 5345 ‘Psal._cxn,
515 5272 574 5328 1.
610 5272 634 5308 ²
661 5273 795 5329 Luc.
828 5288 905 5343 x1,
934 5272 986 5330 7.
1019 5271 1043 5308 ³
1074 5273 1149 5330 IV
1173 5275 1312 5345 Reg.
1346 5289 1407 5341 ιι,
1439 5273 1529 5332 22.
1555 5273 1579 5309 ⁴
1607 5275 1659 5331 Μ

1838 5289 1952 5341 xxi,
1985 5273 2040 5345 2.
2072 5274 2095 5308 ⁵
2121 5274 2266 5329 Psal.
2301 5288 2450 5342 XLVI,
2481 5275 2535 5329 9.
2566 5273 2591 5308 ⁸
2618 5273 2723 5345 Job
2748 5287 2931 5339 xxxrx,
2953 5269 3051 5345 33,.
3083 5270 3121 5345 _"
3161 5273 3323 5328 Cant.

94 5334 226 5414 ῳ,ρέ
267 5340 289 5376 ⁸
315 5334 520 5399 Matth.
551 5359 609 5411 x,
638 5346 738 5414 M;
772 5334 911 5401 Mar'.
945 5360 1021 5414 v1,
1055 5346 1156 5410 ii;
1202 5334 1336 5401 Luc.
1367 5334 1442 5413 Ix,
1478 5347 1528 5401 5.
1570 5346 1593 5382 ο

1814 5361 1846 5414 ῐ,
1888 5334 1950 5402 4(
1987 5344 2033 5380 ¹⁰
2059 5347 2168 5401 Isa.
2197 5359 2367 5400 xxvn.
2403 5334 2449 5402 ιζ
2484 5345 2526 5380 ¹¹
2557 5344 2660 5399 Job
2689 5359 2778 5410 xx,
2818 5334 2993 5414 11.“
3015 5342 3119 5398 Job
3139 5358 3237 5412 vn,
3270 5346 3324 5401 5.

95 5401 234 5484 ξέοι)
257 5425 486 5484 XXXVIII,
519 5401 613 5472 38:
659 5416 705 5452 ¹⁴
727 5401 832 5472 Job
861 5401 1047 5484 xxx1x,
1081 5401 1171 5472 ‘11.
1221 5417 1267 5452 ¹⁵
1307 5401 1514 5473 Thrén.
1549 5432 1605 5473 In

1814 5401 1849 5452 ιό
1877 5401 2048 5473 Exod.
2081 5431 2206 5482 xxx,
2241 5415 2329 5472 36.
2376 5401 2613 5470 "Psal.
2662 5401 2781 5477 cui;
2827 5413 2916 5472 29.
2967 5415 3012 5450 ιε
3050 5415 3155 5471 Job
3184 5401 3238 5483 χ;
3271 5417 3324 5473 9.

95 5471 308 5556 Eligam.
339 5471 586 5553 mgis.
639 5487 685 5523 eo
722 5471 826 5544 ab
855 5471 967 5556 χιχ
1000 5471 1090 5545 2i.
1133 5486 1176 5522 ει
1206 5471 1370 5544 Ζαοὶιξ
1397 5471 1605 5555 έν]

1813 5489 1842 5543 |.
1874 5471 1980 5555 iv;
2008 5487 2084 5545 lO.
2134 5471 2327 5542 9³⁷.Ιοῦ
2356 5500 2588 5554 xxxvm,
2618 5485 2709 5540 28.
2756 5471 2804 5520 9"
2831 5471 3006 5556 ’Psal.
3029 5500 3200 5553 van,
3227 5471 3323 5545 '10.

91 5541 321 5676 ξῐξνιὲιίιι.
348 5541 460 5623 vn,’
476 5541 572 5625 25,
598 5557 685 5613 27.
716 5541 1030 5625 ἑσσοῦῖῖέχζ
1051 5541 1116 5614 *5.
1158 5541 1480 5624 fidem},
1502 5541 1601 5617 '1'3.

1811 5541 2122 5622 il.ixxvi,8.
2156 5558 2204 5592 ’θ
2231 5541 2389 5613 Zach.
2424 5541 2483 5620 ἡ,
2516 5541 2650 5616 8.’³⁰
2677 5557 2780 5613 Job
2807 5571 2956 5622 XXIV,
2991 5555 3041 5615 3.
3083 5558 3127 5594 ³¹
3161 5541 3321 5615 Cant.

293 5727 560 5788 pATROL.
605 5729 782 5791 CXII.
3012 5733 3088 5792 33
