3942 6158
229 253 256 307 ·Ι
265 250 368 307 037

1171 253 1602 312 ALLEGORIIE
1643 257 1716 312 IN
1760 259 2048 314 SACRAM
2088 257 2566 317 SCRIPTURAM.

3364 265 3498 326 1038

233 396 256 427 ι
280 375 557 433 Deorsum
581 377 794 434 radices
820 380 942 451 ejus
972 379 1254 436 siccentur
1283 379 1323 448 ¹,
1348 397 1378 434 ι
1410 380 1468 435 id
1497 386 1601 447 est,
1644 383 1663 404 ⁶
1685 380 1820 437 inti-
1837 380 3082 456 Adicator,utinParabolis:«Regemlocusta
3092 386 3495 454 nonhabet‘h

224 465 331 521 mis
356 466 532 533 bonae,
569 485 712 540 quas
740 468 908 525 habet
935 469 1305 541 cogitationes
1349 471 1588 526 humore
1625 471 1824 542 gratiae

225 555 536 628 priventur.

296 647 432 702 Ram
443 663 506 702 us
525 653 612 702 est
631 648 862 704 allectus
879 647 1080 718 bonus,
1102 654 1167 706 ut
1185 649 1245 706 in
1270 651 1476 706 Genesi
1501 669 1511 705 :
1550 673 1572 700 ιι
1585 651 1824 706 Portans

225 750 453 791 ramum
488 737 646 793 oliva:
676 739 698 762 θ
720 737 1099 794 deﬂuentibus
1141 739 1292 795 foliis
1313 739 1356 808 ³,
1393 760 1418 792 n
1453 741 1603 813 quod
1631 743 1826 796 sancta

226 826 421 881 anima
447 827 518 882 ad
547 827 796 899 quietam
824 831 1073 883 mentem
1116 829 1379 884 affectum
1406 828 1619 886 bonum
1645 829 1827 886 defert

225 915 285 971 in
333 916 767 988 cogitationibus
795 917 1040 974 mundis.
1087 920 1310 986 Ramns,
1335 919 1590 991 voluptss
1617 920 1820 986 carnis,

227 1011 290 1060 ut
318 1005 376 1062 in
408 1006 692 1062 Ezechiele
725 1030 738 1062 :
771 1026 798 1060 α
828 1007 966 1062 Ecce
995 1008 1282 1080 applicant
1308 1025 1533 1064 ramum
1569 1009 1642 1064 ad
1661 1025 1825 1064 nares

225 1111 358 1150 suas
368 1095 409 1163 ³,
421 1114 448 1148 n
464 1095 611 1168 quod
626 1095 849 1167 reprobi
867 1097 928 1151 in
940 1097 1225 1152 voluntate
1245 1099 1431 1153 carnis
1451 1099 1820 1154 delectantur.

224 1184 337 1240 Per
364 1201 550 1240 ramos
589 1185 856 1241 doctrina:
898 1203 1088 1254 sacra},
1120 1192 1182 1242 ut
1211 1187 1269 1242 in
1301 1187 1600 1260 Evangelio
1639 1208 1651 1243 :
1687 1207 1716 1241 ei
1753 1189 1828 1244 Ut

223 1273 456 1328 veniant
483 1273 732 1328 volucres
761 1275 904 1340 caeli,
936 1283 993 1330 et
1014 1275 1269 1331 habitent
1295 1278 1352 1332 in
1371 1277 1543 1332 ramis
1579 1279 1700 1348 ejus
1721 1278 1760 1343 ⁴,
1797 1297 1822 1328 ο

225 1362 376 1434 quod
402 1367 632 1418 vocante
651 1364 769 1419 Deo
798 1364 1024 1436 superbi
1075 1365 1244 1436 hujus
1282 1367 1477 1421 mundi
1497 1366 1728 1422 veniunt
1755 1367 1822 1421 ad

224 1452 416 1519 fidem,
460 1461 517 1508 et
561 1453 920 1528 requiescunt
950 1455 1010 1510 in
1037 1455 1210 1510 sacris
1239 1457 1362 1528 ejus
1395 1455 1684 1510 doctrinis.
1718 1457 1826 1510 Per

223 1557 413 1596 ramo:
432 1541 578 1598 bona
606 1559 794 1614 opera,
828 1550 892 1599 ut
919 1545 977 1598 in
995 1543 1098 1599 Job
1131 1563 1142 1599 ;
1167 1565 1189 1596 ι
1225 1544 1294 1599 Et
1322 1545 1468 1599 rami
1495 1546 1618 1616 ejus
1637 1545 1824 1617 pullu-

222 1630 348 1684 lant
369 1631 410 1696 ⁵,
439 1649 467 1684 ι
488 1631 542 1685 id
561 1639 662 1698 est,
682 1631 826 1688 bona
847 1650 1018 1706 opera
1037 1635 1160 1706 ejus
1179 1639 1472 1706 apparent.
1511 1634 1621 1688 Per
1640 1651 1825 1689 ramos

1906 471 2056 543 quod
2072 474 2094 496 "
2123 473 2456 528 Antichristi
2475 473 2798 542 adventum,
2817 473 3239 548 praedicatorem
3267 479 3506 550 gentili-‘

1906 565 1994 614 tas
2021 576 2134 616 non
2153 560 2374 616 habuit.
2393 563 2518 630 Rea,
2541 562 2628 618 vir
2641 563 2878 635 quilibet
2901 569 3152 633 sanctus,
3176 572 3243 622 ut
3259 567 3320 622 in
3347 568 3502 624 Psal-

1905 649 2046 704 mis:
2081 670 2106 702 ι
2139 651 2206 706 In
2239 649 2444 706 virtute
2471 656 2574 706 tua
2601 651 2885 708 laetabitur
2910 651 3027 708 Rex
3060 653 3124 721 ¹⁸,
3163 673 3186 707 ι
3214 655 3365 728 quod
3393 657 3502 714 scit

1907 739 1991 794 vir
2035 745 2262 796 sanctus
2299 756 2415 796 non
2439 757 2506 795 ex
2533 757 2638 796 sua
2665 757 2787 797 esse
2815 743 3039 804 virtute.
3067 743 3167 800 sed
3193 760 3262 800 ex
3287 744 3496 814 divina,

1907 828 2056 902 quod
2074 829 2134 884 in
2164 845 2224 884 se
2250 828 2515 884 vitiorum
2543 831 2901 902 tyrannidem
2925 833 3086 904 quasi
3102 849 3200 890 rex
3225 834 3386 892 fortis
3404 853 3500 910 po-

1905 923 2092 974 tenter
2135 919 2360 991 premit.
2413 921 2536 986 Res,
2570 919 2806 992 quilibet
2849 921 3095 994 iniquus,
3125 930 3190 980 ut
3239 925 3298 982 in
3355 927 3494 982 Job:

1909 1026 1936 1061 α
1971 1008 2125 1063 Sicut
2163 1024 2376 1079 regem,
2401 1009 2497 1081 qui
2525 1016 2876 1082 praeparatur
2897 1011 2968 1066 ad
3000 1013 3255 1084 praelium
3275 1015 3341 1080 ἰο,
3369 1037 3394 1066 υ
3418 1018 3500 1074 sic

1904 1096 2133 1169 iniquus
2147 1097 2382 1169 quilibet
2393 1099 2490 1170 qui
2513 1116 2574 1154 se
2599 1106 2764 1171 parat
2780 1117 2882 1172 per
2897 1101 3219 1174 superbiam
3238 1105 3500 1162 resistere

1902 1187 2044 1242 Deo.
2062 1188 2504 1258 Rex,peccatum,
2521 1193 2585 1244 ut
2608 1188 2782 1244 inJob
2801 1207 2812 1242 :
2830 1207 2857 1243 α
2872 1190 3124 1247 Etcalcet
3145 1209 3317 1265 super
3343 1211 3494 1261 eum,

1910 1276 2070 1346 quasi
2114 1292 2228 1342 rex,
2287 1277 2550 1332 interitus
2578 1277 2644 1344 ’°,
2678 1296 2705 1330 ι
2757 1277 2904 1350 quod
2934 1295 3166 1351 pravum
3195 1283 3502 1354 quemlibet

1907 1365 2028 1420 sine
2049 1366 2162 1420 ulla
2191 1365 2632 1421 contradictione
2648 1368 2852 1438 premit
2866 1374 3175 1440 peccatum,
3191 1373 3339 1444 quod
3370 1390 3500 1429 eum

1908 1455 1977 1510 ad
2010 1460 2251 1510 mortem
2283 1455 2552 1526 perducet
2577 1462 2870 1513 aeternam.
2899 1459 3026 1526 Rem,
3049 1458 3323 1529 diabolus,
3353 1469 3414 1517 ut
3441 1463 3500 1517 in

1906 1545 1932 1599 J
1939 1543 2009 1598 ob
2036 1563 2046 1596 :
2085 1567 2110 1596 (ι
2145 1545 2270 1615 Ipse
2299 1551 2386 1600 est
2409 1561 2506 1600 rex
2526 1561 2698 1617 super
2713 1562 2910 1602 omnes
2928 1547 3072 1602 ﬁlios
3100 1549 3376 1621 superbiae
3387 1549 3452 1618 υ,
3473 1572 3498 1603 ι
3605 1549 3608 1552 ’

1907 1633 2057 1705 quod
2087 1633 2191 1688 sub
2219 1633 2470 1689 dominio
2523 1633 2732 1690 diaboli
2780 1641 2914 1690 sunt
2961 1635 3280 1710 quicunque
3307 1644 3503 1694 contra

220 1736 397 1775 sacrae
414 1721 809 1793 Scripturae,ut
823 1722 882 1778 in
905 1723 1203 1794 Evangelio
1228 1742 1240 1777 :
1276 1722 1619 1779 «Credebant
1635 1740 1824 1780 ramos
1839 1727 1886 1788 B
1907 1722 2088 1778 Deum
2128 1729 2186 1778 et
2237 1723 2552 1794 proximum
2597 1724 2950 1796 superbiunt.
2982 1726 3103 1781 Per,
3121 1743 3268 1796 rcges
3295 1728 3499 1799 angeli,

221 1807 291 1864 de
321 1809 618 1866 arboribus
648 1811 690 1878 ⁸,
725 1832 748 1863 ι
781 1811 838 1866 id
859 1817 962 1880 est,
995 1811 1345 1884 accipiebant
1381 1829 1570 1868 sacras
1597 1819 1824 1868 senten-

221 1898 332 1954 tias
359 1916 396 1954 a
413 1899 676 1955 Patribus
698 1901 926 1956 sanctis.
956 1903 1064 1957 Per
1085 1918 1272 1957 ramos
1291 1903 1554 1982 homines
1563 1903 1739 1976 pravi,
1763 1909 1828 1958 ut

223 1987 284 2044 in
309 1987 418 2044 Job
449 2007 462 2042 :
495 2012 517 2038 ι
557 1989 764 2045 Ramos
809 1991 931 2062 ejus
979 1991 1246 2046 arefaciet
1291 1992 1582 2060 flamma",
1616 2011 1644 2046 ι
1675 1991 1825 2064 quod

223 2075 487 2132 homines
513 2095 714 2151 pravos
741 2079 984 2134 vastabit
1009 2080 1297 2136 damnatio
1329 2087 1558 2138 aeterna.

297 2167 587 2223 Rhamnus
617 2173 704 2224 est
735 2169 1134 2238 Antichristus,
1175 2171 1317 2226 utin
1345 2171 1489 2226 libro
1514 2171 1777 2228 Judicum
1811 2187 1823 2224 :

225 2274 250 2308 (ς
286 2255 630 2328 Egrediatur
671 2259 818 2329 ignis
869 2259 940 2315 de
982 2259 1238 2328 rhamno,
1269 2265 1326 2315 et
1376 2260 1606 2316 devoret
1631 2261 1828 2316 cedros

223 2344 429 2401 Libani
455 2346 500 2414 ⁸,
527 2367 553 2399 ›)
579 2347 727 2419 quod
744 2348 1046 2404 crudelitas
1074 2348 1246 2404 exibit
1271 2349 1342 2404 de
1384 2349 1748 2417 Antichristo,
1771 2355 1830 2404 et

221 2434 530 2492 interﬁciat
552 2435 821 2492 sublimes
849 2438 996 2494 viros
1033 2437 1308 2494 Ecclesiae.
1341 2440 1644 2506 Rhamnus,
1673 2439 1828 2494 dele-

223 2525 401 2581 ctatio
427 2526 664 2598 peccati,
687 2532 752 2581 ut
779 2526 837 2581 in
870 2527 1112 2582 Psalmis
1141 2546 1156 2582 :
1189 2546 1217 2580 «
1239 2527 1577 2600 Priusquam
1625 2527 1832 2583 intelli-

221 2619 435 2686 gerent
487 2615 662 2688 spinae
713 2622 912 2672 vestrae
951 2617 1256 2673 rhamnum
1285 2617 1328 2687 θ,
1362 2637 1388 2671 ››
1420 2617 1478 2672 id
1507 2624 1612 2686 est,
1645 2617 1832 2690 prius-

223 2720 398 2776 quam
416 2705 750 2778 punctiones
768 2712 964 2762 vestraa
978 2707 1308 2779 perveniant
1321 2707 1393 2763 ad
1403 2707 1832 2764 delectationem

221 2794 460 2864 peccati.

297 2884 466 2939 Ranae
484 2889 620 2939 sunt
645 2883 914 2953 haeretici,
950 2891 1015 2942 ut
1040 2885 1100 2942 in
1136 2885 1374 2941 Psalmis
1399 2903 1411 2938 :
1439 2905 1463 2938 ι
1488 2885 1657 2941 Dedit
1675 2890 1830 2940 terra

219 2988 424 3028 eorum
467 2989 635 3029 ranas
663 2973 728 3040 ¹⁰,
763 2995 790 3028 ι
851 2975 1001 3047 quod
1037 2975 1425 3031 conventicula
1451 2990 1724 3030 caecorum
1773 2979 1830 3029 et

1908 1817 1973 1867 ut
2000 1811 2061 1867 in
2086 1811 2190 1867 Job
2218 1828 2231 1865 :
2270 1831 2300 1866 ι
2326 1813 2469 1868 Cum
2498 1811 2726 1885 regibus
2755 1819 2814 1869 et
2842 1814 3164 1871 consulibus
3185 1821 3353 1873 terra:
3377 1816 3444 1884 υ,
3472 1835 3503 1872 ι

1907 1901 2076 1972 quod,
2109 1901 2157 1956 si
2179 1901 2348 1956 homo
2375 1918 2491 1957 non
2517 1908 2820 1974 peccasset,
2841 1903 3218 1976 requiesceret
3253 1921 3380 1961 cum
3409 1921 3507 1962 an-

1905 1990 2068 2061 gelis,
2101 1991 2199 2062 qui
2226 2007 2356 2046 cum
2383 1991 2500 2046 Deo
2519 1997 2762 2062 regnant
2785 1992 2846 2047 in
2865 1993 3026 2060 coelo,
3045 1999 3104 2048 et
3132 1993 3295 2050 nobis
3319 1997 3342 2020 "
3370 2011 3507 2051 con-

1907 2079 2120 2134 sultum
2165 2077 2418 2152 praebent
2443 2077 2504 2134 in
2533 2083 2706 2134 terra.
2740 2080 2851 2135 Per
2891 2097 3060 2150 reges,
3093 2081 3328 2153 pmlati,
3355 2087 3422 2138 ut
3445 2082 3507 2138 in

1907 2167 2146 2223 Psalmis
2178 2187 2190 2223 :
2227 2189 2250 2227 ι
2285 2169 2356 2224 Et
2382 2184 2552 2235 nunc,
2572 2185 2753 2240 reges,
2779 2168 3076 2240 intelligite
3087 2169 3190 2237 ’3,»
3217 2170 3277 2226 id
3297 2176 3510 2244 est,per

1908 2257 2256 2313 intellectum
2281 2257 2631 2313 considerate
2659 2257 2914 2324 sollicite,
2939 2274 2973 2314 ο
3001 2258 3236 2330 praelati,
3266 2261 3510 2332 qualiter

1907 2352 2124 2403 vestros
2178 2363 2375 2418 regere
2432 2345 2684 2402 debeatis
2733 2345 3034 2418 subjectos.
3065 2348 3176 2404 Per
3223 2365 3371 2418 rcges
3403 2348 3510 2406 viri

1911 2437 2110 2504 sancti,
2158 2440 2224 2492 ut
2270 2435 2332 2490 in
2356 2434 2462 2492 Job
2505 2453 2518 2490 :
2577 2459 2596 2483 -
2631 2435 2704 2491 Et
2745 2435 2994 2507 regesin
3020 2437 3160 2494 solio
3188 2437 3424 2494 collocat
3447 2437 3510 2495 in

1913 2529 2250 2598 perpetuum
2271 2523 2336 2592 ²⁴,
2385 2544 2410 2576 ι
2443 2525 2593 2597 quod
2640 2525 2738 2596 qui
2765 2524 2975 2580 illicitis
3021 2525 3083 2581 in
3120 2542 3182 2582 se
3210 2525 3458 2583 motibus
3485 2528 3509 2553 ⁶

1913 2615 2225 2670 resistendo
2253 2613 2395 2670 bene
2422 2613 2756 2686 semetipsos
2774 2614 2833 2670 in
2859 2615 3122 2687 praesenti
3149 2621 3510 2688 regunt,cum

1913 2704 2154 2760 Domino
2187 2703 2248 2759 in
2276 2708 2612 2784 perpetuum
2639 2703 2976 2776 regnabant.
3008 2705 3118 2760 Per
3142 2719 3293 2775 rcges
3311 2721 3510 2762 sensus

1915 2793 2214 2861 interni,ut
2226 2792 2285 2848 in
2300 2791 2606 2848 Parabolis:
2627 2793 2788 2849 «Noli
2804 2792 3032 2866 regibus
3045 2794 3182 2850 dare
3190 2794 3384 2850 vinum
3392 2793 3460 2864 ³⁸,
3478 2813 3506 2848 »

1908 2883 1966 2938 id
2011 2887 2115 2951 est,
2146 2899 2218 2938 ne
2260 2882 2556 2954 permittas
2598 2882 2901 2939 rationales
2936 2899 3136 2940 sensus
3161 2888 3291 2940 tuos
3321 2883 3507 2940 carnis

1909 2973 2195 3044 voluptate
2222 2972 2447 3028 fatuari.
2479 2972 2588 3028 Per
2617 2988 2782 3042 rcges,
2817 2971 2915 3045 qui
2941 2972 3011 3028 de
3030 2973 3290 3029 castitate
3318 2989 3510 3046 super-

221 3061 615 3132 ignorantium
664 3063 924 3136 loquaces
982 3064 1276 3137 proferunt
1327 3063 1616 3120 haereticos
1645 3069 1702 3118 et
1728 3062 1831 3118 im-
1853 3048 2095 3130 Cbiunt,
2130 3068 2196 3117 ut
2218 3061 2278 3117 in
2323 3061 2427 3117 Job
2457 3079 2472 3115 :
2523 3081 2546 3113 ι
2582 3061 2842 3117 Balteum
2871 3077 3069 3133 regum
3096 3061 3347 3118 dissolvit
3372 3061 3438 3128 ’⁸,
3477 3081 3500 3114 ι

223 3151 490 3206 mundos.

299 3242 521 3312 Rapina
550 3249 636 3298 est
661 3244 1039 3315 praesumptio,
1076 3250 1138 3298 ut
1169 3244 1227 3298 in
1249 3243 1425 3298 Paulo
1461 3260 1471 3296 :
1500 3261 1527 3296 «
1547 3244 1674 3299 Non
1687 3241 1832 3313 rapi-

221 3345 360 3384 nam
407 3329 716 3387 arbitratus
771 3339 858 3388 est
916 3350 977 3388 se
1021 3348 1140 3388 esse
1177 3333 1452 3404 aequalem
1482 3333 1598 3387 Deo
1627 3332 1692 3398 υ,
1715 3351 1738 3382 ι
1773 3330 1832 3386 id

219 3423 334 3484 est,
368 3437 484 3476 non
505 3427 628 3476 erat
647 3423 1009 3496 praesumptio
1039 3421 1190 3494 quod
1207 3421 1352 3477 dixit
1375 3439 1437 3476 se
1454 3420 1833 3492 aequalitatem

217 3509 442 3565 habere
469 3527 599 3566 cum
623 3511 760 3580 Deo,
780 3513 929 3584 quod
954 3511 1291 3568 naturaliter
1309 3509 1541 3584 aequalis
1556 3516 1642 3566 est
1661 3509 1835 3566 Filius

219 3595 410 3654 Patri.

299 3689 593 3744 Rationale
620 3695 707 3746 est
759 3696 972 3747 aeterna
1023 3691 1324 3760 munditia,
1370 3696 1437 3746 ut
1492 3689 1551 3744 in
1605 3687 1834 3744 Exodo:

223 3796 250 3828 ι
287 3776 592 3834 Rationale
636 3786 860 3852 oportet
886 3797 1008 3836 esse
1062 3787 1258 3854 pectus
1293 3778 1598 3836 sacerdotis
1622 3776 1687 3846 ¹²,
1729 3796 1752 3828 ι
1777 3775 1834 3831 id

215 3872 335 3933 est,
370 3882 520 3938 pura
543 3867 688 3922 ratio
719 3868 943 3924 ornabit
969 3875 1218 3925 mentem
1249 3867 1575 3925 sacerdotis.

294 3957 413 4012 Rex
442 3962 530 4011 est
557 3956 708 4012 Deus
747 3957 934 4026 Pater,
957 3963 1022 4014 ut
1050 3958 1110 4014 in
1129 3958 1430 4030 Evangelia
1456 3976 1468 4012 :
1503 3977 1525 4009 ι
1555 3955 1714 4028 Regi,
1739 3955 1836 4028 qui

209 4043 366 4101 fecit
392 4045 621 4117 nuptias
661 4047 779 4102 filio
814 4064 916 4103 suo
944 4047 1008 4115 1³,
1047 4069 1070 4099 ι
1103 4047 1162 4102 id
1201 4053 1304 4114 est,
1365 4047 1482 4102 Deo
1536 4045 1711 4112 Patri,
1739 4044 1835 4116 qui

209 4133 540 4190 Ecclesiam
587 4136 880 4208 conjunxit
919 4137 1166 4194 Christo.
1215 4139 1340 4204 Rea,
1373 4135 1649 4202 Christus,
1680 4140 1745 4190 ut
1773 4134 1833 4188 in

1913 3151 2062 3224 quod
2072 3151 2132 3206 in
2147 3150 2277 3218 illis,
2298 3151 2474 3223 quide
2501 3149 2758 3206 castitate
2779 3150 3027 3206 inaniter
3036 3150 3374 3222 gloriantur,
3402 3166 3508 3224 pu-

1911 3241 2264 3312 dicitize‘ejus
2275 3239 2561 3312 cingulum
2571 3239 2787 3312 strangi
2797 3256 3202 3314 nonnunquam
3211 3241 3510 3314 permittit.

1916 3331 2024 3387 Per
2043 3347 2190 3399 rcges
2247 3327 2486 3402 quilibet
2539 3328 2834 3402 superbus,
2891 3335 2958 3385 ut
3011 3330 3069 3384 in
3123 3329 3507 3402 Apocalypsi:

1922 3439 1951 3472 ι
1971 3420 2038 3475 Et
2057 3417 2456 3490 proceduntad
2475 3433 2636 3488 reges
2647 3417 2820 3472 totius
2834 3423 3018 3484 terrae,
3037 3419 3059 3440 ⁶
3079 3433 3398 3490 pmpamre
3417 3431 3516 3474 eos

1915 3508 1974 3564 in
2001 3507 2257 3581 praelium
2275 3505 2342 3572 ³⁷,
2368 3525 2396 3561 ι
2414 3506 2564 3578 quod
2579 3505 2786 3562 exemit
2807 3505 3039 3578 spiritus
3066 3505 3389 3562 immundos
3411 3522 3514 3579 per

1917 3596 2336 3668 suggestionem
2355 3595 2428 3650 ad
2447 3595 2653 3650 electos
2667 3593 2838 3665 hujus
2848 3593 3054 3660 saeculi,
3075 3598 3142 3650 ut
3159 3594 3400 3650 excitent
3416 3611 3512 3651 eos

1917 3687 1990 3742 ad
2039 3684 2539 3742 contradictionem
2593 3683 2911 3740 divinorum
2937 3689 3364 3756 praeceptorum.
3403 3684 3514 3740 Per

1918 3792 2083 3846 reges,
2123 3791 2320 3831 sensus
2339 3773 2674 3846 corporales,
2689 3777 2754 3828 ut
2781 3772 2842 3828 in
2864 3771 3006 3829 libro
3025 3773 3196 3829 Iosue
3220 3791 3234 3826 :
3256 3793 3279 3827 ι
3312 3773 3514 3830 Ponite

1917 3865 2088 3938 pedes
2111 3869 2328 3920 vestros
2355 3879 2528 3936 super
2563 3862 2706 3918 colla
2732 3878 2934 3934 regum
2965 3861 3205 3918 istorum
3219 3860 3286 3930 ⁸⁸,
3302 3880 3332 3918 ι
3363 3863 3513 3936 quod
3603 3887 3607 3895 ·

1917 3953 2174 4011 sensibus
2201 3952 2261 4009 in
2286 3969 2346 4009 se
2366 3951 2748 4025 corporalibus
2774 3951 2880 4007 viri
2895 3953 2917 3976 ⁶
2947 3967 3054 4024 per
3079 3951 3384 4024 puritatem
3421 3952 3512 4009 in-

1916 4051 2210 4101 ternorum
2233 4042 2536 4098 aﬂ‘ectuum
2564 4057 2796 4097 suorum
2823 4039 3206 4096 dominantur.

1986 4135 2116 4202 Regi
2119 4149 2194 4188 na
2209 4137 2296 4188 est
2309 4135 2506 4187 sancta
2539 4130 2807 4198 Ecclesia,
2831 4135 2896 4186 ut
2911 4130 2972 4186 in
2986 4130 3253 4187 Psalmis:
3274 4148 3300 4185 α
3312 4131 3516 4188 Astitit

205 4223 330 4279 Job
347 4243 362 4278 :
389 4243 414 4277 (ί
433 4224 688 4297 Cumque
703 4225 958 4281 sederem
975 4226 1136 4298 quasi
1144 4243 1260 4294 rex,
1273 4225 1671 4280 circumstante
1683 4241 1835 4279 exer—
1915 4222 2113 4294 regina
2124 4221 2378 4277 adextris
2392 4220 2506 4277 tuis
2515 4219 2580 4288 *9,
2601 4240 2625 4274 ι
2651 4219 2800 4292 quod
2813 4225 3010 4274 sancta
3026 4219 3289 4288 Ecclesia,
3313 4219 3374 4275 in
3386 4221 3514 4276 vita

204 4313 367 4380 citu,
393 4330 550 4368 eram
577 4320 768 4370 tamen
793 4315 1158 4371 morientium
1181 4315 1498 4370 consolator
1525 4314 1588 4381 ¹⁴,
1624 4334 1650 4367 »
1687 4313 1899 4386 quod“
1915 4311 2254 4367 rectitudine
2287 4311 2620 4376 consistens,
2642 4327 2675 4364 a
2697 4309 2920 4367 Christo
2941 4313 3029 4363 est
3057 4309 3254 4364 electa.
3282 4309 3510 4376 Regina,

1511 4366 1670 4470 caelo,
1695 4366 2179 4472 coneDsupei'bia
2209 4399 2406 4456 mundi
2433 4366 2624 4470 hujus,
2653 4403 2718 4454 ut
2747 4397 2807 4452 in
2851 4397 3187 4468 Apocalypsi
3223 4415 3235 4450 :
3273 4415 3300 4450 «
3333 4366 3512 4452 éedeo
3581 4416 3584 4419 κ

203 4495 452 4548 solatur
472 4500 664 4550 tamen
694 4512 796 4568 per
824 4513 981 4568 spem
997 4496 1174 4551 veniae
1217 4494 1552 4566 poenitentes
1571 4494 1630 4548 in
1659 4500 1831 4548 terra.
1916 4491 2114 4562 regina
2134 4489 2201 4556 ³ο,
2233 4511 2258 4544 ι)
2293 4489 2443 4562 quod
2471 4504 2666 4544 secure
2696 4492 2896 4542 vacant
2923 4485 3202 4558 superbiae
3228 4490 3512 4543 amatores

204 4583 614 4656 Rex,Spiritus
628 4590 876 4652 sanctus,
895 4591 959 4641 ut
973 4587 1033 4640 in
1051 4583 1372 4639 Parabolis:
1395 4583 1669 4655 «Rex,qui
1679 4583 1837 4638 sedet
1917 4580 2114 4636 mundi
2126 4579 2666 4650 hujus.Perreginas
2676 4576 2879 4632 anima:
2889 4574 3510 4642 devotae,utinCantico:

203 4673 275 4728 in
300 4672 456 4728 solio
477 4691 600 4738 suo,
635 4673 873 4746 dissipat
908 4691 1076 4730 omne
1104 4673 1318 4729 malum
1355 4673 1565 4728 intuitu
1587 4689 1688 4728 suo
1717 4671 1777 4740 '5,
1804 4689 1832 4724 ι)
1919 4687 1948 4723 οι
1990 4669 2216 4739 Reginae
2229 4669 2601 4723 laudaverunt
2627 4683 2751 4722 eam
2770 4664 2838 4732 ει,
2872 4686 2894 4717 ι
2911 4665 3060 4738 quod
3081 4665 3284 4720 animae
3302 4665 3516 4722 devotae

205 4761 388 4835 quod
415 4762 661 4834 Spiritus
715 4769 941 4818 sanctus
979 4763 1038 4817 in
1085 4763 1202 4818 viro
1249 4769 1443 4818 sancto
1499 4761 1741 4818 destruit
1777 4759 1836 4816 in
1916 4763 2258 4814 venerantur
2287 4757 2589 4813 Ecclesiam
2617 4759 2870 4812 sanctam
2898 4754 2958 4809 in
2987 4761 3228 4810 matrem
3257 4770 3439 4811 suam.

201 4855 426 4906 mente
439 4851 689 4906 hominis
698 4857 988 4924 peccatum
999 4851 1368 4924 inspiratione
1385 4853 1838 4918 sua.Rea:,sancta
1990 4849 2236 4916 Regnum
2247 4851 2335 4902 est
2351 4845 2535 4918 patria
2547 4844 2806 4912 scelestis,
2822 4849 2890 4900 ut
2901 4843 2959 4898 in
2979 4843 3280 4916 Evangelio
3298 4863 3310 4898 :
3334 4863 3357 4898 ε
3378 4844 3517 4900 Bea-

200 4938 500 5007 Trinitas,
524 4941 667 4996 utin
689 4941 837 4996 Isaia
862 4959 874 4996 :
897 4959 922 4993 «
955 4942 1168 5012 Regem
1203 4941 1262 4995 in
1293 4941 1494 4996 decore
1535 4957 1636 4995 suo
1679 4939 1835 4994 vide-
1917 4942 2010 4992 tus
2037 4941 2126 4992 est
2151 4935 2246 5008 qui
2277 4935 2580 4990 manducat
2601 4950 2803 5006 panem
2845 4933 2906 4988 in
2926 4949 3101 5004 regno
3130 4931 3510 4999 ccelorum”,r

197 5029 381 5084 bunt
398 5029 542 5084 oculi
575 5031 698 5100 ejus
729 5029 792 5099 ¹⁰,
831 5049 854 5082 ι
881 5031 1030 5102 quod
1060 5034 1313 5085 sanctam
1349 5029 1682 5085 Trinitatem
1703 5031 1725 5053 ⁴
1753 5029 1838 5083 in-
1917 5026 1975 5082 id
1995 5031 2098 5091 est,
2129 5025 2263 5080 felix
2290 5030 2378 5080 est
2403 5023 2498 5096 qui
2527 5023 2797 5096 pertingit
2813 5023 2885 5078 ad
2907 5022 3060 5076 illam
3080 5021 3372 5078 suavitatis
3395 5021 3518 5077 dul-

200 5125 404 5175 terna
438 5117 622 5190 gloria
648 5136 752 5176 sua
775 5119 1305 5192 contemplabuntur
1327 5119 1510 5174 electi.
1541 5121 1667 5186 Rex,
1699 5133 1838 5190 prae-
1918 5115 2173 5172 cedinem
2193 5131 2317 5186 quae
2335 5120 2422 5170 est
2437 5114 2496 5168 in
2508 5111 2909 5186 patriacivium
2925 5109 3512 5180 beatomm.chnum,

288 5208 314 5243 ί
366 5205 492 5263 Job.
525 5223 686 5274 xvm,
722 5205 806 5264 16.
851 5208 876 5243 ²
907 5210 1048 5264 Gen.
1073 5223 1194 5274 vm,
1230 5207 1312 5264 11.
1364 5207 1388 5242 ³
1419 5209 1617 5264 Ezech.
1647 5222 1802 5274 Lvm,
1835 5208 1919 5266 17.
1970 5205 1994 5240 ⁴
2019 5205 2220 5260 Matth.
2252 5219 2373 5270 xm,
2403 5201 2560 5274 32._5
2587 5200 2712 5274 Jobt
2758 5215 2870 5274 xiv,
2904 5201 2956 5255 7.
2999 5199 3024 5234 ⁸
3065 5199 3267 5274 Matth.
3311 5199 3511 5274 ἔρδῃ-ξ,

199 5279 225 5314 ⁷
259 5276 398 5334 Job
422 5293 509 5346 xv,
541 5279 634 5336 30.
661 5269 684 5314 έ
707 5281 836 5336 Jud.
867 5295 942 5346 1x,
983 5279 1065 5337 15.
1115 5279 1139 5314 9
1165 5269 1315 5336 Psal.
1347 5295 1460 5346 LVI,
1495 5279 1582 5338 10.
1623 5277 1670 5314 ¹⁰
1697 5269 1826 5334 Psal

1912 5292 1991 5343 μιν,
2016 5275 2107 5332 30.
2150 5275 2192 5311 ¹¹
2224 5269 2370 5330 Phil.
2395 5289 2465 5346 μ,
2490 5271 2644 5346 6.)”
2672 5272 2844 5327 Exod.
2875 5285 3081 5346 xxvi}!1
3103 5271 3157 5338 4,
3187 5271 3277 5338 15,
3305 5269 3396 5338 22,
3421 5269 3512 5346 es.

195 5349 312 5416 κ,
349 5346 453 5412 28,
487 5339 577 5413 29.
610 5349 700 5418 30,
733 5358 838 5406 etc.
890 5339 941 5386 13'
965 5351 1166 5406 Matth.
1198 5365 1259 5418 ιι,
1290 5349 1346 5408 2.
1400 5339 1458 5386 ¹⁴’
1503 5350 1607 5406 Job
1672 5365 1823 5420 xxix,
1886 5350 1932 5409 l.
1979 5339 2039 5420 ff
2066 5348 2228 5420 Prov.
2252 5361 2358 5420 xx.
2387 5343 2450 5420 8._
2476 5343 2528 5420 βο
2548 5345 2664 5420 lea.
2714 5357 2916 5420 Ιςιωίιηἶ
2933 5341 3210 5420 A"_Pr_ov.
3253 5356 3382 5410 xxx,
3421 5339 3514 5420 22.

197 5423 257 5458 ³⁸
296 5411 472 5476 Psal.
505 5411 594 5476 xx.
629 5411 802 5477 "'Job
832 5438 925 5484 xv.
950 5421 1040 5480 24.
1093 5421 1140 5457 ³ο
1167 5411 1272 5478 Job
1301 5437 1461 5488 xvm,
1487 5422 1577 5477 14.
1623 5420 1664 5456 ²¹
1697 5411 1822 5476 Job'

1912 5437 1942 5488 l,
1972 5418 2062 5477 23.
2107 5417 2156 5452 ²²
2178 5417 2288 5488 Job
2313 5431 2397 5484 ιη,
2434 5413 2518 5472 14.
2547 5413 2772 5488 πλξεᾳιμ.
2798 5428 2860 5488 ιίι,
2898 5412 2982 5472 10.
3030 5413 3077 5449 ²⁴
3105 5413 3220 5488 Job
3235 5427 3423 5488 xxxvi,
3457 5411 3512 5470 7.

163 5492 256 5529 ’³⁵
291 5493 483 5548 Prov.
510 5506 662 5561 xxxx,
689 5491 742 5550 4.
770 5493 817 5530 ⁸³
845 5483 949 5551 Job
977 5508 1074 5562 xu,
1105 5492 1188 5552 18.
1220 5491 1265 5528 ’⁷
1293 5483 1465 5567 Apoc.
1498 5507 1613 5560 xvr,
1645 5491 1730 5550 14.
1765 5491 1811 5529 ³⁸

201 5578 295 5618 vr.
340 5560 414 5618 8.
441 5561 487 5597 ³¹
511 5564 644 5618 Luc.
674 5579 786 5618 xiv.

1912 5483 2024 5560 s.x,
2051 5488 2140 5546 2i.
2171 5487 2220 5523 ’θ
2241 5489 2388 5544 Psal.
2419 5501 2570 5553 δίων,
2606 5484 2689 5544 10.
2721 5485 2770 5522 ³ο
2794 5487 2965 5558 Apoc.
2997 5498 3154 5554 xvm,
3185 5483 3239 5542 7.
3273 5483 3316 5521 ³¹
3349 5486 3512 5542 Cant.

201 5578 295 5630 vi,
340 5564 414 5618 8.
441 5564 487 5597 θ’
511 5564 644 5620 Luc.
674 5579 786 5620 xiv.
