3942 6158
531 336 670 392 1039

1125 335 1184 387 Β.
1225 332 1491 387 RABANI
1536 330 1763 385 MAUHI
1800 329 2134 384 ARCHIEP.
2181 326 2501 382 MOGUN'I‘.
2547 323 2841 380 OPERUM
2882 325 3063 378 PARS
3101 325 3193 378 Ill.

3605 329 3704 382 uno

523 473 766 527 praesens
793 456 1054 520 Ecclesia,
1080 461 1144 510 ut
1163 455 1220 508 in
1247 453 1548 524 Evangelia
1584 471 1594 505 :
1624 473 1646 504 ‹‹
1679 455 1746 509 Et
1775 453 2038 525 colligent
2057 453 2192 514 deA
2213 453 2286 506 sit
2314 451 2371 506 in
2402 455 2521 505 rete
2551 450 2719 522 pedes
2750 466 2881 504 suos
2907 449 2968 512 ¹⁶,
3012 468 3033 500 ι
3067 448 3122 504 id
3156 455 3252 515 est,
3285 452 3451 520 posuit
3479 451 3528 505 in
3565 468 3709 523 pecca-

521 562 696 616 regno
725 545 849 616 ejus
876 543 1067 598 omnia
1097 544 1363 598 scandala
1391 543 1432 604 ¹,
1460 561 1486 593 ι)
1513 544 1663 614 quod
1689 559 1884 597 omnes
1915 542 2131 598 haereti-

525 650 717 688 corum
741 649 960 687 errores
997 633 1177 687 sancti
1223 633 1484 686 doctores
1521 629 1826 686 destruunt
1853 632 1912 686 in
1943 632 2129 686 Eccle-

527 722 628 777 sia.
650 725 1084 790 Rrgnmn,sacra
1102 721 1410 792 Scriptura,
1431 727 1494 775 ut
1514 721 1573 774 in
1597 721 1899 790 Evangelia
1924 739 1934 773 :
1968 738 1992 771 «
2013 722 2130 776 Au-

527 813 786 866 feretura
815 810 966 865 vobis
987 827 1224 880 regnum
1247 810 1367 874 Dei,
1393 815 1448 864 et
1469 809 1699 866 dabitur
1717 810 1874 880 genti
1903 810 2131 864 facienti

528 900 774 954 fructum
803 902 926 970 ejus
948 899 988 956 9.
1026 923 1051 949 »
1084 899 1228 970 quod
1261 899 1602 954 auferetura
1634 899 1841 954 Judaeis
1872 899 2133 970 spiritua-

531 990 600 1044 lis
615 1005 786 1043 sacrae
805 989 1106 1059 Scriptura;
1143 989 1480 1054 intellectus,
1502 995 1560 1044 et
1578 989 1746 1043 datur
1772 988 1978 1060 populo
1993 1004 2132 1058 gen-

531 1078 636 1142 tili,
671 1077 767 1148 qui
795 1082 852 1131 et
879 1093 1004 1132 eam
1034 1093 1168 1132 sane
1203 1077 1528 1148 intelligunt
1573 1082 1632 1131 et
1667 1077 1978 1132 secundum
2007 1093 2134 1131 eam

533 1173 724 1221 sancte
751 1166 961 1220 vivunt.
979 1168 1243 1233 Regnmn,
1278 1183 1436 1221 mens
1472 1171 1683 1233 sancta,
1707 1172 1772 1220 ut
1792 1166 1851 1220 in
1882 1167 2133 1235 Evange-

535 1257 648 1312 lio:
684 1274 710 1308 α
746 1256 1002 1326 Regnum
1033 1255 1134 1310 Dei
1167 1254 1315 1308 intra
1343 1271 1437 1308 vos
1468 1255 1602 1320 est",
1639 1275 1662 1306 ))
1698 1255 1925 1327 quodin
1946 1261 2135 1308 mente

533 1344 734 1398 devota
770 1344 920 1397 Deus
973 1349 1191 1413 regnat.
1228 1343 1335 1396 Per
1367 1360 1618 1411 regnum,
1653 1343 1856 1398 diversi
1905 1343 2131 1398 ordines

534 1433 805 1487 ﬁdelium.
839 1439 903 1486 ut
955 1433 1014 1486 in
1070 1431 1306 1485 Psalmis
1335 1449 1346 1484 :
1406 1451 1428 1482 α
1467 1433 1661 1502 Regna
1687 1437 1874 1499 terrae,
1907 1438 2132 1487 cantate

535 1523 650 1577 Deo
671 1521 712 1588 ⁴,
739 1539 765 1574 ι
797 1521 854 1574 id
885 1527 988 1586 est,
1021 1520 1223 1574 diversi
1257 1520 1480 1575 ordines
1528 1521 1776 1577 ﬁdelium
1797 1528 2002 1576 sanctae
2033 1523 2134 1576 Ec-

535 1611 735 1676 clesiae,
771 1609 997 1664 laudate
1027 1610 1226 1664 Deum.

2209 545 2332 596 tum
2360 539 2592 594 allectus
2622 555 2771 593 suos.

2283 631 2551 686 Resta’cula
2581 632 2716 683 sunt
2743 632 3021 699 praecepta
3049 627 3165 693 Dei,
3197 627 3328 681 utin
3353 625 3479 682 libra
3495 627 3674 698 Regum
3699 649 3708 685 :

2216 737 2242 771 cc
2277 717 2561 773 Resticula
2589 717 2825 788 triginta
2853 714 3165 771 cubitorum
3195 713 3456 770 ambiebat
3479 717 3667 783 mare",
3693 735 3712 771 ι

2216 808 2363 879 quod
2393 815 2668 879 praecepta
2689 805 2877 861 divina
2907 811 3110 860 sanctae
3139 804 3415 860 Trinitatis
3446 805 3587 858 ﬁdem
3610 823 3716 877 pra:-

2216 897 2459 952 dicentia
2488 901 2762 951 exornant
2788 895 3149 967 baptismum.

2287 989 2532 1042 Retribul
2540 989 2588 1040 1'0
2617 990 2703 1040 est
2731 983 3092 1056 quadrifaria,
3113 982 3292 1055 prima
3315 999 3432 1037 cum
3456 981 3583 1037 bona
3603 984 3720 1038 retri-

2217 1075 2469 1131 buuntur
2487 1091 2588 1147 pro
2616 1073 2798 1141 nobis,
2813 1073 3057 1128 secunda
3077 1089 3202 1127 cum
3217 1071 3360 1126 mala
3373 1071 3642 1127 redduntur
3650 1089 3725 1144 pro

2217 1165 2400 1225 malis.
2429 1165 2598 1219 tertia
2626 1180 2756 1219 cum
2786 1163 2937 1218 mala
2968 1179 3070 1234 pro
3093 1161 3272 1227 bonis,
3291 1165 3477 1232 quarta
3493 1177 3600 1215 cum
3617 1160 3726 1216 bona

2219 1272 2318 1326 pro
2344 1255 2539 1318 malis;
2575 1254 2756 1326 prima
2787 1258 2844 1307 et
2869 1251 3115 1306 secunda
3137 1249 3390 1322 justitia,
3410 1249 3561 1305 tertia
3579 1251 3729 1322 nequi-

2215 1345 2325 1412 tiae,
2361 1349 2560 1414 quarta
2582 1343 2811 1414 gloriae;
2847 1343 2943 1414 qui
2964 1341 3113 1396 bona
3155 1339 3351 1394 tribuit
3374 1356 3466 1412 pro
3488 1339 3638 1406 bonis,
3659 1339 3732 1394 bo-

2217 1450 2324 1490 nus
2343 1439 2458 1498 est;
2484 1432 2579 1503 qui
2607 1448 2720 1487 non
2743 1431 2940 1486 tribuit
2967 1431 3113 1485 mala
3139 1447 3240 1502 pro
3257 1428 3429 1494 malis,
3452 1427 3622 1482 melior
3641 1428 3734 1500 ;qui

2218 1540 2332 1578 non
2354 1522 2552 1577 tribuit
2579 1521 2726 1576 bona
2754 1538 2856 1593 pro
2885 1520 3067 1585 malis,
3101 1518 3300 1585 malus,
3333 1517 3422 1590 qui
3440 1517 3734 1572 tribuitmala

2218 1628 2319 1684 pro
2345 1612 2528 1678 malis,
2554 1611 2711 1684 pejor
2734 1630 2746 1676 ;
2799 1610 2895 1680 qui
2924 1608 3126 1664 tribuit
3167 1607 3314 1662 bona
3339 1623 3434 1678 pro
3461 1605 3617 1673 malis,
3635 1605 3737 1678 opti-

607 1701 811 1766 Regula
836 1702 921 1752 est
951 1697 1272 1768 eloquentia
1303 1697 1783 1768 philosophorum,
1817 1705 1882 1754 ut
1906 1701 1964 1754 in
1997 1699 2136 1754 libro
2220 1717 2345 1756 mus
2370 1721 2382 1767 ;
2425 1700 2519 1772 qui
2549 1699 2749 1755 tribuit
2773 1698 2924 1753 mala
2951 1714 3054 1770 pro
3075 1696 3258 1764 bonis,
3289 1695 3560 1768 pessimus.

537 1787 706 1841 Josue
739 1805 750 1839 :
779 1804 806 1839 α
839 1785 1080 1840 Pallium
1102 1785 1444 1852 coccineum,
1469 1787 1626 1842 valde
1646 1787 1875 1854 bonum,
1901 1794 1958 1842 et
1975 1775 2198 1858 regu-B
2289 1792 2446 1846 Risus
2476 1795 2562 1844 est
2591 1788 2883 1861 spirituale
2911 1786 3204 1859 gaudium,
3239 1791 3302 1840 ut
3319 1786 3376 1840 in
3395 1784 3577 1839 Genesi
3601 1801 3612 1836 :
3633 1801 3655 1834 ι
3677 1782 3742 1837 Ri-

540 1877 653 1930 lam
708 1875 989 1942 auream5,
1028 1895 1051 1926 ι
1095 1875 1244 1947 quod
1295 1875 1490 1930 mundi
1529 1876 1700 1946 hujus
1730 1883 2011 1932 amatores
2038 1893 2135 1932 su-

540 1963 769 2035 perbam
799 1968 857 2019 et
881 1963 1108 2018 inanem
1127 1964 1442 2036 approbant
1469 1965 1868 2038 eloquentiam.

610 2055 865 2122 Regulus,
899 2053 1373 2124 concupiscentia,
1395 2061 1460 2110 ut
1489 2053 1547 2108 in
1575 2055 1722 2110 Isaia
1749 2075 1760 2110 :
1799 2074 1825 2109 ‹
1859 2057 1939 2111 De
1955 2055 2142 2112 radice

540 2141 754 2198 colubri
785 2141 1108 2212 egredietur
1138 2145 1367 2213 regulus
1394 2144 1437 2209 ⁸,
1462 2163 1488 2196 ι)
1521 2144 1670 2215 quod
1692 2144 1762 2199 de
1785 2145 2142 2216 suggestione

537 2230 746 2285 diaboli
774 2231 1027 2302 procedit
1049 2231 1277 2286 illicitus
1309 2232 1774 2304 concupiscentia:
1803 2239 2010 2290 motus.
2045 2236 2142 2290 Re-

539 2323 724 2388 gulus,
755 2319 1155 2388 Antichristus,
1190 2328 1254 2374 ut
1297 2321 1356 2374 in
1394 2321 1542 2376 Isaia
1577 2340 1588 2376 :
1629 2339 1655 2372 ι(
1692 2323 1756 2376 In
1785 2339 2023 2378 caverna
2060 2339 2144 2378 re-

537 2407 656 2479 guli
684 2408 874 2464 mittet
890 2425 1122 2464 manum
1146 2426 1307 2464 suam
1323 2410 1364 2476 7,
1397 2429 1420 2462 n
1456 2411 1606 2481 quod
1637 2426 1865 2482 pravam
1890 2411 2145 2484 aliquan-

542 2496 614 2554 do
632 2503 901 2564 mentem,
925 2515 1049 2570 quae
1069 2503 1157 2554 est
1183 2497 1456 2553 habitatio
1481 2499 1708 2563 diaboli,
1742 2501 2013 2556 Dominus
2044 2518 2145 2573 per

543 2587 790 2656 gratiam
818 2604 982 2642 suam
1008 2588 1216 2643 visitet.

617 2679 1052 2732 Reclinatarium
1083 2683 1171 2732 est
1199 2678 1358 2748 quies
1407 2679 1649 2746 interna,
1692 2685 1756 2734 ut
1781 2678 1838 2734 in
1866 2679 2095 2734 Cantica
2126 2695 2140 2734 :

549 2781 578 2816 α
599 2765 902 2820 Columnas
932 2767 1055 2835 ejus
1083 2766 1215 2820 fecit
1239 2773 1556 2838 argenteas,
1590 2768 2011 2824 reclinatorium
2041 2785 2143 2823 au-

551 2867 713 2908 reum
733 2854 776 2918 8,
810 2870 838 2906 υ
872 2855 1020 2925 quod
1052 2855 1307 2910 Ecclesiae
1327 2857 1719 2927 praedicatores
1736 2857 1908 2912 fortes
1939 2863 1993 2912 et
2010 2857 2143 2912 clari

552 2948 703 3009 sunt,
735 2948 793 2996 et
813 2942 909 3013 qui
936 2943 994 2996 in
1025 2949 1219 2999 sancta
1238 2944 1424 3015 quiete
1457 2945 1650 3000 vivunt
1673 2947 1961 3018 sapientia:
1991 2947 2150 3002 clari-

551 3037 670 3087 tate
693 3031 1026 3101 fulgescunt.

625 3093 952 3175 Renes'sunt
1003 3138 1175 3192 opera
1225 3121 1491 3190 libidinis,
1526 3132 1591 3178 ut
1617 3124 1678 3178 in
1704 3125 1945 3180 Psalmis
1973 3145 1988 3179 :
2021 3145 2045 3177 ‹
2080 3093 2209 3180 Etc

551 3225 716 3264 renes
743 3209 854 3264 mei
883 3210 1213 3264 commutati
1259 3217 1392 3265 sunt
1417 3212 1460 3277 θ,
1493 3231 1518 3262 ι)
1553 3213 1610 3268 id
1638 3219 1742 3279 est,
1773 3230 1946 3285 opera
1972 3213 2032 3268 in
2061 3230 2150 3270 me

553 3297 802 3352 libidinis
825 3298 884 3352 in
915 3299 1194 3354 actionem
1214 3300 1487 3355 castitatis
1519 3307 1737 3356 mutata
1779 3309 1929 3357 sunt.
1961 3305 2146 3371 Renes,

559 3402 732 3458 opera
747 3387 1036 3458 genitalia,
1069 3394 1135 3444 ut
1164 3388 1225 3443 in
1248 3389 1384 3445 Job:
1419 3408 1446 3444 α
1481 3392 1549 3446 Et
1570 3391 1704 3446 fune
1731 3392 2036 3463 praecinget
2061 3409 2152 3448 re-

555 3491 656 3530 nes
705 3491 902 3531 eorum
936 3476 999 3543 ἰο,
1030 3497 1054 3528 ι
1090 3477 1239 3549 quod
1267 3485 1557 3549 peccatum
1595 3480 1850 3535 damnati
1881 3481 2159 3552 permittit

557 3565 830 3622 Dominus
846 3565 908 3620 in
935 3567 1202 3622 membris
1230 3568 1570 3638 genitalibus
1597 3572 1616 3594 '
1648 3569 2047 3642 superborum.
2066 3573 2158 3626 Re-

558 3671 670 3722 nes,
713 3655 1010 3710 delectatio
1039 3657 1246 3724 carnis,
1283 3664 1346 3712 ut
1387 3658 1446 3712 in
1476 3659 1712 3714 Psalmis
1743 3679 1753 3714 :
1803 3677 1829 3712 α
1854 3660 1964 3715 Ure
1992 3676 2157 3714 renes

561 3759 716 3799 meos
762 3750 820 3799 et
845 3761 942 3799 car
968 3747 1241 3814 meum“,
1283 3765 1304 3796 ι
1340 3737 1408 3800 id
1445 3753 1546 3814 est,
1581 3748 1872 3819 exstingue
1901 3749 1958 3803 in
1989 3766 2158 3804 carne

561 3849 689 3888 mea
717 3833 1166 3900 delectationem,
1200 3839 1258 3888 et
1287 3834 1345 3888 in
1383 3835 1550 3890 corde
1596 3836 1831 3908 puriﬁca
1858 3837 2158 3908 cogitatio-

558 3936 689 3980 nem
698 3961 711 3975 .

634 4013 866 4080 Ηφαιιά
894 4017 1028 4066 sunt
1074 4013 1350 4068 immundi
1388 4015 1638 4086 spiritus,
1669 4022 1734 4072 ut
1784 4017 1843 4071 in
1881 4016 2158 4072 Psalmis:

571 4118 596 4150 (ί
627 4099 743 4154 Illic
768 4099 1009 4170 reptilia,
1051 4118 1292 4172 quorum
1319 4118 1432 4158 non
1451 4111 1538 4158 est
1566 4121 1836 4160 numerus
1855 4105 1919 4172 ¹²,
1960 4125 1982 4157 ι
2015 4105 2163 4177 quod

566 4185 1003 4242 innumerabiles
1041 4194 1174 4243 sunt
1223 4191 1412 4246 hostes
1441 4193 1640 4260 nostri,
1673 4193 1772 4265 qui
1800 4209 1901 4248 nos
1930 4195 1989 4248 in
2020 4211 2164 4266 prae-

567 4275 714 4330 senti
755 4281 995 4331 tentant.
1043 4279 1296 4346 Reptilia,
1329 4279 1700 4350 cogitationes
1730 4287 1986 4352 terrenae,
2019 4289 2083 4338 ut
2108 4283 2164 4336 in

2222 1895 2346 1936 sum
2379 1878 2510 1934 fecit
2537 1878 2676 1932 mihi
2706 1877 2977 1933 Dominus
2992 1877 3057 1942 ¹⁸,
3087 1895 3114 1930 ι
3147 1875 3207 1930 id
3231 1880 3334 1942 est,
3367 1873 3627 1946 spirituale
3641 1871 3745 1926 mihi

2221 1968 2492 2040 gaudium
2522 1967 2762 2022 contulit
2791 1967 2960 2022 Deus.
2993 1967 3175 2030 Risus,
3203 1963 3393 2019 laetitia
3420 1961 3610 2028 mundi,
3635 1959 3746 2015 utin

2223 2056 2540 2113 Proverbiis
2601 2075 2611 2111 :
2667 2073 2694 2108 α
2741 2056 2908 2110 Risus
2953 2054 3132 2110 dolori
3173 2052 3492 2108 miscebitur
3508 2051 3565 2118 *9,
3597 2071 3617 2102 ι
3637 2049 3749 2122 quod

2224 2147 2420 2202 mundi
2449 2147 2621 2218 hujus
2647 2144 2846 2200 laetitia
2883 2144 2942 2198 in
2967 2159 3271 2198 maerorem
3289 2139 3666 2197 terminabitur.
3686 2139 3751 2193 Ri-

2223 2253 2335 2302 sus,
2357 2235 2627 2307 gaudium
2654 2234 2898 2301 caeleste,
2917 2239 2983 2288 ut
3011 2233 3070 2288 in
3090 2232 3228 2287 Job:
3263 2250 3290 2286 ι
3312 2231 3494 2286 Donec
3510 2228 3754 2301 impleatur

2224 2325 2342 2380 risu
2373 2341 2435 2380 os
2464 2329 2628 2379 tuum
2653 2322 2720 2388 ’0,
2755 2345 2779 2376 υ
2815 2323 2871 2378 id
2911 2327 3014 2390 est,
3055 2322 3236 2376 donec
3264 2321 3554 2392 impleatur
3589 2315 3752 2372 caelesti

2223 2413 2431 2484 gaudio
2453 2429 2548 2467 cor
2577 2417 2758 2466 tuum.

2297 2504 2421 2558 Rz‘vi
2448 2507 2580 2556 sunt
2606 2499 3019 2572 praedicatores,
3051 2505 3115 2553 ut
3157 2499 3220 2552 in
3251 2497 3514 2552 Psalmis:
3561 2511 3586 2546 ί
3614 2493 3757 2548 Rivos

2225 2592 2346 2662 ejus
2367 2589 2606 2655 inebria,
2628 2589 2942 2661 multiplica
2967 2588 3263 2659 genimina
3296 2584 3458 2660 [ejus]
3479 2583 3540 2652 ²¹,
3563 2603 3584 2636 ι
3611 2583 3657 2637 id
3681 2587 3758 2642 est,

2227 2680 2616 2752 praedicatores
2646 2679 2900 2734 Ecclesiae
2927 2678 3112 2748 gratia
3139 2683 3244 2731 tua
3264 2676 3585 2747 adimple,ut
3608 2671 3762 2726 merito

2225 2769 2465 2842 populus
2484 2769 2542 2823 in
2569 2785 2805 2824 numero
2837 2769 2857 2790 ⁶
2878 2785 2922 2821 s.
2951 2783 3004 2820 a.
3037 2769 3175 2832 Risi,
3205 2765 3396 2838 populi
3425 2763 3617 2828 fideles,
3645 2767 3695 2814 ut
3717 2759 3760 2813 in

2229 2859 2375 2913 Isaia
2407 2877 2416 2910 :
2452 2877 2478 2911 α
2510 2859 2633 2912 Rivi
2661 2857 2924 2912 latissimi
2954 2861 3010 2910 et
3035 2859 3054 2877 '
3086 2861 3351 2928 potentes
3370 2854 3434 2920 ’9,
3471 2874 3490 2904 ι
3521 2853 3571 2907 id
3597 2856 3683 2914 est,
3708 2849 3755 2901 lio

2233 2947 2384 3002 deles
2416 2947 2606 3019 populi
2635 2963 2730 3001 cor
2758 2962 2924 3000 suum
2964 2944 3092 2999 ﬁdei
3115 2945 3454 3016 aperientes.

2304 3039 2493 3093 Rivali
2505 3040 2641 3091 sunt
2654 3035 2802 3090 dona
2823 3034 3066 3106 Spiritus
3095 3033 3302 3102 sancti,
3330 3039 3395 3089 ut
3425 3033 3480 3087 in
3498 3029 3614 3087 Job:
3639 3049 3661 3081 α
3678 3027 3771 3083 Non

2231 3125 2418 3181 videat
2443 3125 2650 3180 rivulos
2675 3123 2925 3180 ﬂuminis
2949 3122 3015 3190 ³³,
3042 3144 3066 3176 ››
3086 3122 3143 3177 id
3173 3129 3286 3190 est,
3305 3139 3418 3178 non
3445 3121 3516 3175 sit
3527 3117 3772 3190 dignusao-

2233 3215 2421 3287 cipere
2442 3215 2590 3270 dona
2620 3213 2864 3286 Spiritus
2892 3212 3092 3268 sancti.
3127 3213 3328 3268 Rivali
3355 3209 3627 3266 sententiae
3645 3221 3775 3260 sacra

2235 3304 2556 3376 Scriptura,
2599 3309 2664 3358 ut
2689 3303 2749 3357 in
2779 3303 3010 3357 Cantica
3045 3319 3056 3354 :
3094 3320 3115 3352 ι
3156 3300 3450 3356 Columba
3492 3313 3645 3370 super
3665 3295 3774 3350 rivos

2235 3409 2512 3465 aquarum
2537 3390 2602 3458 3‘,
2639 3409 2666 3444 ι
2695 3391 2752 3446 id
2779 3395 2883 3457 est,
2903 3389 3298 3462 simplicitates
3327 3389 3524 3445 animae
3537 3383 3778 3442 intenden-

2237 3489 2323 3538 tes
2349 3481 2645 3537 sententiis
2673 3480 3107 3552 Scripturarum.

2309 3574 2408 3627 Ras
2459 3577 2545 3626 est
2601 3585 2848 3641 superna
2899 3567 3327 3640 contemplatio,
3360 3574 3427 3623 ut
3479 3565 3535 3621 in
3581 3559 3777 3620 Genesi:

2244 3680 2266 3712 ι
2299 3661 2409 3715 Det
2435 3659 2537 3714 tibi
2587 3660 2736 3714 Deus
2766 3659 2834 3713 de
2864 3674 2990 3712 rore
3018 3657 3142 3712 οωιί
3170 3655 3240 3712 ³⁵.
3285 3677 3309 3708 ι
3351 3659 3472 3723 Ras,
3503 3654 3596 3710 Dei
3620 3649 3778 3724 gratia.

2239 3755 2304 3806 ut
2327 3751 2383 3804 in
2415 3749 2517 3804 Job
2553 3767 2562 3801 :
2601 3769 2624 3800 ι
2652 3749 2721 3803 Et
2748 3764 2840 3802 ros
2862 3745 3175 3802 morabitur
3205 3763 3269 3800 in
3291 3744 3567 3800 messione
3593 3737 3779 3804 metm»

2243 3839 2298 3894 id
2328 3844 2432 3907 est,
2464 3838 2648 3910 gratia
2695 3836 2796 3891 Dei
2827 3834 3214 3908 perseverabit
3242 3835 3305 3890 in
3336 3833 3647 3907 operatione
3672 3843 3779 3882 mea.

2245 3931 2360 3995 Ras,
2390 3926 2678 4000 plenitudo
2731 3924 3066 3991 sanctitatis,
3102 3929 3169 3979 ut
3224 3925 3288 3979 in
3333 3923 3475 3978 libro
3530 3919 3782 3978 Judicum:

2251 4037 2279 4070 α
2301 4019 2411 4072 Ras
2440 4017 2514 4071 sit
2543 4016 2600 4071 in
2631 4015 2750 4070 solo
2778 4015 2980 4069 vellere
3011 4012 3078 4081 ’7,
3113 4034 3136 4064 »
3164 4014 3320 4086 quod
3351 4030 3466 4086 prae
3493 4009 3684 4067 cunctis
3705 4005 3788 4077 ple-

2246 4105 2442 4160 nitudo
2471 4109 2594 4158 erat
2621 4102 2937 4158 sanctitatis
2959 4102 3016 4156 in
3038 4102 3222 4156 Maria
3251 4102 3486 4173 virgine.
3515 4091 3791 4164 Ros,iuﬁde-

2247 4194 2396 4259 litas,
2429 4198 2496 4248 ut
2540 4193 2600 4247 in
2653 4191 2927 4247 Cantica:
2968 4209 2995 4244 α
3027 4191 3214 4262 Caput
3270 4207 3464 4246 meum
3508 4185 3794 4262 plenumest

2246 4299 2373 4336 rore
2401 4280 2468 4350 ³⁸,
2503 4299 2530 4335 ι
2563 4281 2619 4336 id
2649 4286 2752 4348 est,
2785 4280 3027 4352 praedica
3050 4279 3310 4348 verbum,
3347 4297 3380 4334 ο
3409 4278 3586 4334 amica
3609 4271 3758 4330 ﬁdelis
3783 4287 3793 4332 ς

568 4364 853 4422 Ezechiele
887 4382 897 4416 :
961 4382 987 4418 «
1012 4365 1081 4420 Et
1129 4367 1312 4422 omnis
1357 4369 1668 4424 similitudo
1723 4371 2008 4442 reptilium
2039 4372 2101 4438 ‘3,
2135 4392 2157 4425 ι
2181 4436 2224 4444 _
2248 4371 2397 4444 quod
2430 4371 2576 4426 male
2605 4370 2859 4426 sentiunt
2894 4369 3122 4441 quidam
3145 4369 3216 4424 de
3245 4369 3542 4424 divinitate
3563 4381 3672 4421 sua.

568 4453 719 4524 quod
746 4453 804 4508 in
827 4470 1000 4524 prava
1027 4460 1217 4510 mente
1245 4455 1316 4510 ad
1337 4458 1654 4530 appetitum
1668 4436 2022 4515 terrenarum
2041 4436 2231 4532 pro-D
2263 4436 2284 4444 -
2321 4463 2454 4518 Rosa
2507 4466 2593 4516 est
2643 4465 2819 4515 cetus
2849 4436 3184 4531 martyrum,
3220 4463 3291 4517 ut
3317 4458 3378 4514 in
3409 4457 3546 4512 libro
3575 4449 3798 4509 Ecclesia-

569 4543 736 4599 clives
764 4549 898 4599 sunt
926 4545 1313 4616 cogitationes.

643 4634 762 4688 Rete
819 4639 907 4688 est
952 4634 1199 4689 Ecclesia
1248 4635 1308 4689 in
1353 4636 1566 4703 exsilio,
1591 4642 1655 4692 ut
1711 4638 1770 4692 in
1822 4638 2162 4710 Evangelia:

577 4738 604 4772 α
642 4721 1030 4791 Rumpebatur
1059 4731 1249 4778 autem
1275 4729 1392 4779 rete
1411 4742 1607 4780 eorum
1632 4726 1696 4794 ¹⁴,
1721 4728 1901 4798 equod
1920 4732 2006 4782 tot
2021 4743 2170 4784 nunc

573 4809 632 4863 in
659 4816 912 4865 sanctam
971 4813 1272 4868 Ecclesiam
1328 4815 1561 4876 intrant,
1606 4821 1671 4870 ut
1713 4833 1839 4870 eam
1868 4817 2170 4873 haeresibus

575 4899 851 4954 scindant.
875 4901 1014 4968 Rm,
1047 4902 1292 4956 Ecclesia
1320 4903 1378 4956 in
1408 4919 1602 4974 regno,
1641 4909 1707 4958 ut
1733 4904 1792 4960 in
1820 4905 2118 4975 Evangelia
2153 4922 2166 4962 :

577 4989 782 5044 Mittite
810 4989 869 5043 in
914 4989 1201 5044 dexteram
1229 4991 1437 5061 navigii
1466 4998 1584 5046 rete
1615 4993 1678 5060 ¹⁵,
1718 5013 1740 5044 ι
1776 4993 1923 5064 quod
1976 5000 2170 5050 sancta

575 5079 838 5146 Ecclesia,
871 5079 1095 5150 quando
1123 5080 1182 5134 in
1211 5096 1384 5151 regno
1421 5089 1561 5149 erat,
1595 5082 1664 5136 de
1717 5082 1946 5138 sinistro
2001 5101 2168 5156 opere

575 5168 716 5222 nihil
733 5166 994 5224 habebat.
1027 5170 1166 5234 Ποία,
1201 5176 1508 5240 peccatum,
1543 5177 1606 5225 ut
1634 5171 1688 5226 in
1730 5171 1833 5226 Job
1863 5189 1874 5224 :
1909 5190 1935 5225 α
1971 5173 2165 5228 Immi-

2251 4551 2376 4606 stici
2409 4569 2420 4603 :
2470 4569 2495 4603 «
2519 4550 2692 4615 Quasi
2721 4553 2742 4575 θ
2781 4549 2972 4621 palma
2996 4565 3136 4603 rosa:
3167 4547 3225 4602 in
3258 4547 3487 4603 Iericho
3515 4544 3576 4612 ’⁸,
3611 4564 3630 4596 ι
3652 4540 3700 4595 id
3718 4541 3800 4602 est,

2251 4640 2669 4713 perseverantia
2708 4639 2768 4694 in
2798 4637 3006 4694 mundo
3032 4655 3043 4690 :
3079 4636 3230 4709 quod
3255 4639 3646 4704 Jerosalymam
3669 4629 3805 4683 inter-

2253 4734 2527 4802 pretatur,
2555 4734 2611 4784 et
2665 4726 3092 4782 instabilitatem
3133 4726 3309 4798 hujus
3351 4723 3547 4781 mundi
3575 4720 3803 4790 designat.

2252 4820 2362 4874 Per
2395 4835 2549 4874 rosas
2577 4817 2975 4872 delectationes
3005 4817 3130 4871 vitae
3162 4815 3482 4887 praesentis,
3514 4819 3576 4868 ut
3602 4812 3654 4864 in
3694 4804 3805 4860 libro

2255 4907 2553 4979 Sapientia:
2588 4925 2598 4960 :
2637 4927 2658 4958 ι
2695 4907 3040 4961 Coronemus
3066 4921 3168 4959 nos
3190 4904 3358 4971 rosis,
3379 4908 3670 4973 antequam
3694 4907 3807 4949 mav-

2252 4994 2571 5062 cescant”;
2609 5015 2634 5048 »
2669 4995 2724 5049 id
2758 5000 2862 5063 est,
2882 4994 3152 5049 satiemus
3173 5009 3277 5048 nos
3309 4991 3552 5046 amcenis
3575 4988 3805 5057 hujusse-

2250 5085 2360 5140 culi
2389 5083 2784 5157 voluptatibus,
2808 5088 2865 5139 et
2879 5081 3224 5156 voluptuosis
3257 5082 3385 5153 ejus
3407 5069 3801 5136 ammnitatibusv

2249 5175 2576 5248 priusquam
2605 5174 2887 5230 deﬁciant.

649 5327 682 5402 ί.
699 5329 895 5402 Matth.
924 5342 1045 5402 xm,
1066 5327 1131 5402 Δ4.
1157 5328 1186 5402 ,³
1213 5330 1411 5402 Matth.
1441 5345 1528 5396 xx,
1564 5331 1652 5388 43.
1692 5333 1716 5368 ³
1745 5335 1876 5387 Luc.
1911 5347 2045 5401 xvii,
2077 5333 2130 5387 2.

2233 5336 2299 5390 ἐ.
2333 5349 2504 5402 vau,
2533 5332 2619 5392 33.
2653 5334 2674 5368 ⁵
2698 5334 2812 5390 Jos.
2846 5347 2946 5402 vn,
2972 5330 3067 5402 21.
3109 5331 3132 5366 ⁸
3159 5331 3266 5388 Isa.
3298 5344 3420 5402 xxv,
3453 5327 3605 5402 29.]
3631 5325 3724 5402 I_s_a_.
3749 5328 3806 5375 ιιι

577 5394 631 5452 8.
662 5397 871 5472 gessi.
904 5413 988 5467 ιιι,
1032 5392 1111 5456 ιο.
1147 5400 1358 5472 ⁹ΑΡεειΙ.
1397 5392 1526 5469 1.x",
1571 5401 1614 5460 ι.
1647 5404 1694 5438 ιο
1713 5404 1817 5459 Job
1847 5417 1885 5470 ι,
1921 5403 2004 5462 18.
2034 5392 2090 5440 ἰι
2120 5406 2150 5460 ι

2233 5407 2268 5460 l.
2297 5420 2422 5472 xxv,
2458 5392 2510 5463 2'.
2561 5405 2602 5440 ¹²
2631 5405 2778 5460 Psal.
2807 5392 3049 5470 cm,'25.
3085 5402 3127 5439 ⁸³
3156 5401 3356 5472 Ezech.
3383 5392 3506 5472 vin,
3533 5396 3612 5472 10.
3641 5394 3682 5429 “
3703 5392 3805 5472 L99-

580 5481 632 5548 Σ,
762 5469 808 5548 f5
837 5457 1224 5548 Joan'._x_x1,_6..
1264 5473 1309 5506 ¹⁰
1337 5473 1441 5528 Job
1470 5457 1729 5548 xvii—1L8;
1834 5457 2097 5548 III—Reg.
2115 5457 2150 5548 iv

2233 5457 2368 5534 "23'."
2386 5457 2432 5512 ἀ
2461 5457 2601 5548 Cen.
2631 5457 2757 5544 xii,
2769 5457 2928 5534 6:73
2945 5457 3107 5548 Prov.
3120 5457 3273 5548 μιξιγη
3293 5471 3379 5530 13.
3406 5469 3456 5505 ὀ
3477 5457 3584 5548 I913
3604 5457 3807 5548 vina?!)-

472 5569 480 5578 ~
579 5529 628 5570 ’1'
651 5537 976 5616 PEEL‘IIXIV,
1017 5540 1095 5598 ll.
1124 5529 1308 5616 “Alea.
1324 5559 1488 5616 xxiii,
1519 5529 1686 5604 2116
1706 5546 1810 5616 Job
1835 5529 1928 5614 iii,
1956 5529 2150 5604 I713“!

2233 5529 2396 5616 uttiv,
2430 5529 2599 5603 lini
2624 5529 2765 5604 ééii.
2786 5529 2970 5614 'xxvn,
2995 5529 3087 5604 28.
3116 5544 3164 5580 ’⁸
3190 5529 3311 5600 161;
3328 5556 3481 5608 xxxx,
3514 5541 3601 5597 19.
3641 5535 3684 5571 ’⁷
3702 5529 3809 5588 ιρὰ.

580 5621 655 5678 Vi,
691 5607 778 5665 37.
811 5608 858 5647 ³⁸
884 5611 1046 5667 Cant.
1079 5627 1134 5681 v,
1164 5611 1218 5680 2,
1245 5612 1293 5649 ’θ
1321 5607 1486 5672 Εοοιὶζ
1515 5632 1664 5687 xxxv,
1695 5615 1785 5677 18.
1811 5616 1860 5656 ³ο
1887 5607 2018 5692 Sap.
2042 5633 2104 5688 ιι,
2135 5617 2190 5678 8.
