  <div class='ocr_page' id='page_1' title='image "/cluster/home/n/w/nwhite01/storage/ocr_20150623/112/hvd.32044054759774/527.png"; bbox 0 0 3824 6152; ppageno 0'>
   <div class='ocr_carea' id='block_1_1' title="bbox 431 340 570 402">
    <p class='ocr_par' dir='ltr' id='par_1_1' title="bbox 431 340 570 402">
     <span class='ocr_line' id='line_1_1' title="bbox 431 340 570 402; baseline -0.014 0"><span class='ocrx_word' id='word_1_1' title='bbox 431 340 570 402; x_wconf 69' lang='grc'><strong>1063</strong></span> 
     </span>
    </p>
   </div>
   <div class='ocr_carea' id='block_1_2' title="bbox 1013 337 3104 429">
    <p class='ocr_par' dir='ltr' id='par_1_2' title="bbox 1013 337 3104 429">
     <span class='ocr_line' id='line_1_2' title="bbox 1013 337 3104 429; baseline 0 -33"><span class='ocrx_word' id='word_1_2' title='bbox 1013 339 1079 396; x_wconf 85' lang='grc' dir='ltr'><strong>Β.</strong></span> <span class='ocrx_word' id='word_1_3' title='bbox 1429 339 1661 398; x_wconf 79' lang='lat' dir='ltr'><strong>MAURI</strong></span> <span class='ocrx_word' id='word_1_4' title='bbox 1700 339 2038 398; x_wconf 79' lang='lat' dir='ltr'><strong>ARCHIEP.</strong></span> <span class='ocrx_word' id='word_1_5' title='bbox 2079 339 2403 399; x_wconf 77' lang='lat' dir='ltr'><strong>MOGUNT.</strong></span> <span class='ocrx_word' id='word_1_6' title='bbox 2445 341 2742 400; x_wconf 81' lang='lat' dir='ltr'><strong>OPERUM</strong></span> <span class='ocrx_word' id='word_1_7' title='bbox 2789 341 2974 398; x_wconf 77' lang='lat' dir='ltr'><strong>PARS</strong></span> <span class='ocrx_word' id='word_1_8' title='bbox 3009 342 3104 399; x_wconf 91' lang='lat' dir='ltr'><strong>III.</strong></span> 
     </span>
    </p>
   </div>
   <div class='ocr_carea' id='block_1_3' title="bbox 3514 348 3627 409">
    <p class='ocr_par' dir='ltr' id='par_1_3' title="bbox 3514 348 3627 409">
     <span class='ocr_line' id='line_1_3' title="bbox 3514 348 3627 409; baseline 0.009 -1"><span class='ocrx_word' id='word_1_9' title='bbox 3514 348 3627 409; x_wconf 69' lang='grc'><strong>1014</strong></span> 
     </span>
    </p>
   </div>
   <div class='ocr_carea' id='block_1_4' title="bbox 426 464 3629 546">
    <p class='ocr_par' dir='ltr' id='par_1_4' title="bbox 426 464 3629 546">
     <span class='ocr_line' id='line_1_4' title="bbox 426 464 3629 546; baseline 0.002 -22"><span class='ocrx_word' id='word_1_10' title='bbox 426 467 761 542; x_wconf 81' lang='lat' dir='ltr'><strong>ingloriosos</strong></span> <span class='ocrx_word' id='word_1_11' title='bbox 791 466 830 532; x_wconf 82' lang='grc' dir='ltr'><strong>ι,</strong></span> <span class='ocrx_word' id='word_1_12' title='bbox 867 483 892 518; x_wconf 74' lang='grc' dir='ltr'><strong>ι</strong></span> <span class='ocrx_word' id='word_1_13' title='bbox 920 465 1070 538; x_wconf 88' lang='lat' dir='ltr'><strong>quod</strong></span> <span class='ocrx_word' id='word_1_14' title='bbox 1099 464 1360 538; x_wconf 68' lang='lat' dir='ltr'><strong>praelatos</strong></span> <span class='ocrx_word' id='word_1_15' title='bbox 1383 471 1596 522; x_wconf 70' lang='lat' dir='ltr'><strong>aeterna</strong></span> <span class='ocrx_word' id='word_1_16' title='bbox 1623 482 1734 522; x_wconf 86' lang='lat' dir='ltr'><strong>non</strong></span> <span class='ocrx_word' id='word_1_17' title='bbox 1760 473 2021 522; x_wconf 87' lang='lat' dir='ltr'><strong>remune-</strong></span> <span class='ocrx_word' id='word_1_18' title='bbox 2043 470 2090 530; x_wconf 80' lang='grc' dir='ltr'><strong>Α</strong></span> <span class='ocrx_word' id='word_1_19' title='bbox 2107 467 2226 523; x_wconf 84' lang='lat' dir='ltr'><strong>sine</strong></span> <span class='ocrx_word' id='word_1_20' title='bbox 2259 468 2542 540; x_wconf 86' lang='lat' dir='ltr'><strong>adjutorio</strong></span> <span class='ocrx_word' id='word_1_21' title='bbox 2571 469 2674 524; x_wconf 90' lang='lat' dir='ltr'><strong>Dei</strong></span> <span class='ocrx_word' id='word_1_22' title='bbox 2703 486 2737 525; x_wconf 92' lang='lat' dir='ltr'><strong>a</strong></span> <span class='ocrx_word' id='word_1_23' title='bbox 2766 474 2954 525; x_wconf 85' lang='lat' dir='ltr'><strong>mente</strong></span> <span class='ocrx_word' id='word_1_24' title='bbox 2997 468 3232 524; x_wconf 86' lang='lat' dir='ltr'>hominis</span> <span class='ocrx_word' id='word_1_25' title='bbox 3267 469 3518 527; x_wconf 85' lang='lat' dir='ltr'><strong>diabolum</strong></span> <span class='ocrx_word' id='word_1_26' title='bbox 3551 476 3629 546; x_wconf 88' lang='lat' dir='ltr'><strong>eji-</strong></span> 
     </span>
    </p>
   </div>
   <div class='ocr_carea' id='block_1_5' title="bbox 424 554 2031 630">
    <p class='ocr_par' dir='ltr' id='par_1_5' title="bbox 424 554 2031 630">
     <span class='ocr_line' id='line_1_5' title="bbox 424 554 2031 630; baseline -0.002 -16"><span class='ocrx_word' id='word_1_27' title='bbox 424 563 517 614; x_wconf 81' lang='lat' dir='ltr'><strong>rat</strong></span> <span class='ocrx_word' id='word_1_28' title='bbox 559 555 742 630; x_wconf 89' lang='lat' dir='ltr'><strong>gloria</strong></span> <span class='ocrx_word' id='word_1_29' title='bbox 787 554 884 628; x_wconf 87' lang='lat' dir='ltr'><strong>qui</strong></span> <span class='ocrx_word' id='word_1_30' title='bbox 933 554 992 610; x_wconf 89' lang='lat' dir='ltr'><strong>in</strong></span> <span class='ocrx_word' id='word_1_31' title='bbox 1045 554 1292 612; x_wconf 75' lang='lat' dir='ltr'><strong>utilitate</strong></span> <span class='ocrx_word' id='word_1_32' title='bbox 1339 555 1721 628; x_wconf 87' lang='lat' dir='ltr'><strong>subjectorum</strong></span> <span class='ocrx_word' id='word_1_33' title='bbox 1774 572 1886 611; x_wconf 91' lang='lat' dir='ltr'><strong>non</strong></span> <span class='ocrx_word' id='word_1_34' title='bbox 1915 557 2031 627; x_wconf 84' lang='lat' dir='ltr'><strong>glo-</strong></span> 
     </span>
    </p>
   </div>
   <div class='ocr_carea' id='block_1_6' title="bbox 427 646 665 706">
    <p class='ocr_par' dir='ltr' id='par_1_6' title="bbox 427 646 665 706">
     <span class='ocr_line' id='line_1_6' title="bbox 427 646 665 706; baseline -0.029 1"><span class='ocrx_word' id='word_1_35' title='bbox 427 646 665 706; x_wconf 76' lang='lat' dir='ltr'><strong>riantur.</strong></span> 
     </span>
    </p>
   </div>
   <div class='ocr_carea' id='block_1_7' title="bbox 495 733 2030 808">
    <p class='ocr_par' dir='ltr' id='par_1_7' title="bbox 495 733 2030 808">
     <span class='ocr_line' id='line_1_7' title="bbox 495 733 2030 808; baseline -0.005 -13"><span class='ocrx_word' id='word_1_36' title='bbox 495 737 696 795; x_wconf 82' lang='lat' dir='ltr'><strong>Saccus</strong></span> <span class='ocrx_word' id='word_1_37' title='bbox 735 740 822 791; x_wconf 90' lang='lat' dir='ltr'><strong>est</strong></span> <span class='ocrx_word' id='word_1_38' title='bbox 859 733 1212 808; x_wconf 70' lang='lat' dir='ltr'><strong>paenitentia,</strong></span> <span class='ocrx_word' id='word_1_39' title='bbox 1227 739 1294 791; x_wconf 89' lang='lat' dir='ltr'><strong>ut</strong></span> <span class='ocrx_word' id='word_1_40' title='bbox 1316 736 1375 790; x_wconf 91' lang='lat' dir='ltr'><strong>in</strong></span> <span class='ocrx_word' id='word_1_41' title='bbox 1399 735 1540 791; x_wconf 88' lang='lat' dir='ltr'><strong>Job:</strong></span> <span class='ocrx_word' id='word_1_42' title='bbox 1571 753 1598 789; x_wconf 73' lang='grc' dir='ltr'>α</span> <span class='ocrx_word' id='word_1_43' title='bbox 1633 736 1863 792; x_wconf 88' lang='lat' dir='ltr'><strong>Saccum</strong></span> <span class='ocrx_word' id='word_1_44' title='bbox 1895 751 2030 788; x_wconf 88' lang='lat' dir='ltr'><strong>con-</strong></span> 
     </span>
    </p>
   </div>
   <div class='ocr_carea' id='block_1_8' title="bbox 423 823 2031 899">
    <p class='ocr_par' dir='ltr' id='par_1_8' title="bbox 423 823 2031 899">
     <span class='ocr_line' id='line_1_8' title="bbox 423 823 2031 899; baseline -0.004 -14"><span class='ocrx_word' id='word_1_45' title='bbox 423 826 513 885; x_wconf 87' lang='lat' dir='ltr'><strong>sui</strong></span> <span class='ocrx_word' id='word_1_46' title='bbox 541 841 714 899; x_wconf 84' lang='lat' dir='ltr'><strong>super</strong></span> <span class='ocrx_word' id='word_1_47' title='bbox 740 830 928 881; x_wconf 85' lang='lat' dir='ltr'><strong>cutem</strong></span> <span class='ocrx_word' id='word_1_48' title='bbox 951 823 994 891; x_wconf 78' lang='grc'>³,</span> <span class='ocrx_word' id='word_1_49' title='bbox 1039 843 1062 876; x_wconf 75' lang='grc' dir='ltr'><strong>ι</strong></span> <span class='ocrx_word' id='word_1_50' title='bbox 1097 825 1155 880; x_wconf 89' lang='lat' dir='ltr'><strong>id</strong></span> <span class='ocrx_word' id='word_1_51' title='bbox 1185 834 1288 893; x_wconf 89' lang='lat' dir='ltr'><strong>est,</strong></span> <span class='ocrx_word' id='word_1_52' title='bbox 1323 841 1425 898; x_wconf 89' lang='lat' dir='ltr'><strong>per</strong></span> <span class='ocrx_word' id='word_1_53' title='bbox 1450 824 1795 898; x_wconf 77' lang='lat' dir='ltr'><strong>poenitentiae</strong></span> <span class='ocrx_word' id='word_1_54' title='bbox 1821 823 2031 896; x_wconf 89' lang='lat' dir='ltr'><strong>asperi-</strong></span> 
     </span>
    </p>
   </div>
   <div class='ocr_carea' id='block_1_9' title="bbox 427 913 2029 987">
    <p class='ocr_par' dir='ltr' id='par_1_9' title="bbox 427 913 2029 987">
     <span class='ocr_line' id='line_1_9' title="bbox 427 913 2029 987; baseline -0.004 -14"><span class='ocrx_word' id='word_1_55' title='bbox 427 921 604 973; x_wconf 88' lang='lat' dir='ltr'><strong>tatem</strong></span> <span class='ocrx_word' id='word_1_56' title='bbox 633 914 902 987; x_wconf 85' lang='lat' dir='ltr'><strong>castigavi</strong></span> <span class='ocrx_word' id='word_1_57' title='bbox 921 914 1216 970; x_wconf 85' lang='lat' dir='ltr'><strong>mollitiem</strong></span> <span class='ocrx_word' id='word_1_58' title='bbox 1246 931 1451 970; x_wconf 90' lang='lat' dir='ltr'><strong>meam.</strong></span> <span class='ocrx_word' id='word_1_59' title='bbox 1472 915 1691 981; x_wconf 87' lang='lat' dir='ltr'><strong>Saccus,</strong></span> <span class='ocrx_word' id='word_1_60' title='bbox 1716 913 2029 968; x_wconf 74' lang='lat' dir='ltr'><strong>mortalitas</strong></span> 
     </span>
    </p>
   </div>
   <div class='ocr_carea' id='block_1_10' title="bbox 429 1004 2024 1074">
    <p class='ocr_par' dir='ltr' id='par_1_10' title="bbox 429 1004 2024 1074">
     <span class='ocr_line' id='line_1_10' title="bbox 429 1004 2024 1074; baseline -0.006 -9"><span class='ocrx_word' id='word_1_61' title='bbox 429 1013 640 1074; x_wconf 89' lang='lat' dir='ltr'><strong>nostra,</strong></span> <span class='ocrx_word' id='word_1_62' title='bbox 663 1009 729 1061; x_wconf 92' lang='lat' dir='ltr'><strong>ut</strong></span> <span class='ocrx_word' id='word_1_63' title='bbox 755 1005 815 1060; x_wconf 92' lang='lat' dir='ltr'><strong>in</strong></span> <span class='ocrx_word' id='word_1_64' title='bbox 830 1004 1070 1061; x_wconf 82' lang='lat' dir='ltr'><strong>Psalmis</strong></span> <span class='ocrx_word' id='word_1_65' title='bbox 1097 1022 1110 1058; x_wconf 94' lang='lat'><strong>:</strong></span> <span class='ocrx_word' id='word_1_66' title='bbox 1148 1026 1171 1054; x_wconf 73' lang='grc' dir='ltr'>ι</span> <span class='ocrx_word' id='word_1_67' title='bbox 1199 1005 1533 1060; x_wconf 87' lang='lat' dir='ltr'><strong>Conscidisti</strong></span> <span class='ocrx_word' id='word_1_68' title='bbox 1561 1020 1782 1060; x_wconf 89' lang='lat' dir='ltr'><strong>saccum</strong></span> <span class='ocrx_word' id='word_1_69' title='bbox 1813 1019 2024 1069; x_wconf 89' lang='lat' dir='ltr'><strong>meum,</strong></span> 
     </span>
    </p>
   </div>
   <div class='ocr_carea' id='block_1_11' title="bbox 427 1092 2028 1164">
    <p class='ocr_par' dir='ltr' id='par_1_11' title="bbox 427 1092 2028 1164">
     <span class='ocr_line' id='line_1_11' title="bbox 427 1092 2028 1164; baseline -0.005 -10"><span class='ocrx_word' id='word_1_70' title='bbox 427 1102 488 1154; x_wconf 88' lang='lat' dir='ltr'><strong>et</strong></span> <span class='ocrx_word' id='word_1_71' title='bbox 513 1093 877 1152; x_wconf 82' lang='lat' dir='ltr'><strong>circumdasti</strong></span> <span class='ocrx_word' id='word_1_72' title='bbox 895 1093 1207 1149; x_wconf 68' lang='lat' dir='ltr'><strong>me&#39;letitia</strong></span> <span class='ocrx_word' id='word_1_73' title='bbox 1225 1093 1266 1160; x_wconf 79' lang='grc'><strong>³,</strong></span> <span class='ocrx_word' id='word_1_74' title='bbox 1299 1113 1323 1145; x_wconf 75' lang='grc' dir='ltr'><strong>ι</strong></span> <span class='ocrx_word' id='word_1_75' title='bbox 1356 1093 1414 1148; x_wconf 89' lang='lat' dir='ltr'><strong>id</strong></span> <span class='ocrx_word' id='word_1_76' title='bbox 1443 1098 1546 1161; x_wconf 89' lang='lat' dir='ltr'><strong>est,</strong></span> <span class='ocrx_word' id='word_1_77' title='bbox 1582 1092 1784 1164; x_wconf 88' lang='lat' dir='ltr'><strong>rupisti</strong></span> <span class='ocrx_word' id='word_1_78' title='bbox 1814 1096 2028 1147; x_wconf 89' lang='lat' dir='ltr'><strong>morta-</strong></span> 
     </span>
    </p>
   </div>
   <div class='ocr_carea' id='block_1_12' title="bbox 427 1180 2022 1254">
    <p class='ocr_par' dir='ltr' id='par_1_12' title="bbox 427 1180 2022 1254">
     <span class='ocr_line' id='line_1_12' title="bbox 427 1180 2022 1254; baseline -0.004 -12"><span class='ocrx_word' id='word_1_79' title='bbox 427 1186 647 1243; x_wconf 91' lang='lat' dir='ltr'><strong>litatem</strong></span> <span class='ocrx_word' id='word_1_80' title='bbox 675 1200 881 1251; x_wconf 86' lang='lat' dir='ltr'><strong>meam,</strong></span> <span class='ocrx_word' id='word_1_81' title='bbox 915 1189 974 1239; x_wconf 90' lang='lat' dir='ltr'><strong>et</strong></span> <span class='ocrx_word' id='word_1_82' title='bbox 990 1183 1205 1238; x_wconf 89' lang='lat' dir='ltr'><strong>vestisti</strong></span> <span class='ocrx_word' id='word_1_83' title='bbox 1237 1199 1328 1238; x_wconf 90' lang='lat' dir='ltr'><strong>me</strong></span> <span class='ocrx_word' id='word_1_84' title='bbox 1345 1182 1530 1254; x_wconf 78' lang='lat' dir='ltr'><strong>gloria</strong></span> <span class='ocrx_word' id='word_1_85' title='bbox 1558 1180 2022 1238; x_wconf 72' lang='lat' dir='ltr'><strong>immortalitatis.</strong></span> 
     </span>
    </p>
   </div>
   <div class='ocr_carea' id='block_1_13' title="bbox 427 1260 2027 1342">
    <p class='ocr_par' dir='ltr' id='par_1_13' title="bbox 427 1260 2027 1342">
     <span class='ocr_line' id='line_1_13' title="bbox 427 1260 2027 1342; baseline -0.004 -10"><span class='ocrx_word' id='word_1_86' title='bbox 427 1260 647 1342; x_wconf 73' lang='lat' dir='ltr'><strong>Saccus,</strong></span> <span class='ocrx_word' id='word_1_87' title='bbox 673 1288 833 1330; x_wconf 88' lang='lat' dir='ltr'><strong>mens</strong></span> <span class='ocrx_word' id='word_1_88' title='bbox 851 1271 1116 1338; x_wconf 77' lang='lat' dir='ltr'><strong>hominis,</strong></span> <span class='ocrx_word' id='word_1_89' title='bbox 1138 1276 1205 1326; x_wconf 93' lang='lat' dir='ltr'><strong>ut</strong></span> <span class='ocrx_word' id='word_1_90' title='bbox 1229 1271 1288 1326; x_wconf 89' lang='lat' dir='ltr'><strong>in</strong></span> <span class='ocrx_word' id='word_1_91' title='bbox 1304 1271 1510 1328; x_wconf 81' lang='lat' dir='ltr'><strong>Genesi</strong></span> <span class='ocrx_word' id='word_1_92' title='bbox 1537 1290 1549 1326; x_wconf 91' lang='lat'><strong>:</strong></span> <span class='ocrx_word' id='word_1_93' title='bbox 1576 1289 1603 1324; x_wconf 73' lang='grc' dir='ltr'><strong><em>α</em></strong></span> <span class='ocrx_word' id='word_1_94' title='bbox 1628 1270 1850 1326; x_wconf 83' lang='lat' dir='ltr'><strong>Invenit</strong></span> <span class='ocrx_word' id='word_1_95' title='bbox 1877 1272 1898 1294; x_wconf 78' lang='grc'><strong><em>⁶</em></strong></span> <span class='ocrx_word' id='word_1_96' title='bbox 1919 1269 2027 1325; x_wconf 86' lang='lat' dir='ltr'><strong>sci-</strong></span> 
     </span>
    </p>
   </div>
   <div class='ocr_carea' id='block_1_14' title="bbox 427 1359 2024 1438">
    <p class='ocr_par' dir='ltr' id='par_1_14' title="bbox 427 1359 2024 1438">
     <span class='ocr_line' id='line_1_14' title="bbox 427 1359 2024 1438; baseline -0.005 -17"><span class='ocrx_word' id='word_1_97' title='bbox 427 1364 604 1438; x_wconf 90' lang='lat' dir='ltr'><strong>phum</strong></span> <span class='ocrx_word' id='word_1_98' title='bbox 633 1363 692 1418; x_wconf 91' lang='lat' dir='ltr'><strong>in</strong></span> <span class='ocrx_word' id='word_1_99' title='bbox 725 1377 886 1418; x_wconf 88' lang='lat' dir='ltr'><strong>sacco</strong></span> <span class='ocrx_word' id='word_1_100' title='bbox 914 1360 1210 1432; x_wconf 89' lang='lat' dir='ltr'><strong>Benjamin</strong></span> <span class='ocrx_word' id='word_1_101' title='bbox 1234 1360 1278 1426; x_wconf 81' lang='grc'><strong>⁴,</strong></span> <span class='ocrx_word' id='word_1_102' title='bbox 1311 1379 1336 1413; x_wconf 73' lang='grc' dir='ltr'><strong>ι)</strong></span> <span class='ocrx_word' id='word_1_103' title='bbox 1371 1361 1522 1433; x_wconf 89' lang='lat' dir='ltr'><strong>quod</strong></span> <span class='ocrx_word' id='word_1_104' title='bbox 1550 1360 1831 1433; x_wconf 83' lang='lat' dir='ltr'><strong>sapientia</strong></span> <span class='ocrx_word' id='word_1_105' title='bbox 1856 1359 2024 1414; x_wconf 85' lang='lat' dir='ltr'><strong>Chri--</strong></span> 
     </span>
    </p>
   </div>
   <div class='ocr_carea' id='block_1_15' title="bbox 429 1449 1412 1526">
    <p class='ocr_par' dir='ltr' id='par_1_15' title="bbox 429 1449 1412 1526">
     <span class='ocr_line' id='line_1_15' title="bbox 429 1449 1412 1526; baseline -0.007 -16"><span class='ocrx_word' id='word_1_106' title='bbox 429 1453 502 1510; x_wconf 90' lang='lat' dir='ltr'><strong>sti</strong></span> <span class='ocrx_word' id='word_1_107' title='bbox 531 1451 809 1526; x_wconf 77' lang='lat' dir='ltr'><strong>requievit</strong></span> <span class='ocrx_word' id='word_1_108' title='bbox 827 1450 886 1506; x_wconf 90' lang='lat' dir='ltr'><strong>in</strong></span> <span class='ocrx_word' id='word_1_109' title='bbox 912 1450 1079 1506; x_wconf 90' lang='lat' dir='ltr'><strong>corde</strong></span> <span class='ocrx_word' id='word_1_110' title='bbox 1096 1453 1122 1476; x_wconf 65' lang='grc' dir='ltr'>ί</span> <span class='ocrx_word' id='word_1_111' title='bbox 1150 1449 1412 1522; x_wconf 86' lang='lat' dir='ltr'><strong>apostoli.</strong></span> 
     </span>
    </p>
   </div>
   <div class='ocr_carea' id='block_1_16' title="bbox 499 1537 2027 1610">
    <p class='ocr_par' dir='ltr' id='par_1_16' title="bbox 499 1537 2027 1610">
     <span class='ocr_line' id='line_1_16' title="bbox 499 1537 2027 1610; baseline -0.004 -12"><span class='ocrx_word' id='word_1_112' title='bbox 499 1542 761 1598; x_wconf 80' lang='lat' dir='ltr'><strong>Saccutus</strong></span> <span class='ocrx_word' id='word_1_113' title='bbox 789 1545 876 1594; x_wconf 87' lang='lat' dir='ltr'><strong>est</strong></span> <span class='ocrx_word' id='word_1_114' title='bbox 900 1538 1126 1594; x_wconf 89' lang='lat' dir='ltr'><strong>animus</strong></span> <span class='ocrx_word' id='word_1_115' title='bbox 1154 1538 1466 1610; x_wconf 79' lang='lat' dir='ltr'><strong>negligens,</strong></span> <span class='ocrx_word' id='word_1_116' title='bbox 1491 1543 1559 1596; x_wconf 92' lang='lat' dir='ltr'><strong>ut</strong></span> <span class='ocrx_word' id='word_1_117' title='bbox 1575 1539 1634 1594; x_wconf 89' lang='lat' dir='ltr'><strong>in</strong></span> <span class='ocrx_word' id='word_1_118' title='bbox 1660 1539 1856 1610; x_wconf 74' lang='lat' dir='ltr'><strong>‘lege:</strong></span> <span class='ocrx_word' id='word_1_119' title='bbox 1885 1557 1911 1590; x_wconf 78' lang='grc' dir='ltr'>ι</span> <span class='ocrx_word' id='word_1_120' title='bbox 1927 1537 2027 1592; x_wconf 86' lang='lat' dir='ltr'><strong>Mi-</strong></span> 
     </span>
    </p>
   </div>
   <div class='ocr_carea' id='block_1_17' title="bbox 428 1627 2026 1702">
    <p class='ocr_par' dir='ltr' id='par_1_17' title="bbox 428 1627 2026 1702">
     <span class='ocr_line' id='line_1_17' title="bbox 428 1627 2026 1702; baseline -0.004 -13"><span class='ocrx_word' id='word_1_121' title='bbox 428 1631 504 1689; x_wconf 88' lang='lat' dir='ltr'><strong>sit</strong></span> <span class='ocrx_word' id='word_1_122' title='bbox 530 1647 626 1688; x_wconf 90' lang='lat' dir='ltr'><strong>eas</strong></span> <span class='ocrx_word' id='word_1_123' title='bbox 645 1630 703 1686; x_wconf 89' lang='lat' dir='ltr'><strong>in</strong></span> <span class='ocrx_word' id='word_1_124' title='bbox 731 1629 1018 1690; x_wconf 82' lang='lat' dir='ltr'><strong>saeculum</strong></span> <span class='ocrx_word' id='word_1_125' title='bbox 1046 1633 1336 1702; x_wconf 87' lang='lat' dir='ltr'><strong>pertusum</strong></span> <span class='ocrx_word' id='word_1_126' title='bbox 1367 1628 1409 1694; x_wconf 80' lang='grc'><strong>⁵,</strong></span> <span class='ocrx_word' id='word_1_127' title='bbox 1442 1644 1465 1680; x_wconf 73' lang='grc' dir='ltr'><strong><em>ι</em></strong></span> <span class='ocrx_word' id='word_1_128' title='bbox 1501 1628 1651 1700; x_wconf 90' lang='lat' dir='ltr'><strong>quod</strong></span> <span class='ocrx_word' id='word_1_129' title='bbox 1673 1627 1896 1683; x_wconf 89' lang='lat' dir='ltr'><strong>animus</strong></span> <span class='ocrx_word' id='word_1_130' title='bbox 1924 1643 2026 1683; x_wconf 87' lang='lat' dir='ltr'><strong>ne-</strong></span> 
     </span>
    </p>
   </div>
   <div class='ocr_carea' id='block_1_18' title="bbox 426 1715 2022 1794">
    <p class='ocr_par' dir='ltr' id='par_1_18' title="bbox 426 1715 2022 1794">
     <span class='ocr_line' id='line_1_18' title="bbox 426 1715 2022 1794; baseline -0.004 -16"><span class='ocrx_word' id='word_1_131' title='bbox 426 1720 644 1794; x_wconf 89' lang='lat' dir='ltr'><strong>gligens</strong></span> <span class='ocrx_word' id='word_1_132' title='bbox 663 1719 893 1786; x_wconf 90' lang='lat' dir='ltr'><strong>bonum,</strong></span> <span class='ocrx_word' id='word_1_133' title='bbox 916 1718 1066 1791; x_wconf 91' lang='lat' dir='ltr'><strong>quod</strong></span> <span class='ocrx_word' id='word_1_134' title='bbox 1099 1717 1268 1772; x_wconf 90' lang='lat' dir='ltr'><strong>modo</strong></span> <span class='ocrx_word' id='word_1_135' title='bbox 1286 1716 1546 1789; x_wconf 88' lang='lat' dir='ltr'><strong>acquirit,</strong></span> <span class='ocrx_word' id='word_1_136' title='bbox 1570 1717 1763 1772; x_wconf 82' lang='lat' dir='ltr'><strong>statim</strong></span> <span class='ocrx_word' id='word_1_137' title='bbox 1793 1715 2022 1771; x_wconf 71' lang='lat' dir='ltr'><strong>amittit.</strong></span> 
     </span>
    </p>
   </div>
   <div class='ocr_carea' id='block_1_19' title="bbox 2111 559 2968 630">
    <p class='ocr_par' dir='ltr' id='par_1_19' title="bbox 2111 559 2968 630">
     <span class='ocr_line' id='line_1_19' title="bbox 2111 559 2968 630; baseline 0.004 -19"><span class='ocrx_word' id='word_1_138' title='bbox 2111 573 2238 612; x_wconf 88' lang='lat' dir='ltr'><strong>cere</strong></span> <span class='ocrx_word' id='word_1_139' title='bbox 2267 573 2381 612; x_wconf 90' lang='lat' dir='ltr'><strong>non</strong></span> <span class='ocrx_word' id='word_1_140' title='bbox 2409 563 2594 630; x_wconf 85' lang='lat' dir='ltr'><strong>potest</strong></span> <span class='ocrx_word' id='word_1_141' title='bbox 2621 559 2968 630; x_wconf 67' lang='lat' dir='ltr'><strong>praedicator.</strong></span> 
     </span>
    </p>
   </div>
   <div class='ocr_carea' id='block_1_20' title="bbox 2181 645 3636 719">
    <p class='ocr_par' dir='ltr' id='par_1_20' title="bbox 2181 645 3636 719">
     <span class='ocr_line' id='line_1_20' title="bbox 2181 645 3636 719; baseline 0.003 -18"><span class='ocrx_word' id='word_1_142' title='bbox 2181 645 2399 716; x_wconf 81' lang='lat' dir='ltr'><strong>Sagitta</strong></span> <span class='ocrx_word' id='word_1_143' title='bbox 2422 654 2509 702; x_wconf 89' lang='lat' dir='ltr'><strong>est</strong></span> <span class='ocrx_word' id='word_1_144' title='bbox 2538 664 2722 702; x_wconf 88' lang='lat' dir='ltr'><strong>sermo</strong></span> <span class='ocrx_word' id='word_1_145' title='bbox 2753 648 2872 704; x_wconf 88' lang='lat' dir='ltr'><strong>Dei.</strong></span> <span class='ocrx_word' id='word_1_146' title='bbox 2904 653 2968 702; x_wconf 91' lang='lat' dir='ltr'><strong>ut</strong></span> <span class='ocrx_word' id='word_1_147' title='bbox 2997 647 3053 702; x_wconf 91' lang='lat' dir='ltr'><strong>in</strong></span> <span class='ocrx_word' id='word_1_148' title='bbox 3079 647 3215 703; x_wconf 91' lang='lat' dir='ltr'><strong>libro</strong></span> <span class='ocrx_word' id='word_1_149' title='bbox 3239 649 3438 719; x_wconf 85' lang='lat' dir='ltr'><strong>Regum</strong></span> <span class='ocrx_word' id='word_1_150' title='bbox 3469 667 3481 704; x_wconf 89' lang='lat'><strong>:</strong></span> <span class='ocrx_word' id='word_1_151' title='bbox 3507 671 3526 702; x_wconf 82' lang='grc'>‹</span> <span class='ocrx_word' id='word_1_152' title='bbox 3559 653 3636 706; x_wconf 88' lang='lat' dir='ltr'><strong>Sa-</strong></span> 
     </span>
    </p>
   </div>
   <div class='ocr_carea' id='block_1_21' title="bbox 2110 736 3640 809">
    <p class='ocr_par' dir='ltr' id='par_1_21' title="bbox 2110 736 3640 809">
     <span class='ocr_line' id='line_1_21' title="bbox 2110 736 3640 809; baseline 0.003 -19"><span class='ocrx_word' id='word_1_153' title='bbox 2110 736 2255 807; x_wconf 86' lang='lat' dir='ltr'><strong>gitta</strong></span> <span class='ocrx_word' id='word_1_154' title='bbox 2273 736 2526 792; x_wconf 70' lang='lat' dir='ltr'><strong>Jonatha:</strong></span> <span class='ocrx_word' id='word_1_155' title='bbox 2545 739 2564 759; x_wconf 81' lang='lat'>&#39;</span> <span class='ocrx_word' id='word_1_156' title='bbox 2588 753 2810 792; x_wconf 87' lang='lat' dir='ltr'><strong>reversa</strong></span> <span class='ocrx_word' id='word_1_157' title='bbox 2838 742 2923 791; x_wconf 92' lang='lat' dir='ltr'><strong>est</strong></span> <span class='ocrx_word' id='word_1_158' title='bbox 2943 742 3243 791; x_wconf 80' lang='lat' dir='ltr'><strong>retrorsum</strong></span> <span class='ocrx_word' id='word_1_159' title='bbox 3259 737 3321 806; x_wconf 77' lang='grc'><strong>¹⁶,</strong></span> <span class='ocrx_word' id='word_1_160' title='bbox 3353 757 3376 790; x_wconf 65' lang='grc' dir='ltr'><strong>ν</strong></span> <span class='ocrx_word' id='word_1_161' title='bbox 3405 739 3534 809; x_wconf 89' lang='lat' dir='ltr'><strong>quod</strong></span> <span class='ocrx_word' id='word_1_162' title='bbox 3549 757 3640 794; x_wconf 82' lang='lat' dir='ltr'><strong>ver-</strong></span> 
     </span>
    </p>
   </div>
   <div class='ocr_carea' id='block_1_22' title="bbox 2112 823 3639 893">
    <p class='ocr_par' dir='ltr' id='par_1_22' title="bbox 2112 823 3639 893">
     <span class='ocr_line' id='line_1_22' title="bbox 2112 823 3639 893; baseline 0.003 -15"><span class='ocrx_word' id='word_1_163' title='bbox 2112 823 2246 879; x_wconf 87' lang='lat' dir='ltr'><strong>bum</strong></span> <span class='ocrx_word' id='word_1_164' title='bbox 2291 825 2514 880; x_wconf 88' lang='lat' dir='ltr'><strong>Domini</strong></span> <span class='ocrx_word' id='word_1_165' title='bbox 2549 842 2660 880; x_wconf 90' lang='lat' dir='ltr'><strong>non</strong></span> <span class='ocrx_word' id='word_1_166' title='bbox 2710 831 3023 881; x_wconf 86' lang='lat' dir='ltr'><strong>revertetur</strong></span> <span class='ocrx_word' id='word_1_167' title='bbox 3051 826 3119 879; x_wconf 87' lang='lat' dir='ltr'><strong>ad</strong></span> <span class='ocrx_word' id='word_1_168' title='bbox 3150 842 3274 880; x_wconf 91' lang='lat' dir='ltr'><strong>eum</strong></span> <span class='ocrx_word' id='word_1_169' title='bbox 3311 843 3539 893; x_wconf 89' lang='lat' dir='ltr'><strong>vacuum,</strong></span> <span class='ocrx_word' id='word_1_170' title='bbox 3565 830 3639 883; x_wconf 72' lang='lat' dir='ltr'><strong>sed</strong></span> 
     </span>
    </p>
   </div>
   <div class='ocr_carea' id='block_1_23' title="bbox 2109 913 3643 987">
    <p class='ocr_par' dir='ltr' id='par_1_23' title="bbox 2109 913 3643 987">
     <span class='ocr_line' id='line_1_23' title="bbox 2109 913 3643 987; baseline 0.003 -19"><span class='ocrx_word' id='word_1_171' title='bbox 2109 913 2278 968; x_wconf 85' lang='lat' dir='ltr'><strong>faciet</strong></span> <span class='ocrx_word' id='word_1_172' title='bbox 2319 931 2662 987; x_wconf 67' lang='lat' dir='ltr'><strong>quaecunque</strong></span> <span class='ocrx_word' id='word_1_173' title='bbox 2717 915 2973 969; x_wconf 90' lang='lat' dir='ltr'><strong>voluerit.</strong></span> <span class='ocrx_word' id='word_1_174' title='bbox 3022 913 3250 984; x_wconf 78' lang='lat' dir='ltr'><strong>Sagitta,</strong></span> <span class='ocrx_word' id='word_1_175' title='bbox 3293 915 3643 972; x_wconf 81' lang='lat' dir='ltr'><strong>animadversio</strong></span> 
     </span>
    </p>
   </div>
   <div class='ocr_carea' id='block_1_24' title="bbox 2111 1003 3643 1074">
    <p class='ocr_par' dir='ltr' id='par_1_24' title="bbox 2111 1003 3643 1074">
     <span class='ocr_line' id='line_1_24' title="bbox 2111 1003 3643 1074; baseline 0.001 -16"><span class='ocrx_word' id='word_1_176' title='bbox 2111 1003 2356 1071; x_wconf 90' lang='lat' dir='ltr'><strong>Domini,</strong></span> <span class='ocrx_word' id='word_1_177' title='bbox 2383 1009 2448 1060; x_wconf 89' lang='lat' dir='ltr'><strong>ut</strong></span> <span class='ocrx_word' id='word_1_178' title='bbox 2477 1004 2534 1058; x_wconf 93' lang='lat' dir='ltr'><strong>in</strong></span> <span class='ocrx_word' id='word_1_179' title='bbox 2579 1003 2721 1058; x_wconf 91' lang='lat' dir='ltr'><strong>libro</strong></span> <span class='ocrx_word' id='word_1_180' title='bbox 2753 1005 2967 1074; x_wconf 83' lang='lat' dir='ltr'><strong>Regum</strong></span> <span class='ocrx_word' id='word_1_181' title='bbox 3004 1023 3014 1057; x_wconf 93' lang='lat'>:</span> <span class='ocrx_word' id='word_1_182' title='bbox 3053 1024 3078 1055; x_wconf 83' lang='lat'><strong><em>«</em></strong></span> <span class='ocrx_word' id='word_1_183' title='bbox 3112 1003 3325 1074; x_wconf 81' lang='lat' dir='ltr'><strong>Sagitta</strong></span> <span class='ocrx_word' id='word_1_184' title='bbox 3365 1005 3539 1058; x_wconf 87' lang='lat' dir='ltr'><strong>salutis</strong></span> <span class='ocrx_word' id='word_1_185' title='bbox 3561 1005 3643 1060; x_wconf 92' lang='lat' dir='ltr'><strong>Do-</strong></span> 
     </span>
    </p>
   </div>
   <div class='ocr_carea' id='block_1_25' title="bbox 2109 1092 3644 1165">
    <p class='ocr_par' dir='ltr' id='par_1_25' title="bbox 2109 1092 3644 1165">
     <span class='ocr_line' id='line_1_25' title="bbox 2109 1092 3644 1165; baseline 0.002 -19"><span class='ocrx_word' id='word_1_186' title='bbox 2109 1092 2251 1147; x_wconf 90' lang='lat' dir='ltr'><strong>mini</strong></span> <span class='ocrx_word' id='word_1_187' title='bbox 2271 1098 2467 1148; x_wconf 89' lang='lat' dir='ltr'><strong>contra</strong></span> <span class='ocrx_word' id='word_1_188' title='bbox 2488 1093 2709 1165; x_wconf 77' lang='lat' dir='ltr'><strong>Syriam</strong></span> <span class='ocrx_word' id='word_1_189' title='bbox 2731 1093 2794 1160; x_wconf 72' lang='lat'><strong>&#39;7,</strong></span> <span class='ocrx_word' id='word_1_190' title='bbox 2830 1113 2856 1145; x_wconf 82' lang='lat'>»</span> <span class='ocrx_word' id='word_1_191' title='bbox 2890 1093 2946 1146; x_wconf 88' lang='lat' dir='ltr'><strong>id</strong></span> <span class='ocrx_word' id='word_1_192' title='bbox 2976 1098 3080 1160; x_wconf 87' lang='lat' dir='ltr'><strong>est,</strong></span> <span class='ocrx_word' id='word_1_193' title='bbox 3103 1093 3173 1146; x_wconf 89' lang='lat' dir='ltr'><strong>ad</strong></span> <span class='ocrx_word' id='word_1_194' title='bbox 3204 1092 3429 1147; x_wconf 82' lang='lat' dir='ltr'><strong>salutem</strong></span> <span class='ocrx_word' id='word_1_195' title='bbox 3457 1098 3588 1148; x_wconf 85' lang='lat' dir='ltr'><strong>tuam</strong></span> <span class='ocrx_word' id='word_1_196' title='bbox 3601 1099 3644 1149; x_wconf 82' lang='lat' dir='ltr'><strong>et</strong></span> 
     </span>
    </p>
   </div>
   <div class='ocr_carea' id='block_1_26' title="bbox 2109 1179 3645 1252">
    <p class='ocr_par' dir='ltr' id='par_1_26' title="bbox 2109 1179 3645 1252">
     <span class='ocr_line' id='line_1_26' title="bbox 2109 1179 3645 1252; baseline 0 -17"><span class='ocrx_word' id='word_1_197' title='bbox 2109 1181 2299 1252; x_wconf 89' lang='lat' dir='ltr'><strong>populi</strong></span> <span class='ocrx_word' id='word_1_198' title='bbox 2329 1181 2503 1237; x_wconf 86' lang='lat' dir='ltr'><strong>Israel</strong></span> <span class='ocrx_word' id='word_1_199' title='bbox 2531 1180 2804 1236; x_wconf 90' lang='lat' dir='ltr'><strong>Dominus</strong></span> <span class='ocrx_word' id='word_1_200' title='bbox 2823 1179 2986 1236; x_wconf 88' lang='lat' dir='ltr'><strong>feriet</strong></span> <span class='ocrx_word' id='word_1_201' title='bbox 3005 1181 3223 1252; x_wconf 81' lang='lat' dir='ltr'><strong>Syriam</strong></span> <span class='ocrx_word' id='word_1_202' title='bbox 3237 1197 3335 1252; x_wconf 88' lang='lat' dir='ltr'><strong>per</strong></span> <span class='ocrx_word' id='word_1_203' title='bbox 3351 1181 3645 1235; x_wconf 82' lang='lat' dir='ltr'><strong>animadver-</strong></span> 
     </span>
    </p>
   </div>
   <div class='ocr_carea' id='block_1_27' title="bbox 2109 1269 3645 1341">
    <p class='ocr_par' dir='ltr' id='par_1_27' title="bbox 2109 1269 3645 1341">
     <span class='ocr_line' id='line_1_27' title="bbox 2109 1269 3645 1341; baseline 0.001 -18"><span class='ocrx_word' id='word_1_204' title='bbox 2109 1269 2324 1325; x_wconf 88' lang='lat' dir='ltr'><strong>sionem</strong></span> <span class='ocrx_word' id='word_1_205' title='bbox 2363 1286 2543 1325; x_wconf 89' lang='lat' dir='ltr'><strong>suam.</strong></span> <span class='ocrx_word' id='word_1_206' title='bbox 2576 1269 2812 1338; x_wconf 76' lang='lat' dir='ltr'><strong>Sagitta,</strong></span> <span class='ocrx_word' id='word_1_207' title='bbox 2848 1269 3148 1324; x_wconf 82' lang='lat' dir='ltr'><strong>manifesta</strong></span> <span class='ocrx_word' id='word_1_208' title='bbox 3173 1269 3484 1341; x_wconf 77' lang='lat' dir='ltr'><strong>persecutio,</strong></span> <span class='ocrx_word' id='word_1_209' title='bbox 3515 1275 3570 1324; x_wconf 90' lang='lat' dir='ltr'><strong>ut</strong></span> <span class='ocrx_word' id='word_1_210' title='bbox 3601 1269 3645 1325; x_wconf 89' lang='lat' dir='ltr'><strong>in</strong></span> 
     </span>
    </p>
   </div>
   <div class='ocr_carea' id='block_1_28' title="bbox 2106 1357 3647 1431">
    <p class='ocr_par' dir='ltr' id='par_1_28' title="bbox 2106 1357 3647 1431">
     <span class='ocr_line' id='line_1_28' title="bbox 2106 1357 3647 1431; baseline -0.001 -17"><span class='ocrx_word' id='word_1_211' title='bbox 2106 1358 2342 1414; x_wconf 86' lang='lat' dir='ltr'><strong>Psalmis</strong></span> <span class='ocrx_word' id='word_1_212' title='bbox 2373 1379 2385 1414; x_wconf 88' lang='lat'><strong>:</strong></span> <span class='ocrx_word' id='word_1_213' title='bbox 2423 1378 2448 1411; x_wconf 88' lang='grc'><strong>‹‹</strong></span> <span class='ocrx_word' id='word_1_214' title='bbox 2477 1361 2526 1414; x_wconf 83' lang='grc' dir='ltr'><strong>Α</strong></span> <span class='ocrx_word' id='word_1_215' title='bbox 2552 1359 2761 1431; x_wconf 78' lang='lat' dir='ltr'><strong>sagitta</strong></span> <span class='ocrx_word' id='word_1_216' title='bbox 2787 1359 3009 1414; x_wconf 81' lang='lat' dir='ltr'><strong>volante</strong></span> <span class='ocrx_word' id='word_1_217' title='bbox 3038 1358 3102 1425; x_wconf 65' lang='lat'><strong>‘3,</strong></span> <span class='ocrx_word' id='word_1_218' title='bbox 3143 1378 3164 1409; x_wconf 72' lang='grc' dir='ltr'><strong><em>ι</em></strong></span> <span class='ocrx_word' id='word_1_219' title='bbox 3199 1357 3254 1413; x_wconf 91' lang='lat' dir='ltr'><strong>id</strong></span> <span class='ocrx_word' id='word_1_220' title='bbox 3287 1364 3385 1424; x_wconf 89' lang='lat' dir='ltr'><strong>est,</strong></span> <span class='ocrx_word' id='word_1_221' title='bbox 3409 1357 3472 1412; x_wconf 89' lang='lat' dir='ltr'><strong>ab</strong></span> <span class='ocrx_word' id='word_1_222' title='bbox 3495 1359 3647 1413; x_wconf 79' lang='lat' dir='ltr'><strong>adver-</strong></span> 
     </span>
    </p>
   </div>
   <div class='ocr_carea' id='block_1_29' title="bbox 2106 1446 3646 1520">
    <p class='ocr_par' dir='ltr' id='par_1_29' title="bbox 2106 1446 3646 1520">
     <span class='ocr_line' id='line_1_29' title="bbox 2106 1446 3646 1520; baseline -0.001 -17"><span class='ocrx_word' id='word_1_223' title='bbox 2106 1448 2273 1504; x_wconf 86' lang='lat' dir='ltr'><strong>sitate</strong></span> <span class='ocrx_word' id='word_1_224' title='bbox 2290 1448 2347 1504; x_wconf 92' lang='lat' dir='ltr'><strong>in</strong></span> <span class='ocrx_word' id='word_1_225' title='bbox 2374 1447 2671 1503; x_wconf 88' lang='lat' dir='ltr'><strong>manifesto</strong></span> <span class='ocrx_word' id='word_1_226' title='bbox 2701 1448 2956 1504; x_wconf 84' lang='lat' dir='ltr'><strong>feriente.</strong></span> <span class='ocrx_word' id='word_1_227' title='bbox 2991 1448 3100 1502; x_wconf 89' lang='lat' dir='ltr'><strong>Per</strong></span> <span class='ocrx_word' id='word_1_228' title='bbox 3113 1450 3346 1516; x_wconf 75' lang='lat' dir='ltr'><strong>sagittas</strong></span> <span class='ocrx_word' id='word_1_229' title='bbox 3371 1446 3522 1501; x_wconf 85' lang='lat' dir='ltr'><strong>verba</strong></span> <span class='ocrx_word' id='word_1_230' title='bbox 3535 1463 3646 1520; x_wconf 66' lang='lat' dir='ltr'><strong>prae-</strong></span> 
     </span>
    </p>
   </div>
   <div class='ocr_carea' id='block_1_30' title="bbox 2107 1537 3650 1609">
    <p class='ocr_par' dir='ltr' id='par_1_30' title="bbox 2107 1537 3650 1609">
     <span class='ocr_line' id='line_1_30' title="bbox 2107 1537 3650 1609; baseline -0.001 -17"><span class='ocrx_word' id='word_1_231' title='bbox 2107 1537 2420 1604; x_wconf 89' lang='lat' dir='ltr'><strong>dicationis,</strong></span> <span class='ocrx_word' id='word_1_232' title='bbox 2452 1543 2516 1592; x_wconf 91' lang='lat' dir='ltr'><strong>ut</strong></span> <span class='ocrx_word' id='word_1_233' title='bbox 2565 1537 2622 1592; x_wconf 91' lang='lat' dir='ltr'><strong>in</strong></span> <span class='ocrx_word' id='word_1_234' title='bbox 2671 1537 2911 1592; x_wconf 85' lang='lat' dir='ltr'><strong>Psalmis</strong></span> <span class='ocrx_word' id='word_1_235' title='bbox 2949 1556 2960 1591; x_wconf 89' lang='lat'>:</span> <span class='ocrx_word' id='word_1_236' title='bbox 3017 1537 3248 1607; x_wconf 71' lang='lat' dir='ltr'><strong>Sagittae</strong></span> <span class='ocrx_word' id='word_1_237' title='bbox 3293 1537 3517 1609; x_wconf 88' lang='lat' dir='ltr'><strong>potentis</strong></span> <span class='ocrx_word' id='word_1_238' title='bbox 3551 1553 3650 1591; x_wconf 85' lang='lat' dir='ltr'><strong>acu-</strong></span> 
     </span>
    </p>
   </div>
   <div class='ocr_carea' id='block_1_31' title="bbox 2107 1623 3652 1692">
    <p class='ocr_par' dir='ltr' id='par_1_31' title="bbox 2107 1623 3652 1692">
     <span class='ocr_line' id='line_1_31' title="bbox 2107 1623 3652 1692; baseline -0.001 -11"><span class='ocrx_word' id='word_1_239' title='bbox 2107 1630 2179 1681; x_wconf 65' lang='lat' dir='ltr'><strong>tae</strong></span> <span class='ocrx_word' id='word_1_240' title='bbox 2211 1625 2276 1688; x_wconf 67' lang='grc' dir='ltr'><strong>ιθ,</strong></span> <span class='ocrx_word' id='word_1_241' title='bbox 2317 1645 2340 1676; x_wconf 65' lang='grc' dir='ltr'>υ</span> <span class='ocrx_word' id='word_1_242' title='bbox 2386 1625 2444 1682; x_wconf 90' lang='lat' dir='ltr'><strong>id</strong></span> <span class='ocrx_word' id='word_1_243' title='bbox 2473 1633 2577 1692; x_wconf 91' lang='lat' dir='ltr'><strong>est,</strong></span> <span class='ocrx_word' id='word_1_244' title='bbox 2619 1641 2908 1681; x_wconf 88' lang='lat' dir='ltr'><strong>sermones</strong></span> <span class='ocrx_word' id='word_1_245' title='bbox 2937 1625 3258 1682; x_wconf 89' lang='lat' dir='ltr'><strong>Conditoris</strong></span> <span class='ocrx_word' id='word_1_246' title='bbox 3287 1623 3545 1681; x_wconf 87' lang='lat' dir='ltr'><strong>sublimes.</strong></span> <span class='ocrx_word' id='word_1_247' title='bbox 3567 1625 3652 1680; x_wconf 86' lang='lat' dir='ltr'><strong>Per</strong></span> 
     </span>
    </p>
   </div>
   <div class='ocr_carea' id='block_1_32' title="bbox 2107 1715 3651 1785">
    <p class='ocr_par' dir='ltr' id='par_1_32' title="bbox 2107 1715 3651 1785">
     <span class='ocr_line' id='line_1_32' title="bbox 2107 1715 3651 1785; baseline -0.001 -16"><span class='ocrx_word' id='word_1_248' title='bbox 2107 1717 2336 1785; x_wconf 84' lang='lat' dir='ltr'><strong>sagittas</strong></span> <span class='ocrx_word' id='word_1_249' title='bbox 2353 1715 2609 1771; x_wconf 79' lang='lat' dir='ltr'><strong>vindictae</strong></span> <span class='ocrx_word' id='word_1_250' title='bbox 2637 1715 2883 1781; x_wconf 91' lang='lat' dir='ltr'><strong>Domini,</strong></span> <span class='ocrx_word' id='word_1_251' title='bbox 2913 1721 2978 1770; x_wconf 89' lang='lat' dir='ltr'><strong>ut</strong></span> <span class='ocrx_word' id='word_1_252' title='bbox 3011 1715 3071 1770; x_wconf 90' lang='lat' dir='ltr'><strong>in</strong></span> <span class='ocrx_word' id='word_1_253' title='bbox 3102 1715 3332 1770; x_wconf 89' lang='lat' dir='ltr'><strong>Cantico</strong></span> <span class='ocrx_word' id='word_1_254' title='bbox 3355 1715 3651 1770; x_wconf 84' lang='lat' dir='ltr'><strong>Deuterono-</strong></span> 
     </span>
    </p>
   </div>
   <div class='ocr_carea' id='block_1_33' title="bbox 428 1791 3652 1880">
    <p class='ocr_par' dir='ltr' id='par_1_33' title="bbox 428 1791 3652 1880">
     <span class='ocr_line' id='line_1_33' title="bbox 428 1791 3652 1880; baseline -0.003 -13"><span class='ocrx_word' id='word_1_255' title='bbox 428 1791 712 1876; x_wconf 67' lang='lat' dir='ltr'><strong>Saeculus,</strong></span> <span class='ocrx_word' id='word_1_256' title='bbox 758 1824 856 1864; x_wconf 89' lang='lat' dir='ltr'><strong>cor</strong></span> <span class='ocrx_word' id='word_1_257' title='bbox 899 1806 1242 1880; x_wconf 72' lang='lat' dir='ltr'><strong>pmnitentis,</strong></span> <span class='ocrx_word' id='word_1_258' title='bbox 1291 1812 1358 1862; x_wconf 91' lang='lat' dir='ltr'><strong>ut</strong></span> <span class='ocrx_word' id='word_1_259' title='bbox 1401 1806 1459 1861; x_wconf 91' lang='lat' dir='ltr'><strong>in</strong></span> <span class='ocrx_word' id='word_1_260' title='bbox 1509 1805 1614 1862; x_wconf 93' lang='lat' dir='ltr'><strong>Job</strong></span> <span class='ocrx_word' id='word_1_261' title='bbox 1649 1825 1660 1860; x_wconf 93' lang='lat'><strong>:</strong></span> <span class='ocrx_word' id='word_1_262' title='bbox 1704 1825 1732 1858; x_wconf 75' lang='grc' dir='ltr'><strong>α</strong></span> <span class='ocrx_word' id='word_1_263' title='bbox 1781 1791 2207 1877; x_wconf 83' lang='lat' dir='ltr'><strong>SignastiBmii</strong></span> <span class='ocrx_word' id='word_1_264' title='bbox 2240 1822 2252 1858; x_wconf 89' lang='lat'><strong>:</strong></span> <span class='ocrx_word' id='word_1_265' title='bbox 2290 1824 2312 1856; x_wconf 77' lang='grc' dir='ltr'>ι</span> <span class='ocrx_word' id='word_1_266' title='bbox 2340 1805 2411 1860; x_wconf 90' lang='lat' dir='ltr'><strong>Et</strong></span> <span class='ocrx_word' id='word_1_267' title='bbox 2437 1805 2673 1877; x_wconf 85' lang='lat' dir='ltr'><strong>sagittas</strong></span> <span class='ocrx_word' id='word_1_268' title='bbox 2697 1803 2930 1872; x_wconf 68' lang='lat' dir='ltr'><strong>meas”,</strong></span> <span class='ocrx_word' id='word_1_269' title='bbox 2957 1825 2979 1855; x_wconf 80' lang='grc' dir='ltr'>ι</span> <span class='ocrx_word' id='word_1_270' title='bbox 3025 1803 3080 1859; x_wconf 91' lang='lat' dir='ltr'><strong>id</strong></span> <span class='ocrx_word' id='word_1_271' title='bbox 3113 1809 3217 1871; x_wconf 87' lang='lat' dir='ltr'><strong>est,</strong></span> <span class='ocrx_word' id='word_1_272' title='bbox 3251 1803 3503 1858; x_wconf 85' lang='lat' dir='ltr'><strong>vindictas</strong></span> <span class='ocrx_word' id='word_1_273' title='bbox 3530 1819 3652 1857; x_wconf 87' lang='lat' dir='ltr'><strong>meas</strong></span> 
     </span>
    </p>
   </div>
   <div class='ocr_carea' id='block_1_34' title="bbox 429 1894 2025 1973">
    <p class='ocr_par' dir='ltr' id='par_1_34' title="bbox 429 1894 2025 1973">
     <span class='ocr_line' id='line_1_34' title="bbox 429 1894 2025 1973; baseline -0.004 -17"><span class='ocrx_word' id='word_1_274' title='bbox 429 1899 590 1973; x_wconf 89' lang='lat' dir='ltr'><strong>quasi</strong></span> <span class='ocrx_word' id='word_1_275' title='bbox 618 1898 678 1954; x_wconf 91' lang='lat' dir='ltr'><strong>in</strong></span> <span class='ocrx_word' id='word_1_276' title='bbox 706 1897 928 1954; x_wconf 90' lang='lat' dir='ltr'><strong>sacculo</strong></span> <span class='ocrx_word' id='word_1_277' title='bbox 955 1895 1159 1952; x_wconf 89' lang='lat' dir='ltr'><strong>delicta</strong></span> <span class='ocrx_word' id='word_1_278' title='bbox 1185 1912 1313 1950; x_wconf 89' lang='lat' dir='ltr'><strong>mea</strong></span> <span class='ocrx_word' id='word_1_279' title='bbox 1337 1894 1380 1962; x_wconf 78' lang='grc'><strong>⁸,</strong></span> <span class='ocrx_word' id='word_1_280' title='bbox 1416 1913 1444 1947; x_wconf 69' lang='grc' dir='ltr'>ι</span> <span class='ocrx_word' id='word_1_281' title='bbox 1483 1895 1540 1950; x_wconf 89' lang='lat' dir='ltr'><strong>id</strong></span> <span class='ocrx_word' id='word_1_282' title='bbox 1585 1900 1690 1960; x_wconf 90' lang='lat' dir='ltr'><strong>est,</strong></span> <span class='ocrx_word' id='word_1_283' title='bbox 1739 1895 2025 1966; x_wconf 88' lang='lat' dir='ltr'><strong>inspirasti</strong></span> 
     </span>
    </p>
   </div>
   <div class='ocr_carea' id='block_1_35' title="bbox 329 1980 2025 2060">
    <p class='ocr_par' dir='ltr' id='par_1_35' title="bbox 329 1980 2025 2060">
     <span class='ocr_line' id='line_1_35' title="bbox 329 1980 2025 2060; baseline -0.004 -15"><span class='ocrx_word' id='word_1_284' title='bbox 329 1980 337 1985; x_wconf 70' lang='grc'><strong>’</strong></span> <span class='ocrx_word' id='word_1_285' title='bbox 428 1987 568 2045; x_wconf 88' lang='lat' dir='ltr'><strong>mihi</strong></span> <span class='ocrx_word' id='word_1_286' title='bbox 597 1993 662 2044; x_wconf 92' lang='lat' dir='ltr'><strong>ut</strong></span> <span class='ocrx_word' id='word_1_287' title='bbox 688 1986 1012 2060; x_wconf 64' lang='lat' dir='ltr'><strong>paenitendo</strong></span> <span class='ocrx_word' id='word_1_288' title='bbox 1035 1984 1453 2041; x_wconf 83' lang='lat' dir='ltr'><strong>circumferrem</strong></span> <span class='ocrx_word' id='word_1_289' title='bbox 1473 1984 1532 2040; x_wconf 90' lang='lat' dir='ltr'><strong>in</strong></span> <span class='ocrx_word' id='word_1_290' title='bbox 1562 1989 1811 2040; x_wconf 87' lang='lat' dir='ltr'><strong>mentem</strong></span> <span class='ocrx_word' id='word_1_291' title='bbox 1840 1999 2025 2039; x_wconf 88' lang='lat' dir='ltr'><strong>meam</strong></span> 
     </span>
    </p>
   </div>
   <div class='ocr_carea' id='block_1_36' title="bbox 428 2083 824 2152">
    <p class='ocr_par' dir='ltr' id='par_1_36' title="bbox 428 2083 824 2152">
     <span class='ocr_line' id='line_1_36' title="bbox 428 2083 824 2152; baseline -0.01 -18"><span class='ocrx_word' id='word_1_292' title='bbox 428 2083 657 2152; x_wconf 84' lang='lat' dir='ltr'><strong>peccata</strong></span> <span class='ocrx_word' id='word_1_293' title='bbox 678 2092 824 2131; x_wconf 89' lang='lat' dir='ltr'><strong>mea.</strong></span> 
     </span>
    </p>
   </div>
   <div class='ocr_carea' id='block_1_37' title="bbox 499 2163 2026 2232">
    <p class='ocr_par' dir='ltr' id='par_1_37' title="bbox 499 2163 2026 2232">
     <span class='ocr_line' id='line_1_37' title="bbox 499 2163 2026 2232; baseline -0.003 -10"><span class='ocrx_word' id='word_1_294' title='bbox 499 2166 661 2222; x_wconf 78' lang='lat' dir='ltr'><strong>Scala</strong></span> <span class='ocrx_word' id='word_1_295' title='bbox 689 2171 778 2221; x_wconf 89' lang='lat' dir='ltr'><strong>est</strong></span> <span class='ocrx_word' id='word_1_296' title='bbox 800 2164 1066 2232; x_wconf 85' lang='lat' dir='ltr'><strong>charitas,</strong></span> <span class='ocrx_word' id='word_1_297' title='bbox 1097 2169 1163 2218; x_wconf 90' lang='lat' dir='ltr'><strong>ut</strong></span> <span class='ocrx_word' id='word_1_298' title='bbox 1200 2164 1258 2218; x_wconf 91' lang='lat' dir='ltr'><strong>in</strong></span> <span class='ocrx_word' id='word_1_299' title='bbox 1278 2164 1483 2220; x_wconf 88' lang='lat' dir='ltr'><strong>Genesi</strong></span> <span class='ocrx_word' id='word_1_300' title='bbox 1509 2181 1520 2217; x_wconf 88' lang='lat'><strong>:</strong></span> <span class='ocrx_word' id='word_1_301' title='bbox 1558 2183 1584 2214; x_wconf 81' lang='grc'><strong>‹‹</strong></span> <span class='ocrx_word' id='word_1_302' title='bbox 1628 2163 1846 2218; x_wconf 86' lang='lat' dir='ltr'><strong>Scalam</strong></span> <span class='ocrx_word' id='word_1_303' title='bbox 1876 2167 2026 2218; x_wconf 88' lang='lat' dir='ltr'><strong>stan-</strong></span> 
     </span>
    </p>
   </div>
   <div class='ocr_carea' id='block_1_38' title="bbox 427 2251 2021 2328">
    <p class='ocr_par' dir='ltr' id='par_1_38' title="bbox 427 2251 2021 2328">
     <span class='ocr_line' id='line_1_38' title="bbox 427 2251 2021 2328; baseline -0.005 -15"><span class='ocrx_word' id='word_1_304' title='bbox 427 2263 544 2313; x_wconf 85' lang='lat' dir='ltr'><strong>tem</strong></span> <span class='ocrx_word' id='word_1_305' title='bbox 567 2272 740 2328; x_wconf 87' lang='lat' dir='ltr'><strong>super</strong></span> <span class='ocrx_word' id='word_1_306' title='bbox 757 2261 970 2310; x_wconf 89' lang='lat' dir='ltr'><strong>terram</strong></span> <span class='ocrx_word' id='word_1_307' title='bbox 994 2259 1053 2309; x_wconf 93' lang='lat' dir='ltr'><strong>et</strong></span> <span class='ocrx_word' id='word_1_308' title='bbox 1072 2269 1340 2309; x_wconf 89' lang='lat' dir='ltr'><strong>cacumen</strong></span> <span class='ocrx_word' id='word_1_309' title='bbox 1359 2253 1483 2324; x_wconf 84' lang='lat' dir='ltr'><strong>ejus</strong></span> <span class='ocrx_word' id='word_1_310' title='bbox 1502 2257 1741 2323; x_wconf 86' lang='lat' dir='ltr'><strong>tangens</strong></span> <span class='ocrx_word' id='word_1_311' title='bbox 1752 2251 1920 2306; x_wconf 67' lang='lat' dir='ltr'><strong>caelos</strong></span> <span class='ocrx_word' id='word_1_312' title='bbox 1937 2251 1978 2318; x_wconf 74' lang='lat'><strong>7,</strong></span> <span class='ocrx_word' id='word_1_313' title='bbox 1994 2269 2021 2304; x_wconf 76' lang='grc' dir='ltr'>ι</span> 
     </span>
    </p>
   </div>
   <div class='ocr_carea' id='block_1_39' title="bbox 428 2341 2022 2418">
    <p class='ocr_par' dir='ltr' id='par_1_39' title="bbox 428 2341 2022 2418">
     <span class='ocr_line' id='line_1_39' title="bbox 428 2341 2022 2418; baseline -0.005 -16"><span class='ocrx_word' id='word_1_314' title='bbox 428 2346 578 2418; x_wconf 89' lang='lat' dir='ltr'><strong>quod</strong></span> <span class='ocrx_word' id='word_1_315' title='bbox 606 2344 850 2400; x_wconf 86' lang='lat' dir='ltr'><strong>charitas</strong></span> <span class='ocrx_word' id='word_1_316' title='bbox 871 2360 974 2400; x_wconf 86' lang='lat' dir='ltr'><strong>nos</strong></span> <span class='ocrx_word' id='word_1_317' title='bbox 996 2349 1054 2399; x_wconf 90' lang='lat' dir='ltr'><strong>et</strong></span> <span class='ocrx_word' id='word_1_318' title='bbox 1081 2359 1182 2416; x_wconf 92' lang='lat' dir='ltr'><strong>per</strong></span> <span class='ocrx_word' id='word_1_319' title='bbox 1209 2342 1652 2414; x_wconf 88' lang='lat' dir='ltr'><strong>compassionem</strong></span> <span class='ocrx_word' id='word_1_320' title='bbox 1685 2341 1864 2397; x_wconf 87' lang='lat' dir='ltr'><strong>sociat</strong></span> <span class='ocrx_word' id='word_1_321' title='bbox 1892 2357 2022 2412; x_wconf 89' lang='lat' dir='ltr'><strong>pro-</strong></span> 
     </span>
    </p>
   </div>
   <div class='ocr_carea' id='block_1_40' title="bbox 426 2430 1723 2505">
    <p class='ocr_par' dir='ltr' id='par_1_40' title="bbox 426 2430 1723 2505">
     <span class='ocr_line' id='line_1_40' title="bbox 426 2430 1723 2505; baseline -0.005 -15"><span class='ocrx_word' id='word_1_322' title='bbox 426 2434 597 2502; x_wconf 83' lang='lat' dir='ltr'><strong>ximo,</strong></span> <span class='ocrx_word' id='word_1_323' title='bbox 621 2440 679 2488; x_wconf 91' lang='lat' dir='ltr'><strong>et</strong></span> <span class='ocrx_word' id='word_1_324' title='bbox 705 2449 808 2505; x_wconf 91' lang='lat' dir='ltr'><strong>per</strong></span> <span class='ocrx_word' id='word_1_325' title='bbox 833 2431 1175 2487; x_wconf 87' lang='lat' dir='ltr'><strong>desiderium</strong></span> <span class='ocrx_word' id='word_1_326' title='bbox 1202 2431 1429 2503; x_wconf 91' lang='lat' dir='ltr'><strong>copulat</strong></span> <span class='ocrx_word' id='word_1_327' title='bbox 1451 2430 1723 2502; x_wconf 82' lang='lat' dir='ltr'><strong>proximo.</strong></span> 
     </span>
    </p>
   </div>
   <div class='ocr_carea' id='block_1_41' title="bbox 496 2519 2020 2592">
    <p class='ocr_par' dir='ltr' id='par_1_41' title="bbox 496 2519 2020 2592">
     <span class='ocr_line' id='line_1_41' title="bbox 496 2519 2020 2592; baseline -0.005 -13"><span class='ocrx_word' id='word_1_328' title='bbox 496 2523 738 2592; x_wconf 84' lang='lat' dir='ltr'><strong>Scapula</strong></span> <span class='ocrx_word' id='word_1_329' title='bbox 767 2527 854 2576; x_wconf 89' lang='lat' dir='ltr'><strong>est</strong></span> <span class='ocrx_word' id='word_1_330' title='bbox 882 2520 1210 2576; x_wconf 85' lang='lat' dir='ltr'><strong>exercitium</strong></span> <span class='ocrx_word' id='word_1_331' title='bbox 1238 2519 1369 2574; x_wconf 90' lang='lat' dir='ltr'><strong>boni</strong></span> <span class='ocrx_word' id='word_1_332' title='bbox 1391 2519 1595 2592; x_wconf 90' lang='lat' dir='ltr'><strong>operis,</strong></span> <span class='ocrx_word' id='word_1_333' title='bbox 1622 2524 1687 2573; x_wconf 91' lang='lat' dir='ltr'><strong>ut</strong></span> <span class='ocrx_word' id='word_1_334' title='bbox 1705 2519 1763 2572; x_wconf 91' lang='lat' dir='ltr'><strong>in</strong></span> <span class='ocrx_word' id='word_1_335' title='bbox 1783 2519 1986 2572; x_wconf 88' lang='lat' dir='ltr'><strong>Genesi</strong></span> <span class='ocrx_word' id='word_1_336' title='bbox 2009 2535 2020 2571; x_wconf 89' lang='lat'>:</span> 
     </span>
    </p>
   </div>
   <div class='ocr_carea' id='block_1_42' title="bbox 353 2608 2023 2682">
    <p class='ocr_par' dir='ltr' id='par_1_42' title="bbox 353 2608 2023 2682">
     <span class='ocr_line' id='line_1_42' title="bbox 353 2608 2023 2682; baseline 0.002 -22"><span class='ocrx_word' id='word_1_337' title='bbox 353 2657 356 2660; x_wconf 83' lang='lat'><strong>.</strong></span> <span class='ocrx_word' id='word_1_338' title='bbox 435 2630 458 2662; x_wconf 75' lang='grc' dir='ltr'>ι</span> <span class='ocrx_word' id='word_1_339' title='bbox 492 2609 1032 2682; x_wconf 89' lang='lat' dir='ltr'><strong>Deposuithydriam</strong></span> <span class='ocrx_word' id='word_1_340' title='bbox 1049 2610 1070 2632; x_wconf 79' lang='grc'><strong><em>⁶</em></strong></span> <span class='ocrx_word' id='word_1_341' title='bbox 1091 2624 1252 2664; x_wconf 91' lang='lat' dir='ltr'><strong>suam</strong></span> <span class='ocrx_word' id='word_1_342' title='bbox 1265 2624 1436 2680; x_wconf 90' lang='lat' dir='ltr'><strong>super</strong></span> <span class='ocrx_word' id='word_1_343' title='bbox 1455 2608 1743 2680; x_wconf 88' lang='lat' dir='ltr'><strong>scapulam</strong></span> <span class='ocrx_word' id='word_1_344' title='bbox 1764 2623 1926 2662; x_wconf 90' lang='lat' dir='ltr'><strong>suam</strong></span> <span class='ocrx_word' id='word_1_345' title='bbox 1945 2608 1987 2672; x_wconf 79' lang='grc'><strong>⁸,</strong></span> <span class='ocrx_word' id='word_1_346' title='bbox 1999 2627 2023 2664; x_wconf 74' lang='grc' dir='ltr'><strong><em>ι</em></strong></span> 
     </span>
    </p>
   </div>
   <div class='ocr_carea' id='block_1_43' title="bbox 431 2696 2027 2772">
    <p class='ocr_par' dir='ltr' id='par_1_43' title="bbox 431 2696 2027 2772">
     <span class='ocr_line' id='line_1_43' title="bbox 431 2696 2027 2772; baseline -0.002 -17"><span class='ocrx_word' id='word_1_347' title='bbox 431 2698 580 2772; x_wconf 90' lang='lat' dir='ltr'><strong>quod</strong></span> <span class='ocrx_word' id='word_1_348' title='bbox 595 2703 789 2754; x_wconf 86' lang='lat' dir='ltr'><strong>vocata</strong></span> <span class='ocrx_word' id='word_1_349' title='bbox 811 2697 882 2752; x_wconf 90' lang='lat' dir='ltr'><strong>ad</strong></span> <span class='ocrx_word' id='word_1_350' title='bbox 907 2697 1196 2753; x_wconf 74' lang='lat' dir='ltr'><strong>Christum</strong></span> <span class='ocrx_word' id='word_1_351' title='bbox 1227 2697 1472 2752; x_wconf 88' lang='lat' dir='ltr'><strong>Ecclesia</strong></span> <span class='ocrx_word' id='word_1_352' title='bbox 1497 2697 1568 2752; x_wconf 91' lang='lat' dir='ltr'><strong>de</strong></span> <span class='ocrx_word' id='word_1_353' title='bbox 1595 2696 1879 2768; x_wconf 89' lang='lat' dir='ltr'><strong>gentibus,</strong></span> <span class='ocrx_word' id='word_1_354' title='bbox 1905 2712 2027 2769; x_wconf 69' lang='lat' dir='ltr'><strong>quae</strong></span> 
     </span>
    </p>
   </div>
   <div class='ocr_carea' id='block_1_44' title="bbox 430 2785 2028 2862">
    <p class='ocr_par' dir='ltr' id='par_1_44' title="bbox 430 2785 2028 2862">
     <span class='ocr_line' id='line_1_44' title="bbox 430 2785 2028 2862; baseline -0.002 -19"><span class='ocrx_word' id='word_1_355' title='bbox 430 2786 588 2862; x_wconf 88' lang='lat' dir='ltr'><strong>prius</strong></span> <span class='ocrx_word' id='word_1_356' title='bbox 603 2787 890 2842; x_wconf 85' lang='lat' dir='ltr'><strong>Christum</strong></span> <span class='ocrx_word' id='word_1_357' title='bbox 905 2786 1112 2858; x_wconf 87' lang='lat' dir='ltr'><strong>sapuit,</strong></span> <span class='ocrx_word' id='word_1_358' title='bbox 1126 2786 1198 2841; x_wconf 94' lang='lat' dir='ltr'><strong>ad</strong></span> <span class='ocrx_word' id='word_1_359' title='bbox 1215 2785 1592 2841; x_wconf 85' lang='lat' dir='ltr'><strong>humilitatem</strong></span> <span class='ocrx_word' id='word_1_360' title='bbox 1616 2785 1774 2841; x_wconf 59' lang='lat' dir='ltr'><strong>bona:</strong></span> <span class='ocrx_word' id='word_1_361' title='bbox 1793 2785 2028 2840; x_wconf 87' lang='lat' dir='ltr'><strong>actionis</strong></span> 
     </span>
    </p>
   </div>
   <div class='ocr_carea' id='block_1_45' title="bbox 431 2875 2026 2945">
    <p class='ocr_par' dir='ltr' id='par_1_45' title="bbox 431 2875 2026 2945">
     <span class='ocr_line' id='line_1_45' title="bbox 431 2875 2026 2945; baseline -0.001 -14"><span class='ocrx_word' id='word_1_362' title='bbox 431 2875 725 2932; x_wconf 88' lang='lat' dir='ltr'><strong>humiliter</strong></span> <span class='ocrx_word' id='word_1_363' title='bbox 749 2875 996 2930; x_wconf 78' lang='lat' dir='ltr'><strong>deflexit.</strong></span> <span class='ocrx_word' id='word_1_364' title='bbox 1028 2875 1137 2930; x_wconf 91' lang='lat' dir='ltr'><strong>Per</strong></span> <span class='ocrx_word' id='word_1_365' title='bbox 1161 2879 1445 2945; x_wconf 83' lang='lat' dir='ltr'><strong>scaputam</strong></span> <span class='ocrx_word' id='word_1_366' title='bbox 1473 2875 1844 2942; x_wconf 86' lang='lat' dir='ltr'><strong>defensiones,</strong></span> <span class='ocrx_word' id='word_1_367' title='bbox 1877 2880 1943 2930; x_wconf 91' lang='lat' dir='ltr'><strong>ut</strong></span> <span class='ocrx_word' id='word_1_368' title='bbox 1968 2875 2026 2930; x_wconf 91' lang='lat' dir='ltr'><strong>in</strong></span> 
     </span>
    </p>
   </div>
   <div class='ocr_carea' id='block_1_46' title="bbox 433 2962 2026 3036">
    <p class='ocr_par' dir='ltr' id='par_1_46' title="bbox 433 2962 2026 3036">
     <span class='ocr_line' id='line_1_46' title="bbox 433 2962 2026 3036; baseline -0.003 -13"><span class='ocrx_word' id='word_1_369' title='bbox 433 2965 670 3023; x_wconf 87' lang='lat' dir='ltr'><strong>Psalmis</strong></span> <span class='ocrx_word' id='word_1_370' title='bbox 712 2981 726 3020; x_wconf 90' lang='lat'>:</span> <span class='ocrx_word' id='word_1_371' title='bbox 764 2983 791 3017; x_wconf 68' lang='grc' dir='ltr'><strong>ε(</strong></span> <span class='ocrx_word' id='word_1_372' title='bbox 826 2963 1080 3036; x_wconf 86' lang='lat' dir='ltr'><strong>Scapulis</strong></span> <span class='ocrx_word' id='word_1_373' title='bbox 1128 2963 1245 3020; x_wconf 87' lang='lat' dir='ltr'><strong>suis</strong></span> <span class='ocrx_word' id='word_1_374' title='bbox 1293 2962 1652 3020; x_wconf 90' lang='lat' dir='ltr'><strong>obumbrabit</strong></span> <span class='ocrx_word' id='word_1_375' title='bbox 1694 2963 1797 3018; x_wconf 88' lang='lat' dir='ltr'><strong>tibi</strong></span> <span class='ocrx_word' id='word_1_376' title='bbox 1834 2965 1876 3030; x_wconf 73' lang='grc' dir='ltr'><strong>θ,</strong></span> <span class='ocrx_word' id='word_1_377' title='bbox 1911 2983 1938 3018; x_wconf 79' lang='grc'><strong>»</strong></span> <span class='ocrx_word' id='word_1_378' title='bbox 1971 2965 2026 3019; x_wconf 89' lang='lat' dir='ltr'><strong>id</strong></span> 
     </span>
    </p>
   </div>
   <div class='ocr_carea' id='block_1_47' title="bbox 429 3052 1822 3127">
    <p class='ocr_par' dir='ltr' id='par_1_47' title="bbox 429 3052 1822 3127">
     <span class='ocr_line' id='line_1_47' title="bbox 429 3052 1822 3127; baseline -0.004 -15"><span class='ocrx_word' id='word_1_379' title='bbox 429 3060 535 3122; x_wconf 89' lang='lat' dir='ltr'><strong>est,</strong></span> <span class='ocrx_word' id='word_1_380' title='bbox 566 3052 1008 3127; x_wconf 89' lang='lat' dir='ltr'><strong>protectionibus</strong></span> <span class='ocrx_word' id='word_1_381' title='bbox 1035 3053 1152 3108; x_wconf 89' lang='lat' dir='ltr'><strong>suis</strong></span> <span class='ocrx_word' id='word_1_382' title='bbox 1177 3052 1441 3108; x_wconf 87' lang='lat' dir='ltr'><strong>defendet</strong></span> <span class='ocrx_word' id='word_1_383' title='bbox 1467 3057 1523 3108; x_wconf 90' lang='lat' dir='ltr'><strong>te</strong></span> <span class='ocrx_word' id='word_1_384' title='bbox 1547 3053 1822 3108; x_wconf 88' lang='lat' dir='ltr'><strong>Christus.</strong></span> 
     </span>
    </p>
   </div>
   <div class='ocr_carea' id='block_1_48' title="bbox 501 3111 2090 3214">
    <p class='ocr_par' dir='ltr' id='par_1_48' title="bbox 501 3111 2090 3214">
     <span class='ocr_line' id='line_1_48' title="bbox 501 3111 2090 3214; baseline -0.003 -14"><span class='ocrx_word' id='word_1_385' title='bbox 501 3111 820 3200; x_wconf 64' lang='lat' dir='ltr'><strong>Scarabeus</strong></span> <span class='ocrx_word' id='word_1_386' title='bbox 847 3148 931 3198; x_wconf 89' lang='lat' dir='ltr'><strong>est</strong></span> <span class='ocrx_word' id='word_1_387' title='bbox 961 3141 1238 3210; x_wconf 89' lang='lat' dir='ltr'><strong>Christus,</strong></span> <span class='ocrx_word' id='word_1_388' title='bbox 1256 3147 1322 3197; x_wconf 91' lang='lat' dir='ltr'><strong>ut</strong></span> <span class='ocrx_word' id='word_1_389' title='bbox 1348 3141 1407 3196; x_wconf 92' lang='lat' dir='ltr'><strong>in</strong></span> <span class='ocrx_word' id='word_1_390' title='bbox 1426 3142 1708 3214; x_wconf 89' lang='lat' dir='ltr'><strong>Propheta</strong></span> <span class='ocrx_word' id='word_1_391' title='bbox 1737 3161 1749 3196; x_wconf 90' lang='lat'><strong>:</strong></span> <span class='ocrx_word' id='word_1_392' title='bbox 1783 3163 1810 3192; x_wconf 71' lang='grc' dir='ltr'><strong>α</strong></span> <span class='ocrx_word' id='word_1_393' title='bbox 1838 3111 2090 3198; x_wconf 76' lang='lat' dir='ltr'><strong>Scara-C</strong></span> 
     </span>
    </p>
   </div>
   <div class='ocr_carea' id='block_1_49' title="bbox 431 3221 2030 3304">
    <p class='ocr_par' dir='ltr' id='par_1_49' title="bbox 431 3221 2030 3304">
     <span class='ocr_line' id='line_1_49' title="bbox 431 3221 2030 3304; baseline -0.003 -14"><span class='ocrx_word' id='word_1_394' title='bbox 431 3221 585 3290; x_wconf 57' lang='lat' dir='ltr'><strong>Mus</strong></span> <span class='ocrx_word' id='word_1_395' title='bbox 615 3233 686 3289; x_wconf 89' lang='lat' dir='ltr'><strong>de</strong></span> <span class='ocrx_word' id='word_1_396' title='bbox 712 3232 866 3304; x_wconf 89' lang='lat' dir='ltr'><strong>ligno</strong></span> <span class='ocrx_word' id='word_1_397' title='bbox 889 3232 1116 3298; x_wconf 90' lang='lat' dir='ltr'><strong>creavit,</strong></span> <span class='ocrx_word' id='word_1_398' title='bbox 1153 3248 1180 3286; x_wconf 73' lang='grc' dir='ltr'><strong>ι</strong></span> <span class='ocrx_word' id='word_1_399' title='bbox 1208 3231 1356 3304; x_wconf 91' lang='lat' dir='ltr'><strong>quod</strong></span> <span class='ocrx_word' id='word_1_400' title='bbox 1375 3231 1434 3286; x_wconf 89' lang='lat' dir='ltr'><strong>in</strong></span> <span class='ocrx_word' id='word_1_401' title='bbox 1460 3231 1674 3286; x_wconf 89' lang='lat' dir='ltr'><strong>vilitate</strong></span> <span class='ocrx_word' id='word_1_402' title='bbox 1701 3230 1884 3286; x_wconf 88' lang='lat' dir='ltr'><strong>carnis</strong></span> <span class='ocrx_word' id='word_1_403' title='bbox 1905 3247 2030 3286; x_wconf 88' lang='lat' dir='ltr'><strong>nos-</strong></span> 
     </span>
    </p>
   </div>
   <div class='ocr_carea' id='block_1_50' title="bbox 431 3320 1880 3396">
    <p class='ocr_par' dir='ltr' id='par_1_50' title="bbox 431 3320 1880 3396">
     <span class='ocr_line' id='line_1_50' title="bbox 431 3320 1880 3396; baseline -0.006 -14"><span class='ocrx_word' id='word_1_404' title='bbox 431 3329 535 3382; x_wconf 66' lang='lat' dir='ltr'><strong>trae</strong></span> <span class='ocrx_word' id='word_1_405' title='bbox 563 3338 842 3396; x_wconf 86' lang='lat' dir='ltr'><strong>apparens</strong></span> <span class='ocrx_word' id='word_1_406' title='bbox 865 3320 1122 3378; x_wconf 90' lang='lat' dir='ltr'><strong>Christus</strong></span> <span class='ocrx_word' id='word_1_407' title='bbox 1146 3321 1206 3376; x_wconf 91' lang='lat' dir='ltr'><strong>in</strong></span> <span class='ocrx_word' id='word_1_408' title='bbox 1233 3337 1396 3376; x_wconf 88' lang='lat' dir='ltr'><strong>cruce</strong></span> <span class='ocrx_word' id='word_1_409' title='bbox 1423 3336 1728 3392; x_wconf 83' lang='lat' dir='ltr'><strong>suspensus</strong></span> <span class='ocrx_word' id='word_1_410' title='bbox 1756 3320 1880 3376; x_wconf 90' lang='lat' dir='ltr'><strong>fuit.</strong></span> 
     </span>
    </p>
   </div>
   <div class='ocr_carea' id='block_1_51' title="bbox 499 3409 2026 3482">
    <p class='ocr_par' dir='ltr' id='par_1_51' title="bbox 499 3409 2026 3482">
     <span class='ocr_line' id='line_1_51' title="bbox 499 3409 2026 3482; baseline -0.002 -13"><span class='ocrx_word' id='word_1_411' title='bbox 499 3413 715 3470; x_wconf 78' lang='lat' dir='ltr'><strong>Scabies</strong></span> <span class='ocrx_word' id='word_1_412' title='bbox 741 3416 830 3467; x_wconf 90' lang='lat' dir='ltr'><strong>est</strong></span> <span class='ocrx_word' id='word_1_413' title='bbox 867 3409 1106 3477; x_wconf 84' lang='lat' dir='ltr'><strong>luxuria,</strong></span> <span class='ocrx_word' id='word_1_414' title='bbox 1140 3415 1206 3465; x_wconf 92' lang='lat' dir='ltr'><strong>ut</strong></span> <span class='ocrx_word' id='word_1_415' title='bbox 1249 3409 1308 3464; x_wconf 90' lang='lat' dir='ltr'><strong>in</strong></span> <span class='ocrx_word' id='word_1_416' title='bbox 1356 3409 1640 3465; x_wconf 87' lang='lat' dir='ltr'><strong>Levitico:</strong></span> <span class='ocrx_word' id='word_1_417' title='bbox 1683 3430 1705 3460; x_wconf 83' lang='grc'><strong><em>‹</em></strong></span> <span class='ocrx_word' id='word_1_418' title='bbox 1741 3410 1798 3466; x_wconf 91' lang='lat' dir='ltr'><strong>Si</strong></span> <span class='ocrx_word' id='word_1_419' title='bbox 1833 3411 2026 3482; x_wconf 88' lang='lat' dir='ltr'><strong>jugem</strong></span> 
     </span>
    </p>
   </div>
   <div class='ocr_carea' id='block_1_52' title="bbox 433 3498 2026 3572">
    <p class='ocr_par' dir='ltr' id='par_1_52' title="bbox 433 3498 2026 3572">
     <span class='ocr_line' id='line_1_52' title="bbox 433 3498 2026 3572; baseline -0.003 -13"><span class='ocrx_word' id='word_1_420' title='bbox 433 3501 647 3560; x_wconf 86' lang='lat' dir='ltr'><strong>habens</strong></span> <span class='ocrx_word' id='word_1_421' title='bbox 676 3499 922 3557; x_wconf 86' lang='lat' dir='ltr'><strong>scabiem</strong></span> <span class='ocrx_word' id='word_1_422' title='bbox 952 3498 1018 3566; x_wconf 83' lang='grc'><strong>¹⁰,</strong></span> <span class='ocrx_word' id='word_1_423' title='bbox 1056 3519 1080 3551; x_wconf 74' lang='grc' dir='ltr'><strong>ι</strong></span> <span class='ocrx_word' id='word_1_424' title='bbox 1110 3499 1260 3572; x_wconf 92' lang='lat' dir='ltr'><strong>quod</strong></span> <span class='ocrx_word' id='word_1_425' title='bbox 1286 3498 1380 3571; x_wconf 91' lang='lat' dir='ltr'><strong>qui</strong></span> <span class='ocrx_word' id='word_1_426' title='bbox 1407 3498 1629 3554; x_wconf 88' lang='lat' dir='ltr'><strong>assidue</strong></span> <span class='ocrx_word' id='word_1_427' title='bbox 1657 3499 1878 3555; x_wconf 81' lang='lat' dir='ltr'><strong>luxuria</strong></span> <span class='ocrx_word' id='word_1_428' title='bbox 1905 3502 2026 3572; x_wconf 87' lang='lat' dir='ltr'><strong>pel-</strong></span> 
     </span>
    </p>
   </div>
   <div class='ocr_carea' id='block_1_53' title="bbox 429 3587 2029 3660">
    <p class='ocr_par' dir='ltr' id='par_1_53' title="bbox 429 3587 2029 3660">
     <span class='ocr_line' id='line_1_53' title="bbox 429 3587 2029 3660; baseline -0.002 -12"><span class='ocrx_word' id='word_1_429' title='bbox 429 3591 626 3659; x_wconf 90' lang='lat' dir='ltr'><strong>luitur,</strong></span> <span class='ocrx_word' id='word_1_430' title='bbox 667 3591 740 3646; x_wconf 88' lang='lat' dir='ltr'><strong>ad</strong></span> <span class='ocrx_word' id='word_1_431' title='bbox 763 3591 942 3646; x_wconf 90' lang='lat' dir='ltr'><strong>altare</strong></span> <span class='ocrx_word' id='word_1_432' title='bbox 969 3589 1193 3645; x_wconf 90' lang='lat' dir='ltr'><strong>Domini</strong></span> <span class='ocrx_word' id='word_1_433' title='bbox 1221 3587 1485 3644; x_wconf 89' lang='lat' dir='ltr'><strong>accedere</strong></span> <span class='ocrx_word' id='word_1_434' title='bbox 1517 3588 1864 3660; x_wconf 89' lang='lat' dir='ltr'><strong>prohibetur.</strong></span> <span class='ocrx_word' id='word_1_435' title='bbox 1895 3590 2029 3646; x_wconf 89' lang='lat' dir='ltr'><strong>Sca-</strong></span> 
     </span>
    </p>
   </div>
   <div class='ocr_carea' id='block_1_54' title="bbox 432 3677 2031 3743">
    <p class='ocr_par' dir='ltr' id='par_1_54' title="bbox 432 3677 2031 3743">
     <span class='ocr_line' id='line_1_54' title="bbox 432 3677 2031 3743; baseline -0.002 -6"><span class='ocrx_word' id='word_1_436' title='bbox 432 3683 542 3737; x_wconf 80' lang='lat' dir='ltr'><strong>bies</strong></span> <span class='ocrx_word' id='word_1_437' title='bbox 578 3687 666 3737; x_wconf 89' lang='lat' dir='ltr'><strong>est</strong></span> <span class='ocrx_word' id='word_1_438' title='bbox 706 3679 929 3736; x_wconf 89' lang='lat' dir='ltr'><strong>macula</strong></span> <span class='ocrx_word' id='word_1_439' title='bbox 955 3678 1156 3743; x_wconf 91' lang='lat' dir='ltr'><strong>cordis,</strong></span> <span class='ocrx_word' id='word_1_440' title='bbox 1190 3683 1256 3733; x_wconf 91' lang='lat' dir='ltr'><strong>ut</strong></span> <span class='ocrx_word' id='word_1_441' title='bbox 1280 3677 1337 3732; x_wconf 91' lang='lat' dir='ltr'><strong>in</strong></span> <span class='ocrx_word' id='word_1_442' title='bbox 1367 3678 1645 3734; x_wconf 89' lang='lat' dir='ltr'><strong>Levitico:</strong></span> <span class='ocrx_word' id='word_1_443' title='bbox 1679 3699 1702 3731; x_wconf 76' lang='grc' dir='ltr'>ι</span> <span class='ocrx_word' id='word_1_444' title='bbox 1738 3678 2031 3734; x_wconf 88' lang='lat' dir='ltr'><strong>Mundabit</strong></span> 
     </span>
    </p>
   </div>
   <div class='ocr_carea' id='block_1_55' title="bbox 431 3767 2028 3842">
    <p class='ocr_par' dir='ltr' id='par_1_55' title="bbox 431 3767 2028 3842">
     <span class='ocr_line' id='line_1_55' title="bbox 431 3767 2028 3842; baseline -0.001 -16"><span class='ocrx_word' id='word_1_445' title='bbox 431 3786 581 3837; x_wconf 91' lang='lat' dir='ltr'><strong>eum,</strong></span> <span class='ocrx_word' id='word_1_446' title='bbox 626 3769 777 3842; x_wconf 90' lang='lat' dir='ltr'><strong>quod</strong></span> <span class='ocrx_word' id='word_1_447' title='bbox 813 3767 1026 3823; x_wconf 87' lang='lat' dir='ltr'><strong>scabies</strong></span> <span class='ocrx_word' id='word_1_448' title='bbox 1063 3772 1149 3822; x_wconf 86' lang='lat' dir='ltr'><strong>est</strong></span> <span class='ocrx_word' id='word_1_449' title='bbox 1189 3767 1254 3832; x_wconf 84' lang='grc'>¹¹,</span> <span class='ocrx_word' id='word_1_450' title='bbox 1300 3786 1322 3818; x_wconf 71' lang='grc' dir='ltr'><strong><em>ι</em></strong></span> <span class='ocrx_word' id='word_1_451' title='bbox 1356 3767 1412 3822; x_wconf 92' lang='lat' dir='ltr'><strong>id</strong></span> <span class='ocrx_word' id='word_1_452' title='bbox 1445 3775 1548 3836; x_wconf 89' lang='lat' dir='ltr'><strong>est,</strong></span> <span class='ocrx_word' id='word_1_453' title='bbox 1582 3768 1738 3824; x_wconf 87' lang='lat' dir='ltr'><strong>facile</strong></span> <span class='ocrx_word' id='word_1_454' title='bbox 1765 3769 2028 3840; x_wconf 85' lang='lat' dir='ltr'><strong>puriﬁca-</strong></span> 
     </span>
    </p>
   </div>
   <div class='ocr_carea' id='block_1_56' title="bbox 433 3855 1718 3930">
    <p class='ocr_par' dir='ltr' id='par_1_56' title="bbox 433 3855 1718 3930">
     <span class='ocr_line' id='line_1_56' title="bbox 433 3855 1718 3930; baseline -0.002 -15"><span class='ocrx_word' id='word_1_455' title='bbox 433 3859 601 3926; x_wconf 90' lang='lat' dir='ltr'><strong>bitur,</strong></span> <span class='ocrx_word' id='word_1_456' title='bbox 629 3858 725 3930; x_wconf 89' lang='lat' dir='ltr'><strong>qui</strong></span> <span class='ocrx_word' id='word_1_457' title='bbox 749 3856 1104 3913; x_wconf 87' lang='lat' dir='ltr'><strong>solummodo</strong></span> <span class='ocrx_word' id='word_1_458' title='bbox 1124 3855 1182 3912; x_wconf 92' lang='lat' dir='ltr'><strong>in</strong></span> <span class='ocrx_word' id='word_1_459' title='bbox 1214 3863 1403 3912; x_wconf 89' lang='lat' dir='ltr'><strong>mente</strong></span> <span class='ocrx_word' id='word_1_460' title='bbox 1429 3858 1718 3929; x_wconf 86' lang='lat' dir='ltr'><strong>polluitur.</strong></span> 
     </span>
    </p>
   </div>
   <div class='ocr_carea' id='block_1_57' title="bbox 509 3946 2026 4013">
    <p class='ocr_par' dir='ltr' id='par_1_57' title="bbox 509 3946 2026 4013">
     <span class='ocr_line' id='line_1_57' title="bbox 509 3946 2026 4013; baseline -0.003 -7"><span class='ocrx_word' id='word_1_461' title='bbox 509 3949 814 4006; x_wconf 81' lang='lat' dir='ltr'><strong>Scabettum</strong></span> <span class='ocrx_word' id='word_1_462' title='bbox 850 3952 938 4002; x_wconf 91' lang='lat' dir='ltr'><strong>est</strong></span> <span class='ocrx_word' id='word_1_463' title='bbox 977 3951 1395 4001; x_wconf 88' lang='lat' dir='ltr'><strong>sacramentum</strong></span> <span class='ocrx_word' id='word_1_464' title='bbox 1423 3946 1842 4013; x_wconf 91' lang='lat' dir='ltr'><strong>incarnationis,</strong></span> <span class='ocrx_word' id='word_1_465' title='bbox 1876 3954 1940 4001; x_wconf 91' lang='lat' dir='ltr'><strong>ut</strong></span> <span class='ocrx_word' id='word_1_466' title='bbox 1971 3947 2026 4001; x_wconf 90' lang='lat' dir='ltr'><strong>in</strong></span> 
     </span>
    </p>
   </div>
   <div class='ocr_carea' id='block_1_58' title="bbox 431 4034 2030 4107">
    <p class='ocr_par' dir='ltr' id='par_1_58' title="bbox 431 4034 2030 4107">
     <span class='ocr_line' id='line_1_58' title="bbox 431 4034 2030 4107; baseline -0.003 -13"><span class='ocrx_word' id='word_1_467' title='bbox 431 4036 674 4094; x_wconf 89' lang='lat' dir='ltr'><strong>Psalmis</strong></span> <span class='ocrx_word' id='word_1_468' title='bbox 704 4053 716 4088; x_wconf 88' lang='lat'><strong>:</strong></span> <span class='ocrx_word' id='word_1_469' title='bbox 756 4054 779 4085; x_wconf 75' lang='grc' dir='ltr'><strong>α</strong></span> <span class='ocrx_word' id='word_1_470' title='bbox 812 4035 1059 4090; x_wconf 84' lang='lat' dir='ltr'><strong>Adorate</strong></span> <span class='ocrx_word' id='word_1_471' title='bbox 1093 4034 1397 4090; x_wconf 84' lang='lat' dir='ltr'><strong>scabellum</strong></span> <span class='ocrx_word' id='word_1_472' title='bbox 1427 4036 1633 4107; x_wconf 91' lang='lat' dir='ltr'><strong>pedum</strong></span> <span class='ocrx_word' id='word_1_473' title='bbox 1667 4036 1790 4106; x_wconf 85' lang='lat' dir='ltr'><strong>ejus</strong></span> <span class='ocrx_word' id='word_1_474' title='bbox 1821 4035 1884 4100; x_wconf 72' lang='grc' dir='ltr'><strong>η,</strong></span> <span class='ocrx_word' id='word_1_475' title='bbox 1917 4054 1940 4088; x_wconf 80' lang='grc'><strong>›)</strong></span> <span class='ocrx_word' id='word_1_476' title='bbox 1975 4035 2030 4090; x_wconf 92' lang='lat' dir='ltr'><strong>id</strong></span> 
     </span>
    </p>
   </div>
   <div class='ocr_carea' id='block_1_59' title="bbox 430 4124 2028 4196">
    <p class='ocr_par' dir='ltr' id='par_1_59' title="bbox 430 4124 2028 4196">
     <span class='ocr_line' id='line_1_59' title="bbox 430 4124 2028 4196; baseline -0.003 -14"><span class='ocrx_word' id='word_1_477' title='bbox 430 4129 534 4192; x_wconf 88' lang='lat' dir='ltr'><strong>est,</strong></span> <span class='ocrx_word' id='word_1_478' title='bbox 565 4124 840 4180; x_wconf 89' lang='lat' dir='ltr'><strong>honorate</strong></span> <span class='ocrx_word' id='word_1_479' title='bbox 884 4129 1298 4178; x_wconf 88' lang='lat' dir='ltr'><strong>sacramentum</strong></span> <span class='ocrx_word' id='word_1_480' title='bbox 1347 4124 1732 4190; x_wconf 86' lang='lat' dir='ltr'><strong>humanitatis,</strong></span> <span class='ocrx_word' id='word_1_481' title='bbox 1763 4141 1874 4196; x_wconf 93' lang='lat' dir='ltr'><strong>quo</strong></span> <span class='ocrx_word' id='word_1_482' title='bbox 1909 4129 2028 4179; x_wconf 86' lang='lat' dir='ltr'><strong>ter-</strong></span> 
     </span>
    </p>
   </div>
   <div class='ocr_carea' id='block_1_60' title="bbox 430 4211 2032 4284">
    <p class='ocr_par' dir='ltr' id='par_1_60' title="bbox 430 4211 2032 4284">
     <span class='ocr_line' id='line_1_60' title="bbox 430 4211 2032 4284; baseline -0.002 -14"><span class='ocrx_word' id='word_1_483' title='bbox 430 4230 554 4270; x_wconf 87' lang='lat' dir='ltr'><strong>ram</strong></span> <span class='ocrx_word' id='word_1_484' title='bbox 583 4217 786 4268; x_wconf 74' lang='lat' dir='ltr'><strong>nostra:</strong></span> <span class='ocrx_word' id='word_1_485' title='bbox 818 4211 1178 4266; x_wconf 88' lang='lat' dir='ltr'><strong>mortalitatis</strong></span> <span class='ocrx_word' id='word_1_486' title='bbox 1203 4211 1409 4283; x_wconf 85' lang='lat' dir='ltr'><strong>tetigit.</strong></span> <span class='ocrx_word' id='word_1_487' title='bbox 1437 4212 1754 4280; x_wconf 75' lang='lat' dir='ltr'><strong>Scabeltum</strong></span> <span class='ocrx_word' id='word_1_488' title='bbox 1796 4212 2032 4284; x_wconf 88' lang='lat' dir='ltr'><strong>quilibet</strong></span> 
     </span>
    </p>
   </div>
   <div class='ocr_carea' id='block_1_61' title="bbox 430 4300 2029 4366">
    <p class='ocr_par' dir='ltr' id='par_1_61' title="bbox 430 4300 2029 4366">
     <span class='ocr_line' id='line_1_61' title="bbox 430 4300 2029 4366; baseline -0.001 -7"><span class='ocrx_word' id='word_1_489' title='bbox 430 4303 491 4360; x_wconf 89' lang='lat' dir='ltr'><strong>in</strong></span> <span class='ocrx_word' id='word_1_490' title='bbox 519 4302 668 4358; x_wconf 89' lang='lat' dir='ltr'><strong>bona</strong></span> <span class='ocrx_word' id='word_1_491' title='bbox 693 4300 914 4356; x_wconf 86' lang='lat' dir='ltr'><strong>actione</strong></span> <span class='ocrx_word' id='word_1_492' title='bbox 941 4300 1189 4356; x_wconf 85' lang='lat' dir='ltr'><strong>serviens</strong></span> <span class='ocrx_word' id='word_1_493' title='bbox 1218 4301 1354 4366; x_wconf 89' lang='lat' dir='ltr'><strong>Deo,</strong></span> <span class='ocrx_word' id='word_1_494' title='bbox 1369 4306 1436 4356; x_wconf 91' lang='lat' dir='ltr'><strong>ut</strong></span> <span class='ocrx_word' id='word_1_495' title='bbox 1461 4301 1518 4356; x_wconf 94' lang='lat' dir='ltr'><strong>in</strong></span> <span class='ocrx_word' id='word_1_496' title='bbox 1551 4301 1732 4357; x_wconf 87' lang='lat' dir='ltr'><strong>Isaia:</strong></span> <span class='ocrx_word' id='word_1_497' title='bbox 1767 4320 1792 4354; x_wconf 73' lang='grc' dir='ltr'>ι</span> <span class='ocrx_word' id='word_1_498' title='bbox 1817 4303 2029 4358; x_wconf 70' lang='lat' dir='ltr'><strong>Caelum</strong></span> 
     </span>
    </p>
   </div>
   <div class='ocr_carea' id='block_1_62' title="bbox 433 4389 2026 4462">
    <p class='ocr_par' dir='ltr' id='par_1_62' title="bbox 433 4389 2026 4462">
     <span class='ocr_line' id='line_1_62' title="bbox 433 4389 2026 4462; baseline -0.004 -14"><span class='ocrx_word' id='word_1_499' title='bbox 433 4391 572 4448; x_wconf 81' lang='lat' dir='ltr'><strong>mihi</strong></span> <span class='ocrx_word' id='word_1_500' title='bbox 600 4391 779 4459; x_wconf 87' lang='lat' dir='ltr'><strong>sedes,</strong></span> <span class='ocrx_word' id='word_1_501' title='bbox 809 4396 867 4446; x_wconf 87' lang='lat' dir='ltr'><strong>et</strong></span> <span class='ocrx_word' id='word_1_502' title='bbox 890 4397 1041 4445; x_wconf 89' lang='lat' dir='ltr'><strong>terra</strong></span> <span class='ocrx_word' id='word_1_503' title='bbox 1067 4389 1372 4446; x_wconf 80' lang='lat' dir='ltr'><strong>scabellum</strong></span> <span class='ocrx_word' id='word_1_504' title='bbox 1405 4390 1609 4462; x_wconf 88' lang='lat' dir='ltr'><strong>pedum</strong></span> <span class='ocrx_word' id='word_1_505' title='bbox 1644 4407 1897 4446; x_wconf 87' lang='lat' dir='ltr'><strong>meorum</strong></span> <span class='ocrx_word' id='word_1_506' title='bbox 1928 4391 2026 4458; x_wconf 66' lang='lat'><strong>‘3,»</strong></span> 
     </span>
    </p>
   </div>
   <div class='ocr_carea' id='block_1_63' title="bbox 429 4479 2034 4553">
    <p class='ocr_par' dir='ltr' id='par_1_63' title="bbox 429 4479 2034 4553">
     <span class='ocr_line' id='line_1_63' title="bbox 429 4479 2034 4553; baseline -0.001 -15"><span class='ocrx_word' id='word_1_507' title='bbox 429 4482 490 4539; x_wconf 92' lang='lat' dir='ltr'><strong>id</strong></span> <span class='ocrx_word' id='word_1_508' title='bbox 519 4486 624 4548; x_wconf 88' lang='lat' dir='ltr'><strong>est,</strong></span> <span class='ocrx_word' id='word_1_509' title='bbox 658 4481 718 4538; x_wconf 90' lang='lat' dir='ltr'><strong>in</strong></span> <span class='ocrx_word' id='word_1_510' title='bbox 745 4479 1194 4552; x_wconf 89' lang='lat' dir='ltr'><strong>contemplativis</strong></span> <span class='ocrx_word' id='word_1_511' title='bbox 1221 4480 1529 4552; x_wconf 88' lang='lat' dir='ltr'><strong>requiesco,</strong></span> <span class='ocrx_word' id='word_1_512' title='bbox 1553 4485 1611 4535; x_wconf 92' lang='lat' dir='ltr'><strong>et</strong></span> <span class='ocrx_word' id='word_1_513' title='bbox 1637 4479 1694 4534; x_wconf 91' lang='lat' dir='ltr'><strong>in</strong></span> <span class='ocrx_word' id='word_1_514' title='bbox 1721 4480 1916 4536; x_wconf 90' lang='lat' dir='ltr'><strong>activis</strong></span> <span class='ocrx_word' id='word_1_515' title='bbox 1933 4497 2034 4553; x_wconf 90' lang='lat' dir='ltr'><strong>per</strong></span> 
     </span>
    </p>
   </div>
   <div class='ocr_carea' id='block_1_64' title="bbox 433 4570 1033 4643">
    <p class='ocr_par' dir='ltr' id='par_1_64' title="bbox 433 4570 1033 4643">
     <span class='ocr_line' id='line_1_64' title="bbox 433 4570 1033 4643; baseline -0.008 -15"><span class='ocrx_word' id='word_1_516' title='bbox 433 4570 584 4628; x_wconf 90' lang='lat' dir='ltr'><strong>bona</strong></span> <span class='ocrx_word' id='word_1_517' title='bbox 611 4587 783 4643; x_wconf 81' lang='lat' dir='ltr'><strong>Opera</strong></span> <span class='ocrx_word' id='word_1_518' title='bbox 812 4586 1033 4625; x_wconf 89' lang='lat' dir='ltr'><strong>maneo.</strong></span> 
     </span>
    </p>
   </div>
   <div class='ocr_carea' id='block_1_65' title="bbox 503 4657 2032 4730">
    <p class='ocr_par' dir='ltr' id='par_1_65' title="bbox 503 4657 2032 4730">
     <span class='ocr_line' id='line_1_65' title="bbox 503 4657 2032 4730; baseline -0.002 -12"><span class='ocrx_word' id='word_1_519' title='bbox 503 4661 650 4730; x_wconf 85' lang='lat' dir='ltr'><strong>Saga</strong></span> <span class='ocrx_word' id='word_1_520' title='bbox 678 4664 813 4716; x_wconf 89' lang='lat' dir='ltr'><strong>sunt</strong></span> <span class='ocrx_word' id='word_1_521' title='bbox 838 4664 1084 4716; x_wconf 87' lang='lat' dir='ltr'><strong>rectores</strong></span> <span class='ocrx_word' id='word_1_522' title='bbox 1114 4657 1388 4724; x_wconf 66' lang='lat' dir='ltr'><strong>Ecclesiae,</strong></span> <span class='ocrx_word' id='word_1_523' title='bbox 1417 4663 1483 4714; x_wconf 91' lang='lat' dir='ltr'><strong>ut</strong></span> <span class='ocrx_word' id='word_1_524' title='bbox 1502 4659 1560 4713; x_wconf 91' lang='lat' dir='ltr'><strong>in</strong></span> <span class='ocrx_word' id='word_1_525' title='bbox 1601 4659 1788 4714; x_wconf 84' lang='lat' dir='ltr'><strong>Exodo</strong></span> <span class='ocrx_word' id='word_1_526' title='bbox 1821 4679 1838 4714; x_wconf 90' lang='lat'><strong><em>:</em></strong></span> <span class='ocrx_word' id='word_1_527' title='bbox 1873 4677 1900 4714; x_wconf 76' lang='grc' dir='ltr'><strong><em>α</em></strong></span> <span class='ocrx_word' id='word_1_528' title='bbox 1933 4659 2032 4715; x_wconf 87' lang='lat' dir='ltr'><strong>Fe-</strong></span> 
     </span>
    </p>
   </div>
   <div class='ocr_carea' id='block_1_66' title="bbox 434 4747 2034 4820">
    <p class='ocr_par' dir='ltr' id='par_1_66' title="bbox 434 4747 2034 4820">
     <span class='ocr_line' id='line_1_66' title="bbox 434 4747 2034 4820; baseline -0.001 -14"><span class='ocrx_word' id='word_1_529' title='bbox 434 4750 513 4806; x_wconf 91' lang='lat' dir='ltr'><strong>cit</strong></span> <span class='ocrx_word' id='word_1_530' title='bbox 539 4755 599 4806; x_wconf 88' lang='lat' dir='ltr'><strong>et</strong></span> <span class='ocrx_word' id='word_1_531' title='bbox 625 4765 761 4820; x_wconf 86' lang='lat' dir='ltr'><strong>saga</strong></span> <span class='ocrx_word' id='word_1_532' title='bbox 789 4748 1049 4804; x_wconf 91' lang='lat' dir='ltr'><strong>undecim</strong></span> <span class='ocrx_word' id='word_1_533' title='bbox 1070 4747 1140 4804; x_wconf 92' lang='lat' dir='ltr'><strong>de</strong></span> <span class='ocrx_word' id='word_1_534' title='bbox 1153 4747 1280 4820; x_wconf 91' lang='lat' dir='ltr'><strong>pilis</strong></span> <span class='ocrx_word' id='word_1_535' title='bbox 1297 4764 1594 4820; x_wconf 90' lang='lat' dir='ltr'><strong>caprarum</strong></span> <span class='ocrx_word' id='word_1_536' title='bbox 1624 4747 1689 4813; x_wconf 78' lang='grc'><strong>¹⁴,</strong></span> <span class='ocrx_word' id='word_1_537' title='bbox 1713 4769 1740 4800; x_wconf 73' lang='grc' dir='ltr'><strong>ι</strong></span> <span class='ocrx_word' id='word_1_538' title='bbox 1778 4749 1925 4820; x_wconf 89' lang='lat' dir='ltr'><strong>quod</strong></span> <span class='ocrx_word' id='word_1_539' title='bbox 1944 4765 2034 4804; x_wconf 89' lang='lat' dir='ltr'><strong>re-</strong></span> 
     </span>
    </p>
   </div>
   <div class='ocr_carea' id='block_1_67' title="bbox 436 4837 2034 4910">
    <p class='ocr_par' dir='ltr' id='par_1_67' title="bbox 436 4837 2034 4910">
     <span class='ocr_line' id='line_1_67' title="bbox 436 4837 2034 4910; baseline -0.002 -14"><span class='ocrx_word' id='word_1_540' title='bbox 436 4845 618 4896; x_wconf 87' lang='lat' dir='ltr'><strong>ctores</strong></span> <span class='ocrx_word' id='word_1_541' title='bbox 648 4838 848 4905; x_wconf 89' lang='lat' dir='ltr'><strong>sancti,</strong></span> <span class='ocrx_word' id='word_1_542' title='bbox 870 4837 1143 4910; x_wconf 88' lang='lat' dir='ltr'><strong>quidquid</strong></span> <span class='ocrx_word' id='word_1_543' title='bbox 1171 4837 1233 4893; x_wconf 90' lang='lat' dir='ltr'><strong>in</strong></span> <span class='ocrx_word' id='word_1_544' title='bbox 1261 4854 1322 4892; x_wconf 90' lang='lat' dir='ltr'><strong>se</strong></span> <span class='ocrx_word' id='word_1_545' title='bbox 1351 4855 1454 4910; x_wconf 91' lang='lat' dir='ltr'><strong>per</strong></span> <span class='ocrx_word' id='word_1_546' title='bbox 1483 4838 1878 4910; x_wconf 88' lang='lat' dir='ltr'><strong>occupationes</strong></span> <span class='ocrx_word' id='word_1_547' title='bbox 1905 4855 2034 4894; x_wconf 87' lang='lat' dir='ltr'><strong>suas</strong></span> 
     </span>
    </p>
   </div>
   <div class='ocr_carea' id='block_1_68' title="bbox 433 4927 2034 5001">
    <p class='ocr_par' dir='ltr' id='par_1_68' title="bbox 433 4927 2034 5001">
     <span class='ocr_line' id='line_1_68' title="bbox 433 4927 2034 5001; baseline -0.002 -14"><span class='ocrx_word' id='word_1_548' title='bbox 433 4927 900 5001; x_wconf 86' lang='lat' dir='ltr'><strong>transgressionis</strong></span> <span class='ocrx_word' id='word_1_549' title='bbox 923 4927 1192 4993; x_wconf 90' lang='lat' dir='ltr'><strong>sentiunt,</strong></span> <span class='ocrx_word' id='word_1_550' title='bbox 1212 4931 1393 4982; x_wconf 89' lang='lat' dir='ltr'><strong>totum</strong></span> <span class='ocrx_word' id='word_1_551' title='bbox 1413 4927 1735 4999; x_wconf 69' lang='lat' dir='ltr'><strong>paenitendo</strong></span> <span class='ocrx_word' id='word_1_552' title='bbox 1756 4929 2034 5001; x_wconf 87' lang='lat' dir='ltr'><strong>corrigere</strong></span> 
     </span>
    </p>
   </div>
   <div class='ocr_carea' id='block_1_69' title="bbox 434 5019 682 5078">
    <p class='ocr_par' dir='ltr' id='par_1_69' title="bbox 434 5019 682 5078">
     <span class='ocr_line' id='line_1_69' title="bbox 434 5019 682 5078; baseline -0.02 -1"><span class='ocrx_word' id='word_1_553' title='bbox 434 5019 682 5078; x_wconf 91' lang='lat' dir='ltr'><strong>student.</strong></span> 
     </span>
    </p>
   </div>
   <div class='ocr_carea' id='block_1_70' title="bbox 507 5105 2030 5179">
    <p class='ocr_par' dir='ltr' id='par_1_70' title="bbox 507 5105 2030 5179">
     <span class='ocr_line' id='line_1_70' title="bbox 507 5105 2030 5179; baseline -0.004 -13"><span class='ocrx_word' id='word_1_554' title='bbox 507 5108 850 5179; x_wconf 75' lang='lat' dir='ltr'><strong>Sagittarius</strong></span> <span class='ocrx_word' id='word_1_555' title='bbox 892 5113 979 5162; x_wconf 86' lang='lat' dir='ltr'><strong>est</strong></span> <span class='ocrx_word' id='word_1_556' title='bbox 1024 5105 1261 5179; x_wconf 88' lang='lat' dir='ltr'><strong>quilibet</strong></span> <span class='ocrx_word' id='word_1_557' title='bbox 1297 5106 1646 5178; x_wconf 70' lang='lat' dir='ltr'><strong>praedicator,</strong></span> <span class='ocrx_word' id='word_1_558' title='bbox 1680 5114 1741 5162; x_wconf 90' lang='lat' dir='ltr'><strong>ut</strong></span> <span class='ocrx_word' id='word_1_559' title='bbox 1785 5107 1842 5162; x_wconf 90' lang='lat' dir='ltr'><strong>in</strong></span> <span class='ocrx_word' id='word_1_560' title='bbox 1879 5107 1982 5162; x_wconf 89' lang='lat' dir='ltr'><strong>Job</strong></span> <span class='ocrx_word' id='word_1_561' title='bbox 2018 5126 2030 5160; x_wconf 86' lang='lat'><strong>:</strong></span> 
     </span>
    </p>
   </div>
   <div class='ocr_carea' id='block_1_71' title="bbox 439 5196 2034 5272">
    <p class='ocr_par' dir='ltr' id='par_1_71' title="bbox 439 5196 2034 5272">
     <span class='ocr_line' id='line_1_71' title="bbox 439 5196 2034 5272; baseline -0.001 -19"><span class='ocrx_word' id='word_1_562' title='bbox 439 5216 467 5253; x_wconf 75' lang='grc' dir='ltr'>ι</span> <span class='ocrx_word' id='word_1_563' title='bbox 497 5201 622 5257; x_wconf 88' lang='lat' dir='ltr'><strong>Non</strong></span> <span class='ocrx_word' id='word_1_564' title='bbox 653 5197 872 5272; x_wconf 87' lang='lat' dir='ltr'><strong>fugabit</strong></span> <span class='ocrx_word' id='word_1_565' title='bbox 899 5212 1030 5254; x_wconf 90' lang='lat' dir='ltr'><strong>eum</strong></span> <span class='ocrx_word' id='word_1_566' title='bbox 1058 5196 1142 5251; x_wconf 83' lang='lat' dir='ltr'><strong>vir</strong></span> <span class='ocrx_word' id='word_1_567' title='bbox 1185 5196 1512 5268; x_wconf 84' lang='lat' dir='ltr'><strong>sagittarius</strong></span> <span class='ocrx_word' id='word_1_568' title='bbox 1555 5197 1619 5264; x_wconf 65' lang='lat'><strong>‘5,</strong></span> <span class='ocrx_word' id='word_1_569' title='bbox 1667 5199 1814 5271; x_wconf 90' lang='lat' dir='ltr'><strong>quod</strong></span> <span class='ocrx_word' id='word_1_570' title='bbox 1845 5214 1946 5270; x_wconf 88' lang='lat' dir='ltr'><strong>per</strong></span> <span class='ocrx_word' id='word_1_571' title='bbox 1973 5214 2034 5252; x_wconf 89' lang='lat' dir='ltr'><strong>se</strong></span> 
     </span>
    </p>
   </div>
   <div class='ocr_carea' id='block_1_72' title="bbox 2112 1891 3653 1966">
    <p class='ocr_par' dir='ltr' id='par_1_72' title="bbox 2112 1891 3653 1966">
     <span class='ocr_line' id='line_1_72' title="bbox 2112 1891 3653 1966; baseline -0.001 -18"><span class='ocrx_word' id='word_1_572' title='bbox 2112 1911 2139 1947; x_wconf 81' lang='grc'><em>‹</em></span> <span class='ocrx_word' id='word_1_573' title='bbox 2166 1893 2454 1966; x_wconf 90' lang='lat' dir='ltr'><strong>complebo</strong></span> <span class='ocrx_word' id='word_1_574' title='bbox 2483 1893 2544 1950; x_wconf 91' lang='lat' dir='ltr'><strong>in</strong></span> <span class='ocrx_word' id='word_1_575' title='bbox 2573 1894 2673 1949; x_wconf 91' lang='lat' dir='ltr'><strong>eis.</strong></span> <span class='ocrx_word' id='word_1_576' title='bbox 2708 1912 2736 1945; x_wconf 73' lang='grc' dir='ltr'><strong>ιι</strong></span> <span class='ocrx_word' id='word_1_577' title='bbox 2768 1895 2878 1948; x_wconf 84' lang='lat' dir='ltr'><strong>Per</strong></span> <span class='ocrx_word' id='word_1_578' title='bbox 2905 1897 3137 1962; x_wconf 82' lang='lat' dir='ltr'><strong>sagittas</strong></span> <span class='ocrx_word' id='word_1_579' title='bbox 3180 1891 3510 1958; x_wconf 78' lang='lat' dir='ltr'><strong>aﬂlictiones,</strong></span> <span class='ocrx_word' id='word_1_580' title='bbox 3537 1893 3653 1947; x_wconf 83' lang='lat' dir='ltr'><strong>utin</strong></span> 
     </span>
    </p>
   </div>
   <div class='ocr_carea' id='block_1_73' title="bbox 2109 1979 3653 2053">
    <p class='ocr_par' dir='ltr' id='par_1_73' title="bbox 2109 1979 3653 2053">
     <span class='ocr_line' id='line_1_73' title="bbox 2109 1979 3653 2053; baseline -0.002 -16"><span class='ocrx_word' id='word_1_581' title='bbox 2109 1983 2347 2038; x_wconf 87' lang='lat' dir='ltr'><strong>Psalmis</strong></span> <span class='ocrx_word' id='word_1_582' title='bbox 2375 2001 2391 2038; x_wconf 92' lang='lat'><strong><em>:</em></strong></span> <span class='ocrx_word' id='word_1_583' title='bbox 2419 2001 2446 2035; x_wconf 83' lang='lat'><strong>((</strong></span> <span class='ocrx_word' id='word_1_584' title='bbox 2477 1983 2686 2038; x_wconf 90' lang='lat' dir='ltr'><strong>Dentes</strong></span> <span class='ocrx_word' id='word_1_585' title='bbox 2714 2000 2929 2049; x_wconf 87' lang='lat' dir='ltr'><strong>eorum,</strong></span> <span class='ocrx_word' id='word_1_586' title='bbox 2962 1999 3126 2037; x_wconf 89' lang='lat' dir='ltr'><strong>arma</strong></span> <span class='ocrx_word' id='word_1_587' title='bbox 3166 1988 3226 2037; x_wconf 88' lang='lat' dir='ltr'><strong>et</strong></span> <span class='ocrx_word' id='word_1_588' title='bbox 3249 1982 3457 2053; x_wconf 65' lang='lat' dir='ltr'><strong>sagitta:</strong></span> <span class='ocrx_word' id='word_1_589' title='bbox 3476 1979 3534 2048; x_wconf 62' lang='lat'><strong>’1,</strong></span> <span class='ocrx_word' id='word_1_590' title='bbox 3567 2001 3585 2030; x_wconf 73' lang='grc' dir='ltr'><strong>ι</strong></span> <span class='ocrx_word' id='word_1_591' title='bbox 3611 1981 3653 2034; x_wconf 89' lang='lat' dir='ltr'><strong>id</strong></span> 
     </span>
    </p>
   </div>
   <div class='ocr_carea' id='block_1_74' title="bbox 2109 2071 3657 2143">
    <p class='ocr_par' dir='ltr' id='par_1_74' title="bbox 2109 2071 3657 2143">
     <span class='ocr_line' id='line_1_74' title="bbox 2109 2071 3657 2143; baseline -0.003 -16"><span class='ocrx_word' id='word_1_592' title='bbox 2109 2077 2212 2139; x_wconf 89' lang='lat' dir='ltr'><strong>est,</strong></span> <span class='ocrx_word' id='word_1_593' title='bbox 2245 2071 2415 2127; x_wconf 86' lang='lat' dir='ltr'><strong>verba</strong></span> <span class='ocrx_word' id='word_1_594' title='bbox 2437 2089 2632 2128; x_wconf 88' lang='lat' dir='ltr'><strong>eorum</strong></span> <span class='ocrx_word' id='word_1_595' title='bbox 2662 2089 2754 2128; x_wconf 89' lang='lat' dir='ltr'><strong>me</strong></span> <span class='ocrx_word' id='word_1_596' title='bbox 2781 2072 2994 2128; x_wconf 88' lang='lat' dir='ltr'><strong>feriunt</strong></span> <span class='ocrx_word' id='word_1_597' title='bbox 3019 2078 3078 2128; x_wconf 91' lang='lat' dir='ltr'><strong>et</strong></span> <span class='ocrx_word' id='word_1_598' title='bbox 3107 2071 3384 2143; x_wconf 75' lang='lat' dir='ltr'><strong>afﬂigunt.</strong></span> <span class='ocrx_word' id='word_1_599' title='bbox 3416 2071 3512 2125; x_wconf 86' lang='lat' dir='ltr'><strong>Per</strong></span> <span class='ocrx_word' id='word_1_600' title='bbox 3523 2073 3657 2138; x_wconf 54' lang='lat' dir='ltr'><strong>sagit.</strong></span> 
     </span>
    </p>
   </div>
   <div class='ocr_carea' id='block_1_75' title="bbox 2109 2159 3654 2234">
    <p class='ocr_par' dir='ltr' id='par_1_75' title="bbox 2109 2159 3654 2234">
     <span class='ocr_line' id='line_1_75' title="bbox 2109 2159 3654 2234; baseline -0.003 -19"><span class='ocrx_word' id='word_1_601' title='bbox 2109 2168 2192 2216; x_wconf 81' lang='lat' dir='ltr'><strong>tas</strong></span> <span class='ocrx_word' id='word_1_602' title='bbox 2214 2167 2494 2234; x_wconf 65' lang='lat' dir='ltr'><strong>praecepta</strong></span> <span class='ocrx_word' id='word_1_603' title='bbox 2516 2161 2761 2227; x_wconf 91' lang='lat' dir='ltr'><strong>Domini,</strong></span> <span class='ocrx_word' id='word_1_604' title='bbox 2795 2167 2860 2216; x_wconf 95' lang='lat' dir='ltr'><strong>ut</strong></span> <span class='ocrx_word' id='word_1_605' title='bbox 2879 2162 2938 2216; x_wconf 88' lang='lat' dir='ltr'><strong>in</strong></span> <span class='ocrx_word' id='word_1_606' title='bbox 2982 2161 3217 2216; x_wconf 80' lang='lat' dir='ltr'><strong>Cantica</strong></span> <span class='ocrx_word' id='word_1_607' title='bbox 3246 2159 3492 2216; x_wconf 83' lang='lat' dir='ltr'><strong>Habacuc</strong></span> <span class='ocrx_word' id='word_1_608' title='bbox 3521 2177 3532 2212; x_wconf 90' lang='lat'><strong>:</strong></span> <span class='ocrx_word' id='word_1_609' title='bbox 3559 2176 3582 2210; x_wconf 74' lang='grc' dir='ltr'>ι</span> <span class='ocrx_word' id='word_1_610' title='bbox 3607 2159 3654 2213; x_wconf 89' lang='lat' dir='ltr'><strong>In</strong></span> 
     </span>
    </p>
   </div>
   <div class='ocr_carea' id='block_1_76' title="bbox 2105 2249 3660 2322">
    <p class='ocr_par' dir='ltr' id='par_1_76' title="bbox 2105 2249 3660 2322">
     <span class='ocr_line' id='line_1_76' title="bbox 2105 2249 3660 2322; baseline -0.003 -16"><span class='ocrx_word' id='word_1_611' title='bbox 2105 2251 2229 2306; x_wconf 85' lang='lat' dir='ltr'><strong>luce</strong></span> <span class='ocrx_word' id='word_1_612' title='bbox 2258 2249 2594 2322; x_wconf 88' lang='lat' dir='ltr'><strong>sagittarum</strong></span> <span class='ocrx_word' id='word_1_613' title='bbox 2612 2255 2840 2306; x_wconf 89' lang='lat' dir='ltr'><strong>tuarum</strong></span> <span class='ocrx_word' id='word_1_614' title='bbox 2859 2249 2926 2317; x_wconf 72' lang='lat'><strong>”,</strong></span> <span class='ocrx_word' id='word_1_615' title='bbox 2957 2269 2984 2304; x_wconf 68' lang='grc' dir='ltr'><strong>ν</strong></span> <span class='ocrx_word' id='word_1_616' title='bbox 3007 2250 3064 2304; x_wconf 91' lang='lat' dir='ltr'><strong>id</strong></span> <span class='ocrx_word' id='word_1_617' title='bbox 3095 2256 3204 2318; x_wconf 87' lang='lat' dir='ltr'><strong>est,</strong></span> <span class='ocrx_word' id='word_1_618' title='bbox 3228 2250 3287 2304; x_wconf 90' lang='lat' dir='ltr'><strong>in</strong></span> <span class='ocrx_word' id='word_1_619' title='bbox 3305 2249 3540 2304; x_wconf 73' lang='lat' dir='ltr'><strong>claritate</strong></span> <span class='ocrx_word' id='word_1_620' title='bbox 3551 2263 3660 2320; x_wconf 69' lang='lat' dir='ltr'><strong>pra-</strong></span> 
     </span>
    </p>
   </div>
   <div class='ocr_carea' id='block_1_77' title="bbox 2105 2339 3660 2411">
    <p class='ocr_par' dir='ltr' id='par_1_77' title="bbox 2105 2339 3660 2411">
     <span class='ocr_line' id='line_1_77' title="bbox 2105 2339 3660 2411; baseline -0.003 -17"><span class='ocrx_word' id='word_1_621' title='bbox 2105 2346 2395 2411; x_wconf 90' lang='lat' dir='ltr'><strong>ceptorum</strong></span> <span class='ocrx_word' id='word_1_622' title='bbox 2417 2347 2644 2396; x_wconf 88' lang='lat' dir='ltr'><strong>tuorum</strong></span> <span class='ocrx_word' id='word_1_623' title='bbox 2669 2340 2728 2394; x_wconf 90' lang='lat' dir='ltr'><strong>in</strong></span> <span class='ocrx_word' id='word_1_624' title='bbox 2751 2341 2854 2395; x_wconf 87' lang='lat' dir='ltr'><strong>hac</strong></span> <span class='ocrx_word' id='word_1_625' title='bbox 2881 2340 2995 2394; x_wconf 89' lang='lat' dir='ltr'><strong>vita</strong></span> <span class='ocrx_word' id='word_1_626' title='bbox 3017 2339 3308 2394; x_wconf 88' lang='lat' dir='ltr'><strong>incedunt.</strong></span> <span class='ocrx_word' id='word_1_627' title='bbox 3341 2339 3442 2393; x_wconf 89' lang='lat' dir='ltr'><strong>Per</strong></span> <span class='ocrx_word' id='word_1_628' title='bbox 3473 2339 3660 2405; x_wconf 78' lang='lat' dir='ltr'><strong>sagitta:</strong></span> 
     </span>
    </p>
   </div>
   <div class='ocr_carea' id='block_1_78' title="bbox 2108 2427 3662 2496">
    <p class='ocr_par' dir='ltr' id='par_1_78' title="bbox 2108 2427 3662 2496">
     <span class='ocr_line' id='line_1_78' title="bbox 2108 2427 3662 2496; baseline -0.003 -12"><span class='ocrx_word' id='word_1_629' title='bbox 2108 2429 2570 2485; x_wconf 87' lang='lat' dir='ltr'><strong>comminationes</strong></span> <span class='ocrx_word' id='word_1_630' title='bbox 2605 2430 2725 2496; x_wconf 90' lang='lat' dir='ltr'><strong>Dei,</strong></span> <span class='ocrx_word' id='word_1_631' title='bbox 2753 2435 2818 2484; x_wconf 91' lang='lat' dir='ltr'><strong>ut</strong></span> <span class='ocrx_word' id='word_1_632' title='bbox 2845 2429 2902 2484; x_wconf 91' lang='lat' dir='ltr'><strong>in</strong></span> <span class='ocrx_word' id='word_1_633' title='bbox 2933 2429 3178 2484; x_wconf 88' lang='lat' dir='ltr'><strong>Psalmis</strong></span> <span class='ocrx_word' id='word_1_634' title='bbox 3211 2447 3222 2482; x_wconf 91' lang='lat'><strong>:</strong></span> <span class='ocrx_word' id='word_1_635' title='bbox 3266 2448 3293 2484; x_wconf 69' lang='grc' dir='ltr'><strong><em>ι</em></strong></span> <span class='ocrx_word' id='word_1_636' title='bbox 3326 2427 3574 2493; x_wconf 88' lang='lat' dir='ltr'><strong>Quoniam</strong></span> <span class='ocrx_word' id='word_1_637' title='bbox 3596 2441 3662 2480; x_wconf 82' lang='lat' dir='ltr'><strong>sa-</strong></span> 
     </span>
    </p>
   </div>
   <div class='ocr_carea' id='block_1_79' title="bbox 2107 2514 3661 2590">
    <p class='ocr_par' dir='ltr' id='par_1_79' title="bbox 2107 2514 3661 2590">
     <span class='ocr_line' id='line_1_79' title="bbox 2107 2514 3661 2590; baseline -0.005 -16"><span class='ocrx_word' id='word_1_638' title='bbox 2107 2519 2259 2589; x_wconf 71' lang='lat' dir='ltr'><strong>gitiae</strong></span> <span class='ocrx_word' id='word_1_639' title='bbox 2281 2527 2388 2574; x_wconf 62' lang='lat' dir='ltr'><strong>tua;</strong></span> <span class='ocrx_word' id='word_1_640' title='bbox 2430 2519 2612 2574; x_wconf 63' lang='lat' dir='ltr'><strong>infixa;</strong></span> <span class='ocrx_word' id='word_1_641' title='bbox 2637 2523 2773 2574; x_wconf 91' lang='lat' dir='ltr'><strong>sunt</strong></span> <span class='ocrx_word' id='word_1_642' title='bbox 2800 2517 3068 2590; x_wconf 72' lang='lat' dir='ltr'><strong>[mihi]’3,</strong></span> <span class='ocrx_word' id='word_1_643' title='bbox 3105 2537 3134 2570; x_wconf 72' lang='grc' dir='ltr'><strong>ι)</strong></span> <span class='ocrx_word' id='word_1_644' title='bbox 3164 2517 3222 2572; x_wconf 90' lang='lat' dir='ltr'><strong>id</strong></span> <span class='ocrx_word' id='word_1_645' title='bbox 3254 2523 3358 2582; x_wconf 89' lang='lat' dir='ltr'><strong>est,</strong></span> <span class='ocrx_word' id='word_1_646' title='bbox 3389 2515 3523 2588; x_wconf 93' lang='lat' dir='ltr'><strong>quod</strong></span> <span class='ocrx_word' id='word_1_647' title='bbox 3551 2514 3661 2568; x_wconf 88' lang='lat' dir='ltr'><strong>mihi</strong></span> 
     </span>
    </p>
   </div>
   <div class='ocr_carea' id='block_1_80' title="bbox 2108 2605 3667 2679">
    <p class='ocr_par' dir='ltr' id='par_1_80' title="bbox 2108 2605 3667 2679">
     <span class='ocr_line' id='line_1_80' title="bbox 2108 2605 3667 2679; baseline -0.003 -17"><span class='ocrx_word' id='word_1_648' title='bbox 2108 2609 2485 2664; x_wconf 87' lang='lat' dir='ltr'><strong>comminatus</strong></span> <span class='ocrx_word' id='word_1_649' title='bbox 2515 2625 2595 2675; x_wconf 89' lang='lat' dir='ltr'><strong>es,</strong></span> <span class='ocrx_word' id='word_1_650' title='bbox 2622 2609 2744 2679; x_wconf 88' lang='lat' dir='ltr'><strong>jam</strong></span> <span class='ocrx_word' id='word_1_651' title='bbox 2771 2607 2952 2662; x_wconf 92' lang='lat' dir='ltr'><strong>doleo.</strong></span> <span class='ocrx_word' id='word_1_652' title='bbox 2992 2608 3100 2662; x_wconf 90' lang='lat' dir='ltr'><strong>Per</strong></span> <span class='ocrx_word' id='word_1_653' title='bbox 3130 2609 3361 2675; x_wconf 78' lang='lat' dir='ltr'><strong>sagittas</strong></span> <span class='ocrx_word' id='word_1_654' title='bbox 3389 2605 3596 2669; x_wconf 83' lang='lat' dir='ltr'><strong>insidiae,</strong></span> <span class='ocrx_word' id='word_1_655' title='bbox 3617 2610 3667 2658; x_wconf 88' lang='lat' dir='ltr'><strong>ut</strong></span> 
     </span>
    </p>
   </div>
   <div class='ocr_carea' id='block_1_81' title="bbox 2110 2695 3666 2769">
    <p class='ocr_par' dir='ltr' id='par_1_81' title="bbox 2110 2695 3666 2769">
     <span class='ocr_line' id='line_1_81' title="bbox 2110 2695 3666 2769; baseline -0.004 -17"><span class='ocrx_word' id='word_1_656' title='bbox 2110 2699 2168 2752; x_wconf 88' lang='lat' dir='ltr'><strong>in</strong></span> <span class='ocrx_word' id='word_1_657' title='bbox 2199 2698 2436 2753; x_wconf 88' lang='lat' dir='ltr'><strong>Psalmis</strong></span> <span class='ocrx_word' id='word_1_658' title='bbox 2459 2716 2470 2751; x_wconf 89' lang='lat'><strong>:</strong></span> <span class='ocrx_word' id='word_1_659' title='bbox 2501 2717 2524 2749; x_wconf 75' lang='grc' dir='ltr'><strong>ε</strong></span> <span class='ocrx_word' id='word_1_660' title='bbox 2559 2697 2788 2768; x_wconf 67' lang='lat' dir='ltr'><strong>Sagittae</strong></span> <span class='ocrx_word' id='word_1_661' title='bbox 2807 2697 3172 2769; x_wconf 90' lang='lat' dir='ltr'><strong>parvulorum</strong></span> <span class='ocrx_word' id='word_1_662' title='bbox 3195 2697 3353 2751; x_wconf 73' lang='lat' dir='ltr'><strong>facta:</strong></span> <span class='ocrx_word' id='word_1_663' title='bbox 3378 2700 3500 2750; x_wconf 89' lang='lat' dir='ltr'><strong>sunt</strong></span> <span class='ocrx_word' id='word_1_664' title='bbox 3525 2695 3666 2765; x_wconf 72' lang='lat' dir='ltr'><strong>plaga</strong></span> 
     </span>
    </p>
   </div>
   <div class='ocr_carea' id='block_1_82' title="bbox 2110 2782 3667 2859">
    <p class='ocr_par' dir='ltr' id='par_1_82' title="bbox 2110 2782 3667 2859">
     <span class='ocr_line' id='line_1_82' title="bbox 2110 2782 3667 2859; baseline -0.004 -17"><span class='ocrx_word' id='word_1_665' title='bbox 2110 2804 2304 2842; x_wconf 91' lang='lat' dir='ltr'><strong>eorum</strong></span> <span class='ocrx_word' id='word_1_666' title='bbox 2327 2786 2394 2840; x_wconf 63' lang='grc' dir='ltr'><strong>υ.</strong></span> <span class='ocrx_word' id='word_1_667' title='bbox 2434 2807 2456 2838; x_wconf 73' lang='grc' dir='ltr'><strong><em>ι</em></strong></span> <span class='ocrx_word' id='word_1_668' title='bbox 2491 2786 2638 2859; x_wconf 88' lang='lat' dir='ltr'><strong>quod</strong></span> <span class='ocrx_word' id='word_1_669' title='bbox 2682 2786 2880 2852; x_wconf 78' lang='lat' dir='ltr'><strong>Judaei,</strong></span> <span class='ocrx_word' id='word_1_670' title='bbox 2927 2785 3077 2841; x_wconf 91' lang='lat' dir='ltr'><strong>unde</strong></span> <span class='ocrx_word' id='word_1_671' title='bbox 3131 2785 3409 2858; x_wconf 82' lang='lat' dir='ltr'><strong>putabant</strong></span> <span class='ocrx_word' id='word_1_672' title='bbox 3455 2782 3667 2854; x_wconf 85' lang='lat' dir='ltr'><strong>decipere</strong></span> 
     </span>
    </p>
   </div>
   <div class='ocr_carea' id='block_1_83' title="bbox 2111 2875 3667 2948">
    <p class='ocr_par' dir='ltr' id='par_1_83' title="bbox 2111 2875 3667 2948">
     <span class='ocr_line' id='line_1_83' title="bbox 2111 2875 3667 2948; baseline -0.005 -16"><span class='ocrx_word' id='word_1_673' title='bbox 2111 2877 2416 2942; x_wconf 89' lang='lat' dir='ltr'><strong>Christum,</strong></span> <span class='ocrx_word' id='word_1_674' title='bbox 2431 2877 2492 2932; x_wconf 94' lang='lat' dir='ltr'><strong>in</strong></span> <span class='ocrx_word' id='word_1_675' title='bbox 2511 2877 2616 2931; x_wconf 87' lang='lat' dir='ltr'><strong>hoc</strong></span> <span class='ocrx_word' id='word_1_676' title='bbox 2631 2876 2961 2948; x_wconf 86' lang='lat' dir='ltr'><strong>semetipsos</strong></span> <span class='ocrx_word' id='word_1_677' title='bbox 2977 2876 3344 2948; x_wconf 89' lang='lat' dir='ltr'><strong>deceperunt.</strong></span> <span class='ocrx_word' id='word_1_678' title='bbox 3368 2875 3468 2929; x_wconf 88' lang='lat' dir='ltr'><strong>Per</strong></span> <span class='ocrx_word' id='word_1_679' title='bbox 3479 2875 3667 2940; x_wconf 72' lang='lat' dir='ltr'><strong>sagitta:</strong></span> 
     </span>
    </p>
   </div>
   <div class='ocr_carea' id='block_1_84' title="bbox 2111 2961 3666 3038">
    <p class='ocr_par' dir='ltr' id='par_1_84' title="bbox 2111 2961 3666 3038">
     <span class='ocr_line' id='line_1_84' title="bbox 2111 2961 3666 3038; baseline -0.005 -16"><span class='ocrx_word' id='word_1_680' title='bbox 2111 2966 2409 3022; x_wconf 72' lang='lat' dir='ltr'><strong>Dominicae</strong></span> <span class='ocrx_word' id='word_1_681' title='bbox 2439 2965 2845 3038; x_wconf 86' lang='lat' dir='ltr'><strong>percussiones,</strong></span> <span class='ocrx_word' id='word_1_682' title='bbox 2876 2971 2940 3021; x_wconf 91' lang='lat' dir='ltr'><strong>ut</strong></span> <span class='ocrx_word' id='word_1_683' title='bbox 2969 2965 3025 3020; x_wconf 92' lang='lat' dir='ltr'><strong>in</strong></span> <span class='ocrx_word' id='word_1_684' title='bbox 3052 2965 3160 3020; x_wconf 88' lang='lat' dir='ltr'><strong>Job</strong></span> <span class='ocrx_word' id='word_1_685' title='bbox 3197 2983 3209 3019; x_wconf 90' lang='lat'><strong>:</strong></span> <span class='ocrx_word' id='word_1_686' title='bbox 3241 2985 3262 3016; x_wconf 77' lang='grc' dir='ltr'>ι</span> <span class='ocrx_word' id='word_1_687' title='bbox 3309 2963 3458 3029; x_wconf 87' lang='lat' dir='ltr'><strong>Quod</strong></span> <span class='ocrx_word' id='word_1_688' title='bbox 3487 2961 3666 3032; x_wconf 68' lang='lat' dir='ltr'><strong>sagitta:</strong></span> 
     </span>
    </p>
   </div>
   <div class='ocr_carea' id='block_1_85' title="bbox 2111 3050 3666 3126">
    <p class='ocr_par' dir='ltr' id='par_1_85' title="bbox 2111 3050 3666 3126">
     <span class='ocr_line' id='line_1_85' title="bbox 2111 3050 3666 3126; baseline -0.006 -15"><span class='ocrx_word' id='word_1_689' title='bbox 2111 3055 2338 3111; x_wconf 89' lang='lat' dir='ltr'><strong>Domini</strong></span> <span class='ocrx_word' id='word_1_690' title='bbox 2372 3055 2426 3110; x_wconf 93' lang='lat' dir='ltr'><strong>in</strong></span> <span class='ocrx_word' id='word_1_691' title='bbox 2459 3071 2550 3110; x_wconf 91' lang='lat' dir='ltr'><strong>me</strong></span> <span class='ocrx_word' id='word_1_692' title='bbox 2579 3059 2712 3110; x_wconf 88' lang='lat' dir='ltr'><strong>sunt</strong></span> <span class='ocrx_word' id='word_1_693' title='bbox 2737 3053 2801 3120; x_wconf 69' lang='grc'><strong>³⁵,</strong></span> <span class='ocrx_word' id='word_1_694' title='bbox 2842 3073 2864 3106; x_wconf 76' lang='grc' dir='ltr'><strong><em>ι</em></strong></span> <span class='ocrx_word' id='word_1_695' title='bbox 2899 3054 2954 3110; x_wconf 91' lang='lat' dir='ltr'><strong>id</strong></span> <span class='ocrx_word' id='word_1_696' title='bbox 2988 3059 3092 3121; x_wconf 89' lang='lat' dir='ltr'><strong>est,</strong></span> <span class='ocrx_word' id='word_1_697' title='bbox 3129 3054 3348 3126; x_wconf 70' lang='lat' dir='ltr'><strong>sagitta:</strong></span> <span class='ocrx_word' id='word_1_698' title='bbox 3374 3050 3573 3108; x_wconf 87' lang='lat' dir='ltr'><strong>Domini</strong></span> <span class='ocrx_word' id='word_1_699' title='bbox 3597 3065 3666 3104; x_wconf 88' lang='lat' dir='ltr'><strong>me</strong></span> 
     </span>
    </p>
   </div>
   <div class='ocr_carea' id='block_1_86' title="bbox 2112 3145 2389 3216">
    <p class='ocr_par' dir='ltr' id='par_1_86' title="bbox 2112 3145 2389 3216">
     <span class='ocr_line' id='line_1_86' title="bbox 2112 3145 2389 3216; baseline 0 -16"><span class='ocrx_word' id='word_1_700' title='bbox 2112 3145 2389 3216; x_wconf 79' lang='lat' dir='ltr'><strong>affligunt.</strong></span> 
     </span>
    </p>
   </div>
   <div class='ocr_carea' id='block_1_87' title="bbox 2179 3229 3669 3304">
    <p class='ocr_par' dir='ltr' id='par_1_87' title="bbox 2179 3229 3669 3304">
     <span class='ocr_line' id='line_1_87' title="bbox 2179 3229 3669 3304; baseline -0.003 -15"><span class='ocrx_word' id='word_1_701' title='bbox 2179 3234 2396 3304; x_wconf 70' lang='lat' dir='ltr'><strong>Sagana</strong></span> <span class='ocrx_word' id='word_1_702' title='bbox 2417 3241 2503 3290; x_wconf 89' lang='lat' dir='ltr'><strong>est</strong></span> <span class='ocrx_word' id='word_1_703' title='bbox 2522 3240 2718 3289; x_wconf 89' lang='lat' dir='ltr'><strong>sancta</strong></span> <span class='ocrx_word' id='word_1_704' title='bbox 2738 3235 3000 3299; x_wconf 88' lang='lat' dir='ltr'><strong>Ecclesia,</strong></span> <span class='ocrx_word' id='word_1_705' title='bbox 3020 3240 3084 3289; x_wconf 93' lang='lat' dir='ltr'><strong>ut</strong></span> <span class='ocrx_word' id='word_1_706' title='bbox 3109 3235 3173 3288; x_wconf 89' lang='lat' dir='ltr'><strong>in</strong></span> <span class='ocrx_word' id='word_1_707' title='bbox 3197 3231 3516 3304; x_wconf 87' lang='lat' dir='ltr'><strong>Evangelio:</strong></span> <span class='ocrx_word' id='word_1_708' title='bbox 3545 3251 3567 3282; x_wconf 73' lang='grc' dir='ltr'>ι</span> <span class='ocrx_word' id='word_1_709' title='bbox 3589 3229 3669 3284; x_wconf 86' lang='lat' dir='ltr'><strong>Sa-</strong></span> 
     </span>
    </p>
   </div>
   <div class='ocr_carea' id='block_1_88' title="bbox 2109 3323 3669 3396">
    <p class='ocr_par' dir='ltr' id='par_1_88' title="bbox 2109 3323 3669 3396">
     <span class='ocr_line' id='line_1_88' title="bbox 2109 3323 3669 3396; baseline -0.004 -16"><span class='ocrx_word' id='word_1_710' title='bbox 2109 3341 2266 3396; x_wconf 75' lang='lat' dir='ltr'><strong>genae</strong></span> <span class='ocrx_word' id='word_1_711' title='bbox 2295 3325 2477 3380; x_wconf 84' lang='lat' dir='ltr'><strong>missae</strong></span> <span class='ocrx_word' id='word_1_712' title='bbox 2507 3324 2566 3379; x_wconf 90' lang='lat' dir='ltr'><strong>in</strong></span> <span class='ocrx_word' id='word_1_713' title='bbox 2597 3341 2753 3379; x_wconf 88' lang='lat' dir='ltr'><strong>mare</strong></span> <span class='ocrx_word' id='word_1_714' title='bbox 2791 3323 2856 3391; x_wconf 71' lang='grc'><strong>’⁸,</strong></span> <span class='ocrx_word' id='word_1_715' title='bbox 2905 3343 2932 3378; x_wconf 72' lang='grc' dir='ltr'><strong>ιι</strong></span> <span class='ocrx_word' id='word_1_716' title='bbox 2963 3325 3022 3378; x_wconf 91' lang='lat' dir='ltr'><strong>id</strong></span> <span class='ocrx_word' id='word_1_717' title='bbox 3045 3329 3153 3390; x_wconf 88' lang='lat' dir='ltr'><strong>est,</strong></span> <span class='ocrx_word' id='word_1_718' title='bbox 3191 3323 3442 3379; x_wconf 80' lang='lat' dir='ltr'><strong>Ecclesiae</strong></span> <span class='ocrx_word' id='word_1_719' title='bbox 3465 3335 3669 3394; x_wconf 83' lang='lat' dir='ltr'><strong>praesen-</strong></span> 
     </span>
    </p>
   </div>
   <div class='ocr_carea' id='block_1_89' title="bbox 2084 3409 3672 3486">
    <p class='ocr_par' dir='ltr' id='par_1_89' title="bbox 2084 3409 3672 3486">
     <span class='ocr_line' id='line_1_89' title="bbox 2084 3409 3672 3486; baseline -0.006 -16"><span class='ocrx_word' id='word_1_720' title='bbox 2084 3415 2186 3470; x_wconf 74' lang='lat' dir='ltr'><strong>&#39;tis</strong></span> <span class='ocrx_word' id='word_1_721' title='bbox 2213 3414 2398 3470; x_wconf 68' lang='lat' dir='ltr'><strong>saeculi</strong></span> <span class='ocrx_word' id='word_1_722' title='bbox 2429 3414 2704 3486; x_wconf 86' lang='lat' dir='ltr'><strong>profundo</strong></span> <span class='ocrx_word' id='word_1_723' title='bbox 2744 3413 3145 3485; x_wconf 84' lang='lat' dir='ltr'><strong>peregrinanti.</strong></span> <span class='ocrx_word' id='word_1_724' title='bbox 3186 3414 3298 3468; x_wconf 89' lang='lat' dir='ltr'><strong>Per</strong></span> <span class='ocrx_word' id='word_1_725' title='bbox 3317 3428 3566 3480; x_wconf 84' lang='lat' dir='ltr'><strong>sagcnam</strong></span> <span class='ocrx_word' id='word_1_726' title='bbox 3598 3409 3672 3463; x_wconf 83' lang='lat' dir='ltr'><strong>Ec-</strong></span> 
     </span>
    </p>
   </div>
   <div class='ocr_carea' id='block_1_90' title="bbox 2111 3492 3674 3575">
    <p class='ocr_par' dir='ltr' id='par_1_90' title="bbox 2111 3492 3674 3575">
     <span class='ocr_line' id='line_1_90' title="bbox 2111 3492 3674 3575; baseline -0.004 -19"><span class='ocrx_word' id='word_1_727' title='bbox 2111 3501 2293 3556; x_wconf 77' lang='lat' dir='ltr'><strong>clesiae</strong></span> <span class='ocrx_word' id='word_1_728' title='bbox 2342 3503 2552 3567; x_wconf 76' lang='lat' dir='ltr'><strong>multae,</strong></span> <span class='ocrx_word' id='word_1_729' title='bbox 2587 3519 2709 3575; x_wconf 80' lang='lat' dir='ltr'><strong>quae</strong></span> <span class='ocrx_word' id='word_1_730' title='bbox 2737 3518 2910 3557; x_wconf 90' lang='lat' dir='ltr'><strong>unam</strong></span> <span class='ocrx_word' id='word_1_731' title='bbox 2940 3492 3280 3557; x_wconf 77' lang='lat' dir='ltr'><strong>catholicam</strong></span> <span class='ocrx_word' id='word_1_732' title='bbox 3311 3500 3588 3556; x_wconf 86' lang='lat' dir='ltr'><strong>Ecclesiam</strong></span> <span class='ocrx_word' id='word_1_733' title='bbox 3612 3496 3674 3550; x_wconf 83' lang='lat' dir='ltr'><strong>fa-</strong></span> 
     </span>
    </p>
   </div>
   <div class='ocr_carea' id='block_1_91' title="bbox 2110 3585 3675 3664">
    <p class='ocr_par' dir='ltr' id='par_1_91' title="bbox 2110 3585 3675 3664">
     <span class='ocr_line' id='line_1_91' title="bbox 2110 3585 3675 3664; baseline -0.005 -18"><span class='ocrx_word' id='word_1_734' title='bbox 2110 3591 2284 3657; x_wconf 89' lang='lat' dir='ltr'><strong>ciunt,</strong></span> <span class='ocrx_word' id='word_1_735' title='bbox 2310 3597 2375 3648; x_wconf 91' lang='lat' dir='ltr'><strong>ut</strong></span> <span class='ocrx_word' id='word_1_736' title='bbox 2402 3591 2460 3647; x_wconf 80' lang='lat' dir='ltr'><strong>in</strong></span> <span class='ocrx_word' id='word_1_737' title='bbox 2490 3592 2594 3648; x_wconf 89' lang='lat' dir='ltr'><strong>Job</strong></span> <span class='ocrx_word' id='word_1_738' title='bbox 2623 3611 2634 3646; x_wconf 88' lang='lat'><strong>:</strong></span> <span class='ocrx_word' id='word_1_739' title='bbox 2663 3613 2684 3644; x_wconf 78' lang='grc' dir='ltr'>ι</span> <span class='ocrx_word' id='word_1_740' title='bbox 2719 3591 2983 3664; x_wconf 88' lang='lat' dir='ltr'><strong>Nunquid</strong></span> <span class='ocrx_word' id='word_1_741' title='bbox 3025 3591 3291 3662; x_wconf 85' lang='lat' dir='ltr'><strong>implebis</strong></span> <span class='ocrx_word' id='word_1_742' title='bbox 3321 3605 3543 3662; x_wconf 88' lang='lat' dir='ltr'><strong>sagenas</strong></span> <span class='ocrx_word' id='word_1_743' title='bbox 3562 3585 3675 3660; x_wconf 83' lang='lat' dir='ltr'><strong>pelle</strong></span> 
     </span>
    </p>
   </div>
   <div class='ocr_carea' id='block_1_92' title="bbox 2112 3679 3672 3753">
    <p class='ocr_par' dir='ltr' id='par_1_92' title="bbox 2112 3679 3672 3753">
     <span class='ocr_line' id='line_1_92' title="bbox 2112 3679 3672 3753; baseline -0.008 -15"><span class='ocrx_word' id='word_1_744' title='bbox 2112 3682 2161 3750; x_wconf 84' lang='lat' dir='ltr'><strong>ej</strong></span> <span class='ocrx_word' id='word_1_745' title='bbox 2171 3698 2234 3736; x_wconf 87' lang='lat' dir='ltr'><strong>us</strong></span> <span class='ocrx_word' id='word_1_746' title='bbox 2251 3679 2298 3717; x_wconf 82' lang='grc'>²⁷</span> <span class='ocrx_word' id='word_1_747' title='bbox 2319 3681 2342 3734; x_wconf 88' lang='lat'><strong>?</strong></span> <span class='ocrx_word' id='word_1_748' title='bbox 2376 3703 2401 3730; x_wconf 74' lang='grc' dir='ltr'><strong><em>ιο</em></strong></span> <span class='ocrx_word' id='word_1_749' title='bbox 2435 3681 2583 3753; x_wconf 90' lang='lat' dir='ltr'><strong>quod</strong></span> <span class='ocrx_word' id='word_1_750' title='bbox 2605 3681 2878 3736; x_wconf 89' lang='lat' dir='ltr'><strong>Dominus</strong></span> <span class='ocrx_word' id='word_1_751' title='bbox 2891 3679 2996 3734; x_wconf 87' lang='lat' dir='ltr'><strong>hos</strong></span> <span class='ocrx_word' id='word_1_752' title='bbox 3011 3680 3070 3734; x_wconf 91' lang='lat' dir='ltr'><strong>in</strong></span> <span class='ocrx_word' id='word_1_753' title='bbox 3085 3679 3294 3752; x_wconf 89' lang='lat' dir='ltr'><strong>quibus</strong></span> <span class='ocrx_word' id='word_1_754' title='bbox 3325 3679 3562 3734; x_wconf 86' lang='lat' dir='ltr'><strong>diabolus</strong></span> <span class='ocrx_word' id='word_1_755' title='bbox 3578 3681 3672 3730; x_wconf 86' lang='lat' dir='ltr'><strong>erat</strong></span> 
     </span>
    </p>
   </div>
   <div class='ocr_carea' id='block_1_93' title="bbox 2113 3769 3191 3825">
    <p class='ocr_par' dir='ltr' id='par_1_93' title="bbox 2113 3769 3191 3825">
     <span class='ocr_line' id='line_1_93' title="bbox 2113 3769 3191 3825; baseline -0.001 0"><span class='ocrx_word' id='word_1_756' title='bbox 2113 3771 2183 3825; x_wconf 91' lang='lat' dir='ltr'><strong>ad</strong></span> <span class='ocrx_word' id='word_1_757' title='bbox 2215 3770 2516 3825; x_wconf 77' lang='lat' dir='ltr'><strong>Ecclesiam</strong></span> <span class='ocrx_word' id='word_1_758' title='bbox 2548 3769 2986 3825; x_wconf 89' lang='lat' dir='ltr'><strong>misericorditer</strong></span> <span class='ocrx_word' id='word_1_759' title='bbox 3010 3775 3191 3824; x_wconf 87' lang='lat' dir='ltr'><strong>vocat.</strong></span> 
     </span>
    </p>
   </div>
   <div class='ocr_carea' id='block_1_94' title="bbox 2181 3853 3671 3930">
    <p class='ocr_par' dir='ltr' id='par_1_94' title="bbox 2181 3853 3671 3930">
     <span class='ocr_line' id='line_1_94' title="bbox 2181 3853 3671 3930; baseline -0.005 -18"><span class='ocrx_word' id='word_1_760' title='bbox 2181 3860 2490 3930; x_wconf 79' lang='lat' dir='ltr'><strong>Sapphirus</strong></span> <span class='ocrx_word' id='word_1_761' title='bbox 2537 3865 2622 3914; x_wconf 91' lang='lat' dir='ltr'><strong>est</strong></span> <span class='ocrx_word' id='word_1_762' title='bbox 2673 3859 2898 3914; x_wconf 83' lang='lat' dir='ltr'><strong>claritas</strong></span> <span class='ocrx_word' id='word_1_763' title='bbox 2945 3859 3299 3930; x_wconf 86' lang='lat' dir='ltr'><strong>angelorum,</strong></span> <span class='ocrx_word' id='word_1_764' title='bbox 3345 3865 3407 3912; x_wconf 87' lang='lat' dir='ltr'><strong>ut</strong></span> <span class='ocrx_word' id='word_1_765' title='bbox 3453 3857 3506 3911; x_wconf 92' lang='lat' dir='ltr'><strong>in</strong></span> <span class='ocrx_word' id='word_1_766' title='bbox 3551 3853 3671 3909; x_wconf 83' lang='lat' dir='ltr'><strong>Job:</strong></span> 
     </span>
    </p>
   </div>
   <div class='ocr_carea' id='block_1_95' title="bbox 2113 3944 3674 4022">
    <p class='ocr_par' dir='ltr' id='par_1_95' title="bbox 2113 3944 3674 4022">
     <span class='ocr_line' id='line_1_95' title="bbox 2113 3944 3674 4022; baseline -0.003 -19"><span class='ocrx_word' id='word_1_767' title='bbox 2113 3968 2141 4003; x_wconf 73' lang='grc' dir='ltr'>α</span> <span class='ocrx_word' id='word_1_768' title='bbox 2173 3951 2287 4006; x_wconf 81' lang='lat' dir='ltr'><strong>Nec</strong></span> <span class='ocrx_word' id='word_1_769' title='bbox 2316 3949 2488 4022; x_wconf 90' lang='lat' dir='ltr'><strong>lapidi</strong></span> <span class='ocrx_word' id='word_1_770' title='bbox 2531 3952 2550 3972; x_wconf 75' lang='lat'>&#39;</span> <span class='ocrx_word' id='word_1_771' title='bbox 2582 3949 2748 4003; x_wconf 90' lang='lat' dir='ltr'><strong>sardo</strong></span> <span class='ocrx_word' id='word_1_772' title='bbox 2778 3966 2805 4002; x_wconf 73' lang='grc' dir='ltr'><strong>ι</strong></span> <span class='ocrx_word' id='word_1_773' title='bbox 2843 3948 2958 4003; x_wconf 83' lang='lat' dir='ltr'><strong>viro</strong></span> <span class='ocrx_word' id='word_1_774' title='bbox 2991 3947 3424 4020; x_wconf 85' lang='lat' dir='ltr'><strong>pretiosissimo,</strong></span> <span class='ocrx_word' id='word_1_775' title='bbox 3458 3944 3534 4000; x_wconf 89' lang='lat' dir='ltr'><strong>vel</strong></span> <span class='ocrx_word' id='word_1_776' title='bbox 3572 3959 3674 4014; x_wconf 83' lang='lat' dir='ltr'><strong>sap-</strong></span> 
     </span>
    </p>
   </div>
   <div class='ocr_carea' id='block_1_96' title="bbox 2118 4031 3674 4110">
    <p class='ocr_par' dir='ltr' id='par_1_96' title="bbox 2118 4031 3674 4110">
     <span class='ocr_line' id='line_1_96' title="bbox 2118 4031 3674 4110; baseline -0.008 -15"><span class='ocrx_word' id='word_1_777' title='bbox 2118 4060 2139 4090; x_wconf 71' lang='grc' dir='ltr'>ι</span> <span class='ocrx_word' id='word_1_778' title='bbox 2176 4039 2338 4110; x_wconf 91' lang='lat' dir='ltr'><strong>phiro</strong></span> <span class='ocrx_word' id='word_1_779' title='bbox 2365 4037 2429 4105; x_wconf 70' lang='grc'><strong>’⁸,</strong></span> <span class='ocrx_word' id='word_1_780' title='bbox 2470 4058 2491 4089; x_wconf 79' lang='grc' dir='ltr'><strong>ι</strong></span> <span class='ocrx_word' id='word_1_781' title='bbox 2545 4039 2691 4110; x_wconf 89' lang='lat' dir='ltr'><strong>quod</strong></span> <span class='ocrx_word' id='word_1_782' title='bbox 2723 4037 2863 4093; x_wconf 87' lang='lat' dir='ltr'><strong>Filio</strong></span> <span class='ocrx_word' id='word_1_783' title='bbox 2893 4037 2994 4092; x_wconf 86' lang='lat' dir='ltr'><strong>Dei</strong></span> <span class='ocrx_word' id='word_1_784' title='bbox 3035 4054 3137 4092; x_wconf 89' lang='lat' dir='ltr'><strong>nec</strong></span> <span class='ocrx_word' id='word_1_785' title='bbox 3181 4036 3419 4109; x_wconf 89' lang='lat' dir='ltr'><strong>quilibet</strong></span> <span class='ocrx_word' id='word_1_786' title='bbox 3445 4037 3595 4090; x_wconf 88' lang='lat' dir='ltr'><strong>homo</strong></span> <span class='ocrx_word' id='word_1_787' title='bbox 3629 4031 3674 4084; x_wconf 89' lang='lat' dir='ltr'><strong>in</strong></span> 
     </span>
    </p>
   </div>
   <div class='ocr_carea' id='block_1_97' title="bbox 2113 4121 3670 4200">
    <p class='ocr_par' dir='ltr' id='par_1_97' title="bbox 2113 4121 3670 4200">
     <span class='ocr_line' id='line_1_97' title="bbox 2113 4121 3670 4200; baseline -0.006 -18"><span class='ocrx_word' id='word_1_788' title='bbox 2113 4133 2284 4194; x_wconf 84' lang='lat' dir='ltr'><strong>terra,</strong></span> <span class='ocrx_word' id='word_1_789' title='bbox 2299 4144 2403 4182; x_wconf 88' lang='lat' dir='ltr'><strong>nec</strong></span> <span class='ocrx_word' id='word_1_790' title='bbox 2425 4127 2658 4200; x_wconf 90' lang='lat' dir='ltr'><strong>quilibet</strong></span> <span class='ocrx_word' id='word_1_791' title='bbox 2680 4128 2915 4197; x_wconf 85' lang='lat' dir='ltr'><strong>angelus</strong></span> <span class='ocrx_word' id='word_1_792' title='bbox 2935 4127 3256 4198; x_wconf 87' lang='lat' dir='ltr'><strong>comparari</strong></span> <span class='ocrx_word' id='word_1_793' title='bbox 3273 4131 3456 4199; x_wconf 88' lang='lat' dir='ltr'><strong>potest</strong></span> <span class='ocrx_word' id='word_1_794' title='bbox 3471 4125 3523 4178; x_wconf 90' lang='lat' dir='ltr'><strong>in</strong></span> <span class='ocrx_word' id='word_1_795' title='bbox 3541 4121 3670 4176; x_wconf 72' lang='lat' dir='ltr'><strong>coelo.</strong></span> 
     </span>
    </p>
   </div>
   <div class='ocr_carea' id='block_1_98' title="bbox 2113 4209 3672 4288">
    <p class='ocr_par' dir='ltr' id='par_1_98' title="bbox 2113 4209 3672 4288">
     <span class='ocr_line' id='line_1_98' title="bbox 2113 4209 3672 4288; baseline -0.01 -14"><span class='ocrx_word' id='word_1_796' title='bbox 2113 4218 2439 4287; x_wconf 76' lang='lat' dir='ltr'><strong>Sappltirus,</strong></span> <span class='ocrx_word' id='word_1_797' title='bbox 2481 4222 2670 4271; x_wconf 89' lang='lat' dir='ltr'><strong>sancta</strong></span> <span class='ocrx_word' id='word_1_798' title='bbox 2719 4216 3134 4288; x_wconf 84' lang='lat' dir='ltr'><strong>contemplatio,</strong></span> <span class='ocrx_word' id='word_1_799' title='bbox 3195 4221 3260 4270; x_wconf 89' lang='lat' dir='ltr'><strong>ut</strong></span> <span class='ocrx_word' id='word_1_800' title='bbox 3308 4216 3366 4270; x_wconf 88' lang='lat' dir='ltr'><strong>in</strong></span> <span class='ocrx_word' id='word_1_801' title='bbox 3418 4209 3672 4268; x_wconf 87' lang='lat' dir='ltr'><strong>Jeremia:</strong></span> 
     </span>
    </p>
   </div>
   <div class='ocr_carea' id='block_1_99' title="bbox 2117 4303 3671 4379">
    <p class='ocr_par' dir='ltr' id='par_1_99' title="bbox 2117 4303 3671 4379">
     <span class='ocr_line' id='line_1_99' title="bbox 2117 4303 3671 4379; baseline -0.004 -21"><span class='ocrx_word' id='word_1_802' title='bbox 2117 4326 2139 4358; x_wconf 75' lang='grc' dir='ltr'><em>α</em></span> <span class='ocrx_word' id='word_1_803' title='bbox 2175 4306 2450 4379; x_wconf 89' lang='lat' dir='ltr'><strong>Sapphiro</strong></span> <span class='ocrx_word' id='word_1_804' title='bbox 2483 4305 2826 4378; x_wconf 88' lang='lat' dir='ltr'><strong>pulchriores</strong></span> <span class='ocrx_word' id='word_1_805' title='bbox 2856 4303 2920 4370; x_wconf 69' lang='lat'><strong>’9,</strong></span> <span class='ocrx_word' id='word_1_806' title='bbox 2973 4324 2994 4356; x_wconf 77' lang='grc' dir='ltr'><strong><em>ι</em></strong></span> <span class='ocrx_word' id='word_1_807' title='bbox 3027 4304 3082 4358; x_wconf 90' lang='lat' dir='ltr'><strong>id</strong></span> <span class='ocrx_word' id='word_1_808' title='bbox 3113 4309 3219 4370; x_wconf 88' lang='lat' dir='ltr'><strong>est,</strong></span> <span class='ocrx_word' id='word_1_809' title='bbox 3257 4305 3279 4328; x_wconf 80' lang='grc'>⁶</span> <span class='ocrx_word' id='word_1_810' title='bbox 3325 4303 3430 4375; x_wconf 91' lang='lat' dir='ltr'><strong>ipsi</strong></span> <span class='ocrx_word' id='word_1_811' title='bbox 3457 4307 3671 4356; x_wconf 85' lang='lat' dir='ltr'><strong>contem-</strong></span> 
     </span>
    </p>
   </div>
   <div class='ocr_carea' id='block_1_100' title="bbox 2114 4387 3671 4468">
    <p class='ocr_par' dir='ltr' id='par_1_100' title="bbox 2114 4387 3671 4468">
     <span class='ocr_line' id='line_1_100' title="bbox 2114 4387 3671 4468; baseline -0.008 -18"><span class='ocrx_word' id='word_1_812' title='bbox 2114 4395 2332 4468; x_wconf 87' lang='lat' dir='ltr'><strong>plativis</strong></span> <span class='ocrx_word' id='word_1_813' title='bbox 2389 4395 2826 4449; x_wconf 84' lang='lat' dir='ltr'><strong>excellentiores.</strong></span> <span class='ocrx_word' id='word_1_814' title='bbox 2885 4395 2992 4448; x_wconf 86' lang='lat' dir='ltr'><strong>Per</strong></span> <span class='ocrx_word' id='word_1_815' title='bbox 3052 4395 3386 4463; x_wconf 76' lang='lat' dir='ltr'><strong>sapphirum</strong></span> <span class='ocrx_word' id='word_1_816' title='bbox 3438 4387 3671 4446; x_wconf 86' lang='lat' dir='ltr'><strong>miracula</strong></span> 
     </span>
    </p>
   </div>
   <div class='ocr_carea' id='block_1_101' title="bbox 2115 4475 3670 4554">
    <p class='ocr_par' dir='ltr' id='par_1_101' title="bbox 2115 4475 3670 4554">
     <span class='ocr_line' id='line_1_101' title="bbox 2115 4475 3670 4554; baseline -0.007 -15"><span class='ocrx_word' id='word_1_817' title='bbox 2115 4484 2342 4551; x_wconf 88' lang='lat' dir='ltr'><strong>Christi,</strong></span> <span class='ocrx_word' id='word_1_818' title='bbox 2367 4490 2431 4539; x_wconf 88' lang='lat' dir='ltr'><strong>ut</strong></span> <span class='ocrx_word' id='word_1_819' title='bbox 2458 4483 2516 4538; x_wconf 88' lang='lat' dir='ltr'><strong>in</strong></span> <span class='ocrx_word' id='word_1_820' title='bbox 2546 4484 2777 4539; x_wconf 88' lang='lat' dir='ltr'><strong>Cantico</strong></span> <span class='ocrx_word' id='word_1_821' title='bbox 2811 4502 2822 4537; x_wconf 88' lang='lat'><strong>:</strong></span> <span class='ocrx_word' id='word_1_822' title='bbox 2865 4504 2886 4535; x_wconf 80' lang='grc' dir='ltr'>ι</span> <span class='ocrx_word' id='word_1_823' title='bbox 2923 4484 3133 4537; x_wconf 81' lang='lat' dir='ltr'><strong>Venter</strong></span> <span class='ocrx_word' id='word_1_824' title='bbox 3149 4484 3276 4554; x_wconf 90' lang='lat' dir='ltr'><strong>ejus</strong></span> <span class='ocrx_word' id='word_1_825' title='bbox 3304 4481 3568 4536; x_wconf 91' lang='lat' dir='ltr'><strong>eburneus</strong></span> <span class='ocrx_word' id='word_1_826' title='bbox 3584 4475 3670 4530; x_wconf 89' lang='lat' dir='ltr'><strong>dis-</strong></span> 
     </span>
    </p>
   </div>
   <div class='ocr_carea' id='block_1_102' title="bbox 2113 4563 3670 4645">
    <p class='ocr_par' dir='ltr' id='par_1_102' title="bbox 2113 4563 3670 4645">
     <span class='ocr_line' id='line_1_102' title="bbox 2113 4563 3670 4645; baseline -0.006 -16"><span class='ocrx_word' id='word_1_827' title='bbox 2113 4573 2324 4630; x_wconf 90' lang='lat' dir='ltr'><strong>tinctus</strong></span> <span class='ocrx_word' id='word_1_828' title='bbox 2353 4573 2634 4645; x_wconf 86' lang='lat' dir='ltr'><strong>sapphiris</strong></span> <span class='ocrx_word' id='word_1_829' title='bbox 2661 4573 2728 4642; x_wconf 82' lang='grc' dir='ltr'><strong>³ο,</strong></span> <span class='ocrx_word' id='word_1_830' title='bbox 2755 4593 2781 4626; x_wconf 84' lang='lat'>»</span> <span class='ocrx_word' id='word_1_831' title='bbox 2819 4572 2966 4644; x_wconf 90' lang='lat' dir='ltr'><strong>quod</strong></span> <span class='ocrx_word' id='word_1_832' title='bbox 3011 4577 3166 4626; x_wconf 88' lang='lat' dir='ltr'><strong>casta</strong></span> <span class='ocrx_word' id='word_1_833' title='bbox 3213 4571 3424 4626; x_wconf 87' lang='lat' dir='ltr'><strong>Christi</strong></span> <span class='ocrx_word' id='word_1_834' title='bbox 3452 4563 3670 4624; x_wconf 83' lang='lat' dir='ltr'><strong>humani-</strong></span> 
     </span>
    </p>
   </div>
   <div class='ocr_carea' id='block_1_103' title="bbox 2113 4661 2903 4718">
    <p class='ocr_par' dir='ltr' id='par_1_103' title="bbox 2113 4661 2903 4718">
     <span class='ocr_line' id='line_1_103' title="bbox 2113 4661 2903 4718; baseline -0.004 0"><span class='ocrx_word' id='word_1_835' title='bbox 2113 4668 2202 4718; x_wconf 88' lang='lat' dir='ltr'><strong>tas</strong></span> <span class='ocrx_word' id='word_1_836' title='bbox 2232 4666 2433 4718; x_wconf 80' lang='lat' dir='ltr'><strong>ornata</strong></span> <span class='ocrx_word' id='word_1_837' title='bbox 2456 4667 2578 4717; x_wconf 87' lang='lat' dir='ltr'><strong>erat</strong></span> <span class='ocrx_word' id='word_1_838' title='bbox 2601 4661 2903 4717; x_wconf 86' lang='lat' dir='ltr'><strong>miraculis.</strong></span> 
     </span>
    </p>
   </div>
   <div class='ocr_carea' id='block_1_104' title="bbox 2188 4741 3670 4824">
    <p class='ocr_par' dir='ltr' id='par_1_104' title="bbox 2188 4741 3670 4824">
     <span class='ocr_line' id='line_1_104' title="bbox 2188 4741 3670 4824; baseline -0.006 -17"><span class='ocrx_word' id='word_1_839' title='bbox 2188 4753 2284 4808; x_wconf 82' lang='lat' dir='ltr'><strong>Sal</strong></span> <span class='ocrx_word' id='word_1_840' title='bbox 2315 4758 2402 4806; x_wconf 92' lang='lat' dir='ltr'><strong>est</strong></span> <span class='ocrx_word' id='word_1_841' title='bbox 2425 4751 2732 4824; x_wconf 89' lang='lat' dir='ltr'><strong>spiritualis</strong></span> <span class='ocrx_word' id='word_1_842' title='bbox 2757 4751 3093 4818; x_wconf 87' lang='lat' dir='ltr'><strong>intellectus,</strong></span> <span class='ocrx_word' id='word_1_843' title='bbox 3126 4757 3191 4806; x_wconf 92' lang='lat' dir='ltr'><strong>ut</strong></span> <span class='ocrx_word' id='word_1_844' title='bbox 3217 4753 3274 4806; x_wconf 91' lang='lat' dir='ltr'><strong>in</strong></span> <span class='ocrx_word' id='word_1_845' title='bbox 3309 4750 3412 4804; x_wconf 85' lang='lat' dir='ltr'><strong>Job</strong></span> <span class='ocrx_word' id='word_1_846' title='bbox 3443 4769 3454 4803; x_wconf 90' lang='lat'>:</span> <span class='ocrx_word' id='word_1_847' title='bbox 3488 4765 3514 4800; x_wconf 76' lang='grc' dir='ltr'>ι</span> <span class='ocrx_word' id='word_1_848' title='bbox 3541 4741 3670 4810; x_wconf 89' lang='lat' dir='ltr'><strong>Quod</strong></span> 
     </span>
    </p>
   </div>
   <div class='ocr_carea' id='block_1_105' title="bbox 2117 4831 3670 4912">
    <p class='ocr_par' dir='ltr' id='par_1_105' title="bbox 2117 4831 3670 4912">
     <span class='ocr_line' id='line_1_105' title="bbox 2117 4831 3670 4912; baseline -0.006 -15"><span class='ocrx_word' id='word_1_849' title='bbox 2117 4831 2228 4898; x_wconf 82' lang='lat' dir='ltr'><strong>non</strong></span> <span class='ocrx_word' id='word_1_850' title='bbox 2255 4847 2342 4897; x_wconf 90' lang='lat' dir='ltr'><strong>est</strong></span> <span class='ocrx_word' id='word_1_851' title='bbox 2369 4842 2486 4896; x_wconf 90' lang='lat' dir='ltr'><strong>sale</strong></span> <span class='ocrx_word' id='word_1_852' title='bbox 2527 4841 2814 4896; x_wconf 90' lang='lat' dir='ltr'><strong>conditum</strong></span> <span class='ocrx_word' id='word_1_853' title='bbox 2844 4840 2920 4892; x_wconf 72' lang='lat'><strong>3‘:</strong></span> <span class='ocrx_word' id='word_1_854' title='bbox 2962 4861 2983 4892; x_wconf 77' lang='grc' dir='ltr'><strong>ι</strong></span> <span class='ocrx_word' id='word_1_855' title='bbox 3029 4842 3179 4912; x_wconf 90' lang='lat' dir='ltr'><strong>quod</strong></span> <span class='ocrx_word' id='word_1_856' title='bbox 3219 4858 3379 4896; x_wconf 86' lang='lat' dir='ltr'><strong>sacra</strong></span> <span class='ocrx_word' id='word_1_857' title='bbox 3423 4837 3670 4908; x_wconf 74' lang='lat' dir='ltr'><strong>Scriptum</strong></span> 
     </span>
    </p>
   </div>
   <div class='ocr_carea' id='block_1_106' title="bbox 2115 4928 3670 5004">
    <p class='ocr_par' dir='ltr' id='par_1_106' title="bbox 2115 4928 3670 5004">
     <span class='ocr_line' id='line_1_106' title="bbox 2115 4928 3670 5004; baseline -0.008 -16"><span class='ocrx_word' id='word_1_858' title='bbox 2115 4949 2229 4988; x_wconf 90' lang='lat' dir='ltr'><strong>non</strong></span> <span class='ocrx_word' id='word_1_859' title='bbox 2256 4932 2503 5004; x_wconf 90' lang='lat' dir='ltr'><strong>prodest,</strong></span> <span class='ocrx_word' id='word_1_860' title='bbox 2543 4930 2652 4984; x_wconf 91' lang='lat' dir='ltr'><strong>nisi</strong></span> <span class='ocrx_word' id='word_1_861' title='bbox 2681 4930 3052 5002; x_wconf 88' lang='lat' dir='ltr'><strong>spiritualiter</strong></span> <span class='ocrx_word' id='word_1_862' title='bbox 3084 4931 3446 5002; x_wconf 83' lang='lat' dir='ltr'><strong>intelligatur.</strong></span> <span class='ocrx_word' id='word_1_863' title='bbox 3476 4928 3578 4990; x_wconf 86' lang='lat' dir='ltr'><strong>Sal,</strong></span> <span class='ocrx_word' id='word_1_864' title='bbox 3603 4937 3670 4977; x_wconf 82' lang='lat' dir='ltr'><strong>sa-</strong></span> 
     </span>
    </p>
   </div>
   <div class='ocr_carea' id='block_1_107' title="bbox 2117 5016 3670 5090">
    <p class='ocr_par' dir='ltr' id='par_1_107' title="bbox 2117 5016 3670 5090">
     <span class='ocr_line' id='line_1_107' title="bbox 2117 5016 3670 5090; baseline -0.008 -17"><span class='ocrx_word' id='word_1_865' title='bbox 2117 5018 2344 5090; x_wconf 88' lang='lat' dir='ltr'><strong>pientia,</strong></span> <span class='ocrx_word' id='word_1_866' title='bbox 2373 5024 2438 5074; x_wconf 92' lang='lat' dir='ltr'><strong>ut</strong></span> <span class='ocrx_word' id='word_1_867' title='bbox 2465 5019 2523 5072; x_wconf 90' lang='lat' dir='ltr'><strong>in</strong></span> <span class='ocrx_word' id='word_1_868' title='bbox 2557 5017 2713 5072; x_wconf 90' lang='lat' dir='ltr'><strong>libris</strong></span> <span class='ocrx_word' id='word_1_869' title='bbox 2744 5017 2958 5089; x_wconf 84' lang='lat' dir='ltr'><strong>Regum</strong></span> <span class='ocrx_word' id='word_1_870' title='bbox 2987 5037 2998 5072; x_wconf 90' lang='lat'>:</span> <span class='ocrx_word' id='word_1_871' title='bbox 3027 5039 3049 5069; x_wconf 83' lang='grc'><strong>«</strong></span> <span class='ocrx_word' id='word_1_872' title='bbox 3082 5018 3291 5073; x_wconf 74' lang='lat' dir='ltr'><strong>Afferte</strong></span> <span class='ocrx_word' id='word_1_873' title='bbox 3320 5016 3455 5072; x_wconf 91' lang='lat' dir='ltr'><strong>mihi</strong></span> <span class='ocrx_word' id='word_1_874' title='bbox 3487 5029 3570 5066; x_wconf 85' lang='lat' dir='ltr'><strong>vas</strong></span> <span class='ocrx_word' id='word_1_875' title='bbox 3594 5025 3670 5064; x_wconf 88' lang='lat' dir='ltr'><strong>no-</strong></span> 
     </span>
    </p>
   </div>
   <div class='ocr_carea' id='block_1_108' title="bbox 2113 5104 3670 5179">
    <p class='ocr_par' dir='ltr' id='par_1_108' title="bbox 2113 5104 3670 5179">
     <span class='ocr_line' id='line_1_108' title="bbox 2113 5104 3670 5179; baseline -0.009 -17"><span class='ocrx_word' id='word_1_876' title='bbox 2113 5125 2264 5174; x_wconf 90' lang='lat' dir='ltr'><strong>vum,</strong></span> <span class='ocrx_word' id='word_1_877' title='bbox 2280 5112 2338 5164; x_wconf 91' lang='lat' dir='ltr'><strong>et</strong></span> <span class='ocrx_word' id='word_1_878' title='bbox 2355 5107 2563 5163; x_wconf 89' lang='lat' dir='ltr'><strong>mittite</strong></span> <span class='ocrx_word' id='word_1_879' title='bbox 2583 5107 2639 5162; x_wconf 91' lang='lat' dir='ltr'><strong>in</strong></span> <span class='ocrx_word' id='word_1_880' title='bbox 2659 5107 2715 5162; x_wconf 87' lang='lat' dir='ltr'><strong>id</strong></span> <span class='ocrx_word' id='word_1_881' title='bbox 2733 5107 2815 5162; x_wconf 87' lang='lat' dir='ltr'><strong>sal</strong></span> <span class='ocrx_word' id='word_1_882' title='bbox 2837 5106 2902 5174; x_wconf 70' lang='grc'><strong>³³,</strong></span> <span class='ocrx_word' id='word_1_883' title='bbox 2933 5126 2955 5158; x_wconf 76' lang='grc' dir='ltr'><strong>ι</strong></span> <span class='ocrx_word' id='word_1_884' title='bbox 2990 5106 3137 5179; x_wconf 89' lang='lat' dir='ltr'><strong>quod</strong></span> <span class='ocrx_word' id='word_1_885' title='bbox 3160 5106 3312 5177; x_wconf 86' lang='lat' dir='ltr'><strong>cupit</strong></span> <span class='ocrx_word' id='word_1_886' title='bbox 3342 5111 3494 5160; x_wconf 90' lang='lat' dir='ltr'><strong>vetus</strong></span> <span class='ocrx_word' id='word_1_887' title='bbox 3512 5104 3670 5158; x_wconf 84' lang='lat' dir='ltr'><strong>noster</strong></span> 
     </span>
    </p>
   </div>
   <div class='ocr_carea' id='block_1_109' title="bbox 2117 5196 3667 5269">
    <p class='ocr_par' dir='ltr' id='par_1_109' title="bbox 2117 5196 3667 5269">
     <span class='ocr_line' id='line_1_109' title="bbox 2117 5196 3667 5269; baseline -0.005 -17"><span class='ocrx_word' id='word_1_888' title='bbox 2117 5198 2364 5264; x_wconf 61' lang='lat' dir='ltr'><strong>Elisseus,</strong></span> <span class='ocrx_word' id='word_1_889' title='bbox 2398 5203 2462 5252; x_wconf 90' lang='lat' dir='ltr'><strong>ut</strong></span> <span class='ocrx_word' id='word_1_890' title='bbox 2488 5214 2588 5269; x_wconf 88' lang='lat' dir='ltr'><strong>per</strong></span> <span class='ocrx_word' id='word_1_891' title='bbox 2615 5196 2972 5252; x_wconf 87' lang='lat' dir='ltr'><strong>sanctitatem</strong></span> <span class='ocrx_word' id='word_1_892' title='bbox 3000 5211 3351 5261; x_wconf 87' lang='lat' dir='ltr'><strong>renovemur,</strong></span> <span class='ocrx_word' id='word_1_893' title='bbox 3395 5198 3449 5249; x_wconf 91' lang='lat' dir='ltr'><strong>et</strong></span> <span class='ocrx_word' id='word_1_894' title='bbox 3482 5207 3573 5264; x_wconf 87' lang='lat' dir='ltr'><strong>per</strong></span> <span class='ocrx_word' id='word_1_895' title='bbox 3596 5202 3667 5242; x_wconf 79' lang='lat' dir='ltr'><strong>sa-</strong></span> 
     </span>
    </p>
   </div>
   <div class='ocr_carea' id='block_1_110' title="bbox 505 5355 2010 5430">
    <p class='ocr_par' dir='ltr' id='par_1_110' title="bbox 505 5357 2010 5430">
     <span class='ocr_line' id='line_1_110' title="bbox 505 5357 2010 5430; baseline 0 -17"><span class='ocrx_word' id='word_1_896' title='bbox 505 5359 524 5394; x_wconf 92' lang='grc'>¹</span> <span class='ocrx_word' id='word_1_897' title='bbox 555 5359 659 5414; x_wconf 88' lang='lat' dir='ltr'><strong>Job</strong></span> <span class='ocrx_word' id='word_1_898' title='bbox 681 5375 778 5426; x_wconf 84' lang='lat' dir='ltr'><strong>xu,</strong></span> <span class='ocrx_word' id='word_1_899' title='bbox 813 5358 897 5417; x_wconf 85' lang='lat' dir='ltr'><strong>l9.</strong></span> <span class='ocrx_word' id='word_1_900' title='bbox 927 5359 952 5396; x_wconf 76' lang='grc'>²</span> <span class='ocrx_word' id='word_1_901' title='bbox 979 5359 1082 5415; x_wconf 88' lang='lat' dir='ltr'><strong>Job</strong></span> <span class='ocrx_word' id='word_1_902' title='bbox 1113 5374 1222 5426; x_wconf 75' lang='lat' dir='ltr'><strong>xvx,</strong></span> <span class='ocrx_word' id='word_1_903' title='bbox 1261 5358 1346 5416; x_wconf 89' lang='grc'><strong>15.</strong></span> <span class='ocrx_word' id='word_1_904' title='bbox 1371 5359 1562 5416; x_wconf 69' lang='grc' dir='ltr'><strong>³Ρειιι.</strong></span> <span class='ocrx_word' id='word_1_905' title='bbox 1596 5374 1744 5424; x_wconf 79' lang='lat' dir='ltr'><strong>XXIX,</strong></span> <span class='ocrx_word' id='word_1_906' title='bbox 1777 5357 1860 5413; x_wconf 65' lang='grc' dir='ltr'><strong>Η.</strong></span> <span class='ocrx_word' id='word_1_907' title='bbox 1895 5357 2010 5430; x_wconf 62' lang='lat' dir='ltr'><strong>{Gc</strong></span> 
     </span>
    </p>
   </div>
   <div class='ocr_carea' id='block_1_111' title="bbox 2116 5355 3659 5430">
    <p class='ocr_par' dir='ltr' id='par_1_111' title="bbox 2117 5355 3659 5430">
     <span class='ocr_line' id='line_1_111' title="bbox 2117 5355 3659 5430; baseline -0.005 -18"><span class='ocrx_word' id='word_1_908' title='bbox 2117 5372 2264 5423; x_wconf 70' lang='grc' dir='ltr'><strong>κων,</strong></span> <span class='ocrx_word' id='word_1_909' title='bbox 2303 5355 2434 5416; x_wconf 68' lang='lat'><strong>12.5</strong></span> <span class='ocrx_word' id='word_1_910' title='bbox 2462 5360 2602 5430; x_wconf 76' lang='lat' dir='ltr'><strong>Agg.</strong></span> <span class='ocrx_word' id='word_1_911' title='bbox 2638 5373 2676 5423; x_wconf 90' lang='lat' dir='ltr'><strong>l,</strong></span> <span class='ocrx_word' id='word_1_912' title='bbox 2721 5355 2773 5414; x_wconf 89' lang='lat'><strong>6.</strong></span> <span class='ocrx_word' id='word_1_913' title='bbox 2817 5358 2840 5393; x_wconf 79' lang='grc' dir='ltr'><strong>θ</strong></span> <span class='ocrx_word' id='word_1_914' title='bbox 2867 5358 2970 5430; x_wconf 85' lang='lat' dir='ltr'><strong>Job</strong></span> <span class='ocrx_word' id='word_1_915' title='bbox 3005 5373 3115 5430; x_wconf 73' lang='lat' dir='ltr'><strong>xiv,</strong></span> <span class='ocrx_word' id='word_1_916' title='bbox 3165 5355 3246 5412; x_wconf 88' lang='grc'><strong>17.</strong></span> <span class='ocrx_word' id='word_1_917' title='bbox 3280 5356 3302 5391; x_wconf 83' lang='grc'><strong>⁷</strong></span> <span class='ocrx_word' id='word_1_918' title='bbox 3336 5356 3659 5430; x_wconf 27' lang='grc' dir='ltr'><strong>(ἶςηᾊχξγηε.</strong></span> 
     </span>
    </p>
   </div>
   <div class='ocr_carea' id='block_1_112' title="bbox 435 5419 2010 5499">
    <p class='ocr_par' dir='ltr' id='par_1_112' title="bbox 435 5419 1988 5499">
     <span class='ocr_line' id='line_1_112' title="bbox 435 5419 1988 5499; baseline 0 -17"><span class='ocrx_word' id='word_1_919' title='bbox 435 5427 522 5484; x_wconf 76' lang='grc'><strong>12.</strong></span> <span class='ocrx_word' id='word_1_920' title='bbox 553 5430 577 5466; x_wconf 80' lang='grc'><strong>⁸</strong></span> <span class='ocrx_word' id='word_1_921' title='bbox 604 5431 744 5484; x_wconf 88' lang='lat' dir='ltr'><strong>Gen.</strong></span> <span class='ocrx_word' id='word_1_922' title='bbox 769 5419 924 5499; x_wconf 50' lang='grc' dir='ltr'><strong>ξων,</strong></span> <span class='ocrx_word' id='word_1_923' title='bbox 953 5429 1043 5488; x_wconf 75' lang='grc'><strong>45.</strong></span> <span class='ocrx_word' id='word_1_924' title='bbox 1079 5432 1104 5468; x_wconf 78' lang='grc' dir='ltr'><strong>ο</strong></span> <span class='ocrx_word' id='word_1_925' title='bbox 1132 5419 1278 5486; x_wconf 75' lang='lat' dir='ltr'><strong>Psal.</strong></span> <span class='ocrx_word' id='word_1_926' title='bbox 1311 5445 1402 5498; x_wconf 84' lang='lat' dir='ltr'><strong>xc,</strong></span> <span class='ocrx_word' id='word_1_927' title='bbox 1434 5430 1487 5488; x_wconf 78' lang='grc'><strong>4.</strong></span> <span class='ocrx_word' id='word_1_928' title='bbox 1520 5430 1567 5466; x_wconf 88' lang='grc'><strong>¹⁰</strong></span> <span class='ocrx_word' id='word_1_929' title='bbox 1597 5419 1870 5494; x_wconf 55' lang='grc' dir='ltr'><strong>Ιιονξχχι,</strong></span> <span class='ocrx_word' id='word_1_930' title='bbox 1900 5427 1988 5486; x_wconf 73' lang='grc'><strong>20.</strong></span> 
     </span>
    </p>
   </div>
   <div class='ocr_carea' id='block_1_113' title="bbox 2116 5419 3657 5499">
    <p class='ocr_par' dir='ltr' id='par_1_113' title="bbox 2116 5419 3657 5499">
     <span class='ocr_line' id='line_1_113' title="bbox 2116 5419 3657 5499; baseline -0.009 -15"><span class='ocrx_word' id='word_1_931' title='bbox 2116 5447 2220 5484; x_wconf 66' lang='grc' dir='ltr'><strong>λεν.</strong></span> <span class='ocrx_word' id='word_1_932' title='bbox 2239 5419 2360 5486; x_wconf 56' lang='lat' dir='ltr'><strong>XIII.</strong></span> <span class='ocrx_word' id='word_1_933' title='bbox 2390 5430 2440 5484; x_wconf 80' lang='grc'><strong>6.</strong></span> <span class='ocrx_word' id='word_1_934' title='bbox 2475 5419 2686 5483; x_wconf 34' lang='lat' dir='ltr'><strong>1&quot;iisab</strong></span> <span class='ocrx_word' id='word_1_935' title='bbox 2719 5443 2910 5492; x_wconf 74' lang='lat' dir='ltr'><strong>XCVIII,</strong></span> <span class='ocrx_word' id='word_1_936' title='bbox 2941 5429 2990 5484; x_wconf 73' lang='grc' dir='ltr'><strong>Ξ).</strong></span> <span class='ocrx_word' id='word_1_937' title='bbox 3017 5429 3062 5464; x_wconf 85' lang='grc'><strong>¹³</strong></span> <span class='ocrx_word' id='word_1_938' title='bbox 3086 5419 3192 5483; x_wconf 68' lang='grc' dir='ltr'><strong>Ϊεδ.</strong></span> <span class='ocrx_word' id='word_1_939' title='bbox 3216 5443 3363 5499; x_wconf 67' lang='lat' dir='ltr'><strong>XLVI,</strong></span> <span class='ocrx_word' id='word_1_940' title='bbox 3392 5427 3438 5499; x_wconf 10' lang='grc'><strong>17.</strong></span> <span class='ocrx_word' id='word_1_941' title='bbox 3461 5424 3502 5459; x_wconf 79' lang='grc'><strong>¹⁴</strong></span> <span class='ocrx_word' id='word_1_942' title='bbox 3518 5419 3657 5476; x_wconf 73' lang='lat' dir='ltr'><strong>Exod.</strong></span> 
     </span>
    </p>
   </div>
   <div class='ocr_carea' id='block_1_114' title="bbox 431 5497 2010 5574">
    <p class='ocr_par' dir='ltr' id='par_1_114' title="bbox 431 5497 2010 5574">
     <span class='ocr_line' id='line_1_114' title="bbox 431 5497 2010 5574; baseline 0.001 -21"><span class='ocrx_word' id='word_1_943' title='bbox 431 5501 658 5574; x_wconf 40' lang='grc' dir='ltr'><strong>ξξνιλζ</strong></span> <span class='ocrx_word' id='word_1_944' title='bbox 687 5501 861 5574; x_wconf 52' lang='lat' dir='ltr'><strong>&quot;{Job</strong></span> <span class='ocrx_word' id='word_1_945' title='bbox 891 5497 1000 5574; x_wconf 64' lang='lat' dir='ltr'><strong>vn,</strong></span> <span class='ocrx_word' id='word_1_946' title='bbox 1039 5502 1121 5558; x_wconf 80' lang='grc'><strong>19.</strong></span> <span class='ocrx_word' id='word_1_947' title='bbox 1172 5504 1218 5538; x_wconf 81' lang='grc'><strong>¹⁶</strong></span> <span class='ocrx_word' id='word_1_948' title='bbox 1246 5504 1296 5558; x_wconf 90' lang='lat' dir='ltr'><strong>Il</strong></span> <span class='ocrx_word' id='word_1_949' title='bbox 1337 5497 1473 5574; x_wconf 82' lang='lat' dir='ltr'><strong>Reg.</strong></span> <span class='ocrx_word' id='word_1_950' title='bbox 1509 5518 1545 5567; x_wconf 81' lang='grc' dir='ltr'><strong>ι,</strong></span> <span class='ocrx_word' id='word_1_951' title='bbox 1579 5501 1668 5574; x_wconf 69' lang='grc'><strong>25.</strong></span> <span class='ocrx_word' id='word_1_952' title='bbox 1703 5503 1745 5537; x_wconf 81' lang='grc'><strong>¹⁷</strong></span> <span class='ocrx_word' id='word_1_953' title='bbox 1775 5503 1849 5558; x_wconf 78' lang='grc' dir='ltr'><strong>ιν</strong></span> <span class='ocrx_word' id='word_1_954' title='bbox 1880 5503 2010 5571; x_wconf 80' lang='lat' dir='ltr'><strong>Reg.</strong></span> 
     </span>
    </p>
   </div>
   <div class='ocr_carea' id='block_1_115' title="bbox 2116 5497 3656 5574">
    <p class='ocr_par' dir='ltr' id='par_1_115' title="bbox 2116 5497 3656 5574">
     <span class='ocr_line' id='line_1_115' title="bbox 2116 5497 3656 5574; baseline -0.005 -20"><span class='ocrx_word' id='word_1_955' title='bbox 2116 5517 2162 5574; x_wconf 67' lang='grc' dir='ltr'><strong>ξι,</strong></span> <span class='ocrx_word' id='word_1_956' title='bbox 2201 5499 2285 5574; x_wconf 88' lang='grc'><strong>17.</strong></span> <span class='ocrx_word' id='word_1_957' title='bbox 2335 5503 2380 5536; x_wconf 72' lang='grc'><strong>³⁸</strong></span> <span class='ocrx_word' id='word_1_958' title='bbox 2406 5503 2550 5556; x_wconf 83' lang='lat' dir='ltr'><strong>Psal.</strong></span> <span class='ocrx_word' id='word_1_959' title='bbox 2583 5516 2673 5564; x_wconf 74' lang='lat' dir='ltr'><strong>xc,</strong></span> <span class='ocrx_word' id='word_1_960' title='bbox 2707 5500 2759 5574; x_wconf 80' lang='grc'><strong>5.</strong></span> <span class='ocrx_word' id='word_1_961' title='bbox 2804 5502 2848 5534; x_wconf 76' lang='grc'>¹⁹</span> <span class='ocrx_word' id='word_1_962' title='bbox 2877 5502 3036 5574; x_wconf 48' lang='lat' dir='ltr'><strong>l’sal..</strong></span> <span class='ocrx_word' id='word_1_963' title='bbox 3058 5515 3203 5574; x_wconf 40' lang='lat' dir='ltr'><strong>exn}</strong></span> <span class='ocrx_word' id='word_1_964' title='bbox 3334 5497 3382 5574; x_wconf 76' lang='lat'><strong>&quot;_’</strong></span> <span class='ocrx_word' id='word_1_965' title='bbox 3409 5498 3558 5551; x_wconf 78' lang='lat' dir='ltr'><strong>Deut.</strong></span> <span class='ocrx_word' id='word_1_966' title='bbox 3591 5503 3656 5574; x_wconf 54' lang='lat' dir='ltr'><strong>Ill.</strong></span> 
     </span>
    </p>
   </div>
   <div class='ocr_carea' id='block_1_116' title="bbox 433 5563 2010 5638">
    <p class='ocr_par' dir='ltr' id='par_1_116' title="bbox 433 5563 2010 5638">
     <span class='ocr_line' id='line_1_116' title="bbox 433 5563 2010 5638; baseline -0.002 -9"><span class='ocrx_word' id='word_1_967' title='bbox 433 5569 523 5628; x_wconf 80' lang='lat'><strong>‘23.</strong></span> <span class='ocrx_word' id='word_1_968' title='bbox 555 5563 598 5604; x_wconf 64' lang='lat'><strong>9&#39;</strong></span> <span class='ocrx_word' id='word_1_969' title='bbox 625 5571 773 5624; x_wconf 87' lang='lat' dir='ltr'><strong>Psal.</strong></span> <span class='ocrx_word' id='word_1_970' title='bbox 806 5585 916 5632; x_wconf 77' lang='lat' dir='ltr'><strong>LVI,</strong></span> <span class='ocrx_word' id='word_1_971' title='bbox 940 5563 998 5626; x_wconf 58' lang='grc'><strong>5.</strong></span> <span class='ocrx_word' id='word_1_972' title='bbox 1040 5573 1088 5607; x_wconf 78' lang='grc'><strong>²²</strong></span> <span class='ocrx_word' id='word_1_973' title='bbox 1121 5573 1328 5628; x_wconf 81' lang='lat' dir='ltr'><strong>Hahae.</strong></span> <span class='ocrx_word' id='word_1_974' title='bbox 1365 5563 1451 5638; x_wconf 54' lang='grc' dir='ltr'><strong>ιιιῖ</strong></span> <span class='ocrx_word' id='word_1_975' title='bbox 1480 5563 1566 5627; x_wconf 82' lang='grc'><strong>11.</strong></span> <span class='ocrx_word' id='word_1_976' title='bbox 1600 5573 1648 5607; x_wconf 70' lang='grc'><strong>³⁸</strong></span> <span class='ocrx_word' id='word_1_977' title='bbox 1677 5575 1820 5626; x_wconf 79' lang='lat' dir='ltr'><strong>l‘sal.</strong></span> <span class='ocrx_word' id='word_1_978' title='bbox 1855 5563 2010 5626; x_wconf 41' lang='lat' dir='ltr'><strong>xxx‘vl</strong></span> 
     </span>
    </p>
   </div>
   <div class='ocr_carea' id='block_1_117' title="bbox 2116 5563 3655 5638">
    <p class='ocr_par' dir='ltr' id='par_1_117' title="bbox 2116 5563 3655 5636">
     <span class='ocr_line' id='line_1_117' title="bbox 2116 5563 3655 5636; baseline -0.005 -12"><span class='ocrx_word' id='word_1_979' title='bbox 2116 5563 2159 5625; x_wconf 60' lang='grc' dir='ltr'><strong>ζ.</strong></span> <span class='ocrx_word' id='word_1_980' title='bbox 2199 5573 2244 5607; x_wconf 73' lang='grc'><strong>⁹⁴</strong></span> <span class='ocrx_word' id='word_1_981' title='bbox 2281 5574 2421 5625; x_wconf 63' lang='grc' dir='ltr'><strong>Ιτςιιι.</strong></span> <span class='ocrx_word' id='word_1_982' title='bbox 2459 5587 2612 5633; x_wconf 77' lang='lat' dir='ltr'><strong>LXIII,</strong></span> <span class='ocrx_word' id='word_1_983' title='bbox 2640 5573 2694 5626; x_wconf 77' lang='lat'><strong>8.</strong></span> <span class='ocrx_word' id='word_1_984' title='bbox 2743 5573 2790 5605; x_wconf 68' lang='lat'><strong>’5</strong></span> <span class='ocrx_word' id='word_1_985' title='bbox 2817 5573 2921 5625; x_wconf 83' lang='lat' dir='ltr'><strong>Job</strong></span> <span class='ocrx_word' id='word_1_986' title='bbox 2951 5563 3107 5636; x_wconf 63' lang='grc' dir='ltr'><strong>νιξ4.</strong></span> <span class='ocrx_word' id='word_1_987' title='bbox 3140 5571 3187 5605; x_wconf 66' lang='grc'><strong>*⁸</strong></span> <span class='ocrx_word' id='word_1_988' title='bbox 3223 5571 3416 5624; x_wconf 86' lang='lat' dir='ltr'><strong>Matth.</strong></span> <span class='ocrx_word' id='word_1_989' title='bbox 3449 5581 3554 5628; x_wconf 70' lang='lat' dir='ltr'><strong>xm,</strong></span> <span class='ocrx_word' id='word_1_990' title='bbox 3588 5563 3655 5617; x_wconf 81' lang='grc'><strong>17.</strong></span> 
     </span>
    </p>
   </div>
   <div class='ocr_carea' id='block_1_118' title="bbox 433 5640 2010 5713">
    <p class='ocr_par' dir='ltr' id='par_1_118' title="bbox 433 5640 1982 5712">
     <span class='ocr_line' id='line_1_118' title="bbox 433 5640 1982 5712; baseline -0.001 -12"><span class='ocrx_word' id='word_1_991' title='bbox 433 5641 479 5678; x_wconf 74' lang='grc'>⁸⁷</span> <span class='ocrx_word' id='word_1_992' title='bbox 506 5643 611 5700; x_wconf 84' lang='lat' dir='ltr'><strong>Job</strong></span> <span class='ocrx_word' id='word_1_993' title='bbox 639 5654 728 5706; x_wconf 68' lang='grc' dir='ltr'><strong>χιι,</strong></span> <span class='ocrx_word' id='word_1_994' title='bbox 763 5641 847 5696; x_wconf 69' lang='lat'><strong>26.</strong></span> <span class='ocrx_word' id='word_1_995' title='bbox 882 5642 929 5677; x_wconf 71' lang='grc'><strong>’⁸</strong></span> <span class='ocrx_word' id='word_1_996' title='bbox 949 5645 1070 5700; x_wconf 88' lang='lat' dir='ltr'><strong>Job.</strong></span> <span class='ocrx_word' id='word_1_997' title='bbox 1101 5659 1293 5711; x_wconf 79' lang='lat' dir='ltr'><strong>xxvm,</strong></span> <span class='ocrx_word' id='word_1_998' title='bbox 1333 5644 1415 5700; x_wconf 83' lang='grc'><strong>16.</strong></span> <span class='ocrx_word' id='word_1_999' title='bbox 1449 5645 1494 5679; x_wconf 73' lang='grc'><strong>³9</strong></span> <span class='ocrx_word' id='word_1_1000' title='bbox 1516 5640 1722 5702; x_wconf 86' lang='lat' dir='ltr'><strong>Thren.</strong></span> <span class='ocrx_word' id='word_1_1001' title='bbox 1754 5660 1827 5712; x_wconf 85' lang='lat' dir='ltr'><strong>Iv,</strong></span> <span class='ocrx_word' id='word_1_1002' title='bbox 1854 5643 1905 5700; x_wconf 88' lang='lat'><strong>7.</strong></span> <span class='ocrx_word' id='word_1_1003' title='bbox 1934 5644 1982 5680; x_wconf 77' lang='grc' dir='ltr'><strong>³ο</strong></span> 
     </span>
    </p>
   </div>
   <div class='ocr_carea' id='block_1_119' title="bbox 2116 5640 3298 5713">
    <p class='ocr_par' dir='ltr' id='par_1_119' title="bbox 2116 5641 3298 5713">
     <span class='ocr_line' id='line_1_119' title="bbox 2116 5641 3298 5713; baseline -0.003 -15"><span class='ocrx_word' id='word_1_1004' title='bbox 2116 5652 2172 5699; x_wconf 80' lang='lat' dir='ltr'><strong>It.</strong></span> <span class='ocrx_word' id='word_1_1005' title='bbox 2198 5659 2250 5711; x_wconf 82' lang='grc' dir='ltr'><strong>ν,</strong></span> <span class='ocrx_word' id='word_1_1006' title='bbox 2289 5643 2369 5700; x_wconf 70' lang='lat' dir='ltr'><strong>II.</strong></span> <span class='ocrx_word' id='word_1_1007' title='bbox 2397 5643 2439 5678; x_wconf 69' lang='grc' dir='ltr'><strong>δε</strong></span> <span class='ocrx_word' id='word_1_1008' title='bbox 2471 5643 2575 5698; x_wconf 87' lang='lat' dir='ltr'><strong>Job</strong></span> <span class='ocrx_word' id='word_1_1009' title='bbox 2597 5658 2672 5710; x_wconf 83' lang='lat' dir='ltr'><strong>Vl,</strong></span> <span class='ocrx_word' id='word_1_1010' title='bbox 2706 5643 2757 5698; x_wconf 89' lang='lat'><strong>6.</strong></span> <span class='ocrx_word' id='word_1_1011' title='bbox 2789 5641 2836 5676; x_wconf 62' lang='grc' dir='ltr'><strong>θ’</strong></span> <span class='ocrx_word' id='word_1_1012' title='bbox 2863 5643 2935 5698; x_wconf 87' lang='lat' dir='ltr'><strong>Iv</strong></span> <span class='ocrx_word' id='word_1_1013' title='bbox 2968 5644 3102 5713; x_wconf 83' lang='lat' dir='ltr'><strong>Reg.</strong></span> <span class='ocrx_word' id='word_1_1014' title='bbox 3128 5657 3189 5710; x_wconf 78' lang='grc' dir='ltr'><strong>ιι,</strong></span> <span class='ocrx_word' id='word_1_1015' title='bbox 3214 5641 3298 5698; x_wconf 79' lang='lat'><strong>~20.</strong></span> 
     </span>
    </p>
   </div>
  </div>
