3824 6152
111 335 223 398 ωδ
985 323 1417 382 ALLEGORIIE
1455 325 1532 380 IN
1577 325 1630 381 Si

1764 327 1866 381 AM
1905 325 2384 384 SCRIPTURAM.
3185 332 3324 392 1546

108 457 339 540 pientiam
359 454 700 511 condiamur.
734 452 850 517 Sal,
882 450 1164 518 discretio,
1195 456 1261 505 ut
1278 450 1337 505 in
1357 451 1602 540 Lavitico
1628 470 1638 504 :
1661 455 1894 514 Asuum
1923 451 1985 518 ‘7,
2022 470 2049 504 ι
2082 452 2138 506 id
2171 457 2274 518 est,
2307 452 2666 510 conﬁtebitur
2685 455 2878 512 anima
2897 457 3100 514 devota
3122 473 3322 531 pecca-

112 539 134 604 i
161 550 216 606 In
240 544 380 602 omni
407 546 428 568 ⁶
447 541 722 598 oblatione
751 541 951 596 offeres
981 541 1061 595 sal
1091 540 1131 606 ¹,
1168 559 1193 592 ››
1228 540 1377 610 quod
1405 539 1464 596 in
1493 541 1647 596 omni
1728 545 1850 595 tum
1873 557 2058 596 suum.
2091 542 2352 610 Sanguis,
2367 543 2646 613 angustia,
2677 551 2744 600 ut
2771 544 2830 600 in
2858 542 3099 602 Psalmis
3125 565 3137 602 ε
3188 566 3215 601 ((
3247 549 3324 605 Ut

108 635 384 711 operatione
411 637 601 687 nostra
631 647 856 686 necesse
885 635 972 685 est
1008 635 1074 684 ut
1099 629 1406 684 habeamus
1435 630 1645 684 discre-
1727 629 2042 699 intingatur
2059 647 2157 701 pes
2173 637 2306 686 tuus
2325 631 2381 685 in
2405 633 2678 703 sanguine
2710 634 2772 701 ³⁸,
2807 652 2834 687 ι
2871 635 3018 706 quod
3057 636 3320 707 praedica-

106 727 296 784 tionem.
320 721 430 788 Sal,
479 721 585 792 ipsi
611 719 815 791 angeli,
864 725 931 774 ut
957 719 1017 773 in
1064 719 1405 789 Evangelia:
1466 737 1494 772 ι
1537 719 1645 773 Vos

107 816 214 872 estis
233 813 308 868 sal
330 818 487 866 terra
523 808 566 878 ³,
598 829 625 862 »
657 809 715 864 id
743 814 846 875 est,
879 810 992 863 Vos
1035 809 1172 862 estis
1220 809 1644 864 condimentum

106 903 340 962 et'lator
364 898 634 956 Ecclesiae.
676 897 790 964 Sal,
825 897 1156 966 admonitio,
1189 904 1253 953 ut
1294 899 1353 953 in
1399 898 1638 953 Genesi:

109 1013 129 1046 ι
154 993 302 1047 Versa
325 995 406 1046 est
425 989 489 1043 in
516 993 762 1043 statuam
792 987 926 1042 salis
959 986 1000 1052 ³,
1038 1007 1061 1040 ι
1097 987 1246 1058 quod
1275 987 1644 1060 reproborum

105 1079 302 1156 perditio
326 1093 525 1148 magna
550 1075 792 1131 caelestis
821 1081 909 1130 est
935 1075 1261 1131 admonitio.

159 1168 362 1236 Salsugo
387 1171 472 1221 est
494 1164 837 1220 desiderium
865 1163 1092 1227 bonum.
1130 1170 1193 1220 ut
1221 1165 1280 1219 in
1327 1165 1466 1220 Job:
1499 1186 1522 1218 ι
1576 1167 1644 1220 Et

106 1255 414 1313 tabernacula
439 1255 560 1325 ejus
587 1253 647 1309 in
673 1259 886 1309 terram
913 1254 1214 1325 salsuginis
1241 1253 1281 1321 ⁴,
1317 1274 1342 1308 ››
1375 1255 1525 1326 quod
1551 1255 1643 1310 de-

104 1345 385 1404 lectabiliter
409 1343 646 1416 quiescit
672 1343 732 1398 in
759 1348 950 1398 mente
979 1359 1109 1398 eum
1155 1344 1510 1399 desiderante
1548 1361 1639 1399 ar-

105 1435 278 1491 denter.
299 1435 538 1501 Salsugo,
559 1432 849 1500 sanctitas,
865 1437 932 1487 ut
957 1433 1018 1487 in
1033 1433 1274 1488 Psalmis
1297 1451 1310 1486 :
1349 1453 1372 1485 ι
1407 1435 1640 1488 Terram

105 1523 394 1580 fructiferam
420 1521 479 1576 in
507 1521 852 1594 salsuginem
877 1521 918 1590 ⁵,
957 1542 978 1572 ι
1013 1522 1162 1594 quod
1201 1522 1468 1589 animam,
1517 1541 1640 1595 quae

105 1613 206 1668 boni
227 1610 392 1684 operis
405 1611 652 1666 fructum
671 1611 817 1666 ferre
833 1610 1067 1678 solebat,
1099 1612 1372 1668 Dominus
1389 1613 1460 1667 ad
1474 1615 1638 1668 steri-

103 1702 275 1758 litatem
299 1701 486 1756 cadere
516 1717 925 1773 nonnunquam
954 1701 1247 1773 permittit.

1727 723 1896 784 tores,
1929 719 2024 789 qui
2039 719 2324 774 Christum
2343 721 2570 788 vehunt,
2595 723 2920 793 afﬂigantur
2933 724 3317 782 tribulatione.

1725 807 1986 876 Sanguis,
2021 809 2160 863 ultio
2180 809 2410 880 peccati,
2437 811 2573 865 utin
2595 812 2836 868 Psalmis
2861 831 2874 867 :
2911 832 2933 864 ι
2968 814 3170 870 Manus
3189 831 3322 870 suas

1724 897 1932 952 levabit
1951 898 2008 952 in
2038 898 2311 968 sanguine
2329 900 2636 970 peccatoris
2663 901 2726 966 ιθ,
2761 921 2788 955 υ
2816 901 2967 973 quod
2985 905 3322 975 tuncjustus

1725 991 1883 1040 actus
1911 1004 2042 1042 suos
2089 987 2359 1042 sollicitus
2405 989 2652 1060 corrigit,
2701 991 2924 1060 quando
2972 998 3323 1063 peccatorem

1725 1093 1826 1146 pro
1849 1078 2012 1147 culpa
2032 1076 2219 1148 puniri
2239 1077 2530 1148 conspicit.
2550 1079 2813 1147 Sanguis,
2841 1081 3165 1150 crudelitas,
3187 1083 3322 1139 utin

1724 1165 1874 1220 Isaia
1897 1189 1908 1220 :
1948 1187 1968 1217 ι
2005 1167 2204 1220 Manus
2233 1172 2430 1221 vestrae
2459 1169 2732 1238 sanguine
2761 1169 2940 1240 plenae
2970 1177 3104 1227 sunt
3121 1171 3188 1238 9°,
3213 1191 3240 1226 xi
3263 1173 3321 1228 id

1724 1260 1809 1308 est
1821 1255 2069 1309 actiones
2085 1261 2282 1311 vestrae
2297 1257 2627 1311 crudelitate
2642 1259 2867 1329 repletae
2877 1265 3030 1314 sunt.
3053 1259 3317 1331 Sanguis,

1722 1359 1899 1414 poenae
1927 1344 2152 1410 inferni,
2181 1350 2246 1400 ut
2272 1346 2330 1398 in
2360 1347 2694 1418 Apocalypsi
2721 1366 2733 1400 :
2757 1365 2785 1400 ι
2810 1348 2880 1402 Et
2897 1349 3067 1406 exivit
3090 1351 3320 1422 sanguis

1722 1432 1790 1486 de
1819 1433 1943 1487 lacu
1973 1450 2151 1504 usque
2178 1435 2249 1488 ad
2277 1435 2466 1490 frenos
2497 1451 2770 1506 equorum
2789 1435 2854 1504 5“,
2888 1457 2912 1490 ››
2941 1439 3091 1509 quod
3117 1439 3177 1494 in
3225 1457 3319 1495 re-

1721 1521 2022 1592 proborum
2055 1523 2452 1578 conventiculis
2466 1523 2755 1580 infernalis
2783 1541 2843 1582 se
2874 1543 3042 1598 pcena
3060 1529 3323 1586 extendet

1722 1625 1901 1680 usque
1917 1611 1987 1663 ad
2010 1611 2269 1681 praelatos
2290 1613 2646 1683 populorum.
2669 1614 2778 1671 Per
2795 1617 3128 1683 sanguinem
3149 1633 3322 1689 opera

1726 1697 1988 1765 libidinis,
2015 1699 2151 1754 utin
2165 1701 2436 1754 Psalmis:
2466 1719 2492 1752 «
2509 1701 2711 1756 Libera
2723 1703 2894 1758 mede
2914 1705 3263 1776 sanguine”,
3293 1727 3316 1759 ι»

153 1790 386 1848 Saliunca
411 1795 496 1846 est
511 1789 779 1862 cogitatio
808 1796 1050 1856 terrena,
1082 1795 1147 1846 ut
1175 1791 1234 1846 in
1265 1791 1411 1846 Isaia
1435 1809 1445 1843 :
1474 1809 1500 1844 ι
1532 1793 1641 1848 Pro
1667 1804 1707 1860 Β
1725 1785 1780 1841 id
1803 1794 1906 1854 est,
1939 1788 2010 1842 de
2037 1787 2347 1844 libidinosis
2369 1788 2649 1860 operibus.
2678 1791 2789 1846 Per
2805 1797 3138 1861 sanguinem
3156 1794 3322 1852 mali-

102 1879 306 1936 ssliuuca
327 1879 590 1936 ascendet
616 1878 771 1935 abies
788 1879 830 1946 θ,
865 1901 888 1930 ι
907 1879 1057 1952 quod
1075 1879 1347 1935 Dominus
1361 1879 1420 1934 in
1429 1887 1636 1949 mente,

101 1968 146 2024 in
167 1985 261 2041 qua
279 1975 493 2024 terrena
515 1967 786 2040 cogitatio
814 1973 958 2034 erat,
987 1968 1286 2024 sublimem
1337 1969 1638 2042 aliquando

99 2073 176 2130 per
188 2058 404 2129 gratiam
425 2074 590 2112 suam
619 2057 1149 2130 contemplationem
1178 2059 1401 2114 format.

150 2147 321 2202 Salices
343 2151 471 2202 sunt
488 2145 599 2201 viri
627 2145 825 2213 sancti,
857 2153 922 2202 ut
948 2147 1008 2202 in
1055 2147 1369 2220 Pr0pheta:
1423 2167 1448 2200 «
1483 2148 1639 2205 Sicut

95 2232 249 2290 salices
269 2235 664 2307 germinabunt
690 2235 838 2291 inter
855 2235 1058 2291 herbas
1080 2237 1284 2292 virides
1313 2235 1355 2303 ⁷,
1394 2257 1416 2288 ι
1449 2237 1505 2292 id
1526 2242 1630 2305 est,

93 2322 138 2376 in
157 2321 277 2379 bono
298 2341 456 2396 opere
485 2329 660 2380 erunt
679 2322 829 2380 inter
845 2331 1075 2381 caeteros
1104 2326 1379 2381 homines.
1403 2325 1626 2393 Salices,

93 2410 264 2466 steriles
288 2413 341 2468 in
367 2412 509 2469 bono
541 2431 734 2486 opere,
767 2419 833 2470 ut
855 2415 913 2470 in
939 2414 1072 2469 Job:
1127 2432 1153 2469 α
1187 2414 1632 2472 Circumdabunt

92 2515 191 2555 eum
213 2501 388 2560 salices
414 2505 435 2528 ¹
462 2508 750 2559 torrentes
775 2504 818 2570 ⁸,
854 2522 880 2557 ι»
916 2503 974 2558 id
1003 2508 1107 2570 est,
1138 2503 1406 2560 favebunt
1433 2511 1492 2560 et
1527 2506 1628 2560 ho-

89 2587 228 2645 mines
247 2597 508 2648 amatores
537 2593 713 2664 hujus
737 2593 932 2649 mundi
951 2594 1402 2665 preterﬂuentis.
1427 2594 1630 2650 Salices

91 2678 286 2750 superbi,
329 2686 391 2737 ut
424 2682 482 2738 in
523 2682 803 2738 Psalmis:
859 2701 882 2734 ι
917 2683 982 2737 In
1029 2681 1291 2737 salicibus
1337 2683 1396 2738 in
1443 2685 1628 2739 medio

91 2765 185 2836 ejus
203 2768 238 2835 ³,
262 2788 287 2823 ι
311 2769 364 2824 id
389 2776 492 2837 est,
522 2788 718 2826 coram
749 2771 1025 2843 superbis,
1051 2771 1147 2842 qui
1178 2777 1312 2827 sunt
1339 2772 1398 2826 in
1441 2773 1630 2828 media

89 2853 354 2914 confusione
379 2861 400 2884 ⁰
418 2860 701 2916 voluimus
746 2861 1042 2916 ostendere
1073 2861 1494 2932 praedicationes
1531 2879 1628 2918 no-

88 2949 200 3001 stus

139 3033 402 3094 Sauariam
431 3045 519 3096 est
547 3045 708 3094 vetus
726 3039 832 3104 lex,
865 3047 930 3118 ut
953 3039 1012 3094 in
1029 3041 1266 3095 Psalmis
1290 3059 1300 3095 :
1341 3061 1363 3092 ι
1393 3043 1455 3096 In
1476 3044 1624 3113 psal-

1723 1876 1850 1931 tiosi
1881 1877 2134 1948 quilibet,
2165 1882 2231 1932 ut
2257 1877 2318 1932 in
2345 1878 2583 1933 Psalmis
2611 1897 2624 1933 :
2661 1899 2687 1933 a
2720 1880 2840 1934 Viri
2888 1883 3228 1954 sanguinum
3264 1890 3323 1940 et

1721 1966 1898 2021 dolosi
1925 1965 1989 2024 ’3.
2032 1987 2054 2018 ι
2087 1966 2145 2020 id
2166 1971 2272 2034 est,
2304 1966 2561 2022 homines
2598 1969 2827 2024 malitiae
2856 1976 2914 2025 et
2950 1972 3198 2044 perﬁdiae
3229 1972 3320 2030 in-

1719 2056 1881 2110 tenti.

1790 2143 1984 2200 Sanies
2017 2151 2104 2200 est
2131 2147 2426 2201 delectatio
2438 2148 2641 2216 carnis,
2674 2155 2739 2203 ut
2755 2149 2814 2202 in
2836 2147 2968 2203 Job:
2995 2165 3022 2202 ι
3054 2149 3322 2214 Quitesta

1717 2233 1932 2289 saniem
1961 2234 2195 2290 radebat
2212 2234 2276 2302 ντί,
2306 2255 2328 2288 ι
2365 2236 2514 2306 quod
2541 2237 3157 2308 perconsiderationem
3169 2255 3320 2294 mor-

1715 2323 1951 2378 talitatis
1982 2330 2188 2378 nostrze
2218 2324 2650 2381 delectationem
2669 2327 2730 2382 in
2757 2325 2918 2381 nobis
2941 2325 3199 2384 illicitum
3227 2345 3317 2384 ex-

1715 2411 1971 2484 tinguere
2002 2413 2290 2468 debemus.

1785 2504 2040 2572 Squama:
2056 2507 2190 2557 sunt
2211 2501 2412 2558 robora
2429 2503 2706 2560 bonorum
2729 2521 2981 2577 operum,
3003 2509 3067 2560 ut
3085 2505 3147 2560 in
3159 2505 3318 2561 Levi-

1713 2592 1822 2647 tico
1847 2610 1858 2645 :
1895 2613 1916 2644 ι
1953 2593 2133 2648 Omne
2154 2593 2304 2664 quod
2323 2592 2494 2648 habet
2514 2594 2789 2665 pennulas
2813 2600 2872 2650 et
2889 2610 3154 2666 squamas
3179 2594 3245 2661 ³⁵,
3283 2613 3310 2648 ι)

1712 2681 1856 2752 quod
1890 2681 2016 2736 illos
2045 2683 2282 2737 sollicite
2309 2681 2520 2737 imitari
2549 2682 2818 2738 debemus
2831 2683 2930 2755 qui
2941 2683 3258 2755 agilitatem
3287 2687 3310 2708 ⁶

1710 2771 2169 2842 contemplationi
2198 2777 2256 2826 et
2282 2771 2672 2827 fortitudinem
2699 2779 2960 2828 exercent
2984 2773 3044 2829 in
3065 2773 3307 2830 actione.

1707 2859 1976 2928 Squama,
2011 2860 2394 2916 excusationes
2424 2878 2625 2932 pravae,
2659 2874 2725 2917 ut
2745 2861 2806 2917 in
2828 2861 2970 2917 Job:
3007 2881 3030 2915 ι
3067 2863 3310 2936 Compa-

1641 3002 1656 3012 ,
1707 2955 1860 3002 ctum
1890 2949 2142 3020 squamis
2166 2967 2226 3004 se
2258 2949 2650 3021 prementibus
2675 2949 2740 3017 ’6,
2780 2969 2805 3003 »
2839 2951 2988 3022 quod
3013 2951 3183 3006 corda
3210 2969 3315 3008 sua

1711 3037 1984 3093 inclinant
2011 3037 2232 3109 reprobi
2265 3039 2324 3093 in
2352 3039 2520 3094 verba
2550 3040 2797 3107 malitiae,
2849 3039 2919 3095 ad
2967 3041 3312 3098 excusandas

87 3124 196 3180 tario
218 3126 391 3184 decem
419 3129 760 3184 chordarum
792 3129 858 3195 ¹⁰,
892 3111 920 3182 ὁ
951 3129 1010 3186 id
1037 3135 1140 3190 est.
1177 3129 1236 3186 in
1281 3110 1624 3202 contempla-
1643 3110 1687 3170 (ἶ
1710 3127 2092 3183 excusationes
2120 3128 2180 3182 in
2204 3127 2467 3200 peccatis.

87 3210 204 3270 tione
229 3217 411 3273 veteris
436 3218 604 3290 legis,
639 3235 762 3290 quae
792 3218 850 3273 in
877 3219 1069 3274 decem
1111 3219 1402 3291 praeceptis
1444 3220 1626 3276 consi-

87 3301 176 3369 stit,
199 3306 396 3364 studete
435 3308 662 3380 placere
689 3307 790 3363 illi.
828 3310 851 3334 ‘
891 3306 1216 3373 Sauariam,
1266 3307 1413 3362 bona
1457 3309 1623 3376 actio,

87 3390 216 3448 utin
250 3395 506 3452 Psalmis:
569 3417 591 3446 ι
625 3395 962 3452 Psalterium
1013 3396 1326 3467 jucundum
1375 3413 1502 3452 cum
1548 3398 1626 3452 ci-

87 3477 214 3535 thara
232 3483 289 3550 “,
323 3503 344 3536 ι
373 3484 430 3540 id
450 3490 558 3552 est,
593 3485 872 3540 actionem
897 3490 1265 3557 spontaneam
1285 3502 1412 3540 cum
1443 3487 1628 3541 carnis

88 3565 388 3628 abstinentia.

137 3656 346 3730 Sanguis
375 3669 460 3719 est
478 3661 669 3736 passio
691 3663 918 3730 Christi,
938 3669 1004 3718 ut
1023 3663 1081 3718 in
1111 3663 1242 3719 Job:
1281 3684 1307 3716 «
1337 3665 1528 3732 Terra,
1557 3681 1629 3719 ne

90 3747 264 3816 operias
288 3753 618 3824 sanguinem
639 3768 830 3808 meum
849 3751 912 3820 η,
934 3773 959 3806 »
979 3753 1038 3808 id
1070 3759 1172 3820 est,
1209 3770 1242 3808 ο
1269 3753 1532 3820 Ecclesia,
1557 3771 1628 3808 ne

89 3835 327 3895 erubescas
342 3841 597 3897 conﬁteri
606 3841 926 3913 passionem
943 3859 1146 3897 meam.
1168 3841 1430 3911 Sanguis,
1447 3860 1629 3898 exem-

88 3921 156 3992 pla
177 3934 482 4001 martyrum,
515 3937 584 3986 ut
609 3931 668 3985 in
698 3931 928 3986 Exodo:
959 3951 981 3982 ι
1016 3932 1116 3986 Ille
1161 3947 1289 3986 vero
1338 3939 1628 4004 sumptum

84 4015 360 4084 sanguinem
377 4019 652 4092 respersit
671 4021 729 4074 in
757 4020 1024 4092 populum
1055 4021 1114 4087 ¹³,
1146 4037 1172 4074 ι)
1193 4021 1341 4092 quod
1363 4020 1628 4092 subjectis

83 4104 324 4162 ostendere
345 4107 554 4164 debent
582 4109 799 4180 praelati
830 4109 1088 4164 examina
1127 4113 1453 4164 sanctorum
1483 4127 1630 4164 mar-

80 4193 515 4266 tyrum.Sanguis,
540 4199 781 4253 carnalis
802 4199 1138 4264 intellectus,
1157 4205 1220 4253 ut
1244 4198 1300 4252 in
1315 4198 1622 4254 Parabolis:

82 4296 99 4325 ι
125 4279 211 4344 Qui
234 4285 584 4342 vehementer
613 4287 884 4359 emungit,
929 4288 1081 4342 elicit
1115 4289 1448 4358 sanguinem
1499 4287 1559 4354 ¹⁴,
1595 4307 1624 4343 ι

79 4369 198 4435 (ιιιοά
222 4372 307 4444 qui
326 4375 492 4432 nimis
513 4377 811 4432 indiscrete
825 4393 1043 4432 sacram
1075 4377 1423 4447 Scripturam
1445 4377 1626 4431 discu-

1780 3218 2012 3284 Sartago
2043 3223 2130 3272 est
2155 3219 2305 3272 zelus
2325 3218 2662 3284 animarum,
2682 3223 2746 3274 ut
2777 3219 2834 3274 in
2863 3219 3148 3276 Ezechiele
3164 3233 3178 3276 :
3197 3238 3222 3273 ι
3241 3220 3314 3275 Et

1709 3311 1791 3372 tu,
1815 3323 1974 3360 sume
1991 3307 2338 3377 sartaginem
2353 3308 2592 3362 ferream
2613 3307 2677 3373 ³⁷,
2701 3327 2725 3359 ι
2749 3308 2900 3380 quod
2921 3307 3159 3380 quilibet
3175 3325 3312 3381 pre-

1710 3395 1857 3450 latus
1889 3395 2068 3449 zelum
2090 3396 2192 3451 Dei
2211 3395 2378 3450 debet
2397 3396 2694 3463 discutere,
2720 3402 2778 3452 et
2793 3396 3014 3453 fortiter
3032 3397 3310 3469 ergasub-

1703 3485 1886 3553 jectos
1913 3484 2139 3540 habere.
2165 3484 2419 3554 Sartago,
2457 3485 2768 3554 tribulatio,
2811 3491 2878 3542 ut
2912 3487 2971 3541 in
3019 3487 3266 3542 Levitico
3295 3507 3308 3543 :

1713 3591 1740 3625 α
1772 3573 1906 3637 Quae
1936 3573 1996 3627 in
2025 3573 2309 3643 sartagine
2339 3573 2462 3628 oleo
2496 3590 2798 3644 conspersa
2842 3573 3135 3645 frangetur
3179 3572 3245 3641 ³³,
3280 3593 3306 3628 ››

1711 3663 1858 3734 quod
1883 3679 2041 3717 mens
2059 3668 2254 3718 sancta
2277 3679 2390 3717 non
2417 3662 2538 3717 sine
2557 3663 2898 3734 pinguedine
2917 3663 3154 3718 interna
3179 3679 3309 3720 con-

1710 3752 1998 3806 solationis
2025 3751 2083 3806 in
2110 3751 2470 3806 tribulatione
2495 3751 2787 3821 afﬂigitur.
3356 3815 3368 3825 ,

1778 3839 2172 3908 Sardonychas
2200 3846 2286 3896 est
2314 3841 2483 3896 homo
2512 3845 2758 3910 sanctus,
2781 3841 2920 3896 utin
2940 3839 3072 3896 Job:
3131 3862 3158 3894 ι
3191 3842 3310 3898 Nec

1709 3930 1879 4001 lapidi
1911 3930 2260 4002 sardonyche
2304 3929 2708 4001 pretiosissimo
2756 3929 2822 3992 ’9,
2856 3949 2884 3984 »
2935 3929 3084 4002 quod
3117 3930 3308 3987 nullus

1709 4020 1894 4086 homo,
1919 4019 2278 4090 quantumvis
2289 4023 2517 4074 sanctus
2536 4017 2728 4084 fuerit,
2745 4019 2970 4074 Christo
2989 4020 3306 4091 comparari

1708 4108 1972 4178 potuerit.
1998 4108 2411 4174 Sardonychas,
2427 4106 2752 4162 humanitas
2764 4107 2992 4173 Christi,
3015 4114 3082 4164 ut
3090 4107 3150 4163 in
3161 4109 3308 4180 Apo-

1706 4197 1914 4268 calypsi
1943 4213 1957 4252 :
1999 4216 2020 4248 α
2054 4197 2123 4251 Et
2136 4196 2230 4267 qui
2250 4195 2498 4262 sedebat,
2519 4196 2718 4250 similis
2733 4201 2856 4251 erat
2878 4195 3052 4268 lapidi
3067 4197 3306 4270 jaspidis

1707 4292 1764 4340 et
1790 4286 2002 4340 sardini
2044 4285 2110 4353 ³ο,
2137 4304 2163 4339 ι
2184 4286 2332 4355 quod
2353 4285 2610 4340 Christus
2629 4302 2695 4341 ex
2723 4287 2837 4340 Deo
2865 4287 3034 4352 Deus,
3051 4291 3109 4342 et
3122 4302 3188 4342 ex
3209 4287 3308 4342 ho-

1706 4374 1856 4428 mine
1887 4376 2052 4435 homo
2085 4379 2186 4429 est.

80 4453 198 4553 tit,in
216 4465 484 4520 carnalem
499 4466 848 4520 intellectum
864 4465 1031 4553 cadit.
1050 4465 1312 4534 Sanguis,
1329 4465 1486 4520 furor
1498 4467 1617 4532 Dei,
1643 4495 1692 4553 Β
1784 4467 2078 4519 Slabulum
2109 4469 2196 4518 est
2221 4463 2466 4518 Ecclesia
2493 4480 2759 4534 praesens,
2792 4463 3264 4553 utinEvangeli-o
3289 4487 3304 4520 :

79 4544 194 4602 utin
227 4553 430 4608 cantico
459 4547 887 4610 Deuteronomii
914 4573 926 4608 :
981 4572 1008 4608 (ι
1040 4553 1336 4610 Inebriabo
1386 4553 1622 4624 sagittas

81 4646 199 4692 meas
221 4643 482 4713 sanguine
509 4643 573 4709 '5,
610 4662 638 4697 ι
667 4643 724 4698 id
750 4649 854 4709 est,
876 4642 1146 4698 vindictas
1175 4659 1331 4697 meas
1359 4643 1623 4697 exercebo

79 4735 177 4779 cum
199 4725 390 4786 furore.
419 4734 684 4801 Sanguis,
716 4749 869 4788 mors
900 4733 1128 4798 Christi,
1169 4738 1230 4786 ut
1275 4733 1331 4786 in
1377 4732 1616 4786 Genesi:

84 4830 101 4858 ι
119 4812 214 4871 Vox
227 4820 505 4892 sanguinis
524 4821 714 4876 fratris
733 4822 816 4878 tui
835 4822 1043 4877 clamat
1055 4822 1127 4876 ad
1147 4838 1238 4876 me
1255 4821 1325 4876 de
1337 4825 1490 4876 terra
1503 4821 1566 4886 ¹⁶,
1596 4841 1618 4872 ι

82 4895 122 4953 id
143 4911 231 4973 est,
258 4910 525 4967 confessio
554 4911 755 4968 mortis
786 4911 1016 4979 Christi,
1049 4911 1146 4983 qui
1173 4910 1367 4982 populi
1409 4909 1624 4965 Judaici

80 4994 322 5065 superfuit,
352 4999 558 5056 clamat
585 5000 658 5056 ad
685 5001 913 5056 Patrem
941 5001 1009 5056 de
1051 4999 1314 5056 Ecclesia.
1362 4997 1622 5066 Sang-uis,

82 5089 340 5154 Peccatum,
362 5089 496 5145 utin
509 5089 682 5146 Isaia:
703 5109 732 5145 α
762 5091 832 5147 Et
842 5089 1278 5147 revelabitterra
1294 5088 1626 5160 sanguinem

1715 4575 1736 4602 ε
1769 4554 1938 4608 Duxit
1965 4571 2094 4608 eum
2124 4553 2182 4606 in
2212 4551 2514 4618 stabulum,
2548 4557 2606 4607 et
2633 4568 2828 4607 curam
2857 4549 3034 4622 ipsius
3063 4550 3252 4622 egit“,
3275 4570 3300 4604 ν

1707 4642 1759 4695 id
1792 4649 1894 4704 est,
1930 4643 1987 4696 in
2017 4640 2336 4704 Ecclesium,
2359 4645 2417 4695 et
2443 4639 2714 4695 sollicitus
2743 4639 2811 4693 de
2843 4655 2907 4694 eo
2937 4638 3062 4694 fuit.

1778 4734 1796 4752 ⁴
1823 4731 2024 4785 Slactcs
2057 4735 2144 4794 est
2188 4729 2384 4796 oratio,
2440 4735 2505 4783 ut
2540 4729 2600 4782 in
2643 4728 2866 4784 Exodo:
2925 4749 2947 4781 ι
2984 4729 3156 4786 Sume
3201 4729 3302 4785 tibi

1706 4825 1940 4874 stactam
1969 4818 2035 4884 39,
2063 4839 2090 4872 »
2125 4819 2180 4874 id
2213 4824 2315 4886 est,
2347 4834 2542 4872 exerce
2563 4817 2951 4874 assiduitatem
2972 4819 3264 4874 orationis.

1784 4911 2064 4965 Stannum
2081 4913 2167 4962 est
2187 4908 2327 4962 falsa
2343 4908 2618 4974 doctrina,
2644 4911 2708 4962 ut
2727 4907 2788 4962 in
2805 4907 2954 4962 Isaia
2974 4927 2987 4963 :
3007 4928 3034 4961 ει
3061 4908 3132 4963 Et
3143 4908 3302 4963 aufe-

1708 5015 1829 5052 ram
1857 5013 2024 5052 omne
2053 5002 2319 5052 stannum
2349 5002 2510 5052 tuum
2537 4995 2602 5062 ³³,
2633 5015 2659 5048 ››
2689 4995 2748 5050 id
2775 5001 2879 5063 est,
2912 4996 3130 5063 falsam,
3181 5011 3304 5067 quae

1709 5094 1796 5143 est
1825 5087 1882 5142 in
1912 5093 1986 5154 te,
2020 5085 2350 5142 doctrinam.

133 5257 378 5341 Ἴδῃ-η,
413 5267 498 5341 13.
537 5269 562 5305 ²
606 5272 806 5327 Matth.
850 5287 903 5339 v,
957 5270 1042 5327 13.
1103 5270 1128 5306 ³
1156 5272 1298 5328 Gen.
1347 5288 1460 5341 xxx,
1492 5272 1581 5331 26.

1764 5268 1804 5322 Ib
1833 5282 2015 5341 xxxix,
2047 5267 2102 5341 9.
2147 5265 2170 5341 ³
2206 5267 2354 5322 Psal.
2384 5279 2491 5341 ovi,
2527 5264 2704 5341 3_~_’1._°_
2718 5265 2827 5320 Isa.
2855 5261 3096 5341 LV_,__l3.__
3121 5261 3301 5341 :Isa.

82 5338 195 5400 ων,
221 5334 270 5410 ᾗ.
298 5339 321 5410 ³
352 5332 475 5396 Job.
505 5357 616 5409 xiv,
650 5342 734 5400 l7.
777 5343 801 5378 ⁰
842 5332 990 5398 Psal.
1025 5357 1245 5410 cxxxvr,
1287 5343 1340 5399 2.
1389 5332 1624 5400 io'Psal.

1764 5355 1830 5407 .u,
1871 5338 1925 5398 2.
1973 5332 2014 5410 Π
2047 5338 2192 5394 Psal.
2230 5335 2586 5410 Lxxx,i3._“
2621 5335 2725 5410 Job
2769 5350 2878 5402 xvr,
2913 5335 2999 5410 1β.
3054 5332 3301 5410 liE_xod.

83 5407 274 5480 XXIV,_8.
303 5409 347 5446 ¹⁴
373 5412 532 5468 Prov.
564 5404 690 5480 xxx,
725 5413 811 5469 33.
858 5415 903 5450 ¹⁵
934 5416 1097 5470 Deut.
1135 5404 1304 5480 xxxii,
1348 5413 1436 5472 42.
1485 5417 1530 5450 ¹³
1559 5417 1630 5470 Gr:

1764 5404 1824 5476 δ’.
1851 5412 1930 5466 lt).
1965 5409 2008 5445 Π
2040 5410 2148 5465 Isa.
2183 5423 2330 5470 xxvx,
2366 5409 2453 5480 31.
2484 5408 2529 5442 1⁸
2562 5408 2903 5480 Psathvn,
2935 5405 3023 5462 ‘24.
3049 5404 3300 5480 _*°_Psal.

84 5476 366 5558 911mg:
387 5485 492 5558 Isa.
525 5503 563 5552 ι,
606 5475 688 5542 l5.
725 5487 766 5558 ξι
798 5489 970 5558 Apoc.
1005 5503 1114 5558 xiv,
1142 5475 1322 5558 infe
1351 5488 1494 5558 Psal.
1531 5503 1581 5553 L,
1626 5488 1630 5537 1

1764 5483 1968 5558 ’j’d’sal.
2005 5497 2114 5546 Liv,
2148 5481 2236 5558 2:1.
2348 5479 2450 5558 .l_ob
2497 5495 2558 5544 ιι,
2588 5477 2736 5558 81““
2757 5480 2907 5558 ,με-Υ.
2937 5493 3008 5558 xi,
3043 5475 3097 5528 9.
3125 5475 3173 5511 ’⁸
3202 5477 3307 5558 {ab

85 5553 166 5625 ibi,
187 5545 236 5605 6.
261 5550 304 5588 ³⁷
329 5554 518 5625 Ezech.
551 5545 625 5623 iv,
651 5559 702 5614 3.
735 5557 782 5594 ³⁸
820 5545 949 5614 Εθν.
993 5573 1062 5624 vx,
1091 5545 1179 5614 21.
1227 5557 1273 5592 ³³
1299 5557 1402 5613 Job
1433 5545 1614 5625 xxvni,

1767 5553 1814 5588 ³ο
1841 5556 2013 5625 Apoc.
2057 5545 2132 5618 1v,
2183 5552 2232 5606 3.
2282 5551 2324 5585 ³¹
2362 5552 2496 5606 Luc.
2529 5566 2581 5618 x,
2619 5549 2704 5606 34.
2756 5548 2802 5583 ³³
2844 5548 3014 5605 Exod.
3047 5563 3175 5618 xxx,
3214 5546 3305 5606 34.

85 5609 119 5647 ³³
140 5609 230 5674 lsa.
259 5637 297 5692 ι,
325 5609 412 5683 is.
