3942 6158
513 321 656 383 1047
1082 320 1146 376 Β.
1188 319 1461 378 RABANI
1497 321 1730 380 MAURI
1767 322 2070 381 ARCHIEI

2145 322 2471 380 MOGUNT.
2513 323 2812 382 OPERUM
2847 325 3034 382 PARS
3071 325 3168 383 III.
3595 329 3702 394 1048

583 447 812 508 Stamen
839 449 928 503 est
946 443 1138 501 anima
1152 444 1416 514 hominis,
1438 447 1574 504 utin
1598 447 1880 504 Levitico:
1917 468 1942 501 ι
1969 449 2105 514 Qum
2123 450 2174 512 Α
2191 454 2252 506 et
2278 450 2432 506 ascia
2457 451 2786 522 dejecerunt
2809 466 2938 507 eum
2963 451 3028 518 η,
3057 470 3080 502 ι
3099 451 3154 507 id
3183 456 3282 518 est,
3313 451 3368 508 in
3391 455 3580 525 majore
3601 475 3703 530 ραι.

516 539 734 611 lepram
767 533 1030 591 habuerit
1049 535 1109 590 in
1136 536 1380 592 stamine
1410 537 1450 605 ί,
1487 554 1516 592 α
1546 536 1604 592 id
1634 543 1739 607 est,
1771 539 1985 611 peccati
2009 555 2128 594 ma-
2201 539 2490 596 secutione
2536 545 2595 597 et
2646 540 2883 607 minore,
2938 539 3393 597 conturbaverunt
3430 541 3585 616 iniqui
3626 547 3706 604 Ec.

510 627 696 684 cuiam
721 625 782 680 in
811 629 1021 680 mente.
2201 629 2449 684 clesiam.

584 715 808 771 Stetere
837 719 926 769 est
949 712 1227 783 Christus,
1277 721 1344 770 ut
1381 714 1441 770 in
1487 714 1628 772 Job:
1673 734 1699 770 «
1730 717 1802 772 Et
1828 717 2122 773 calamitas
2271 716 2428 774 Sedes
2458 723 2546 774 est
2569 733 2810 791 regnum
2837 718 3034 788 Israel,
3073 722 3140 773 ut
3177 719 3236 773 in
3279 719 3571 791 Evangelia:
3613 741 3637 778 ι
3659 725 3712 781 Et

515 821 686 878 quam
718 803 904 878 patior
925 803 986 858 in
1014 807 1234 860 statera
1258 801 1300 871 ²,
1339 823 1366 858 »
1400 805 1549 876 quod
1579 805 1640 861 in
1669 805 1892 862 Christo
1920 807 2124 880 depre-
2199 806 2358 862 dabit
2377 807 2457 866 illi
2481 801 2754 864 Dominus
2781 808 2931 863 Deus
2954 807 3145 864 sedem
3162 807 3328 862 David
3349 809 3508 880 patris
3533 811 3606 866 sui
3620 811 3671 878 1°,
3689 835 3707 866 ι

515 893 688 951 hendi
713 897 902 966 potest
928 909 1096 965 quam
1125 892 1313 964 gravis
1340 897 1428 949 est
1452 894 1682 950 miseria
1717 911 1886 967 quam
1916 897 2122 952 tolerat
2200 895 2259 951 id
2284 901 2388 964 est,
2422 896 2480 951 in
2509 897 2700 952 multis
2727 896 2935 952 Iudaeis
2963 896 3021 951 in
3046 913 3175 951 eum
3191 896 3518 954 credentibus
3541 899 3630 956 erit
3649 918 3713 957 re-

515 985 704 1040 homo.
722 981 963 1048 Statera,
977 981 1260 1051 discretio,
1275 983 1410 1039 utin
1423 983 1696 1040 Levitico:
1717 984 2114 1056 Staterajusta,
2197 1000 2376 1056 gnum
2404 985 2456 1040 ei
2480 985 2796 1058 subjectum
2815 985 3009 1041 Israel.
3041 985 3218 1053 Sedes,
3235 1002 3386 1040 mens
3406 993 3590 1054 sancta,
3605 988 3714 1046 sicut

515 1073 574 1128 id
605 1077 711 1140 est,
744 1071 1007 1127 discretio
1029 1076 1200 1138 recta,
1225 1075 1334 1127 erit
1353 1074 1499 1128 vobis
1525 1071 1568 1127 ³.
1601 1074 1710 1128 Per
1735 1075 2121 1146 stateram,ju-
2199 1073 2410 1144 legitur
2433 1073 2732 1146 Sapientia:
2763 1093 2775 1128 :
2810 1089 2840 1127 ι
2870 1074 3078 1129 Anima
3100 1074 3241 1144 justi
3267 1075 3418 1129 sedes
3443 1081 3521 1131 est
3539 1076 3714 1150 sapien-

516 1159 680 1229 dicia,
714 1165 780 1217 ut
805 1160 866 1216 in
893 1159 1133 1216 Psalmis
1157 1178 1172 1217 :
1210 1177 1238 1214 α
1267 1161 1564 1216 Mendaces
1607 1161 1710 1217 ﬁlii
1741 1161 2034 1218 hominum
2059 1161 2120 1218 in
2199 1159 2292 1216 tiae
2319 1159 2385 1228 ³⁸),
2423 1180 2448 1212 ι
2482 1161 2631 1233 quod
2659 1161 2940 1233 sapientia
2969 1161 3172 1228 Patris,
3205 1161 3466 1230 Christus,
3493 1163 3546 1218 in
3567 1171 3717 1222 sancta

515 1250 742 1307 steteris
770 1249 812 1318 ‘,
849 1269 874 1302 ι
904 1249 962 1304 id
981 1254 1085 1317 est,
1118 1264 1232 1306 non
1259 1249 1397 1306 recti
1425 1250 1484 1304 in
1499 1250 1748 1322 judiciis.
2200 1254 2389 1305 mente
2414 1250 2669 1322 quiescit.
2684 1249 2860 1317 Sedes,
2879 1253 3076 1305 sancta
3089 1249 3348 1318 Ecclesia,
3367 1255 3430 1306 ut
3444 1251 3713 1308 inPsalmis:

587 1339 840 1407 Statura,
871 1339 1219 1396 conversatio
1235 1344 1447 1406 sancta,
1469 1345 1536 1395 ut
1559 1340 1620 1396 in
1649 1341 1911 1396 Cantico:
1947 1357 1974 1393 ι
1997 1342 2120 1396 Sta-
2201 1356 2228 1390 «
2251 1339 2523 1394 Etsedem
2534 1339 2724 1410 ejusin
2737 1344 2892 1394 terra
2903 1339 3160 1395 eollisisti
3181 1338 3244 1405 9*,
3263 1357 3289 1394 ν
3305 1339 3464 1407 idest,
3477 1341 3719 1398 Ecdesiam

517 1437 650 1488 tura
673 1433 774 1486 tua
800 1428 1114 1485 assimilata
1133 1433 1220 1484 est
1239 1429 1440 1501 palma
1467 1429 1510 1496 δ,
1548 1448 1571 1482 ι
1593 1429 1651 1484 id
1675 1435 1779 1497 est,
1813 1429 1872 1485 in
1894 1445 2120 1486 conver-
2201 1427 2412 1483 Christi
2437 1427 2498 1482 in
2523 1428 2788 1500 praesenti
2816 1427 3138 1501 perturbari
3162 1428 3474 1500 permisisti.
3501 1430 3594 1485 Per
3613 1433 3720 1486 sedet

517 1520 738 1577 satione
752 1523 855 1575 tua
871 1517 1160 1574 victoriam
1183 1533 1408 1573 exerces
1431 1517 1716 1574 vitiorum.
1731 1519 1986 1588 Statura,
2010 1519 2121 1574 for.
2200 1516 2458 1589 apostoli,
2486 1522 2552 1572 ut
2577 1518 2638 1572 in
2659 1517 2900 1574 Psalmis
2925 1537 2936 1572 :
2977 1537 3000 1570 ι
3030 1517 3135 1572 Hic
3155 1517 3418 1574 sederunt
3439 1519 3582 1574 sedes
3601 1519 3649 1575 in
3655 1521 3723 1591 ju-

516 1609 726 1676 titudo,
757 1613 825 1664 ut
841 1607 900 1663 in
920 1605 1064 1662 libro
1085 1607 1322 1662 Numeri
1347 1625 1360 1663 :
1387 1625 1414 1662 α
1444 1607 1693 1680 Populus
1711 1625 1880 1680 quem
1898 1608 2119 1682 aspexi-
2200 1605 2346 1662 dicio
2372 1604 2439 1674 ”,
2479 1629 2501 1657 ι
2535 1607 2686 1680 quod
2709 1607 2950 1680 apostoli
2977 1605 3258 1663 sedebunt
3276 1623 3438 1680 super
3459 1607 3671 1675 thronos,
3679 1608 3723 1663 id

520 1714 667 1766 mus,
711 1712 956 1770 procerae
994 1699 1225 1752 staturae
1267 1701 1354 1752 est
1375 1697 1400 1731 ⁸
1437 1715 1461 1747 ι
1495 1698 1518 1720 θ
1559 1737 1572 1750 .
1619 1737 1632 1750 .
1676 1737 1688 1751 .
1735 1737 1749 1754 .
1795 1739 1806 1750 .
1854 1737 1866 1751 .
1913 1738 1926 1751 .
1958 1697 2179 1770 forti-_
2201 1701 2306 1763 est,
2342 1697 2364 1720 θ
2392 1695 2690 1752 duodecim
2706 1695 2892 1752 tribus
2920 1697 3113 1752 Israel.
3145 1697 3255 1752 Per
3273 1698 3726 1753 sedesconveisatio-

519 1759 735 1843 tudinis
763 1790 866 1841 est.
889 1783 1142 1852 Statura,
1177 1784 1460 1858 superbia,
1492 1790 1559 1840 ut
1585 1785 1646 1841 in
1663 1785 1822 1842 libris
1860 1787 2076 1858 Regum
2102 1759 2182 1844 :B
2200 1759 2304 1840 nes
2333 1791 2677 1854 sanctorum,
2705 1786 2848 1842 utin
2871 1787 3209 1860 Apocalypsi
3233 1804 3246 1840 :
3277 1805 3305 1838 α
3335 1786 3571 1856 seniores
3591 1785 3724 1856 quiin

523 1894 550 1930 α
581 1876 836 1932 Fuerunt
857 1879 1078 1930 statura
1093 1890 1320 1946 magna,
1351 1874 1592 1930 scientes
1614 1873 1846 1942 bellum,
1869 1895 1896 1930 »
1927 1877 1984 1932 id
2011 1881 2116 1942 est,
2201 1880 2502 1946 conspectu
2530 1875 2634 1930 Dei
2663 1875 2862 1930 sedent
2889 1875 2951 1930 in
2979 1873 3209 1930 sedibus
3229 1873 3346 1930 suis
3362 1873 3425 1941 ³³,
3453 1873 3508 1929 id
3537 1878 3626 1941 est,
3651 1873 3730 1928 viri

523 1965 694 2022 erecti
718 1964 779 2020 in
805 1963 1070 2037 superbia
1087 1969 1362 2020 amantes.
1387 1963 1640 2032 Statura,
1669 1965 1956 2036 profectio,
1989 1965 2122 2021 utin
2201 1963 2402 2032 sancti,
2425 1963 2523 2036 qui
2541 1963 2600 2019 in
2621 1963 3096 2036 contemplatione
3108 1963 3346 2020 Deitatis
3372 1966 3391 1986 ⁶
3415 1962 3730 2018 humiliantse

523 2052 822 2125 Evangelio
847 2071 860 2108 :
897 2070 922 2105 ι
955 2053 1080 2108 Non
1109 2057 1334 2125 poterat
1354 2051 1542 2108 videre
1588 2070 1704 2125 prae
1739 2054 1926 2122 turba,
1973 2055 2123 2126 quod
2202 2051 2261 2107 in
2289 2051 2804 2108 conversationibus
2831 2051 2971 2108 suis.

521 2148 742 2199 statura
764 2141 1000 2215 pusillus
1025 2147 1149 2197 erat
1181 2141 1222 2210 ",
1261 2161 1284 2193 ι
1317 2141 1376 2197 id
1419 2147 1524 2208 est,
1572 2158 1684 2198 non
1731 2149 1954 2216 poterat
1982 2159 2123 2215 pure
2275 2141 2444 2209 Segor
2465 2147 2556 2197 est
2582 2146 2765 2198 status
2793 2142 3123 2214 conjugalis,
3158 2143 3296 2198 utin
3315 2140 3532 2197 Genesi:
3557 2141 3734 2196 «Etim

522 2231 892 2304 contemplari
917 2247 1021 2304 pro
1047 2231 1289 2304 strepitu
1307 2230 1658 2288 instabilium
1689 2233 2119 2304 cogitationum,
2203 2229 2492 2301 ingressus
2521 2235 2609 2285 est
2637 2231 2814 2302 Segor
2830 2229 2896 2299 ²⁴,
2931 2249 2954 2282 ι
2991 2230 3139 2303 quod
3195 2230 3258 2286 in
3283 2229 3472 2286 ordine
3508 2228 3736 2302 conjngali

523 2322 674 2396 quod
696 2337 937 2394 magnus
960 2320 1019 2376 in
1049 2319 1392 2394 perfectione
1415 2337 1529 2376 non
1550 2326 1694 2377 erat.
2205 2317 2412 2374 salvari
2440 2323 2628 2391 potest
2653 2319 2841 2388 homo,
2872 2319 3131 2392 quamvis
3152 2326 3348 2376 tamen
3375 2320 3432 2376 in
3461 2336 3520 2375 eo
3561 2335 3654 2374 non
3679 2317 3737 2372 sit

595 2413 617 2436 ‘
645 2411 896 2468 Stractus
933 2416 1018 2466 est
1046 2415 1228 2466 status
1251 2409 1375 2466 vitae
1396 2416 1620 2478 nostra},
1655 2411 1714 2466 in
1746 2428 1858 2483 quo
1887 2413 1986 2468 diu
2012 2411 2124 2468 fui-
2205 2425 2413 2480 magna
2441 2409 2728 2466 sanctitas.

523 2517 672 2568 mus,
705 2505 772 2557 ut
786 2501 845 2556 in
857 2499 1136 2557 Psalmis:
1166 2519 1190 2553 ε
1214 2499 1505 2572 Lacrymis
1519 2500 1662 2556 meis
1680 2505 1922 2557 stratum
1933 2517 2124 2557 meum
2275 2498 2469 2554 Semen
2489 2504 2575 2554 est
2597 2499 2874 2567 Christus,
2907 2505 2970 2554 ut
2996 2499 3056 2554 in
3071 2499 3306 2556 Genesi:
3337 2517 3364 2553 ς
3391 2500 3456 2554 Et
3471 2496 3739 2554 benedicen-

523 2590 703 2663 rigavi
729 2590 772 2656 ⁸,
815 2591 838 2614 ⁵
873 2607 899 2642 ι
932 2605 1034 2662 per
1052 2589 1539 2662 compunctionem
1569 2595 1816 2645 veterem
1845 2591 1970 2646 vitae
1986 2607 2126 2646 meae
2205 2595 2301 2646 tur
2327 2588 2388 2644 in
2415 2589 2630 2644 semine
2651 2593 2750 2645 tuo
2777 2599 2975 2644 omnes
3001 2594 3204 2660 gentes
3219 2589 3285 2656 ³⁵,
3320 2609 3344 2641 ι
3377 2589 3430 2644 id
3449 2587 3740 2654 est,inChri-

523 2684 766 2735 stratum
794 2693 986 2735 meum
1003 2677 1218 2750 rigabo.
1249 2679 1526 2746 Stratum,
1552 2695 1712 2735 mens
1731 2685 1942 2748 nostra,
1977 2684 2042 2736 ut
2066 2680 2127 2735 in
2205 2682 2293 2732 sto
2320 2679 2342 2700 "
2369 2682 2564 2733 sancta
2603 2677 2945 2750 praedicatio,
2976 2683 3044 2732 ut
3068 2677 3129 2732 in
3157 2677 3480 2749 Evangelio:
3518 2696 3543 2728 ι
3567 2677 3740 2732 Bonum

526 2768 766 2824 Psalmis
795 2786 810 2822 :
842 2788 870 2822 (ί
902 2767 1237 2824 Universum
1265 2774 1506 2824 stratum
1527 2770 1652 2842 ejus
1668 2771 1903 2826 versasti
1933 2770 1976 2837 θ,
2014 2788 2042 2822 ι
2069 2771 2128 2826 id
2207 2783 2400 2822 semen
2425 2767 2718 2823 seminasti
2731 2767 2792 2822 in
2807 2782 2944 2838 agro
2963 2772 3064 2822 tuo
3081 2765 3146 2834 ³⁸,
3169 2785 3202 2820 ι
3237 2767 3296 2821 id
3307 2771 3410 2834 est,
3431 2769 3655 2820 sanctam
3671 2779 3742 2836 po-

528 2865 632 2926 est,
663 2863 913 2914 mentem
943 2859 1064 2930 ejus
1093 2857 1442 2913 conturbasti
1462 2857 1522 2912 in
1547 2859 2021 2932 contemplatione
2045 2859 2128 2915 in-
2209 2855 2376 2911 suisti
2389 2855 2842 2928 praedicationem
2855 2856 2913 2911 in
2928 2856 3174 2912 Ecclesia
3185 2862 3307 2912 tua.
3321 2856 3522 2923 Semen,
3539 2854 3743 2909 homines

527 2947 813 3003 ﬁrmitatis
841 2949 862 2972 ⁶
889 2951 1020 3003 tum.
1042 2945 1318 3013 Stratum,
1365 2947 1590 3004 interna
1616 2949 2033 3021 contemplatio,
2064 2955 2130 3005 ut
2207 2945 2344 3001 mali
2371 2951 2430 3000 et
2456 2945 2608 3014 boni,
2631 2951 2696 3000 ut
2723 2945 2783 3000 in
2810 2945 3048 3000 Genesi:
3083 2964 3109 2998 α
3141 2945 3302 3000 Inter
3327 2951 3382 3000 te
3406 2949 3462 2999 et
3485 2943 3739 3007 mulierem,

528 3037 588 3092 in
624 3036 728 3092 Job
755 3055 766 3092 :
811 3054 840 3089 α
866 3037 934 3092 Et
961 3039 983 3061 "
1011 3035 1300 3092 revelabor
1317 3037 1552 3109 loquens
1581 3039 1847 3110 [mecum]
1861 3038 1919 3093 in
1939 3044 2122 3095 stratu
2158 3108 2179 3110 ῃ
2204 3040 2262 3090 et
2288 3051 2481 3090 semen
2507 3039 2672 3090 tuum
2695 3040 2754 3090 et
2780 3051 2974 3090 semen
3001 3034 3151 3089 illius
3169 3033 3241 3102 ’7,
3277 3054 3300 3086 ι
3337 3033 3478 3108 quod
3492 3047 3668 3104 magna
3681 3035 3746 3086 est

529 3142 655 3181 meo
681 3124 749 3192 ‘0,
781 3145 808 3179 »
839 3125 899 3180 id
926 3129 1030 3193 est,
1063 3126 1316 3180 levamen
1344 3108 1568 3182 habebo
1585 3108 1660 3182 de
1682 3143 1774 3182 me
1802 3108 2124 3199 in
2143 3108 2188 3170 ο
2205 3123 2357 3180 inter
2383 3123 2672 3181 diabolum
2701 3131 2760 3180 et
2785 3130 3038 3180 sanctam
3071 3123 3379 3180 Ecclesiam
3419 3121 3679 3187 discordia,
3703 3124 3746 3174 et

528 3215 754 3272 interna
779 3215 1252 3286 contemplatione
1279 3231 1426 3270 mea.
2207 3214 2357 3270 inter
2383 3213 2640 3270 membra
2667 3213 2878 3270 Christi
2907 3219 2965 3268 et
2991 3213 3224 3268 diaboli.
3256 3213 3464 3280 Semen,
3495 3209 3742 3271 viridanti.

600 3303 817 3360 Saxum
827 3308 914 3360 est
927 3303 1202 3371 Christus,
1221 3309 1286 3360 ut
1311 3303 1373 3360 in
1391 3303 1607 3360 cantico
1635 3306 2122 3379 [Deuteronomii]:
2207 3309 2273 3360 ut
2299 3303 2359 3359 in
2389 3303 2688 3376 Evangelio
2713 3321 2724 3357 :
2762 3322 2790 3357 ι
2821 3304 3040 3358 Bonum
3095 3319 3231 3358 vere
3257 3318 3448 3358 semen
3472 3301 3508 3356 ii
3533 3299 3622 3356 ﬁlii
3645 3301 3746 3354 sunt

534 3411 562 3447 α
592 3393 888 3466 Deumque
915 3392 986 3449 de
1009 3409 1141 3449 saxo
1165 3391 1466 3449 durissimo
1483 3393 1546 3461 “,
1582 3413 1606 3446 ι
1638 3393 1694 3450 id
1726 3400 1830 3462 est,
1853 3395 2126 3468 Spiritum
2207 3392 2367 3464 regni
2395 3391 2461 3446 ³⁸.
2496 3411 2523 3446 n
2555 3393 2771 3459 Semen,
2794 3407 2936 3466 opus
2957 3391 3187 3459 bonum,
3221 3399 3287 3449 ut
3313 3393 3372 3448 in
3392 3389 3672 3447 Psalmiszs
3695 3387 3746 3442 Et

529 3488 790 3540 sanctum
819 3487 1156 3555 acceperunt
1172 3487 1303 3556 post
1327 3482 1796 3540 resurrectionem
1816 3501 1851 3540 a
1877 3485 2121 3542 Christo.
2207 3498 2400 3538 semen
2409 3481 2562 3538 illius
2581 3482 2639 3538 in
2659 3481 3044 3539 benedictione
3064 3481 3176 3536 erit
3190 3481 3262 3548 ³ο,
3277 3499 3307 3538 ι
3331 3481 3386 3536 id
3401 3486 3636 3552 est,opus
3651 3477 3745 3547 ejus

527 3573 760 3640 Sanum,
790 3587 951 3628 mens
969 3571 1218 3641 robusta,
1239 3577 1307 3628 ut
1333 3572 1394 3628 in
1415 3572 1548 3628 Job:
1578 3591 1601 3625 ε
1624 3573 1694 3630 Et
1721 3590 1918 3630 saxum
1935 3580 2124 3631 trans-
2205 3571 2440 3644 dignum
2467 3571 2837 3628 retributione
2865 3570 2992 3626 erit.
3009 3570 3228 3641 Semen,
3258 3570 3515 3627 incitator
3529 3566 3622 3622 viri
3643 3579 3745 3620 san-

528 3663 709 3720 fertur
721 3662 930 3718 deloco
948 3677 1052 3718 suo
1063 3660 1128 3729 ¹²,
1150 3678 1177 3716 ι
1201 3661 1351 3734 quod
1370 3661 1622 3722 irruente
1640 3663 2124 3720 tentationemens
2205 3660 2300 3728 cti,
2325 3665 2390 3715 ut
2416 3661 2476 3715 in
2511 3659 2788 3715 Psalmis:
2843 3679 2866 3711 ι
2901 3661 3106 3715 Potens
3145 3659 3210 3714 in
3257 3667 3409 3716 terra
3460 3657 3560 3713 erit
3594 3667 3744 3710 semen

529 3767 934 3824 nonnunquam
963 3749 1196 3807 robusta
1221 3767 1258 3806 a
1283 3749 1430 3806 bono
1463 3751 1770 3808 retrahitur
1815 3753 2119 3825 proposito.
2205 3749 2328 3820 ejus
2346 3748 2416 3819 ³ο,
2446 3768 2469 3802 ι
2489 3748 2546 3804 id
2571 3754 2675 3816 est,
2690 3747 2946 3804 sublimis
2973 3749 3033 3804 in
3065 3749 3206 3804 coelo
3237 3749 3364 3814 erit,
3387 3748 3480 3822 qui
3495 3749 3683 3819 justum
3701 3740 3744 3796 in

530 3842 640 3898 Per
663 3856 802 3896 suam
824 3840 1004 3896 sancti
1047 3839 1252 3912 angeli,
1285 3843 1351 3895 ut
1386 3839 1444 3895 in
1491 3839 1668 3896 Isaia:
1717 3859 1744 3894 α
1775 3840 2126 3898 Munimenta
2205 3837 2350 3892 bono
2389 3838 2664 3893 imitatur.
2686 3836 2900 3906 Semen,
2929 3837 3138 3893 locutio
3175 3837 3312 3904 oris,
3339 3843 3404 3893 ut
3424 3837 3482 3892 in
3513 3832 3742 3891 Leritico:

531 3946 791 3988 saxorum
820 3929 1136 3986 sublimitas
1167 3931 1289 4000 ejus
1319 3927 1381 3996 ¹³,
1414 3947 1438 3980 ι
1467 3929 1622 4002 ’quod
1659 3929 1743 3984 vir
1787 3935 2015 3986 sanctus
2053 3931 2120 3986 ad
2209 3946 2236 3982 α
2267 3927 2370 3982 Vir
2398 3927 2494 4000 qui
2529 3927 2745 4000 patitur
2767 3928 2982 3984 ﬂuxum
3002 3927 3337 4000 ‘sanguinis
3358 3926 3425 3996 εί,
3456 3943 3483 3978 ι
3503 3925 3554 3980 id
3565 3927 3654 3992 est,
3672 3934 3744 3974 sn-

528 4020 917 4076 tortitudinem
925 4019 1253 4090 angelorum
1265 4035 1368 4092 per
1376 4018 1876 4092 contemplationes
1886 4020 2120 4076 accedit.
2205 4017 2584 4090 perﬂuitatem
2629 4033 2742 4072 non
2781 4016 2993 4072 devitat
3039 4017 3366 4082 locutionis,
3409 4037 3434 4070 «
3471 4011 3744 4070 immundus

602 4111 822 4166 Securis
847 4113 934 4163 est
947 4107 1226 4174 Christus,
1249 4107 1387 4163 utin
1407 4107 1734 4179 Evangelio:
1767 4128 1790 4160 α
1814 4109 2036 4165 Securis
2049 4109 2122 4165 ad
2205 4106 2332 4162 erit.
2367 4124 2394 4160 )›
2437 4107 2651 4171 Semen,
2683 4110 2994 4178 peccatum,
3033 4110 3103 4161 ut
3127 4105 3186 4162 in
3215 4106 3394 4163 Isaia:
3433 4123 3459 4158 α
3490 4105 3554 4160 Et
3592 4111 3746 4156 semen

529 4198 778 4255 radicem
809 4196 1026 4252 arboris
1051 4196 1236 4270 posita
1275 4201 1364 4252 est
1391 4195 1452 4262 ¹⁴,
1480 4213 1507 4252 ι
1541 4198 1691 4270 quod
1737 4197 1994 4254 Christus
2029 4200 2124 4255 Ju-
2203 4195 2326 4267 ejus
2353 4194 2659 4250 absorbens
2686 4195 2969 4250 volucrem
2996 4193 3064 4261 θ’,
3097 4213 3125 4249 ι
3149 4195 3208 4251 id
3237 4202 3346 4263 est,
3391 4199 3672 4268 peccatum,
3695 4187 3748 4242 de

529 4289 679 4344 deos
705 4285 1022 4342 incredulos
1041 4285 1384 4358 exstirpavit.
1407 4284 1644 4354 Securis,
1665 4287 1752 4342 vir
1769 4286 1967 4354 bonus,
1987 4287 2123 4344 utin
2203 4301 2314 4356 quo
2341 4284 2793 4357 concupiscentia
2803 4285 3086 4356 procedit'
3098 4285 3253 4357 parit
3271 4289 3580 4358 peccatum:
3598 4291 3749 4352 pecu-

530 4377 702 4433 Isaia:
731 4393 758 4430 α
774 4375 1061 4448 Numquid
1072 4375 1626 4448 gloriabitursecuris
1639 4381 1833 4432 contra
1851 4393 2000 4444 eum,
2025 4377 2324 4455 quintum
2350 4389 2502 4440 vero,
2533 4391 2662 4428 cum
2687 4374 3024 4446 conceperit,
3043 4379 3545 4446 generatmortem.

527 4471 684 4523 secat
699 4466 761 4522 in
775 4465 936 4521 ea“?
954 4484 984 4519 η
1009 4465 1160 4538 quod
1185 4464 1598 4538 nonsuperabit
1616 4465 1700 4520 vir
1725 4471 1952 4522 sanctus
1985 4483 2122 4522 con-
2272 4461 2482 4518 Semita
2511 4468 2597 4518 est
2613 4463 2920 4530 humilitas,
2947 4469 3014 4520 ut
3043 4463 3102 4518 in
3122 4463 3402 4519 Psalmis:
3433 4485 3456 4512 ιι
3487 4459 3655 4516 Deduc
3675 4467 3745 4508 me

526 4562 619 4612 tra
635 4555 963 4622 Dominum,
985 4555 1082 4627 qui
1093 4555 1469 4624 sanctitatem,
1489 4571 1659 4627 quam
1673 4553 1862 4623 habet,
1883 4555 2123 4611 contulit
2201 4551 2262 4608 in
2288 4552 2491 4636 semita
2515 4552 2585 4622 ³³,
2618 4573 2644 4607 n
2668 4552 2723 4607 id
2749 4558 2852 4619 est,
2885 4569 3075 4608 veram
3099 4553 3188 4608 fac
3217 4571 3312 4608 me
3339 4552 3540 4608 habere
3562 4542 3746 4603 humili-

527 4645 600 4702 ei.
631 4643 870 4712 Securis,
899 4645 1199 4717 correptio,
1221 4649 1287 4700 ut
1304 4644 1365 4700 in
1391 4645 1856 4700 Deuteronomio:
1895 4663 1922 4698 (ι
1945 4645 2120 4716 [Si]in
2199 4646 2399 4710 tatem,
2427 4659 2550 4714 quae
2579 4647 2665 4698 est
2689 4642 3122 4698 fundamentum
3149 4649 3478 4700 ceterarum
3495 4639 3740 4694 virtutum-

526 4734 836 4790 succisione
861 4733 1146 4806 lignorum
1171 4733 1384 4790 securis
1409 4733 1620 4806 fugerit
1645 4749 1879 4790 manum
1905 4733 1970 4801 ’⁸,
2007 4753 2032 4788 n
2061 4733 2118 4789 id
2197 4731 2428 4800 Semita,
2451 4732 2677 4788 interna
2704 4732 2992 4804 cogitatio.
3023 4733 3167 4789 utin
3196 4731 3487 4788 Parabolis
3505 4748 3518 4784 :
3536 4745 3562 4782 ι
3587 4720 3746 4782 Consi-

527 4828 634 4890 est,
682 4823 739 4878 in
786 4823 1163 4896 prohibitione
1196 4823 1462 4880 vitiorum
1505 4824 1784 4896 correptio
1824 4823 2122 4880 excesserit
2199 4820 2416 4878 deravit
2434 4823 2697 4878 semitam
2729 4823 2929 4878 domus
2955 4839 3074 4878 suae
3114 4821 3184 4890 δι,
3217 4841 3242 4876 ι
3273 4823 3332 4878 id
3358 4828 3462 4888 est,
3489 4817 3744 4888 diligamr

413 4973 420 4988 ι
525 4910 777 4968 modum.
800 4913 1038 4980 Securis,
1065 4912 1278 4968 donum
1291 4912 1508 4984 gratiae,
1531 4917 1597 4968 ut
1617 4911 1676 4968 in
1703 4911 1861 4967 libris
1877 4913 2112 4984 Regum.
2197 4910 2442 4984 inspexit
2466 4912 2750 4968 internam
2770 4911 3167 4983 cogitationem
3187 4918 3396 4968 mentis
3410 4906 3740 4968 sum.Semita.

529 5003 648 5059 cUt
676 5000 888 5058 ferrum
919 5001 1130 5059 securis
1148 5001 1454 5058 caderet'in
1465 5018 1670 5074 aquam
1694 5002 1754 5068 ⁸⁷,
1782 5018 1810 5056 ι
1843 5003 1991 5074 quod
2024 5003 2116 5057 do-
2201 5001 2452 5057 ascensio
2485 5001 2714 5068 Christi,
2757 5006 2820 5056 ut
2858 5001 2918 5056 in
2957 5000 3099 5057 Job:
3147 5017 3174 5054 α
3209 5003 3480 5058 Semitam
3511 4991 3746 5070 ignoraui

527 5109 663 5150 num
689 5090 993 5165 aliquando
1015 5091 1212 5162 gratiae
1239 5089 1521 5146 amittitur
1533 5107 1636 5163 per
1657 5089 1997 5162 superbiam.
2031 5091 2118 5148 Se—
2200 5089 2318 5146 avis
2341 5089 2408 5151 ³⁵.
2437 5109 2465 5144 ι
2491 5091 2641 5164 quod
2661 5091 2959 5164 Synagoga
2981 5107 3274 5148 ascensum
3293 5107 3406 5148 non
3426 5083 3662 5162 cognorit
3671 5095 3746 5136 ιιο·

525 5187 698 5250 euris,
727 5181 916 5254 gravis
943 5179 1278 5253 persecutio,
1308 5179 1444 5236 utin
1471 5179 1744 5236 Psalmis:
1779 5201 1801 5232 α
1837 5181 1903 5236 In
1933 5183 2116 5236 securi
2199 5179 2299 5236 stri
2330 5181 2744 5253 Redemptoris.
2774 5183 3001 5248 Semita,
3048 5181 3341 5254 perfectio,
3367 5186 3432 5236 ut
3459 5180 3514 5234 in
3539 5171 3742 5232 Genesi:

595 5272 614 5307 ¹
645 5271 774 5328 Lev.
805 5285 928 5339 xm,
955 5269 1044 5327 48.
1077 5269 1102 5304 ²
1123 5268 1228 5325 Job
1249 5283 1340 5338 νιν
1357 5267 1412 5326 2.
1438 5267 1464 5303 ³
1487 5269 1756 5337 Lev.x1x,
1787 5268 1878 5325 36.
1909 5269 1932 5306 ⁴
1958 5270 2108 5326 Psal.
2140 5283 2152 5326 ι

2181 5284 2250 5338 xl,
2290 5268 2372 5328 10.
2424 5269 2449 5303 ⁵
2477 5271 2640 5325 Cant.
2677 5285 2776 5338 vu,
2809 5270 2860 5325 7.
2907 5271 2931 5306 ⁸
2958 5271 3134 5326 Num.
3160 5283 3280 5337 xm,
3318 5268 3406 5326 33.
3458 5267 3478 5302 ⁷
3508 5267 3738 5339 Lucili}.

523 5341 577 5397 3.
609 5342 632 5379 ⁸
660 5343 813 5398 Psal.
833 5329 996 5409 vr,'7.
1028 5341 1054 5377 ⁹
1078 5342 1226 5397 Psal.
1259 5329 1347 5408 xi,
1378 5340 1433 5396 4.
1463 5341 1510 5376 ¹⁰
1528 5341 1632 5396 Job
1657 5329 1754 5407 vn,
1795 5339 1877 5398 i3.
1902 5341 1944 5376 ¹¹
1975 5342 2080 5397 Det

2183 5329 2344 5407 xxx",
2381 5339 2466 5398 13.
2498 5340 2544 5376 ¹²
2571 5341 2675 5396 Job
2703 5329 2816 5406 xrv,
2855 5339 2938 5398 18.
2970 5341 3017 5378 ⁸³
3041 5343 3150 5398 Isa.
3180 5329 3376 5406 xxxiii,
3402 5339 3486 5395 16.
3509 5338 3554 5374 ¹⁴
3575 5329 3740 5409 Mat?!-

525 5427 608 5474 ιιι,
629 5411 729 5482 10;
761 5399 1010 5478 Ιιιιοίηῐ,
1040 5413 1096 5470 9.
1154 5413 1200 5448 ’⁵
1226 5399 1347 5469 Ιεαί
1387 5426 1546 5483 xvm,
1597 5411 1676 5470 l5.
1726 5399 1770 5448 1"
1798 5414 1962 5468 Deut.
1991 5427 2082 5468 xxx

2182 5453 2190 5466 .
2219 5413 2262 5448 ⁵⁷
2283 5399 2358 5469 IV
2388 5413 2525 5483 Reg.
2572 5427 2648 5477 v1,
2683 5413 2736 5466 5.
2788 5399 2834 5448 ίδ
2858 5414 3005 5469 Psal.
3039 5427 3228 5480 Lxxm,
3261 5413 3316 5470 6.
3366 5399 3416 5447 "9
3449 5411 3575 5483 Luc.
3612 5419 3646 5472 ι,
3669 5399 3739 5456 3'3.

522 5479 757 5556 ’°_Vers.
787 5483 878 5542 25.
898 5484 952 5556 ν²¹
985 5486 1131 5556 Psal.
1161 5498 1426 5551 LXXXVIII,
1454 5479 1542 5556 {15.
1573 5483 1622 5556 9?
1649 5485 1796 5540 Psal.
1828 5499 1951 5551 cxx,
1979 5483 2028 5541 3.
2061 5485 2079 5518 η

2180 5501 2306 5556 .poc.
2338 5499 2415 5546 xi.
2457 5479 2547 5539 f6.
2568 5483 2640 5556 Δξ⁴
2682 5485 2824 5556 Gen.
2857 5499 2971 5552 xxx,
3003 5484 3092 5542 23.
3120 5483 3170 5519 ³⁵
3196 5485 3337 5542 Gen.
3360 5496 3476 5556 rxn,
3508 5479 3581 5556 ⁸3;
3611 5485 3737 5556 ηιξ,

527 5553 625 5621 18;
657 5569 851 5621 xxvm,
889 5555 974 5613 14.
999 5555 1048 5589 ’θ
1069 5557 1270 5611 Matth.
1303 5542 1424 5624 xui,
1454 5554 1544 5612 27.
1597 5555 1642 5590 ’7
1672 5557 1812 5610 Gen.
1841 5542 2048 5624 m,'15.

2180 5542 2372 5612 Matth.
2405 5542 2524 5621 xm,
2558 5552 2644 5612 38.
2687 5555 2735 5589 ’9
2763 5557 2911 5611 Psal.
2957 5542 3142 5620 xxxxu
3189 5555 3275 5613 i6.
3327 5555 3375 5589 ³ο
3401 5542 3541 5608 Psal.
3570 5542 3737 5611 "010.1

522 5625 565 5662 ³¹
597 5627 729 5684 Lev.
759 5640 850 5696 xv,
883 5626 937 5695 2,
964 5627 1054 5683 10.
1081 5625 1130 5663 ³³
1152 5629 1224 5684 Is.
1257 5639 1370 5694 xxv,
1403 5624 1494 5684 29.
1524 5625 1572 5662 ³³
1599 5627 1746 5683 Psal.
1780 5641 1974 5697 oxvm,
2004 5627 2090 5684 35.
2122 5627 2169 5664 3‘
2190 5629 2352 5684 Prov.
2379 5632 2529 5695 xm,
2560 5627 2649 5682 27.
2681 5627 2729 5662 ³⁵
2757 5626 2860 5685 Job
2889 5642 3084 5698 xxvm,
3119 5631 3168 5683 7.
