3942 6158
274 345 413 406 1019

1206 346 1639 404 ΑΙιΙιΕΟΟΒῙᾹΒ
1674 348 1754 403 ΙΝ
1791 347 2082 406 SACRAM
2119 348 2598 406 SCRIPTURAM.

3408 345 3549 408 10⁵0

275 491 299 524 ι
331 471 464 528 Fiat
489 471 612 527 Dan
642 475 662 494 δ
689 477 932 527 serastes
959 473 1018 526 in
1047 472 1249 528 semita
1268 457 1309 541 ί,
1348 492 1372 523 ι
1407 473 1556 545 quod
1586 473 1720 530 viris
1747 475 2128 537 san-Acrebis
2149 476 2434 533 miraculis
2461 477 2531 532 ad
2562 477 2731 534 fidem
2757 478 3124 534 invitantibus
3151 478 3222 533 ad
3251 477 3418 532 fidem
3447 491 3544 529 vo-

267 561 374 616 ctis
400 561 461 616 in
489 561 831 633 perfectione
857 561 984 616 vitae
1013 578 1073 617 se
1111 561 1458 618 arctantibus
1489 564 1866 620 Antichristus

268 667 331 705 se
360 649 647 705 crudelem
675 650 938 705 ostendit.
971 651 1198 717 Semita,
1229 652 1485 706 voluntas
1517 653 1780 720 hominis,
1804 661 1869 710 ut

265 739 326 795 in
354 738 495 794 Job:
521 758 545 791 (ι
566 739 637 793 Et
664 739 923 812 decipula
945 739 1094 795 illius
1122 757 1292 812 super
1313 741 1634 809 semitam',
1657 761 1684 795 »
1718 743 1867 814 quod

265 827 524 884 diabolus
543 827 788 883 hominis
813 829 1167 900 potissimum
1197 829 1389 884 studet
1401 830 1656 903 decipere
1675 833 1868 887 volun-

264 922 466 973 tatem.
500 916 728 985 Semita,
750 917 1032 989 superbia,
1074 925 1137 974 ut
1166 919 1224 973 in
1253 919 1356 973 Job
1385 937 1396 972 :
1435 938 1463 973 α
1487 921 1754 992 Nunquid
1776 938 1865 976 se-

266 1005 468 1061 mitam
496 1007 826 1062 saaculorum
853 1007 1135 1062 custodire
1163 1009 1320 1080 cupis
1337 1008 1361 1042 ³
1386 1009 1407 1062 2
1441 1028 1466 1061 ι)
1500 1010 1556 1064 id
1581 1015 1684 1077 est,
1718 1027 1864 1066 nun-

266 1095 402 1168 quid
431 1095 750 1168 superbiam
800 1096 1153 1152 smcularium
1179 1096 1392 1152 imitari
1433 1098 1738 1154 desideras.
1779 1101 1869 1155 Se-

265 1187 431 1252 mita,
455 1185 716 1255 angustia
743 1185 959 1251 mortis,
992 1192 1057 1240 ut
1084 1185 1142 1240 in
1167 1186 1270 1240 Job
1295 1205 1306 1239 :
1333 1205 1360 1240 α
1381 1187 1452 1242 Et
1469 1189 1748 1256 semitam,
1769 1207 1869 1262 per

266 1289 438 1346 quam
486 1289 601 1328 non
632 1280 898 1340 revertar,
944 1273 1170 1329 ambulo
1189 1275 1228 1341 ⁴,
1273 1295 1295 1327 ›
1329 1276 1386 1330 id
1424 1281 1528 1343 est,
1560 1278 1631 1332 ad
1671 1278 1868 1334 mortis

263 1362 609 1433 angustiam,
631 1379 663 1416 a
682 1379 795 1434 qua
822 1363 1005 1418 redire
1035 1380 1147 1418 non
1176 1381 1421 1436 possum,
1439 1366 1629 1420 tendo.
1655 1367 1762 1422 Per
1785 1384 1866 1422 se-

1948 565 2059 620 cati
2085 571 2236 622 sunt.

2017 653 2345 723 Sepulcrum
2377 658 2464 708 est
2517 657 2793 709 secretum
2835 653 3342 726 contemplationis,
3383 658 3449 708 ut
3485 653 3543 708 in

1947 741 2051 796 Job
2085 760 2096 794 :
2133 762 2155 794 ι
2191 743 2530 814 Ingredieris
2568 742 2627 796 in
2655 741 3001 798 abundantia
3028 743 3346 815 sepulcrum
3362 742 3426 809 1⁷,
3447 742 3545 797 rid

1949 837 2052 896 est,
2086 847 2186 902 per
2205 830 2601 902 perfectionem
2623 829 2781 884 bonae
2809 831 3046 886 actionis
3067 833 3088 854 '
3111 831 3435 902 pertingens
3456 847 3546 885 us-

1949 936 2058 990 que
2073 920 2143 974 ad
2164 926 2440 974 secretum
2461 919 2967 990 contemplationis.
2988 919 3547 990 Sepulcrum,locutio

1948 1025 2138 1080 prava,
2163 1017 2229 1063 ut
2250 1009 2308 1064 in
2325 1009 2593 1063 Psalmis:
2623 1026 2650 1062 α
2678 1009 3006 1081 Sepulcrum
3029 1014 3227 1082 patens
3249 1014 3337 1064 est
3351 1015 3549 1080 guttur

1950 1097 2188 1168 [eorum]
2216 1098 2280 1165 ‘3,
2306 1117 2328 1149 ι
2353 1098 2408 1152 id
2430 1104 2538 1160 est,
2562 1099 2724 1169 juxta
2751 1098 2828 1165 id,
2860 1099 3009 1170 quod
3038 1098 3330 1154 immunda
3358 1104 3446 1154 est
3460 1115 3548 1152 co-

1946 1185 2148 1257 gitatio
2177 1203 2392 1248 eorum,
2426 1187 2598 1242 fetida
2647 1193 2733 1242 est
2769 1193 2828 1242 et
2870 1203 3066 1242 eorum
3096 1187 3322 1243 locutio.
3363 1190 3547 1256 sepul-

1948 1291 2110 1330 crum
2140 1292 2311 1347 opera
2336 1281 2582 1343 terrena,
2616 1281 2682 1330 ut
2707 1277 2766 1331 in
2795 1277 3033 1331 Psalmis
3068 1295 3080 1329 :
3114 1279 3134 1299 ⁶
3170 1296 3193 1328 α
3226 1275 3426 1332 Educit
3451 1291 3547 1330 eos

1950 1364 2046 1435 qui
2075 1369 2408 1436 exasperant
2442 1363 2500 1418 in
2529 1365 2876 1436 sepulcris",
2911 1382 2938 1418 ι)
2971 1365 3122 1436 quod
3146 1364 3420 1420 Dominus
3449 1380 3550 1436 per

261 1454 466 1506 mitam
496 1451 767 1523 religiosae
795 1452 1060 1518 actiones,
1093 1458 1159 1508 ut
1195 1453 1254 1508 in
1293 1455 1532 1510 Psalmis
1565 1473 1576 1507 :
1613 1475 1636 1507 ι
1674 1456 1744 1510 Et
1771 1473 1866 1511 co-
1944 1453 2187 1523 gratiam
2215 1469 2376 1508 suam
2418 1470 2512 1508 eos
2542 1469 2578 1507 a
2604 1470 2777 1525 prava
2803 1469 2909 1508 sua
2934 1453 3356 1508 conversatione
3397 1452 3548 1508 exire

257 1557 472 1612 gnosce
492 1541 725 1597 semitas
753 1557 908 1596 meas
923 1541 965 1608 ⁵,
996 1561 1022 1592 ››
1048 1542 1106 1596 id
1131 1548 1233 1610 est,
1254 1542 1623 1615 acceptabiles
1651 1545 1737 1600 fac
1764 1545 1867 1601 tibi

260 1630 519 1686 internas
547 1629 917 1708 cogitationes
947 1647 1122 1687 meas.

1948 1541 2098 1608 facit,
2122 1543 2217 1614 qui
2256 1541 2640 1614 corporalibus
2676 1541 3140 1597 delectationibus
3169 1543 3546 1598 adhaeserunt.

1949 1632 2058 1686 Per
2073 1635 2409 1701 sepulcrum,
2439 1631 2682 1703 reprobi,
2716 1636 2782 1688 ut
2809 1631 2867 1688 in
2893 1634 2914 1655 θ
2935 1631 3082 1687 Isaia
3105 1649 3117 1683 :
3145 1631 3216 1686 Et
3235 1631 3294 1686 in
3313 1631 3550 1686 circuitu

336 1735 515 1792 Senes;
543 1743 630 1793 est
655 1737 894 1810 quilibet
919 1738 1217 1811 perfectus,
1240 1745 1305 1794 ut
1332 1741 1391 1794 in
1412 1739 1643 1796 Genesi:
1677 1762 1700 1794 ι
1719 1742 1868 1797 Mor-
1883 1719 1932 1780 Β
1948 1720 2144 1811 ΑδδΨτ
2167 1720 2486 1811 “Pulcrum
2507 1721 2630 1811 ﬁlus
2645 1719 2710 1811 "ig
2731 1741 2754 1772 ³
2777 1721 2926 1811 (1ιὲρά
2945 1720 3005 1775 in
3019 1719 3242 1811 ἀίθδοῖβ
3264 1720 3304 1774 ii
3328 1719 3551 1777 emmis

265 1831 404 1882 tuus
429 1833 521 1882 est
555 1825 842 1882 Abraham
883 1844 1053 1883 senex
1090 1835 1148 1884 et
1192 1830 1392 1900 plenus
1423 1829 1644 1885 dierum
1673 1831 1715 1898 ⁸,
1742 1851 1767 1884 »
1800 1831 1870 1885 ab

265 1915 504 1971 hacvita
527 1915 784 1972 discessit
811 1917 1090 1988 perfectus
1117 1918 1177 1972 in
1199 1918 1514 1986 sanctitate,
1543 1924 1602 1974 et
1625 1920 1872 1991 repletus

264 2003 526 2060 claritate
556 2004 832 2061 bonorum
863 2023 1119 2078 operum.
1152 2007 1346 2076 Senex,
1380 2008 1475 2080 qui
1506 2009 1565 2063 in
1593 2013 1871 2064 vetustate

264 2093 503 2149 malitiae
527 2095 712 2161 durat,
746 2101 810 2149 ut
834 2095 893 2150 in
921 2096 1136 2150 cantico
1167 2097 1590 2152 Deuteronomii
1619 2116 1631 2152 :
1661 2101 1680 2121 ⁶
1705 2117 1728 2150 ι
1762 2099 1871 2153 La-

261 2187 518 2238 ctantem
545 2199 674 2238 cum
696 2184 923 2239 homine
941 2201 1075 2240 sene
1094 2185 1136 2251 θ,
1159 2204 1183 2237 ››
1211 2186 1360 2257 quod
1388 2203 1557 2241 sensu
1576 2187 1871 2258 parvulum

260 2289 396 2328 cum
417 2273 726 2328 inveterato
755 2273 974 2329 dierum
1007 2275 1286 2330 malorum
1317 2275 1450 2330 vitio
1469 2267 1737 2331 'vastabit.
1765 2278 1873 2332 Per

258 2369 416 2408 senes
441 2353 568 2409 vitae
596 2354 922 2410 maturitate
942 2355 1234 2426 pollentes,
1260 2361 1325 2411 ut
1343 2355 1400 2410 in
1427 2357 1574 2411 Isaia
1601 2374 1612 2409 :
1640 2377 1662 2409 ι
1686 2358 1872 2412 Domi-

259 2459 375 2498 nus
393 2442 467 2498 ad
479 2442 754 2514 judicium
775 2443 964 2499 veniet
979 2461 1106 2500 cum
1127 2445 1439 2500 senioribus
1463 2446 1654 2518 populi
1684 2446 1804 2501 sui8
1817 2465 1868 2514 »,

260 2531 417 2604 quod
449 2548 577 2587 cum
597 2533 818 2588 Christo
838 2533 896 2588 in
911 2533 1124 2604 judicio
1145 2533 1250 2588 viri
1267 2534 1445 2588 sancti
1461 2535 1682 2605 judices
1703 2553 1872 2608 appa-

257 2621 493 2676 rebunt.
517 2621 624 2676 Per
641 2638 789 2676 senes
819 2623 1056 2694 praelati,
1088 2628 1153 2678 ut
1177 2623 1237 2678 in
1261 2624 1531 2679 Psalmis:
1557 2643 1584 2678 ι
1613 2626 1681 2680 Et
1709 2642 1872 2681 senes

262 2711 395 2782 ejus
429 2710 786 2782 prudentiam
817 2712 1046 2767 doceret
1070 2711 1114 2780 θ,
1146 2730 1174 2766 ι
1217 2714 1365 2784 quod
1403 2713 1662 2785 praelatos
1707 2715 1869 2770 Chri-

264 2805 414 2865 stus,
444 2798 543 2870 qui
573 2805 662 2854 est
679 2815 840 2855 verus
870 2801 1098 2872 Joseph,
1130 2801 1488 2873 prudentiam
1518 2803 1698 2858 docet.

335 2903 596 2960 Senectus
609 2912 696 2960 est
713 2906 1013 2963 maturitas
1042 2908 1416 2980 perfectionis,
1448 2914 1513 2964 ut
1540 2910 1598 2964 in
1620 2911 1822 2966 Genesi
1857 2931 1869 2965 :

266 2999 286 3019 '
325 3015 348 3047 ι
377 2995 494 3050 Ibis
520 2995 590 3050 ad
619 3001 808 3068 patres
836 3002 964 3052 tuos
991 2997 1050 3051 in
1079 3014 1213 3068 pace
1237 2999 1488 3072 sepultus
1509 2999 1566 3053 in
1583 3005 1869 3056 senectute

260 3084 415 3140 bona
441 3084 506 3153 ιθ,
545 3107 568 3138 ››
614 3085 670 3141 id
713 3092 818 3154 est,
852 3086 1164 3144 imitaberis
1190 3087 1332 3142 vitas
1370 3093 1691 3143 sanctorum
1728 3089 1870 3144 anti-

258 3192 530 3248 quorum,
557 3177 730 3248 quieti
758 3177 1250 3250 contemplationis
1274 3179 1558 3244 insistens,
1582 3185 1640 3234 et
1667 3179 1724 3234 in
1747 3197 1871 3251 per-

257 3263 510 3320 fectione
558 3270 799 3320 matura.
840 3267 1114 3331 Senectus,
1160 3267 1407 3322 defectus
1446 3267 1668 3334 virium,
1711 3275 1773 3324 ut
1813 3269 1870 3324 in

263 3353 515 3408 Psalmis
548 3372 559 3405 :
597 3373 621 3405 α
655 3355 738 3409 Ne
769 3355 1030 3426 projicias
1069 3372 1161 3411 me
1207 3355 1266 3411 in
1311 3361 1562 3428 tempore
1612 3364 1870 3414 senectu-

261 3443 340 3498 tis
365 3442 433 3508 “,
471 3463 496 3494 »)
530 3441 715 3506 idest,
749 3459 820 3498 ne
843 3461 933 3499 me
971 3446 1219 3513 deseras,
1257 3461 1384 3501 cum
1413 3447 1559 3501 vires
1586 3463 1678 3501 me
1720 3447 1874 3502 defe-

264 3531 476 3588 cerint.

341 3639 636 3695 Senatores
682 3645 813 3694 sunt
861 3642 1046 3713 angeli
1095 3643 1292 3706 sancti,
1335 3649 1398 3698 ut
1433 3645 1492 3698 in
1537 3645 1825 3701 Parabolis
1861 3664 1871 3700 :

272 3748 299 3782 α
335 3728 580 3794 Quando
611 3729 819 3784 sederit
855 3746 983 3785 cum
1012 3732 1363 3787 senatoribus
1389 3733 1636 3801 terrae”,
1672 3753 1698 3787 ι›
1729 3737 1877 3807 quod

267 3835 406 3873 cum
434 3818 651 3889 angelis
667 3819 855 3874 veniet
873 3820 1146 3875 Dominus
1165 3821 1235 3875 ad
1257 3821 1553 3892 judicium,
1573 3839 1701 3878 cum
1725 3831 1878 3896 pote-

273 3913 430 3963 state
459 3924 666 3978 magna
693 3913 753 3962 et
777 3909 1092 3980 majestate.

347 4015 540 4070 Senles
569 4021 703 4070 sunt
728 4015 1126 4072 delectationes
1156 4034 1356 4088 pravae,
1392 4026 1455 4074 ut
1491 4021 1549 4075 in
1579 4020 1682 4076 Job
1715 4039 1727 4075 :
1757 4041 1780 4074 ι
1816 4023 1886 4078 Et

272 4122 406 4160 esse
443 4103 548 4159 sub
586 4104 836 4160 sentibus
869 4105 1096 4160 delicias
1132 4107 1537 4179 computabant
1557 4109 1623 4175 ¹³,
1657 4131 1679 4162 ι
1733 4110 1882 4183 quod

271 4211 381 4267 pro
403 4210 613 4265 magna
634 4193 927 4249 dulcedine
947 4193 1157 4250 habent
1171 4195 1369 4267 subjici
1389 4197 1747 4255 delectationi
1763 4217 1880 4256 car-

269 4283 387 4352 nis,
422 4299 548 4356 quae
576 4283 824 4338 animam
849 4283 1246 4340 damnabiliter
1273 4285 1493 4358 pungit.

349 4395 372 4415 ⁴
404 4391 560 4460 Sapis
583 4397 670 4446 cst
686 4391 940 4462 angelica
963 4392 1238 4459 custodia,
1255 4399 1322 4449 ut
1343 4394 1402 4448 in
1431 4395 1580 4450 Isaia
1605 4413 1615 4448 :
1656 4417 1676 4445 π
1711 4397 1780 4452 Et
1801 4415 1883 4452 se-

267 4497 411 4553 pem
446 4479 817 4536 circumdedit
861 4481 912 4536 ei
943 4480 1006 4547 ¹⁴,
1043 4501 1066 4531 ι
1101 4482 1248 4553 quod
1271 4485 1292 4505 θ
1323 4484 1634 4539 custodiam
1661 4479 1884 4554 'angeli-

266 4586 406 4626 cam
433 4569 670 4642 deputat
693 4571 966 4626 Dominus
994 4570 1200 4643 populo
1221 4588 1342 4627 suo.
1363 4573 1471 4627 Per
1487 4590 1660 4644 sepem
1682 4591 1884 4646 praece-

267 4665 380 4734 pta
402 4659 574 4727 bona,
604 4666 668 4714 ut
689 4660 746 4714 in
779 4660 928 4715 Isaia
958 4677 970 4712 :
1003 4678 1031 4714 α
1063 4661 1132 4716 Et
1158 4661 1462 4717 aedificator
1490 4662 1774 4718 vocaberis
1799 4681 1884 4719 se-

267 4751 460 4824 pium,
487 4755 745 4805 avertens
773 4749 1006 4804 semitas
1034 4748 1396 4821 iniquitatum
1419 4751 1482 4818 15,
1505 4769 1534 4805 ι
1566 4752 1624 4806 id
1655 4758 1758 4820 est,
1794 4753 1882 4808 in-

267 4841 516 4897 stitutor
547 4838 818 4894 bonorum
844 4843 1272 4911 praeceptorum,
1304 4839 1608 4910 prohibens
1633 4841 1884 4898 actiones

265 4927 596 5003 pravitatis.
620 4928 728 4982 Per
741 4943 882 4997 sepes
902 4927 1092 5000 populi
1108 4927 1368 4999 gentiles,
1384 4935 1449 4984 ut
1463 4928 1521 4985 in
1543 4929 1844 5002 Evangelia
1868 4950 1880 4986 :

271 5041 302 5069 ει
343 5018 446 5074 Exi
475 5019 538 5072 in
568 5020 588 5039 ⁶
616 5017 765 5072 vicos
804 5022 863 5072 et
888 5033 1068 5089 sepes,
1102 5023 1160 5072 et
1204 5020 1474 5090 compelle
1512 5019 1725 5076 intrare
1752 5020 1815 5085 ‘5,
1857 5040 1878 5072 ι

268 5107 434 5182 quod
476 5106 703 5181 quando
748 5105 926 5162 Judaei
978 5105 1207 5161 credere
1239 5108 1259 5129 ⁶
1292 5107 1612 5175 noluerunt,
1645 5110 1886 5181 gentiles

357 5292 371 5325 ⁸
403 5290 548 5345 Gen.
579 5301 727 5356 xux,
758 5287 846 5346 19.
899 5289 922 5324 ³
947 5289 1051 5345 Job
1083 5305 1240 5356 xvm,
1271 5289 1359 5346 10.
1415 5290 1438 5323 ³
1465 5289 1568 5345 Job
1595 5304 1729 5356 xxn,
1758 5289 1846 5344 15.

1950 1809 2130 1881 poenis
2149 1809 2473 1876 trahuntur,
2505 1809 2564 1864 in
2592 1809 2796 1881 quibus
2826 1809 2866 1865 ii
2887 1826 2988 1882 per
3013 1810 3228 1883 peccati
3259 1814 3549 1882 perpetra-

1950 1897 2164 1953 tionem
2193 1897 2470 1953 habitant.

2023 1986 2297 2056 Spelunca
2315 1995 2402 2042 est
2419 1987 2669 2043 humana
2683 1993 2889 2044 natura
2905 1987 2962 2042 in
2979 1988 3302 2054 Christo,ut
3315 1986 3373 2042 in
3395 1985 3553 2041 libris

1955 2075 2224 2147 Regum"
2249 2077 2452 2132 :David
2471 2077 2690 2148 fugiens
2715 2077 2940 2132 Saulem
2961 2075 3255 2131 abscondit
3276 2093 3336 2132 se
3351 2075 3411 2130 in
3430 2091 3553 2147 spe—

1956 2166 2139 2232 lunca,
2161 2166 2309 2238 quod
2327 2165 2583 2222 Christus
2603 2166 2662 2220 in
2680 2165 2928 2238 patibulo
2947 2166 3210 2221 humana:
3229 2169 3445 2222 natura;
3464 2180 3553 2220 co-

1953 2255 2262 2324 gnitionem
2281 2271 2316 2310 a
2327 2255 2550 2310 diabolo
2565 2261 2626 2310 et
2633 2256 2662 2310 J
2667 2255 2859 2323 udeis,
2873 2254 3148 2310 ministris
3167 2255 3310 2326 ejus,
3323 2253 3553 2309 abscon-

1953 2345 2054 2400 dit.
2081 2345 2373 2416 Spelunca,
2397 2346 2666 2401 sanctitas
2693 2345 2836 2410 vitze,
2866 2350 2931 2401 ut
2948 2345 3002 2400 in
3026 2345 3232 2401 Genesi
3251 2345 3392 2400 Sara
3405 2360 3554 2400 mor-

1953 2440 2053 2490 tua
2078 2435 2138 2490 in
2171 2435 2438 2507 spelunca
2466 2435 2687 2506 duplice
2717 2438 2736 2458 θ
2767 2435 3070 2506 sepelietur
3088 2433 3154 2500 ⁸³,
3188 2434 3338 2506 quod
3369 2433 3550 2489 fidelis

1953 2523 2228 2593 animaiab
2248 2525 2502 2596 appetitu
2525 2523 2825 2578 visibilium
2847 2529 3028 2579 morte
3047 2523 3264 2579 vivifica
3277 2522 3552 2578 exstincta

1951 2611 2013 2666 in
2041 2612 2339 2666 sanctitate
2368 2613 2492 2667 vitae
2520 2611 2966 2682 contemplativa
2994 2617 3052 2666 et
3086 2611 3280 2667 activae
3309 2610 3547 2666 abscon-

1952 2701 2124 2756 ditur.
2149 2700 2439 2770 Spelunca,
2463 2717 2634 2773 prava
2653 2717 2833 2767 mens,
2852 2706 2917 2756 ut
2935 2701 2994 2755 in
3013 2701 3312 2772 Evangelio
3333 2718 3344 2754 :
3375 2718 3399 2752 α
3420 2701 3556 2758 Erat

1955 2797 2146 2845 autem
2191 2791 2475 2862 spelunca,
2513 2796 2571 2845 et
2615 2790 2758 2863 lapis
2794 2789 3180 2862 superpositus
3210 2794 3334 2844 erat
3364 2789 3415 2844 ei
3428 2787 3494 2856 ³³,
3521 2807 3547 2842 ιι

1954 2879 2013 2934 id
2034 2885 2138 2946 est,
2165 2885 2288 2935 erat
2306 2879 2582 2952 profunda
2609 2896 2710 2952 per
2738 2879 3033 2946 malitiam,
3057 2884 3115 2934 et
3130 2877 3433 2935 tenebrosa
3451 2894 3552 2951 per

1953 2968 2331 3040 ignorantiam
2351 2970 2659 3041 peccatoris
2686 2967 3049 3035 conscientia,
3075 2974 3134 3023 et
3151 2967 3552 3022 insensibilitas

1953 3058 2175 3114 duritiae
2203 3059 2387 3114 inerat
2413 3059 2482 3114 ei.
2515 3061 2807 3129 Spelunca,
2852 3074 3053 3130 corpus
3081 3062 3358 3123 nostrum,
3397 3063 3463 3112 ut
3491 3057 3552 3112 in

1951 3147 2110 3203 libris
2138 3149 2356 3219 Regum
2392 3168 2404 3202 :
2443 3169 2465 3200 ‹
2502 3149 2772 3220 Egressus
2794 3151 2810 3170 ‘
2836 3149 2960 3218 ejus
2987 3147 3146 3202 stetit
3163 3147 3223 3202 in
3251 3146 3396 3202 ostio
3425 3162 3553 3218 spe-

1951 3238 2130 3292 luncae
2158 3236 2222 3302 9‘,
2253 3257 2278 3290 ι
2317 3237 2464 3308 quod
2502 3237 2561 3292 in
2604 3237 2941 3292 rectitudine
2973 3240 3015 3291 ⁶.
3049 3278 3062 3291 .
3103 3277 3114 3290 .
3151 3277 3164 3292 .
3203 3276 3215 3288 .
3246 3235 3557 3292 consistens

1953 3331 2340 3398 corrumperet
2355 3325 2717 3381 habitationis
2737 3326 3003 3393 claustra,
3021 3342 3122 3397 per
3135 3325 3558 3397 contemplatio-

1957 3433 2086 3472 nem
2116 3415 2525 3486 egrediebatur.
2557 3414 2846 3484 Spelunca,
2879 3414 3151 3470 habitatio
3179 3431 3370 3486 prava,
3403 3421 3469 3470 ut
3497 3413 3557 3468 in

1958 3503 2259 3575 Evangelia
2284 3521 2295 3556 :
2331 3522 2358 3556 α
2385 3504 2496 3557 Vos
2521 3509 2711 3558 autem
2733 3502 2941 3558 fecistis
2971 3520 3098 3558 eam
3126 3504 3450 3574 speluncam
3472 3503 3556 3557 la-

1956 3599 2185 3648 tronum
2203 3591 2272 3659 ’5,
2301 3612 2322 3643 ι
2352 3591 2408 3646 id
2431 3596 2538 3658 est,
2563 3591 2772 3646 fecistis
2797 3592 3047 3646 animam
3074 3597 3337 3657 vestram,
3369 3591 3428 3646 in
3447 3607 3560 3664 qua

1959 3701 2062 3753 ego
2089 3698 2318 3736 manere
2339 3680 2527 3747 debui,
2551 3681 2953 3736 habitationem
2972 3680 3392 3735 immundarum
3411 3679 3558 3751 cogi-

1959 3773 2255 3828 tationum.

2033 3862 2329 3930 Spluzrulae
2377 3864 2510 3914 sunt
2554 3855 2931 3912 volubilitates
2976 3857 3348 3929 cogitationis,
3389 3862 3455 3912 ut
3497 3857 3558 3913 in

1965 3949 2150 4004 Exodo
2184 3968 2197 4002 :
2233 3969 2261 4001 ι
2282 3949 2542 4004 Calamos
2569 3953 2627 4003 et
2656 3950 2676 3970 ⁶
2702 3946 2895 4018 ciphos
2931 3953 2989 4002 et
3016 3947 3320 4019 sphaerulas
3348 3945 3417 4014 ³⁸,
3446 3965 3475 4001 ιι
3499 3946 3558 4002 id

1965 4045 2069 4106 est,
2091 4037 2482 4111 praedicatores
2511 4043 2571 4092 et
2597 4037 2884 4094 auditores
2903 4041 2960 4092 et
2989 4035 3393 4092 volubilitatem
3420 4053 3560 4110 pm-

1961 4128 2273 4184 dicationis.

2031 4218 2324 4288 Speculum
2343 4223 2430 4274 est
2457 4219 2614 4284 ﬁdes,
2643 4222 2707 4271 ut
2725 4217 2783 4271 in
2813 4216 2987 4271 Paulo
3019 4235 3030 4270 :
3060 4235 3082 4268 α
3113 4217 3380 4273 Videmus
3408 4232 3558 4273 nunc

1961 4324 2061 4380 per
2088 4309 2380 4380 speculum
2401 4315 2460 4363 et
2485 4307 2544 4362 in
2572 4306 2870 4378 aenigmate
2887 4305 2953 4372 9",
2972 4326 2996 4359 »
3021 4305 3078 4360 id
3109 4311 3213 4372 est,
3235 4322 3338 4378 per
3363 4305 3554 4361 fidem.

1962 4399 2070 4452 Per
2095 4401 2374 4466 speculum
2401 4397 2656 4468 exempla
2683 4395 2847 4462 bona,
2880 4402 2946 4450 ut
2973 4395 3030 4449 in
3071 4395 3256 4450 Exodo
3293 4412 3304 4448 :
3340 4412 3368 4448 α
3401 4393 3559 4449 Fecit

1962 4485 2182 4541 labrum
2201 4486 2270 4541 de
2299 4485 2538 4558 speculis
2558 4485 2858 4540 mulierum
2872 4483 2938 4549 ⁸⁸,
2963 4503 2986 4534 ι
3007 4483 3152 4554 quod
3173 4483 3260 4538 lex
3289 4481 3557 4554 spiritua-
3617 4479 3627 4488 ”

1965 4575 2075 4628 lem
2102 4574 2263 4630 nobis
2291 4574 2584 4646 proponit'
2607 4573 3033 4628 mundationem
3053 4571 3110 4626 in
3129 4571 3394 4643 exemplis
3423 4585 3557 4626 san-

1963 4669 2182 4719 ctorum
2209 4661 2481 4719 virorum.
2499 4663 2816 4731 Speculum,
2844 4661 3060 4716 favores
3087 4660 3460 4726 saecularium,
3489 4665 3557 4716 ut

1965 4754 2025 4808 in
2062 4753 2250 4809 Isaia:
2290 4771 2317 4804 «
2347 4751 2580 4806 Auferet
2607 4750 2880 4806 Dominus
2918 4766 2955 4804 a
2981 4749 3202 4806 filiabus
3245 4749 3380 4806 Sion
3426 4765 3559 4822 spe-

1965 4842 2094 4897 cula
2118 4840 2184 4906 ’9,
2221 4861 2238 4889 ι
2265 4841 2415 4914 quod
2445 4841 2504 4896 in
2543 4839 2814 4912 reprobis,
2847 4840 2904 4892 in
2947 4838 3149 4910 quibus
3184 4838 3554 4904 delectantur,

1965 4931 2218 4986 destruet
2241 4932 2262 4953 ⁶
2296 4929 2596 4986 saecularis.

2038 5020 2358 5090 Speculator
2379 5024 2466 5074 est
2481 5017 2830 5090 praedicator,
2863 5023 2929 5073 ut
2948 5018 3007 5073 in
3027 5017 3311 5073 Ezechiele
3336 5035 3348 5070 :
3370 5034 3396 5068 α
3419 5017 3560 5088 Spe-

1967 5109 2273 5165 culatorem
2302 5109 2432 5166 dedi
2450 5115 2507 5164 te
2530 5107 2723 5162 domui
2751 5107 2924 5164 Israel
2947 5106 2995 5142 ³ο
3029 5126 3052 5159 ι
3075 5107 3134 5162 id
3163 5112 3270 5174 est,
3291 5104 3563 5179 pradica-

1907 5291 1930 5326 ⁴
1957 5289 2061 5346 Job
2089 5303 2202 5354 xvr,
2236 5289 2326 5347 22.
2381 5290 2404 5324 ⁵
2447 5291 2538 5345 Ps.
2573 5303 2841 5356 oxxxvm,
2879 5287 2970 5346 23.
3029 5288 3054 5322 ⁸
3095 5289 3237 5342 Gen.
3276 5299 3439 5356 xxxv,
3469 5283 3562 5356 29.

267 5363 292 5398 ⁷
326 5361 500 5417 Deut.
529 5355 822 5428 xxxn,25.
857 5361 880 5396 ⁸
907 5362 1015 5417 Isa.
1049 5377 1132 5428 ιιι,
1165 5355 1250 5420 li.
1278 5361 1302 5396 θ
1331 5361 1478 5416 Psal.
1513 5375 1623 5427 σιν,
1655 5355 1745 5418 22.
1779 5361 1825 5396 ¹⁰
1853 5362 1872 5416 (

1963 5379 1995 5416 ι.
2027 5376 2118 5427 xv,
2154 5360 2244 5418 15.
2296 5361 2337 5396 ¹¹
2371 5362 2518 5416 Psal.
2556 5376 2680 5428 Lxx,
2711 5361 2766 5416 9.
2817 5360 2861 5395 ¹²
2890 5361 3051 5415 Prov.
3085 5372 3232 5425 xxxx,
3267 5356 3356 5412 23.
3390 5355 3436 5428 ιβ
3461 5355 3568 5412 Job

265 5447 412 5499 xxx,
448 5435 502 5487 7.
535 5431 578 5466 “
609 5433 716 5487 Isa.
749 5447 802 5498 v,
833 5432 901 5500 2;
937 5427 1134 5488 Matth.
1165 5448 1276 5497 xxr,
1311 5432 1379 5490 25
1406 5451 1418 5500 ;
1448 5434 1616 5487 Marc.
1648 5446 1745 5498 χιι,
1783 5433 1827 5486 1.
1861 5434 1872 5468 ¹

1963 5451 2040 5488 sa.
2075 5447 2230 5498 LVIII,
2262 5431 2352 5490 12.
2386 5433 2430 5467 ¹⁶
2463 5435 2594 5488 Luc.
2629 5427 2739 5498 xlv,
2764 5431 2854 5486 23.
2886 5432 2929 5467 ¹⁷
2953 5431 3076 5486 Job.
3112 5445 3164 5497 v,
3199 5429 3292 5485 26.
3316 5428 3361 5465 ¹⁸
3389 5427 3564 5500 Ρεεν,

277 5502 375 5575 10.
401 5498 496 5559 15.
551 5504 592 5538 ¹⁹
618 5505 707 5558 Ps.
737 5498 989 5575 van,7.
1033 5503 1082 5539 ’³ο
1113 5505 1306 5559 Ezech.
1341 5498 1511 5568 xxx",
1543 5503 1632 5560 22.
1687 5503 1727 5538 ²¹
1762 5506 1786 5558 Ι
1816 5505 1872 5558 Η‹

1985 5518 2136 5570 xxxv,
2171 5505 2198 5558 -1
2235 5508 2293 5558 et
2333 5521 2448 5575 seq.
2499 5505 2546 5539 ²²
2593 5505 2732 5559 Gen.
2769 5518 2925 5568 χχιιι,
2956 5501 3046 5575 19.
3095 5501 3142 5536 ’³
3169 5502 3328 5556 Joan.
3363 5513 3440 5568 ιιι,
3474 5498 3561 5575 38.

267 5574 322 5647 ’ἢ
361 5576 439 5630 lll
460 5576 600 5647 Reg.
632 5591 744 5642 xxx,
785 5575 861 5632 l9.
909 5574 954 5647 ξεν
982 5577 1182 5632 Matth.
1232 5577 1494 5647 xx1,__l3;
1530 5577 1698 5647 Marc.
1732 5591 1808 5647 x1,
1839 5571 1938 5643 17';
1974 5578 2105 5630 Luc.
2154 5591 2264 5643 xix,
2309 5571 2494 5632 46.~20
2537 5576 2705 5631 Exod.
2755 5590 2882 5640 xxv,
2912 5574 3000 5632 31.
3048 5575 3094 5610 ’⁷
3143 5577 3167 5631 l
3199 5575 3326 5628 Cor.
3355 5585 3476 5639 xm,
3513 5571 3561 5630 l.

265 5641 324 5682 ⁸⁸
362 5641 796 5716 Ειοάρὶιιιινιιι,
827 5647 880 5703 2.
909 5645 958 5685 ³ο
986 5649 1092 5706 Isa.
1127 5661 1212 5714 ιιι,
1245 5641 1337 5703 23.
1365 5645 1414 5682 ³ο
1444 5641 1638 5704 Ezech.
1673 5660 1757 5715 ιιι,
1793 5641 1872 5704 l7.
