3942 6158
394 322 528 383 1051

977 325 1042 380 Β.
1082 322 1354 378 mm
1391 302 1624 381 ιιλυιιι
1660 318 1980 378 meumr

2062 320 2364 378 [OGUNT.
2406 320 2703 379 OPERUM
2742 320 2928 377 PARS
2964 319 3079 377 ΙΠ.⁴

3486 318 3603 382 1052

379 453 563 506 torem
602 449 869 505 constitui
909 455 962 503 te
1010 447 1236 520 populo,
1268 452 1334 502 ut
1362 452 1422 502 et
1447 448 1539 503 te‘
1569 445 1829 502 sublimis
1859 445 1980 501 sine
2000 448 2040 507 Α
2062 447 2243 518 eriget
2269 445 2524 505 diabolus
2552 452 2749 503 contra
2778 445 3086 540 Christum,
3126 460 3232 517 per
3254 460 3406 518 quem
3440 445 3601 503 decor-

380 538 634 607 vivendo,
666 543 724 594 et
750 537 875 593 aliis
899 543 1055 592 recta
1082 536 1308 593 nunties
1334 536 1704 609 praedicando.

449 625 647 698 Specus
683 632 819 682 sunt
844 625 1070 682 interna
1091 625 1292 691 cordis,
1338 631 1403 681 ut
1443 625 1501 680 in
1545 623 1693 680 Job:
1747 642 1775 678 α
1825 624 1895 679 Et
1920 624 1979 679 in

379 713 656 788 specubus
682 713 1079 781 insidiantur‘,
1116 733 1138 766 ι
1185 714 1334 786 quod
1383 712 1597 786 praelati
1637 711 1975 784 spirituales,

379 803 623 876 qualiter
647 803 867 860 animas
893 803 1098 859 lucrari
1125 803 1360 874 possint,
1383 803 1443 858 in
1470 801 1708 858 internis
1725 800 1979 857 sordium

379 908 611 950 suorum
632 893 958 966 praevident.

447 982 656 1053 Species
684 988 772 1038 est
797 981 1060 1037 divinitas
1087 978 1316 1045 Christi,
1351 984 1417 1034 ut
1461 978 1521 1033 in
1564 977 1711 1034 Isaia
1744 996 1756 1032 :
1793 977 1979 1053 (Non

376 1052 576 1129 habuit
610 1070 873 1144 speciem,
906 1086 1088 1142 neque
1116 1069 1372 1124 decorem
1400 1066 1444 1123 ’.
1480 1087 1506 1121 ››
1539 1067 1688 1139 quod
1721 1052 1981 1122 Christus

377 1160 438 1218 in
461 1161 721 1234 passione
739 1176 855 1216 non
883 1158 1130 1216 ostendit
1153 1158 1412 1213 decorem
1440 1156 1668 1212 deitatis
1693 1172 1829 1212 sum.
1854 1156 1982 1226 Spe-

377 1253 502 1318 cies,
534 1249 803 1306 sanctitas
828 1249 889 1306 in
917 1248 1162 1315 Christo,
1194 1252 1261 1303 ut
1292 1246 1351 1301 in
1380 1245 1612 1302 Cantico
1644 1264 1656 1301 :
1694 1265 1719 1298 ι
1754 1244 1980 1317 Species

377 1339 502 1412 ejus
520 1343 589 1396 ut
615 1338 815 1396 Libani
826 1339 870 1408 ³,
894 1356 923 1393 s
937 1337 1087 1411 quod
1118 1335 1329 1392 candor
1346 1333 1662 1398 sanctitatis
1684 1333 1982 1390 inetlabilis

375 1427 439 1486 in
466 1427 712 1484 Christo.
743 1427 972 1498 Species,
1027 1424 1316 1498 proximus
1355 1428 1565 1492 noster,
1609 1429 1676 1480 ut
1721 1423 1780 1478 in
1825 1422 1930 1480 Job
1963 1439 1976 1474 :

381 1534 412 1572 ι
442 1516 514 1574 Et
540 1516 773 1573 visitans
801 1514 1044 1588 speciem
1072 1519 1229 1570 tuam
1257 1528 1371 1569 non
1398 1511 1708 1586 peccabis‘,
1731 1537 1755 1562 υ
1780 1511 1838 1568 id
1866 1517 1971 1578 est,

380 1606 405 1631 ⁶
433 1621 547 1662 non
586 1605 930 1679 compatiens
959 1608 1018 1659 et
1059 1618 1390 1659 succurrens
1427 1601 1683 1676 proximo
1723 1606 1823 1658 tuo
1862 1617 1976 1658 non

380 1692 656 1768 peccabis.

451 1782 655 1842 Servus
683 1786 770 1838 est
805 1781 1082 1849 Christus,
1113 1787 1180 1838 ut
1218 1781 1275 1836 in
1314 1781 1461 1836 Isaia
1503 1797 1515 1834 ε
1561 1800 1584 1831 (ς
1620 1780 1758 1836 Ecce
1786 1796 1980 1835 servus

380 1887 565 1939 meus,
585 1869 887 1944 suscipiam
915 1887 1044 1927 eum
1071 1871 1112 1939 ⁵,
1152 1888 1178 1923 ι
1212 1870 1270 1926 id
1299 1876 1403 1937 est,
1433 1869 1576 1926 bene
1611 1869 1794 1942 placet
1841 1868 1980 1925 mihi

380 1958 443 2018 in
479 1960 721 2025 Christo,
755 1960 903 2033 quod
933 1976 1125 2016 amore
1153 1958 1312 2016 ﬁliali
1352 1958 1525 2015 servit
1548 1957 1708 2014 mihi.
1754 1957 1975 2028 Servus,

380 2049 634 2123 angelus,
657 2053 723 2106 ut
739 2048 797 2105 in
825 2048 1192 2122 Apocalypsi:
1228 2067 1255 2101 ((
1279 2049 1594 2104 Conservus
1620 2053 1754 2104 tuus
1774 2063 1901 2102 sum
1922 2053 1979 2103 et

379 2136 621 2194 fratrum
638 2141 871 2194 tuorum
885 2137 930 2205 °,
949 2154 977 2192 ι
1003 2137 1061 2193 id
1082 2142 1187 2205 est,
1213 2136 1396 2192 eidem
1418 2135 1658 2194 Domino
1674 2136 1855 2192 servio
1875 2153 1980 2208 ego

381 2225 474 2283 cui
500 2230 564 2282 tu
585 2241 716 2282 cum
738 2225 1075 2283 Christianis
1101 2225 1318 2282 ueteris
1346 2223 1541 2282 servis.
1563 2223 1782 2291 Servus,
1805 2241 1982 2297 popu-

380 2314 470 2372 lus
487 2315 775 2385 Judaicus,
803 2321 870 2372 ut
895 2316 955 2372 in
977 2315 1119 2372 Job:
1153 2336 1177 2368 ι
1206 2317 1440 2372 Servum
1470 2322 1661 2370 meum
1689 2314 1899 2382 vocavi,
1928 2321 1985 2370 et

381 2420 497 2462 non
538 2405 831 2478 respondit
865 2405 1064 2473 mihi",
1100 2424 1123 2457 ι
1159 2405 1216 2460 id
1252 2410 1358 2473 est,
1390 2404 1658 2477 populum
1689 2403 1983 2460 Iudaicum

383 2493 455 2550 ad
487 2494 656 2550 fidem
686 2494 1042 2568 praedicando
1068 2493 1315 2560 invitavi,
1347 2494 1442 2549 sed
1474 2509 1565 2548 me
1585 2494 1981 2566 praedicantem

381 2599 497 2640 non
524 2584 790 2657 suscepit.
823 2585 1024 2641 Servus
1052 2582 1287 2656 quilibet
1322 2583 1381 2638 in
1404 2583 1717 2638 tentatione
1744 2583 1979 2656 positus,

383 2677 453 2730 ut
477 2673 538 2728 in
565 2673 670 2730 Job
702 2691 716 2727 ε
744 2691 770 2726 α
804 2674 961 2730 Sicut
981 2676 1001 2697 θ
1040 2688 1236 2728 cervus
1276 2671 1562 2728 desiderat
1587 2671 1846 2727 umbram
1874 2674 1916 2733 ⁸,
1952 2689 1979 2725 ι

382 2761 442 2819 id
466 2767 571 2827 est,
603 2761 750 2818 sicut
775 2761 871 2817 ille
898 2762 997 2834 qui
1023 2766 1276 2816 tentatur
1297 2765 1581 2832 exspectat
1624 2761 1981 2832 refrigerium

382 2850 796 2907 consolationis.
829 2852 1048 2917 Servus,
1074 2866 1276 2923 corpus
1307 2855 1582 2916 nostrum,
1615 2855 1683 2905 ut
1710 2851 1772 2905 in
1800 2850 1981 2905 Evan-

382 2939 567 3012 gelia:
602 2958 627 2992 ι
660 2939 731 2995 Et
757 2954 916 2994 servo
959 2955 1103 2999 meo.
1150 2939 1237 2993 fac
1284 2939 1389 2994 hoc
1406 2939 1449 3006 9,
1484 2958 1511 2991 ιο
1543 2938 1597 2993 id
1626 2944 1730 3006 est,
1782 2954 1984 3010 corpus

385 3044 577 3086 meum
612 3045 726 3085 non
756 3028 882 3084 sine
909 3027 1172 3084 resistere
1201 3027 1360 3083 mihi.
1382 3027 1582 3082 Servus
1615 3027 1888 3093 diabolus,
1919 3034 1986 3084 ut

384 3116 445 3173 in
463 3116 599 3174 Job:
624 3139 647 3167 ι
677 3117 747 3174 Et
771 3117 1010 3189 accipies
1027 3133 1157 3173 eum
1189 3132 1412 3173 servum
1440 3110 1846 3188 sempiteinum
1863 3115 1928 3183 ¹⁰,
1950 3135 1979 3170 υ

386 3205 536 3279 quod
557 3209 579 3230 ⁶
608 3206 741 3263 licet
763 3206 954 3262 omnia
982 3205 1330 3278 disponentis
1357 3205 1459 3261 Dei
1504 3204 1733 3276 judiciis
1761 3221 1984 3277 semper

384 3293 641 3351 diabolus
676 3293 867 3351 servit.

456 3383 689 3454 Serpens
714 3390 803 3440 est
833 3383 1110 3451 Christus,
1140 3389 1207 3438 ut
1231 3383 1291 3438 in
1330 3381 1472 3438 libro
1500 3382 1734 3438 Numeri
1762 3401 1774 3437 :
1807 3400 1835 3436 ι
1876 3383 1985 3438 Fac

384 3471 490 3528 tibi
526 3477 845 3546 serpentem
878 3488 1096 3529 aeneum
1127 3472 1190 3539 ¹¹,
1228 3490 1255 3525 ι
1288 3473 1437 3544 quod
1464 3472 1523 3527 in
1556 3470 1981 3527 similitudinem

385 3560 574 3618 carnis
600 3562 813 3636 peccati
846 3563 1105 3619 Christus
1134 3561 1304 3630 venit,
1337 3561 1435 3616 sed
1465 3561 1675 3634 peccati
1705 3578 1983 3616 venenum

384 3666 499 3706 non
519 3648 735 3707 habuit.
755 3649 1007 3721 Serpens,
1040 3650 1425 3717 incredulitas,
1459 3654 1526 3706 ut
1553 3649 1613 3706 in
1638 3649 1938 3722 Evangelio
1967 3667 1979 3704 :

388 3758 416 3790 α
440 3739 706 3812 Nunquid
737 3756 839 3814 pro
863 3739 1014 3813 pisce
1042 3745 1362 3812 serpentem
1383 3739 1543 3794 dabit
1570 3737 1633 3806 ¹²,
1667 3758 1693 3792 ››
1720 3739 1776 3794 id
1804 3745 1908 3806 est,
1934 3739 1985 3794 si

2060 535 2226 592 dibus
2253 536 2546 595 hominum
2585 535 2827 608 ejicitur.

2130 624 2320 682 Stellio
2347 630 2434 680 est
2459 642 2665 698 pravus
2680 625 2932 697 quilibet,
2955 629 3021 681 ut
3048 623 3106 679 in
3133 623 3363 680 Levitico
3379 623 3607 698 prohibe-

2059 721 2156 770 tur
2186 733 2199 770 :
2229 716 2314 770 Ne
2341 713 2525 770 stellio
2553 715 2884 770 comedatur
2912 713 2977 779 ⁸⁸,
3017 730 3092 769 ne
3133 711 3378 768 videlicet
3403 729 3603 786 pravum

2059 804 2348 860 hominem
2366 805 2388 828 ⁶
2418 804 2690 860 imitetur.

2129 891 2301 948 Stella
2326 897 2415 948 est
2455 891 2731 959 Christus,
2765 895 2830 946 ut
2855 891 2912 947 in
2941 890 3273 964 Apocalypsi
3301 906 3314 943 :
3352 906 3379 944 ι
3405 889 3471 945 Et
3491 887 3612 946 dabo

2061 980 2142 1036 illi
2191 980 2413 1036 stellam
2466 980 2803 1036 matutinam
2822 980 2887 1045 ιθ,
2939 1001 2967 1030 ι
3017 978 3167 1052 quod
3221 978 3315 1051 qui
3366 976 3613 1033 diabolum

2061 1075 2308 1142 superat,
2328 1069 2619 1126 Christum
2639 1069 2735 1141 qui
2764 1067 2836 1124 ab
2859 1073 3069 1124 aeterno
3096 1084 3227 1124 cum
3252 1068 3410 1123 Patre
3435 1070 3491 1122 et
3506 1066 3615 1140 Spi-

2060 1159 2175 1215 ritu
2221 1164 2416 1216 sancto
2447 1165 2553 1227 est,
2585 1158 2644 1214 in
2676 1161 2697 1183 ‘
2738 1163 2950 1230 puncto
2988 1155 3236 1213 habebit.
3257 1154 3439 1223 Stella,
3484 1154 3616 1227 virgo

2060 1248 2258 1316 Maria,
2289 1253 2357 1304 ut
2400 1248 2460 1303 in
2485 1252 2524 1314 f
2565 1247 2810 1304 Levitico
2841 1266 2855 1301 :
2896 1267 2922 1298 s
2964 1246 3192 1303 Orietur
3236 1245 3395 1301 stella
3440 1260 3501 1299 ex
3536 1244 3617 1300 Ja-

2061 1336 2164 1393 cob
2189 1336 2255 1404 '9,
2288 1354 2317 1391 κ
2338 1336 2488 1410 quod
2507 1353 2574 1392 ex
2595 1335 2769 1409 stirpe
2795 1334 2966 1392 Jacob
2992 1335 3153 1407 virgo
3174 1333 3352 1390 Maria
3380 1336 3504 1389 nata
3526 1338 3615 1388 est.

2059 1426 2250 1494 Stella,
2286 1425 2445 1493 ﬁdes,
2479 1430 2544 1481 ut
2568 1441 2631 1481 ιιι
2658 1424 2958 1497 Evangelio
2984 1422 3031 1460 ’ί
3065 1423 3230 1480 stella
3260 1438 3447 1495 magos
3485 1421 3619 1478 duxit

2060 1515 2131 1570 ad
2157 1515 2464 1583 Christum,
2486 1513 2635 1588 quod
2659 1530 2764 1588 per
2788 1513 2956 1570 ﬁdem
2983 1513 3357 1587 pertingimus
3377 1511 3446 1566 ad
3464 1526 3618 1584 spem.

2059 1605 2168 1660 Per
2194 1608 2409 1662 stellam
2437 1605 2586 1660 dona
2614 1603 2856 1677 Spiritus
2882 1601 3080 1671 sancti,
3098 1607 3161 1659 ut
3178 1601 3243 1658 in
3268 1600 3404 1659 Job:
3430 1621 3455 1650 ι
3482 1600 3620 1656 Nun-

2059 1693 2193 1767 quid
2207 1694 2552 1769 eonjungere
2560 1691 2768 1749 valebis
2780 1692 3057 1748 micantes
3064 1690 3262 1748 stellas
3272 1689 3514 1747 Pleiades
3523 1687 3566 1725 ²¹
3574 1689 3619 1743 ἲ)

1992 1769 2041 1831 Β
2062 1783 2212 1856 quod
2258 1783 2319 1840 in
2362 1783 2482 1839 solo
2527 1782 2750 1838 Christo
2792 1781 3084 1855 plenitudo
3120 1785 3339 1854 septem
3384 1778 3623 1853 spiritus-

2061 1872 2198 1929 lium
2222 1872 2500 1930 donorum
2527 1871 2804 1929 convenit.
2836 1872 2946 1928 Per
2971 1874 3158 1928 stellas
3201 1867 3458 1942 apostoli,
3488 1873 3548 1925 ut
3576 1867 3626 1924 in

2060 1961 2395 2035 Apocalypsi
2413 1980 2425 2016 :
2445 1982 2464 2012 ι
2487 1959 2626 2017 Etin
2644 1960 2828 2034 capite
2847 1961 2969 2033 ejus
2982 1975 3190 2016 corona
3206 1958 3496 2015 stellarum
3512 1955 3627 2011 duo-

2060 2051 2240 2106 decim
2253 2049 2320 2115 ”,
2345 2069 2374 2104 ι
2398 2051 2548 2123 quod
2562 2050 2752 2106 inﬁde
2780 2049 3039 2105 Ecclesia:
3063 2049 3215 2104 lueet
3241 2046 3493 2104 doctrina
3506 2044 3629 2101 duo-

2061 2139 2242 2197 decim
2269 2140 2672 2213 apostolorum.
2700 2139 2810 2194 Per
2836 2141 3023 2194 stellas
3048 2136 3293 2211 praelati,
3323 2135 3470 2193 utin
3503 2135 3633 2208 Apo-

2062 2230 2276 2302 calypsi
2308 2248 2320 2284 :
2358 2249 2382 2282 ι
2425 2231 2652 2302 Septem
2680 2228 2872 2295 stella,
2920 2226 3107 2300 angeli
3142 2246 3167 2280 ι
3198 2227 3265 2282 id
3292 2231 3395 2294 est,
3424 2221 3634 2298 palati,

2069 2339 2096 2371 α
2124 2325 2259 2374 sunt
2280 2318 2542 2391 [septem]
2565 2317 2935 2373 Ecclesiarum
2955 2315 3022 2371 ν.
3053 2340 3077 2366 ιι
3099 2317 3209 2372 Per
3224 2319 3416 2373 stellas
3428 2314 3638 2384 virtutes

2065 2413 2408 2475 sanctorum,
2430 2412 2496 2462 ut
2521 2406 2581 2462 in
2609 2406 2746 2462 Job:
2784 2428 2807 2458 ι
2827 2407 2894 2462 Et
2923 2406 3116 2462 stellas
3142 2404 3365 2461 claudit
3386 2399 3640 2477 quasisub

2065 2495 2428 2568 signaculo”,
2480 2495 2625 2568 quod
2679 2495 2954 2553 Dominus
2992 2495 3147 2567 prius
3190 2494 3260 2550 in
3302 2492 3491 2550 electis
3541 2489 3642 2546 sub

2065 2586 2298 2641 virtutes
2329 2584 2560 2642 roborat
2577 2585 2635 2640 in
2665 2585 2902 2653 occulto,
2923 2590 2988 2641 ut
3006 2584 3372 2658 postmodum
3390 2581 3461 2637 ad
3477 2593 3644 2637 exem-

2066 2676 2220 2750 plum
2244 2676 2559 2748 prodantur
2579 2676 2638 2731 in
2658 2674 2900 2748 publico.
2919 2676 3029 2730 Per
3043 2677 3229 2729 stellas
3262 2671 3368 2728 viri
3387 2669 3572 2730 sancti,
3592 2671 3649 2723 ut

2064 2767 2123 2822 in
2155 2765 2365 2823 Genesi
2390 2784 2403 2820 :
2440 2784 2466 2818 (ί
2488 2763 2870 2837 Multiplicabo
2894 2779 3090 2818 semen
3112 2767 3281 2818 tuum
3310 2759 3455 2816 sicut
3477 2756 3648 2815 stellas

2063 2857 2189 2911 coeli
2216 2854 2282 2921 ’³,
2329 2875 2356 2907 ιο
2397 2855 2547 2926 quod
2601 2854 2812 2919 ﬁdeles,
2859 2852 2957 2924 qui
3010 2856 3146 2908 sunt
3196 2849 3522 2923 spirituales
3562 2844 3649 2903 ﬁlii

2065 2945 2324 3012 Abrahae,
2359 2961 2460 3017 per
2487 2944 2657 3000 ﬁdem
2687 2948 2746 2999 et
2780 2941 3136 2998 dilectionem
3167 2940 3391 2996 celesti
3416 2936 3649 2994 claritate

2065 3033 2402 3106 fulgescunt.
2435 3034 2545 3089 Per
2572 3036 2757 3088 stellas
2787 3031 3112 3106 hypocritae,
3143 3034 3210 3086 ut
3234 3028 3306 3086 in
3335 3025 3648 3102 Apocalysi:

1999 3087 2045 3151 C
2067 3087 2466 3194 ejus
2479 3087 2742 3178 trahebat
3010 3087 3229 3192 partem
3256 3087 3612 3179 stellarum”.
3628 3134 3651 3166 »

2065 3213 2212 3284 quod
2236 3212 2464 3280 multos,
2497 3210 2593 3283 qui
2624 3212 2683 3266 in
2712 3216 3014 3283 conspectu
3039 3207 3345 3265 hominum
3362 3207 3569 3278 fulgere
3591 3202 3658 3258 vi-

2065 3301 2289 3368 dentur,
2317 3299 2696 3356 Antichristus
2736 3298 2843 3355 sibi
2868 3298 3065 3355 sociat.
3114 3298 3227 3354 Per
3257 3301 3445 3354 stellas
3493 3287 3653 3350 sancti

2067 3389 2270 3461 angeli,
2304 3394 2370 3445 ut
2404 3390 2463 3445 in
2503 3389 2734 3445 Daniele
2764 3407 2776 3441 :
2808 3407 2834 3442 ι
2867 3389 2936 3444 Et
2974 3386 3073 3460 qui
3100 3386 3173 3442 ad
3212 3385 3510 3442 scientiam
3533 3398 3653 3438 eru-

2066 3478 2230 3534 diunt
2271 3479 2495 3545 multos,
2528 3479 2687 3550 quasi
2725 3477 2899 3533 stella:
2944 3477 3003 3532 in
3043 3480 3352 3548 perpetuas
3386 3471 3652 3530 aeternita-

2063 3571 2150 3622 tes
2171 3565 2236 3636 ³⁸,
2264 3587 2290 3621 »
2314 3566 2461 3640 quod
2492 3566 2629 3639 quid
2658 3565 2750 3622 hic
2779 3571 3014 3622 sumunt
3033 3563 3285 3621 officium
3317 3562 3652 3636 angelorum,

2065 3661 2131 3712 ut
2150 3655 2228 3729 pii
2249 3656 2375 3711 aliis
2393 3672 2584 3712 veram
2612 3655 2905 3710 scientiam
2936 3654 3219 3721 nuntient,
3246 3654 3309 3710 in
3342 3653 3531 3711 futuro
3557 3664 3659 3706 una

2065 3763 2194 3803 cum
2221 3745 2301 3801 eis
2332 3745 2391 3800 in
2431 3745 2631 3801 decore
2658 3744 2891 3817 perenni
2919 3743 3236 3816 fulgebunt.

3870 2207 3874 2439 ι

330 3820 339 3829 ’
383 3845 420 3885 a
446 3828 687 3885 Domino
716 3829 976 3902 petimus,
1006 3845 1121 3885 non
1158 3828 1321 3885 nobis
1347 3828 1504 3884 dabit
1532 3828 1983 3884 incredulitatem
2136 3834 2358 3890 Stcrizis
2393 3839 2481 3890 est
2502 3850 2633 3889 caro
2669 3840 2882 3900 nostra,
2915 3832 3062 3889 utin
3089 3831 3194 3888 Job
3231 3850 3242 3886 :
3280 3851 3307 3885 α
3341 3830 3504 3888 Pavit
3523 3829 3658 3885 enim

383 3932 487 3992 pro
508 3917 638 3974 ﬁde.
669 3917 918 3988 Serpens,
953 3917 1229 3982 diabolus,
1259 3924 1323 3974 ut
1351 3918 1410 3972 in
1439 3917 1585 3974 Isaia
1616 3936 1627 3971 :
1665 3935 1691 3969 «
1721 3918 1979 3990 Serpenti
2066 3924 2332 3992 sterilem,
2377 3928 2436 3979 et
2482 3940 2605 3996 qua;
2660 3939 2773 3978 non
2830 3922 2981 3995 parit
3006 3921 3072 3990 *9,
3113 3941 3136 3973 ι
3182 3921 3250 3978 id
3300 3926 3409 3989 est,
3448 3933 3660 3976 carnem

382 4005 546 4079 panis
564 4006 745 4079 pluvis
773 4013 862 4062 est
886 4005 952 4075 ¹³,
979 4025 1002 4057 ο
1035 4007 1184 4079 quod
1205 4006 1303 4079 qui
1323 4012 1551 4062 terrena
1574 4010 1770 4062 contra
1794 4007 1981 4062 Domi-
2061 4030 2222 4070 suam
2264 4011 2504 4078 fovebat,
2545 4029 2670 4084 quae
2698 4011 2831 4067 boni
2869 4010 3055 4084 operis
3082 4012 3335 4067 fructum
3369 4008 3661 4082 producam

382 4109 521 4150 num
543 4093 800 4165 diligunt,
826 4094 932 4168 ipsi
956 4094 1240 4150 diabolum
1273 4100 1530 4166 pascunt.
1552 4095 1660 4150 Per
1677 4099 1975 4164 serpentem
2062 4110 2174 4150 non
2204 4095 2379 4167 cupit.

380 4181 773 4250 detractiones,
793 4182 934 4238 utin
947 4182 1213 4240 Psalmis:
1246 4201 1266 4232 ι
1292 4183 1822 4255 Acueruntlinguas
1840 4199 2041 4268 suasD
2131 4184 2349 4240 Stercus
2387 4187 2473 4268 est
2517 4180 2862 4249 humanitas,
2896 4186 2962 4268 ut
3005 4179 3064 4234 in
3102 4178 3400 4268 Psalmis:
3440 4198 3463 4230 ι
3598 4174 3661 4268 de

381 4271 532 4328 sicut
555 4276 844 4345 serpentes
864 4268 929 4339 ¹⁴,
963 4290 990 4325 ι
1014 4271 1163 4344 quod
1186 4277 1465 4327 venenata
1490 4277 1625 4327 sunt
1657 4271 1828 4326 verba
1852 4289 1978 4343 quae
1997 4257 2037 4268 ”
2061 4273 2306 4322 stercore
2333 4266 2555 4337 erigens
2591 4280 2897 4337 pauperem
2916 4262 2984 4331 ³ο,
3020 4282 3048 4316 ι
3086 4263 3238 4335 quod
3273 4262 3375 4336 qui
3400 4279 3464 4317 se
3492 4257 3660 4316 humi-
3692 4304 3707 4315 .

380 4360 674 4434 proferunt
705 4361 1067 4418 detractores.
1101 4362 1210 4417 Per
1246 4366 1518 4431 serpentes
1550 4366 1795 4433 peccata,
1828 4367 1894 4416 ut
1922 4361 1981 4416 in
2063 4356 2182 4413 liat.
2223 4354 2579 4411 cxaltabitur.
2615 4354 2853 4419 Stercus,
2886 4369 2977 4408 res
3006 4351 3318 4407 mundialis
3350 4350 3661 4407 inordinate

379 4449 523 4506 libro
548 4451 782 4508 Numeri
806 4468 819 4504 :
842 4450 1133 4508 «Immisit
1150 4449 1421 4506 Dominus
1437 4451 1497 4506 in
1516 4466 1612 4506 eos
1631 4450 1839 4522 ignitos
1859 4466 1980 4506 ser-
2063 4449 2256 4500 contra
2284 4445 2465 4500 Deum
2492 4442 2714 4510 dilecta,
2738 4442 2877 4497 utin
2896 4441 3040 4497 libro
3069 4441 3504 4498 Ecclesiastico:
3532 4456 3558 4492 ι
3586 4438 3660 4493 De

381 4539 657 4613 pontes",
672 4557 700 4594 ι
720 4540 868 4613 quod
892 4539 1150 4612 superbis
1166 4546 1222 4595 et
1244 4538 1728 4595 murmurantibus
1748 4545 1978 4612 peccata
2059 4539 2310 4590 stercore
2334 4531 2503 4588 boum
2534 4531 2879 4604 lapidabitur
2904 4530 3066 4604 piger
3088 4529 3156 4595 ³¹,
3204 4550 3229 4582 ι
3279 4531 3433 4602 quod
3475 4524 3661 4584 mundi

379 4627 655 4684 Dominus
670 4628 950 4684 dominari
960 4629 1255 4703 permittit.
1270 4630 1378 4684 Per
1390 4635 1660 4699 serpentes
1673 4628 1975 4697 daemones,
2062 4626 2231 4697 hujus
2249 4627 2530 4678 amatores
2550 4621 2609 4676 in
2630 4620 2778 4677 bono
2808 4637 2976 4694 opere
3003 4620 3150 4693 pigri
3168 4636 3234 4675 ex
3264 4635 3465 4675 amore
3483 4631 3658 4673 rerum

379 4721 444 4773 ut
468 4715 529 4772 in
556 4716 772 4772 cantico
799 4716 1219 4774 Deuteronomii
1251 4736 1263 4771 :
1304 4739 1327 4767 ι
1362 4720 1502 4774 Cum
1529 4717 1720 4774 furore
1748 4718 1980 4773 trahen-
2062 4712 2432 4770 mundialium
2454 4708 3124 4782 flagellantur,quasivin
3143 4708 3330 4764 sancti
3351 4707 3517 4764 bonis
3533 4710 3660 4761 stre-

252 4801 259 4811 ’
376 4805 521 4862 tium
565 4820 738 4879 super
778 4812 989 4862 terram
1025 4813 1194 4880 atque
1245 4808 1599 4880 serpentium
1624 4807 1690 4875 ¹⁶,
1726 4823 1754 4861 ι
1786 4807 1843 4862 id
1871 4814 1975 4873 est,
2062 4820 2173 4859 nuc
2200 4800 2361 4874 quasi
2387 4799 2556 4855 boves
2573 4798 2802 4855 Domini
2823 4797 3086 4872 operibus
3112 4797 3477 4865 insudantes,
3500 4809 3658 4868 repu-

2059 4896 2188 4949 tant
2207 4896 2274 4947 ut
2298 4896 2568 4963 stercora,
2604 4892 2669 4943 ut
2691 4887 2977 4944 Christum
3014 4886 3396 4944 lucrifaciant.
3426 4888 3656 4949 Stercus,

2057 4981 2202 5038 fetor
2242 4979 2492 5046 luxuriae,
2526 4982 2593 5033 ut
2630 4976 2691 5032 in
2737 4977 2892 5033 Joele
2926 4995 2937 5031 :
2992 4996 3017 5030 ι
3049 4978 3542 5050 Computruerunt
3569 4975 3658 5047 ju-

2058 5076 2252 5127 menta
2278 5069 2339 5126 in
2363 5073 2607 5125 stercore
2639 5081 2742 5122 suo
2766 5064 2833 5134 3’,
2869 5084 2896 5120 ι
2928 5066 3080 5139 quod
3108 5066 3373 5122 carnales
3396 5066 3455 5120 in
3494 5064 3659 5120 fetore

2057 5159 2291 5216 luxuria:
2319 5157 2768 5214 terminaverunt
2789 5159 3023 5214 terram.
3056 5155 3167 5211 Per
3188 5160 3410 5212 stercus
3437 5153 3659 5212 occulta

378 4893 636 4952 homines
663 4911 863 4969 pravos
894 4901 952 4952 et
978 4896 1130 4970 ipsos
1170 4896 1457 4952 daemones
1487 4895 1811 4969 permittam
1839 4895 1982 4952 ιιΜί-

377 5001 734 5132 Begoes?
760 5074 1033 5141 diabolus,
1065 5081 1132 5131 ut
1155 5075 1216 5131 in
1244 5073 1392 5132 Isaia
1422 5093 1433 5128 :
1461 5093 1486 5127 ς(
1509 5077 1624 5132 Aut
1641 5073 1979 5131 exaltabitur

378 5180 536 5222 serra
561 5169 759 5222 contra
783 5180 913 5220 eum
941 5179 979 5218 a
1004 5176 1116 5236 quo
1141 5161 1392 5218 trahitur
1410 5161 1491 5218 1"?
1516 5181 1539 5215 ι
1568 5163 1626 5219 id
1650 5168 1756 5232 est,
1791 5167 1891 5218 aut
1916 5179 1978 5218 se

447 5324 468 5361 ¹
501 5324 605 5379 Job
634 5338 818 5387 χχχιχ,
849 5323 902 5382 f2.
937 5324 962 5358 ²
990 5326 1096 5379 lsa.
1134 5337 1253 5389 LIII,
1283 5322 1338 5377 2.
1387 5322 1412 5355 ³
1440 5324 1603 5377 Cant.
1638 5336 1688 5388 v,
1724 5322 1811 5375 13.
1856 5321 1878 5355 ⁴
1905 5321 1980 5376 Jol

2062 5336 2091 5383 ε,
2123 5317 2214 5390 2i.
2259 5319 2282 5353 ⁵
2308 5319 2418 5375 Isa.
2454 5317 2676 5390 x1.n,ijl.
2706 5318 2930 5390 βᾲΑιιοθ.
2961 5315 3181 5390 “me.
3231 5314 3395 5390 1pr
3424 5328 3538 5381 xxx,
3566 5310 3651 5368 16.

377 5396 400 5431 ⁸
424 5393 530 5452 Job
558 5409 654 5461 vn,
688 5396 741 5449 2.
768 5384 1020 5450 9Matth.
1056 5409 1174 5458 ιἰιι,
1205 5384 1256 5449 9⁷.
1286 5394 1332 5428 ¹⁰
1358 5393 1464 5449 Job
1484 5409 1574 5459 XL,
1610 5384 1696 5450 '23.
1734 5394 1773 5428 “
1806 5393 1974 5448 Num.

2062 5406 2119 5452 (ι,
2143 5389 2197 5447 8.
2231 5389 2277 5425 ¹²
2305 5391 2438 5445 Luc.
2472 5403 2548 5456 x1,
2578 5384 2670 5444 ll.
2716 5388 2761 5424 ¹³
2787 5384 2896 5444 fsa.
2930 5385 3203 5461 va,‘25_._
3228 5384 3274 5420 ¹⁴
3306 5385 3402 5441 Ps.
3435 5395 3649 5461 οιιιιιιξ,

373 5450 442 5525 4.
476 5464 522 5502 ⁸⁸
568 5450 739 5520 Num.
774 5480 882 5531 XXI,
911 5466 966 5520 6.
1016 5465 1062 5500 ⁵⁸
1091 5450 1256 5520 Deut.
1290 5480 1447 5531 xxlu,
1494 5450 1582 5522 ‘2’1'.
1621 5466 1665 5501 ¹⁷
1695 5465 1803 5520 Isa.
1849 5479 1902 5529 x,
1934 5463 1980 5518 1!

2065 5450 2117 5498 υτ
2141 5464 2269 5518 Lev.
2302 5476 2378 5525 ιιι,
2413 5462 2499 5516 30.
2538 5450 2593 5496 ’¹⁰
2622 5462 2791 5532 Apoc.
2831 5474 2891 5532 ιι,
2925 5457 3016 5514 28.
3046 5450 3119 5532 '_’°
3143 5458 3347 5532 Alflu‘ma
3372 5470 3525 5521 xxn’,

373 5522 416 5608 ἦ
449 5536 648 5594 Matth.
681 5549 743 5603 ιι,
775 5534 832 5608 2,
942 5538 1028 5608 ιο.
1078 5535 1127 5572 ’³
1166 5522 1540 5608 Job_xxxvm,
1577 5537 1662 5592 3t.
1707 5536 1767 5608 ’3‘
1794 5522 1973 5608 Apoc:

2062 5580 2065 5608 .
2115 5534 2170 5590 1.
2202 5533 2251 5569 ²⁴
2280 5522 2482 5608 ᾼΡριιζ
2489 5547 2526 5599 ι,
2548 5522 2755 5608 βυδπη
2787 5522 3008 5608 pruix,
3044 5530 3096 5608 7_.
3140 5527 3190 5564 ’⁸
3215 5527 3365 5608 ραι.
3397 5540 3535 5594 nn,
3572 5522 3646 5583 l7.

374 5606 424 5646 ”
451 5609 624 5683 Apoc.
655 5596 756 5675 χιι,
788 5596 842 5662 ι’.
863 5596 910 5645 ⁸
938 5607 1080 5662 Dan.
1113 5620 1248 5675 χχιι,
1283 5604 1335 5660 3.
1365 5605 1414 5642 ³ο
1438 5596 1543 5662 Job
1567 5622 1715 5676 xxiv,
1744 5596 1916 5663 21..“
1943 5605 1980 5662 P

2062 5606 2090 5661 ι.
2122 5619 2262 5665 exn:
2289 5596 2410 5660 7f“
2442 5596 2607 5660 Eceli.
2640 5616 2775 5672 χχιι,
2806 5601 2861 5658 2.
2889 5601 2938 5639 δ’
2963 5596 3104 5657 ιοθι.
3135 5614 3178 5669 ι,
3208 5596 3298 5656 l7.
