3942 6158
244 366 382 424 1053

1187 369 1619 426 ALLEGORLE
1657 372 1735 427 IN
1774 372 2064 428 SACRAM
2106 372 2585 429 SCRIPTURAM.

3391 380 3535 437 1054

243 492 471 549 malitiae
518 493 720 561 cordis,
776 500 838 547 ut
880 494 933 548 in
965 494 1105 549 libro
1137 496 1431 550 Judicum:
1477 515 1502 547 «
1537 488 1849 569 Statimque
1867 498 2136 559 Aclausit
2161 499 2350 553 stellas
2380 500 2539 570 quasi
2569 500 2672 556 sub
2702 501 2988 571 signaculo
3026 503 3084 567 ‘7,
3125 521 3148 556 ι)
3188 505 3334 576 quod
3366 505 3531 561 modo

242 600 344 656 per
375 588 593 637 secreta
624 588 841 637 naturae
872 584 979 638 alvi
1029 589 1275 639 stercora
1328 593 1708 658 proruperunt
1740 589 1779 654 ί,
1818 609 1842 641 »

239 672 293 728 id
326 678 431 739 est,
448 672 504 726 in
536 673 752 727 occulto
782 672 965 727 fetidae
987 673 1169 727 cordis
1200 675 1424 729 malitiaa
1454 676 1839 731 innotuerunt.

241 762 349 817 Per
366 766 571 815 stercus
591 762 902 816 recordatio
933 768 1309 834 peccatorum,
1337 770 1401 817 ut
1434 765 1488 818 in
1522 766 1836 835 Evangelio:

245 851 467 922 «Usque
478 851 610 905 dum
626 850 834 904 fodiam
849 851 997 905 circa
1010 853 1184 917 illam,
1205 858 1261 905 et
1277 853 1499 907 mittam
1515 855 1803 917 stercora“,
1815 875 1839 908 ι)

242 939 293 994 id
345 945 451 997 est.
503 956 679 1011 usque
722 941 855 993 dum
903 957 1003 1012 per
1044 942 1528 1012 interpositionem
1570 944 1843 998 humilem

243 1045 369 1084 eam
398 1035 458 1084 et
488 1028 685 1083 faciam
717 1046 842 1083 eam
896 1031 1177 1084 recordari
1237 1031 1527 1086 felicitates
1555 1050 1703 1087 suas.
1738 1034 1846 1087 Per

241 1122 451 1173 stercus
477 1124 702 1189 peccata
723 1120 925 1184 carnis,
951 1124 1016 1173 ut
1042 1120 1099 1174 in
1131 1120 1405 1174 Jeremia:
1456 1140 1477 1171 α
1513 1122 1581 1175 Et
1610 1122 1704 1193 qui
1736 1139 1843 1176 nu-

241 1206 563 1261 triebantur
590 1207 648 1261 in
672 1209 693 1231 ⁶
722 1209 935 1271 circeis,
984 1209 1447 1280 amplexabantur
1476 1216 1725 1265 stercora
1741 1211 1783 1277 3,
1815 1230 1840 1265 »

240 1294 416 1361 idest,
444 1296 540 1366 qui
559 1296 614 1350 in
644 1296 1029 1368 spiritualibus
1050 1298 1473 1353 delectabantur
1499 1298 1679 1365 bonis,
1715 1316 1844 1371 pec-
1878 1298 1883 1303 ’

241 1389 366 1439 cata
397 1390 658 1439 exercent
684 1387 951 1443 carnalia.

307 1473 745 1545 Sterquilinium
778 1483 863 1530 est
892 1476 1192 1531 inﬁrmitas
1218 1478 1481 1545 hominis,
1516 1486 1579 1534 ut
1608 1480 1668 1535 in
1698 1479 1800 1534 Job
1827 1501 1837 1535 :

241 1582 267 1617 σ
299 1564 521 1620 Sedens
567 1564 623 1618 in
663 1565 1016 1636 sterquilinio
1043 1565 1086 1631 ⁴,
1140 1586 1163 1615 »
1200 1566 1251 1620 id
1287 1572 1389 1633 est,
1431 1568 1735 1623 humilians
1783 1586 1842 1623 se

237 1653 294 1709 in
324 1645 646 1726 cognitione
676 1653 1020 1709 inﬁrmitatis
1040 1671 1172 1709 sua).
1206 1654 1661 1725 Sterquilinium,
1698 1657 1843 1712 fetor

238 1743 617 1809 internorum,
638 1743 774 1797 utin
795 1742 928 1797 Job:
961 1767 977 1790 ι
1016 1744 1185 1808 Quasi
1218 1745 1635 1816 sterquilinium
1654 1746 1710 1801 in
1730 1747 1842 1801 ﬁne

1931 594 2153 643 sanctos
2173 588 2565 658 praedicatores
2588 590 2832 645 destinet
2851 591 2907 645 in
2931 593 3135 663 populo
3157 593 3375 664 gentili,
3401 611 3535 665 quo-

1929 694 2105 749 usque
2128 678 2197 730 ad
2229 680 2635 733 convertendas
2665 680 2928 751 reliquias
2951 682 3120 735 Israel
3153 687 3406 754 tempore
3429 700 3529 756 op-

1925 772 2169 839 portuno
2200 768 2523 837 procedant.
2548 769 2935 835 Signarulmn,
2983 770 3222 841 populus
3251 772 3532 843 quondam

1927 856 2154 919 electus,
2186 861 2249 909 ut
2269 856 2324 908 in
2354 856 2455 908 Job
2483 874 2494 908 τ
2525 878 2545 907 α
2584 857 2933 912 Restituetur
2962 864 3026 912 ut
3059 859 3239 914 lutum
3270 860 3531 932 signacu-

1926 944 2041 998 lum
2076 944 2138 1005 ‘3.
2192 965 2210 993 ι
2262 945 2409 1014 quod
2459 947 2698 1016 populus
2745 947 2838 1000 ille
2889 948 3169 1017 quondam
3221 966 3321 1020 per
3364 951 3533 1006 ﬁdem

1928 1034 2137 1087 electus
2172 1049 2320 1087 nunc
2356 1040 2586 1105 prepter
2615 1035 3065 1090 incredulitatem
3109 1038 3443 1110 reprobatur
3474 1044 3537 1095 et

1927 1122 2325 1176 contemnitur.

1998 1212 2153 1267 Silra
2187 1216 2271 1265 est
2301 1211 2545 1265 mundus
2578 1212 2703 1278 iste,
2729 1220 2792 1266 ut
2811 1213 2869 1267 in
2890 1213 3129 1267 Psalmis
3155 1233 3164 1266 :
3197 1232 3219 1265 ι
3247 1212 3532 1270 Extermi-

1927 1300 2079 1355 navit
2110 1317 2231 1353 eam
2265 1316 2400 1371 aper
2426 1300 2496 1354 de
2516 1301 2653 1354 silva
2679 1301 2741 1368 ’9,
2771 1320 2795 1353 τ)
2824 1302 2971 1373 quod
2994 1301 3211 1374 plebem
3239 1304 3526 1359 Judaicam

1928 1389 2255 1461 exstirpavit
2299 1390 2586 1444 Romanus
2632 1390 2957 1462 imperator,
3008 1391 3103 1462 qui
3152 1392 3527 1466 principatum

1927 1478 2130 1549 agebat
2158 1478 2214 1532 in
2254 1483 2371 1533 toto
2404 1479 2633 1533 mundo.
2669 1480 2823 1533 Silra
2852 1496 3011 1535 mens
3050 1481 3316 1547 humana,
3368 1488 3434 1537 ut
3471 1484 3529 1537 in

1924 1567 2361 1623 Deuteronomio
2378 1586 2388 1621 :
2404 1588 2423 1619 ι
2435 1569 2575 1622 Cum
2594 1568 2772 1622 amico
2784 1568 3116 1641 simpliciter
3132 1570 3200 1624 ad
3219 1571 3415 1626 silvam
3427 1570 3494 1638 ’0,
3507 1592 3530 1623 ι

1924 1656 1979 1712 id
2015 1662 2118 1723 est,
2153 1655 2199 1711 si
2239 1673 2298 1711 se
2345 1656 2712 1712 intromiserit
2763 1656 2832 1712 de
2883 1658 3248 1714 aediﬁcatione
3295 1660 3533 1731 subjecti

1925 1745 2032 1800 sui.
2066 1746 2239 1811 Silva,
2291 1761 2451 1799 sacra
2493 1747 2803 1818 Scriptura,
2873 1751 2936 1801 ut
2977 1747 3033 1801 in
3073 1747 3217 1802 libro
3266 1748 3480 1819 Regum
3516 1767 3528 1801 :

239 1832 513 1904 perdetur
528 1831 569 1883 ⁸.
604 1849 632 1882 ι)
664 1832 811 1902 quod
842 1832 1112 1903 reprobus
1146 1833 1382 1905 quilibet
1410 1834 1670 1889 vitiorum
1699 1836 1840 1890 feto-
1861 1821 1908 1881 Β
1930 1853 1953 1886 α
1996 1835 2219 1889 Tollant
2265 1834 2469 1905 singuli
2521 1836 2589 1889 de
2638 1838 2659 1857 ⁶
2726 1836 2961 1907 singulis
3020 1836 3287 1892 materias
3341 1837 3530 1909 singu-

238 1938 297 1977 re
325 1922 552 1993 plenus,
588 1921 660 1975 ad
691 1926 1003 1975 extremum
1033 1922 1373 1977 destruetur.

1925 1925 2008 1978 las
2028 1923 2093 1985 ’1.
2134 1945 2156 1977 δ)
2200 1923 2348 1995 quod
2369 1940 2469 1978 nos
2492 1924 2700 1996 singuli
2719 1927 2881 1995 juxta
2900 1924 3249 1980 intellectum
3274 1931 3531 1982 nostrum

303 2009 656 2065 Stcrnulalio
686 2014 773 2065 est
803 2012 1124 2078 commotio,
1158 2017 1223 2066 ut
1259 2012 1316 2066 in
1348 2013 1483 2067 Job:
1522 2032 1547 2066 «
1604 2015 1842 2069 Sternu-
1917 2013 2175 2084 singulas
2215 2013 2284 2066 de
2336 2029 2497 2067 sacra
2545 2013 2836 2085 Scriptura
2881 2031 3177 2086 excerpere
3224 2015 3533 2070 sententias

235 2098 379 2153 tatio
410 2099 535 2169 ejus
570 2100 833 2171 splendor
860 2100 1007 2171 iguis
1035 2100 1076 2167 δ,
1114 2118 1139 2151 ι>
1180 2101 1328 2171 quod
1360 2102 1755 2169 Antichristus,
1783 2105 1841 2157 in

231 2204 342 2260 quo
374 2188 632 2242 diabolus
661 2189 823 2260 plene
855 2194 1170 2243 commotus
1200 2189 1325 2257 erit,
1355 2196 1411 2243 et
1439 2209 1540 2263 per
1571 2193 1843 2246 miracula

230 2277 499 2349 decipiet,
533 2283 591 2331 et
617 2295 717 2349 per
743 2279 1135 2333 crudelitatem
1163 2279 1440 2334 deveniet.

297 2366 519 2422 Sibilus
549 2373 633 2421 est
662 2368 980 2433 admiratio,
1004 2374 1067 2421 ut
1086 2368 1143 2422 in
1176 2368 1314 2423 Job:
1341 2386 1365 2421 ι
1399 2368 1652 2423 Sibilabit
1674 2386 1842 2441 super

228 2473 387 2523 eum,
412 2456 642 2511 intuens
669 2458 850 2511 locum
884 2458 1010 2528 ejus
1036 2458 1075 2523 7,
1111 2477 1139 2509 ι)
1173 2457 1225 2511 id
1258 2463 1359 2523 est,
1398 2458 1643 2529 stupebit
1673 2476 1841 2530 super

229 2562 360 2600 eum
379 2545 577 2600 videns
596 2546 1000 2601 habitationem
1015 2548 1153 2617 ejus.
1171 2548 1396 2603 Silii/us.
1423 2548 1717 2618 inspiratio
1748 2548 1833 2601 di-

227 2635 380 2701 vina,
429 2641 499 2689 ut
538 2634 593 2688 in
624 2636 808 2690 Isaia:
866 2657 889 2686 «
945 2636 1203 2690 Sibilabit
1241 2637 1438 2690 domus
1479 2654 1682 2691 muscae
1711 2638 1751 2703 8,
1807 2656 1832 2690 ιι

228 2724 385 2794 quod
401 2723 947 2797 immundoinspirat
966 2725 1269 2796 peccatori,
1294 2730 1358 2779 ut
1378 2726 1564 2779 veniat
1592 2726 1658 2779 ad
1684 2742 1831 2780 eum.

225 2813 336 2867 Per
403 2814 635 2866 sibilum
677 2806 1111 2880 admonitiones,
1164 2819 1227 2867 ut
1272 2814 1413 2868 libro
1466 2815 1725 2870 .ludicum
1791 2818 1830 2873 9.

225 2907 289 2955 ut
304 2905 327 2923 θ
369 2901 573 2955 audiat
593 2904 612 2923 ⁶
634 2902 776 2955 ﬁlios
795 2919 1051 2972 gregum,
1076 2903 1131 2956 id
1156 2909 1258 2966 est,
1277 2908 1341 2956 ut
1359 2904 1414 2956 in
1449 2894 1636 2957 mente
1659 2906 1833 2959 susci-

227 2990 349 3060 pias
386 2990 800 3043 admonitiones
828 2992 1151 3046 stultorum.

1924 2101 2211 2157 debemus.

1994 2192 2223 2259 Siliqua:
2246 2196 2379 2245 sunt
2396 2191 2661 2245 doctrinae
2683 2192 2997 2257 szeculares,
3024 2191 3157 2245 utin
3184 2192 3483 2264 Evangelio
3517 2214 3529 2248 :

1924 2296 1952 2332 ιι
1988 2280 2067 2335 De
2097 2279 2315 2351 siliquis
2348 2296 2486 2350 quas
2513 2279 2664 2351 porci
2694 2279 3113 2334 manducabant
3153 2278 3220 2348 ²²,
3258 2300 3281 2333 ι
3324 2280 3381 2338 id
3424 2288 3528 2350 est,

1923 2369 2117 2424 volunt
2146 2368 2432 2423 addiscere
2453 2369 2735 2423 doctrinas
2754 2370 3067 2435 saiculares,
3093 2386 3232 2441 quas
3252 2370 3528 2426 immundi

1922 2456 2248 2528 diligebant.
2458 2496 2463 2501 -
2717 2514 2726 2529 ,

1994 2546 2144 2601 Siler
2163 2550 2248 2599 est
2263 2546 2537 2611 Christus,
2568 2553 2629 2600 ut
2649 2546 2864 2601 inlibro
2885 2548 3265 2604 Numerorum
3291 2567 3304 2604 :
3335 2565 3361 2604 ι
3396 2550 3526 2604 Per-

1919 2634 2134 2689 cutiens
2165 2633 2251 2687 bis
2271 2635 2483 2689 silicem
2503 2634 2567 2702 ’3,
2607 2656 2634 2686 υ
2671 2637 2818 2707 quod
2861 2638 3175 2708 opprobriis
3204 2640 3436 2693 affectus
3468 2639 3528 2693 in

1920 2724 2179 2794 passione
2206 2730 2330 2778 erat
2357 2724 2632 2779 Christus.
2668 2726 2835 2791 Siler,
2872 2726 3083 2781 duritia
3110 2727 3427 2797 gentilium.
3462 2733 3531 2783 ut

1920 2812 1977 2866 in
2007 2812 2108 2866 Job
2143 2831 2154 2865 :
2194 2831 2218 2863 «
2242 2813 2580 2884 Sculpantur
2604 2813 2661 2868 in
2691 2814 2844 2869 silice
2864 2814 2927 2881 ’³,
2958 2837 2980 2863 ιι
3007 2817 3154 2886 quod
3187 2816 3352 2870 verba
3392 2816 3521 2870 ﬁdei

1920 2901 2252 2956 Christianae
2278 2904 2395 2973 jam
2415 2909 2677 2974 suscepta
2696 2908 2829 2958 sunt
2849 2904 2906 2957 in
2926 2904 3184 2959 cordibus
3202 2904 3523 2975 gentilium.

1922 2994 2093 3055 Siler,
2120 2992 2264 3044 actio
2298 2991 2462 3052 bona,
2502 2998 2565 3046 ut
2594 2992 2653 3047 in
2689 2992 2821 3047 Job:
2849 3012 2877 3047 ‹
2901 2993 3071 3047 Dabit
3097 3010 3197 3064 pro
3217 2998 3371 3048 terra
3401 2994 3521 3048 sili—

292 3079 638 3146 Sycomorus
678 3085 764 3133 est
799 3097 929 3134 crux
970 3080 1196 3145 Christi,
1244 3087 1307 3135 ut
1347 3082 1401 3135 in
1473 3083 1771 3153 Evangelio
1822 3061 2039 3136 :Ccem
2069 3078 2134 3146 ’⁵,
2166 3099 2193 3132 ι
2240 3081 2385 3151 quod
2438 3082 2709 3135 Dominus
2753 3099 2853 3153 pro
2900 3083 3055 3137 molli
3101 3083 3525 3138 conversatione

226 3186 250 3220 ε
285 3168 567 3222 Ascendit
593 3168 648 3223 in
692 3168 951 3223 arborem
983 3186 1337 3241 sycomorum
1369 3170 1430 3235 '0,
1468 3191 1490 3219 ιι
1550 3173 1696 3242 quod
1744 3174 1837 3243 qui

220 3257 411 3312 Deum
442 3273 583 3328 pure
613 3259 979 3330 contemplari
1010 3260 1309 3325 desiderat,
1343 3260 1413 3313 ad
1467 3261 1836 3315 imitationem

219 3346 329 3401 sibi
364 3346 658 3401 Christum
689 3349 1018 3402 cruciﬁxum
1042 3355 1335 3420 proponat.
1363 3349 1470 3402 Per
1491 3366 1839 3417 sycomorum.

217 3435 409 3491 Judaei
430 3435 725 3502 increduli,
759 3442 823 3491 ut
852 3438 909 3491 in
942 3437 1117 3491 Isaia:
1158 3456 1184 3489 ‹‹
1210 3438 1279 3491 Et
1310 3455 1629 3508 sycomoros
1660 3439 1838 3493 succi-

217 3526 457 3589 derunt,
493 3524 593 3579 sed
621 3526 815 3579 cedros
847 3526 1354 3581 immutabimus“.
1393 3546 1418 3580 »
1452 3527 1636 3595 idest,
1666 3528 1842 3582 incre-

217 3609 489 3664 dulitatis
520 3614 745 3679 peccata
775 3610 994 3664 Judzeos
1015 3611 1433 3667 destruxerunt.
1469 3611 1563 3664 sed
1585 3611 1841 3665 sublimis

218 3698 291 3753 de
319 3697 653 3769 gentilitate
676 3698 821 3752 viros
842 3698 1191 3755 habebimus.

292 3787 491 3842 Sirius
519 3791 603 3841 est
628 3804 787 3841 sacra
825 3789 1128 3860 Scriptura,
1164 3798 1228 3844 ut
1264 3792 1319 3844 in
1354 3792 1571 3845 Exodo:
1606 3810 1631 3840 α
1663 3790 1841 3845 Siclus

217 3876 473 3947 vinginti
502 3874 693 3931 obolos
726 3876 895 3931 habet
930 3877 995 3944 1’,
1036 3898 1058 3928 ιι
1093 3880 1243 3950 quod
1274 3896 1433 3933 sacra
1465 3880 1757 3950 Scriptura
1783 3880 1841 3934 in

216 3966 577 4039 perfectione
588 3966 828 4020 duorum
845 3968 1354 4035 Testamentorum,
1374 3968 1530 4040 quasi
1548 3969 1604 4023 in
1616 3969 1841 4040 gemino

214 4054 467 4110 denario
524 4054 796 4108 consistit.
852 4056 958 4109 Per
1003 4060 1199 4111 siclum
1253 4075 1455 4129 corpus
1502 4064 1757 4113 nostrum
1788 4064 1845 4113 et

1920 3169 2112 3224 electis
2133 3169 2249 3223 suis
2278 3168 2567 3225 robustam
2595 3173 2810 3225 confert
2850 3172 3149 3227 actionem.
3197 3173 3305 3227 Per
3348 3176 3525 3227 silices

1922 3257 2096 3312 sancti
2129 3257 2333 3326 angeli,
2370 3263 2433 3311 ut
2462 3259 2518 3315 in
2551 3259 2653 3313 Job
2687 3277 2697 3311 :
2737 3280 2757 3308 ι
2797 3260 2864 3313 Et
2890 3262 2911 3282 ⁴
2943 3260 3238 3331 praeruptis
3280 3260 3528 3315 silicibus

1922 3345 2376 3400 commoratur“.
2400 3367 2419 3396 ι
2451 3348 2595 3417 quod
2619 3348 2701 3401 vir
2722 3355 2946 3402 sanctus
2972 3348 3029 3403 in
3055 3349 3525 3420 contemplatione

1922 3434 2269 3489 fortitudinis
2284 3436 2610 3505 angelorum
2626 3442 2961 3506 perseverat,
2984 3439 3005 3460 θ
3022 3437 3117 3508 qui
3128 3437 3186 3491 in
3200 3438 3527 3493 cadentibus

1924 3523 2190 3579 confracti
2218 3528 2367 3577 sunt.

1994 3614 2263 3680 Similago
2303 3618 2389 3666 est
2430 3611 2643 3682 puritas
2673 3613 2872 3679 cordis,
2923 3620 2986 3667 ut
3021 3613 3077 3667 in
3122 3614 3263 3668 libro
3310 3615 3527 3669 Macha-

1925 3701 2170 3756 baeorum
2205 3720 2216 3754 :
2258 3726 2272 3748 ι
2313 3702 2381 3755 Et
2428 3700 2730 3755 obtulimus
2776 3702 3113 3755 sacriﬁcium
3150 3708 3207 3756 et
3251 3702 3524 3775 similagi-

1924 3807 2051 3845 nem
2073 3790 2173 3856 27,;
2200 3790 2442 3844 exterius
2461 3789 2645 3843 carnis
2668 3789 3177 3857 mortiﬁcationem,
3208 3796 3265 3845 et
3283 3790 3525 3846 interius

1924 3880 2226 3951 puritatem
2256 3879 2479 3933 mentis.

1996 3968 2337 4038 Symp/mnia
2360 3972 2445 4023 est
2476 3967 2759 4037 Evangelii
2789 3967 3129 4038 praedicatio,
3169 3973 3231 4024 ut
3263 3970 3319 4024 in
3344 3970 3525 4024 Evan-

1923 4058 2069 4128 gelio
2124 4075 2132 4109 :
2197 4077 2218 4107 α
2279 4058 2348 4111 Et
2405 4056 2619 4110 audivit
2662 4056 3055 4128 symphoniam
3111 4064 3167 4112 ct
3209 4058 3459 4125 chorum,
3495 4075 3522 4110 ιι

214 4145 443 4201 anima.
471 4149 538 4197 ut
559 4144 617 4197 in
652 4144 919 4198 Levitico:
944 4163 969 4197 «
988 4146 1199 4200 Olferat
1230 4147 1589 4218 arietem,qui
1608 4148 1717 4201 emi
1738 4164 1838 4219 po-
1858 4169 1905 4227 D
1926 4147 2073 4218 quod
2105 4147 2343 4218 populus
2371 4144 2638 4200 Judaicus
2680 4146 2844 4199 mo’do
2875 4145 2931 4199 in
2964 4146 3207 4200 Ecclesia
3234 4147 3525 4218 praedicari

211 4239 335 4288 test
366 4231 595 4287 duobus
624 4232 775 4286 siclis
796 4233 857 4299 '3,
881 4256 906 4281 ι»
940 4235 1088 4304 quod
1115 4251 1316 4306 corpus
1343 4241 1399 4289 et
1428 4236 1675 4289 animam
1707 4236 1840 4291 dare

209 4323 526 4388 debemus,
560 4326 623 4376 ut
654 4322 939 4376 Christum
971 4324 1259 4394 acquirere
1291 4325 1587 4395 possimus.

287 4414 675 4481 Signaculum
709 4417 794 4465 est
822 4412 1037 4483 primus
1064 4414 1316 4483 angelus,
1349 4421 1414 4469 ut
1434 4415 1491 4467 in
1514 4414 1797 4468 Ezechiele
1822 4432 1835 4480 ;

212 4521 245 4553 ι
275 4501 374 4557 Tu
404 4499 762 4571 signaculum
785 4500 1165 4557 similitudinis
1184 4502 1286 4555 Dei
1312 4502 1375 4564 Μ,
1406 4524 1427 4550 ιι
1463 4503 1609 4573 quod
1641 4502 1697 4556 in
1719 4503 1839 4573 ipso

206 4590 423 4661 imago
455 4588 559 4643 Dei
587 4588 973 4643 similitudinis
994 4590 1100 4645 fuit
1127 4591 1428 4661 impressa.
1449 4590 1835 4660 Signaculmn,

206 4678 591 4736 conﬁrmatio
622 4679 947 4743 electorum,
972 4683 1035 4732 ut
1061 4679 1119 4732 in
1146 4681 1351 4750 Aggazo
1375 4698 1385 4731 :
1417 4700 1438 4729 α
1465 4681 1532 4734 Et
1562 4697 1766 4751 ponam
1786 4686 1841 4734 te

208 4768 392 4841 quasi
422 4767 800 4837 signaculum,
827 4768 970 4839 quod
996 4774 1049 4821 te
1077 4768 1217 4837 elegi
1250 4768 1314 4833 ‘5,
1368 4790 1389 4820 ι»
1431 4769 1484 4821 id
1529 4775 1630 4833 est,
1665 4771 1721 4822 in
1752 4787 1841 4822 me

206 4857 601 4923 conﬁrmabo,
628 4858 773 4928 quod
789 4858 856 4911 ad
870 4874 1106 4928 regnum
1124 4857 1513 4929 praedestinavi
1529 4864 1604 4911 te.
1637 4859 1840 4924 Signa-

207 4952 450 5011 culmn,
480 4946 660 5000 virtus
688 4946 983 5013 castitatis,
1021 4952 1083 5001 ut
1110 4946 1166 5000 in
1199 4947 1427 5001 Cantico
1464 4965 1474 4998 :
1514 4968 1537 4997 ‹‹
1572 4948 1723 5002 Pone
1753 4964 1842 5001 me

204 5046 278 5092 ut
310 5037 680 5107 signaculum
705 5053 874 5108 super
893 5053 987 5091 cor
1004 5040 1166 5090 tuum
1184 5035 1246 5101 '6,
1273 5053 1297 5088 ιο
1323 5036 1378 5089 id
1401 5042 1501 5103 est,
1528 5054 1629 5109 per
1659 5036 1841 5092 chari-

206 5133 407 5182 tatem
430 5128 705 5179 conﬁrma
716 5142 806 5181 me
821 5129 1249 5197 supermentem
1266 5130 1423 5179 tuam
1435 5124 1838 5193 .Sz'gnaculum,

203 5215 475 5289 populus
502 5214 731 5286 gentilis
761 5216 831 5271 ad
862 5216 1028 5271 ﬁdem
1059 5220 1321 5279 vocatur,-
1351 5220 1415 5269 ut
1443 5214 1501 5268 in
1530 5217 1557 5270 J
1565 5215 1634 5271 ob
1669 5234 1679 5270 :
1720 5235 1741 5267 ι
1775 5217 1844 5271 Et

1925 4236 2286 4305 Evangelium
2318 4235 2493 4299 audit,
2525 4235 2620 4288 sed
2653 4234 2880 4289 credere
2911 4236 3239 4290 contemnit.

1995 4326 2016 4348 θ
2047 4325 2221 4379 Sindo
2253 4330 2337 4378 est
2359 4323 2581 4378 subtilis
2606 4324 2946 4394 praedicatio,
2982 4330 3047 4378 ut
3089 4326 3144 4378 in
3188 4325 3475 4380 Parabolis
3509 4344 3519 4378 :

1927 4435 1949 4465 ί
1978 4414 2279 4468 Sindonem
2296 4414 2427 4467 fecit
2442 4419 2499 4466 et
2512 4413 2759 4466 vendidit
2774 4413 2838 4479 ’3,
2860 4432 2880 4465 ι
2905 4414 3053 4485 quod
3069 4419 3263 4469 sancta
3283 4414 3526 4468 Ecclesia

1924 4502 2184 4557 subtilem
2206 4501 2658 4573 praedicationem
2677 4503 2887 4555 emittit
2903 4509 2960 4555 et
2975 4503 3089 4556 Deo
3107 4502 3323 4572 aliquos
3338 4503 3526 4574 acqui-

1924 4592 2015 4646 rit.
2042 4592 2233 4657 Sindo,
2258 4607 2416 4644 mens
2444 4606 2601 4661 pura,
2636 4596 2699 4644 ut
2729 4590 2785 4643 in
2818 4590 3115 4660 Evangelio
3142 4608 3152 4643 :
3186 4612 3205 4641 ι
3240 4591 3308 4645 Et
3344 4590 3523 4645 invol-

1926 4680 2003 4734 vit
2024 4696 2150 4733 eum
2176 4680 2235 4733 in
2265 4679 2499 4733 sindone
2528 4678 2739 4732 munda
2764 4676 2830 4743 ’9,
2865 4697 2890 4730 »
2937 4679 3083 4749 quod
3123 4679 3378 4735 Christus
3421 4680 3522 4735 ha-

1925 4771 2068 4824 bitat
2090 4771 2147 4824 in
2172 4775 2360 4824 mente
2388 4786 2546 4841 pura.
2591 4769 2778 4833 Sindo,
2814 4768 3102 4839 occupatio
3129 4769 3336 4837 szeculi,
3371 4774 3438 4824 ut
3464 4769 3524 4823 in

1927 4859 2224 4930 Evangelio
2250 4860 2402 4929 3)ch
2411 4864 2532 4913 ecta
2543 4857 2777 4911 sindone
2789 4857 2973 4910 nudus
2990 4858 3233 4929 profugit
3247 4858 3316 4913 ab
3328 4858 3481 4923 eis”,
3495 4878 3518 4909 ι

1926 4950 2069 5021 quod
2097 4948 2185 5020 abj
2193 4954 2315 5003 ecta
2331 4947 2484 5002 omni
2504 4947 2754 5001 saeculari
2770 4947 3132 5018 occupatione
3154 4965 3185 5002 a
3200 4952 3521 5019 persecuto-

1925 5039 2079 5094 ribus
2109 5036 2492 5110 spiritualibus
2520 5036 2760 5108 expediti
2790 5036 2983 5107 fugere
3012 5036 3297 5092 debemus.

1993 5126 2165 5181 Sinus
2187 5130 2273 5180 est
2301 5125 2616 5180 substantia
2665 5124 2921 5191 Deitatis,
2976 5132 3041 5180 ut
3076 5126 3135 5179 in
3179 5124 3476 5196 Evangelia
3507 5145 3518 5179 :

1929 5234 1953 5267 ι(
1980 5213 2329 5285 Unigenitus,
2367 5213 2461 5285 qui
2493 5219 2580 5268 est
2602 5214 2661 5268 in
2690 5213 2817 5268 sinu
2845 5212 3027 5267 Patris
3045 5212 3110 5279 δι,
3150 5232 3172 5263 ι
3204 5212 3260 5267 id
3291 5217 3391 5279 est,
3428 5216 3524 5284 qui

287 5380 304 5413 ¹
343 5376 483 5429 Jud.
520 5391 601 5442 ιιι,
635 5377 724 5434 ‘22.
758 5378 780 5412 ²
812 5381 943 5432 Luc.
977 5394 1096 5443 xm,
1130 5376 1183 5434 8.
1216 5381 1239 5413 3
1267 5381 1472 5433 'l‘hren.
1507 5394 1581 5439 ιν,
1638 5381 1685 5431 ἶ).
1736 5380 1755 5413 ⁴
1806 5381 1832 5433 J

1950 5395 2009 5443 ιι,
2045 5382 2094 5429 8.
2148 5379 2170 5409 ⁵
2202 5378 2303 5431 Joh
2348 5394 2435 5442 xx,
2489 5377 2539 5433 7.
2582 5380 2604 5411 θ
2649 5378 2750 5432 Job
2794 5390 2905 5435 xu.
2942 5377 2993 5432 9.
3029 5370 3049 5411 "
3080 5376 3182 5431 Job
3214 5390 3383 5440 xxv",
3427 5375 3515 5431 23.

199 5453 225 5487 ⁸
258 5452 391 5505 Isa.
428 5461 526 5513 vn,
566 5449 646 5502 18.
676 5451 699 5481 9
728 5451 854 5503 Jud.
892 5466 943 5507 v.
980 5450 1068 5503 16.
1105 5450 1149 5484 ¹⁰
1182 5453 1307 5504 Luc.
1346 5467 1458 5511 xix.
1498 5450 1541 5506 ’1.
1584 5451 1619 5483 “
1654 5452 1759 5504 lsa.
1796 5465 1839 5503 IN

1940 5449 1992 5506 O.
2025 5449 2068 5483 ¹²
2104 5449 2271 5502 Exod.
2308 5464 2434 5515 xxv,
2468 5449 2522 5503 1.
2574 5448 2617 5483 ¹³
2655 5449 2781 5502 Lev.
2812 5463 2863 5512 v,
2896 5447 2986 5503 15.
3020 5448 3064 5481 ¹⁴
3097 5448 3291 5501 Ezech.
3322 5461 3514 5515 xxvm,

204 5523 304 5577 1‘2.
349 5519 405 5553 ’⁵
428 5520 552 5588 Agg

606 5536 664 5585 ιι.
692 5519 781 5576 24.
815 5521 861 5555 ¹⁶
891 5522 1052 5574 (“:Int.
1087 5536 1205 5587 vm,
1237 5523 1286 5575 (ἶ.
1316 5522 1358 5555 ¹⁷
1388 5522 1491 5575 Job
1522 5537 1592 5585 Ix,
1627 5520 1677 5575 7.
1712 5522 1752 5554 ’⁸
1780 5522 1839 5574 Jo

1936 5536 2141 5583 :vxvm,
2178 5521 2260 5573 H.
2298 5520 2339 5554 ¹⁰
2370 5520 2515 5573 Psal.
2556 5533 2738 5584 LXXIX,
2769 5519 2856 5572 11.
2891 5519 2939 5553 ²⁰
2968 5521 3131 5573 Deut.
3169 5536 3241 5584 ix,
3369 5520 3411 5553 ²¹
3446 5520 3521 5574 IV

414 5561 569 5655 ἑιῖἓξ
597 5561 803 5646 ἕίῐιὶιέ.
833 5607 917 5655 xv,
952 5561 1309 5649 ϊὸῗωιξίιὶὴ.
1346 5561 1437 5657 xii,
1472 5561 1758 5647 ἱὶῗὶιίιοι)
1789 5561 1839 5646 xi

202 5665 253 5701 ³ο
346 5677 473 5716 rov.
506 5677 655 5719 xxxu.
686 5660 775 5717 24.
810 5661 857 5698 ²⁰
883 5664 1080 5719 Matth.
1109 5679 1279 5719 XXVII.
1314 5664 1400 5719 59.
1435 5664 1483 5701 ⁸ο
1510 5665 1681 5719 Marc.
1718 5678 1828 5719 x1v.

1936 5593 2017 5649 21.
2053 5593 2099 5627 ³⁵
2123 5562 2225 5646 .lob
2254 5607 2394 5718 ΚΧῗέ
2422 5591 2508 5646 “2-1.
2544 5590 2588 5623 εδ
2629 5561 2738 5646 Job,
2763 5606 2946 5658 XXXIX,
2976 5592 3063 5645 31.
3118 5591 3162 5626 ’⁷
3184 5562 3363 5648 Maca
3393 5606 3431 5661 ι,
3462 5592 3514 5646 8.

1939 5706 1949 5718 .
1982 5664 2026 5699 δι
2063 5665 2221 5719 Joan.
2256 5679 2292 5719 ι.
2402 5705 2413 5715 .

200 5665 253 5701 ³⁸
287 5660 473 5719 Prov.
506 5677 655 5731 xxxu,
686 5660 775 5717 24.
810 5661 857 5698 ²⁰
883 5664 1080 5719 Matth.
1109 5679 1279 5733 XXVII,
1314 5664 1400 5720 59.
1435 5664 1483 5701 ⁸ο
1510 5665 1681 5719 Marc.
1718 5678 1828 5732 x1v,

1939 5706 1949 5718 .
1982 5664 2026 5699 δι
2063 5665 2221 5719 Joan.
2256 5679 2292 5729 ι,
2327 5661 2413 5718 18.
