3824 6152
450 332 595 390 1055
1050 336 1111 390 Β.
1155 333 1426 391 mm
1465 331 1696 389 MAURI
1734 329 2070 386 ARCHIEP.
2113 327 2435 386 MOGUNT.
2479 328 2777 386 OPERUM
2812 329 2998 384 mas
3035 328 3132 384 III.
3531 331 3644 398 1055
3731 305 3740 313 ’

451 460 538 511 est
560 471 688 512 cum
707 455 874 510 Patre
893 457 952 510 in
969 473 1084 512 una
1112 457 1423 532 eademque
1455 457 1773 516 substantia
1793 456 2051 514 Deitatis.
2068 458 2118 517 A
2206 456 2384 525 Spina
2418 463 2506 511 est
2532 456 2882 528 praedicator,
2906 463 2972 512 ut
2999 457 3058 511 in
3087 457 3226 512 Isaia
3257 476 3268 511 :
3303 477 3326 511 α
3356 460 3490 516 Dabo
3507 463 3556 518 in
3575 482 3646 520 δο.

449 544 641 611 Sinus,
674 561 832 601 mens
862 551 1074 612 nostra,
1105 554 1171 603 ut
1201 549 1260 604 in
1287 549 1391 604 Job
1418 568 1428 602 :
1468 567 1495 602 ι
1529 549 1598 603 Et
1625 548 1685 602 in
1714 547 1841 602 sinu
1870 563 1996 600 meo
2027 549 2047 568 ⁶
2129 544 2367 598 litudine
2397 544 2626 600 cedrum
2669 551 2728 599 et
2764 545 2984 616 spinam
3015 545 3077 611 ¹⁶,
3113 565 3136 597 η
3167 545 3222 600 id
3260 551 3356 615 est,
3395 566 3571 620 ponam
3604 555 3649 610 in

449 632 617 688 audio
644 633 811 689 verba
831 635 945 690 oris
967 637 1089 708 ejus
1120 637 1158 704 ¹,
1200 655 1222 689 ι
1262 637 1319 692 id
1345 645 1448 704 est,
1480 638 1539 692 in
1575 642 1765 692 mente
1794 652 1920 690 mea
1953 652 2047 690 oc-
2130 633 2376 687 Ecclesia
2427 635 2902 706 contemplantem
2957 639 3016 688 et
3062 634 3452 706 praedicantem.
3493 642 3647 709 Spina,

447 722 652 778 cultavi
706 739 1014 779 sermones.
1075 727 1266 792 Sinus,
1325 727 1472 799 quod
1523 726 1747 799 proprie
1788 733 2042 780 nostrum
2127 723 2482 794 compunctio
2507 729 2863 794 peccatorum
2883 723 2970 778 vel
2986 723 3264 788 vitiorum,
3287 726 3417 780 utin
3432 728 3582 782 Jobzi
3602 731 3653 786 Et

448 815 553 878 est,
580 815 645 866 ut
669 809 726 865 in
759 811 997 867 Psalmis
1029 832 1040 868 :
1080 833 1104 864 «
1145 815 1215 870 Et
1251 815 1430 871 oratio
1478 832 1604 870 mea
1641 815 1700 869 in
1749 815 1877 869 sinu
1921 829 2046 869 mea
2126 827 2230 884 pro
2251 811 2456 866 ordeo'
2480 811 2640 883 spina
2664 812 2728 880 ‘7,
2756 831 2780 864 ι
2807 812 2865 866 id
2881 817 2983 877 est,
3021 811 3066 864 si
3100 811 3202 866 hoc
3237 814 3433 868 malum
3464 816 3566 882 feci,
3583 819 3653 873 de-

447 905 805 980 convertatur
828 899 870 969 ¹,
907 922 932 954 ››
957 903 1014 957 id
1041 909 1146 968 est,
1177 904 1235 959 in
1272 905 1550 977 meipsum
1587 903 1812 976 proprie
1849 909 2044 958 retun-
2128 900 2281 955 ficiat
2310 900 2369 954 in
2407 917 2497 954 me
2527 900 2675 956 bona
2703 901 2975 972 operatio,
3010 905 3066 955 et
3093 906 3302 956 crescat
3327 903 3380 957 in
3419 921 3498 958 me
3533 907 3655 962 vitio-

447 988 564 1056 dat,
587 989 738 1062 quod
761 1007 864 1062 pro
882 991 1008 1046 aliis
1027 1009 1144 1047 ora.
1179 995 1371 1061 Sinus,
1403 993 1692 1058 securitas,
1719 998 1783 1048 ut
1811 992 1868 1047 in
1892 991 1996 1048 Job
2029 1012 2038 1046 :
2127 1006 2253 1045 rum
2272 990 2520 1062 punctio.
2543 989 2739 1060 Spina,
2763 989 3028 1062 superbia
3057 989 3253 1056 cordis,
3279 997 3342 1046 ut
3359 993 3411 1046 in
3431 993 3650 1050 Psalmis:

452 1097 480 1132 ι
510 1078 776 1151 Reposita
817 1085 902 1135 est
939 1081 1056 1136 haec
1096 1099 1223 1154 spes
1265 1099 1393 1136 mea
1432 1083 1488 1136 in
1526 1082 1653 1136 sinu
1697 1099 1822 1137 meo
1849 1081 1892 1149 ³,
1928 1099 1956 1135 ι)
1988 1082 2043 1136 id
2131 1099 2156 1129 ι
2181 1080 2328 1135 Dum
2350 1079 2650 1150 configitur
2669 1079 2830 1151 spina
2849 1079 2912 1145 ¹³,
2947 1098 2971 1132 ι
3003 1079 3182 1158 idest,
3205 1079 3335 1134 dum
3356 1081 3409 1134 in
3424 1099 3502 1136 me
3518 1083 3656 1139 humi-

449 1171 554 1234 est,
586 1167 644 1222 in
673 1184 772 1241 spe
802 1171 1228 1226 resurrectionis
1251 1187 1389 1226 meae
1417 1171 1778 1226 securitatem
1806 1170 2046 1226 certissi-
2127 1167 2300 1224 liatur
2316 1167 2599 1241 superbia.
2619 1169 2729 1225 Per
2743 1172 2934 1239 spinas
2949 1167 3178 1223 malitia:
3191 1169 3387 1236 cordis,
3399 1171 3656 1228 utinlssia:

447 1272 598 1313 mam
618 1256 815 1314 habeo.
838 1259 1030 1334 Sinus,
1053 1259 1155 1317 Dei
1171 1260 1374 1332 gratia,
1399 1265 1465 1315 ut
1484 1260 1543 1315 in
1559 1259 1746 1316 Exodo
1773 1261 1994 1333 Moyses
2026 1278 2038 1313 :
2130 1274 2156 1309 α
2189 1257 2459 1314 Orientur
2487 1257 2546 1312 in
2567 1257 2828 1312 domibus
2858 1259 2980 1330 ejus
2995 1257 3171 1329 spina:
3197 1256 3262 1324 ¹⁰,
3289 1277 3310 1308 ι
3336 1257 3391 1312 id
3417 1265 3508 1327 est,
3535 1262 3582 1316 in
3596 1279 3662 1316 co-

451 1366 475 1396 ι
509 1345 663 1402 Misit
697 1363 930 1404 manum
949 1366 1110 1404 suam
1153 1350 1212 1404 in
1255 1349 1444 1405 sinum
1479 1366 1665 1416 suum,
1717 1355 1774 1404 et
1810 1349 2049 1405 extraxit
2127 1345 2496 1418 gitationibus
2525 1348 2648 1418 ejus
2669 1353 2922 1403 crescent
2944 1350 3194 1408 malitiae.
3219 1352 3324 1407 Per
3343 1356 3512 1422 spinas
3528 1352 3664 1424 suspi-

448 1435 758 1509 leprosam:
784 1437 938 1494 misit
955 1437 1182 1505 iterum,
1209 1445 1267 1493 et
1284 1438 1485 1494 similis
1506 1438 1654 1494 facta
1675 1444 1762 1493 est
1777 1437 1933 1494 carni
1962 1455 2047 1493 re-
2130 1437 2318 1493 ciones
2342 1435 2725 1505 formidinum,
2757 1443 2822 1493 ut
2849 1437 2908 1492 in
2935 1439 3224 1496 Parabolis
3253 1458 3265 1494 :
3309 1459 3333 1494 (ι
3378 1442 3483 1497 Iter
3506 1441 3663 1512 impio-

447 1522 616 1597 liquaa
639 1524 682 1593 ⁴,
716 1543 744 1580 ι
767 1526 916 1598 quod
945 1526 1202 1582 Christus
1247 1526 1468 1582 Judaeos
1499 1543 1535 1581 a
1559 1526 1746 1599 gratia
1774 1543 1878 1583 sua
1914 1544 2046 1600 pro-
2130 1543 2257 1582 rum
2298 1525 2457 1598 quasi
2502 1542 2664 1598 sepes
2709 1525 3002 1598 spinarum
3020 1527 3088 1595 ³ο,
3115 1547 3141 1584 ι
3174 1530 3322 1602 quod
3357 1529 3559 1602 indique
3589 1530 3665 1584 cir-

448 1619 577 1687 pter
597 1614 948 1671 inﬁdelitatis
976 1619 997 1640 '
1027 1615 1363 1672 munditiam
1401 1617 1608 1683 emisit,
1651 1617 1905 1672 eamdem
1950 1617 2048 1690 qui
2129 1614 2399 1670 cumdant
2416 1613 2618 1687 impios
2646 1615 3010 1688 suspiciones,
3043 1633 3116 1673 ne
3141 1635 3244 1691 per
3263 1619 3368 1674 iter
3396 1618 3600 1690 justitiaa
3627 1619 3670 1673 in

450 1719 678 1759 rursum
706 1703 766 1760 in
794 1704 904 1760 ﬁde
932 1705 1129 1760 mundi
1154 1705 1399 1776 gratiam
1437 1721 1538 1778 per
1581 1705 1748 1760 tidem
1787 1706 2047 1779 adepturi
2129 1704 2328 1760 cedere
2355 1704 2622 1760 audeant.
2653 1704 2762 1760 Per
2780 1707 2970 1774 spinas
2989 1707 3398 1778 praedicatores,
3418 1708 3543 1763 utin
3563 1708 3670 1764 Can-

449 1797 600 1849 sunt.
634 1793 826 1860 Sinus,
856 1798 1073 1849 secreta
1107 1793 1346 1866 requies,
1373 1799 1437 1850 ut
1455 1793 1513 1876 in
1541 1795 1838 1865 Evangelia
1872 1813 1883 1848 :
1923 1817 1946 1848 α
1981 1796 2110 1866 EtB
2129 1791 2241 1876 tico
2274 1810 2286 1846 :
2326 1813 2349 1844 α
2387 1793 2545 1849 Sicut
2572 1793 2756 1850 lilium
2783 1793 2934 1848 inter
2962 1795 3156 1868 spinas
3182 1796 3249 1864 ²¹,
3289 1817 3310 1848 ι
3349 1797 3485 1870 quod
3522 1804 3671 1852 sancta

448 1886 775 1955 portaretur
801 1881 872 1937 ab
901 1883 1116 1955 angelis
1141 1883 1198 1938 in
1239 1883 1367 1938 sinu
1407 1874 1644 1940 Abrahae
1671 1884 1713 1951 ⁵,
1772 1904 1793 1936 o
1845 1884 1902 1939 id
1944 1891 2050 1951 est,
2137 1874 2384 1938 Ecclesia
2411 1883 2468 1937 in
2499 1883 2684 1937 medio
2709 1899 3010 1956 pravorum
3031 1887 3053 1909 ⁶
3075 1885 3168 1942 hic
3186 1886 3569 1959 peregrinatur.
3593 1886 3673 1941 Per

449 1970 510 2027 in
539 1975 756 2027 secreta
783 1972 976 2044 requie
1006 1974 1028 1995 ⁶
1057 1972 1261 2028 Patris.
2133 1975 2324 2041 spinas
2349 1971 2577 2038 divitiae,
2610 1977 2676 2028 ut
2708 1972 2768 2028 in
2805 1973 3104 2045 Evangelia
3133 1997 3150 2032 :
3179 1993 3207 2028 ε
3239 1975 3308 2030 Et
3332 1975 3488 2030 simul
3513 1981 3671 2030 exorta

521 2059 771 2117 Sinistra
799 2065 888 2116 est
911 2061 1028 2116 vita
1065 2077 1330 2132 praesens,
1365 2069 1430 2117 ut
1458 2063 1514 2118 in
1555 2061 1844 2118 Parabolis
1878 2081 1890 2118 :
1929 2083 1950 2114 ι
1989 2064 2052 2118 In
2135 2061 2310 2133 spina
2337 2061 2752 2117 sutiocaverunt
2773 2061 2996 2129 illud”,
3033 2082 3057 2115 ι
3091 2064 3244 2136 quod
3265 2063 3462 2119 divitia:
3483 2069 3671 2120 terrena

449 2148 680 2206 sinistra
725 2150 848 2222 ejus
893 2150 1100 2206 divitiae
1134 2157 1192 2206 et
1231 2151 1414 2222 gloria
1439 2151 1481 2212 ⁸,
1521 2171 1542 2202 ι
1595 2152 1744 2223 quod
1789 2153 2049 2224 praesenti
2136 2149 2366 2206 verbum
2395 2149 2520 2206 vitae
2547 2150 2864 2207 destruunt.
2911 2152 3019 2206 Per
3063 2155 3256 2222 spinas
3287 2152 3532 2220 heretici,
3558 2159 3609 2208 ut
3630 2153 3674 2206 in

447 2239 565 2296 vita
590 2239 864 2295 Dominus
893 2239 1085 2295 electis
1112 2240 1229 2295 suis
1267 2245 1325 2296 et
1365 2240 1589 2296 divitias
1625 2241 1955 2298 meritorum
1996 2247 2053 2296 et
2134 2239 2470 2311 Evangelia:
2508 2257 2536 2293 ‹
2561 2239 2829 2312 Nunquid
2857 2241 2928 2296 de
2968 2241 3149 2313 spinis
3194 2257 3331 2298 uvas
3368 2241 3428 2306 ’³,
3468 2242 3594 2314 quod
3622 2240 3674 2296 de

447 2327 689 2400 gloriam
713 2328 771 2384 in
805 2345 946 2400 pura
973 2329 1314 2385 conscientia
1358 2330 1589 2385 confert.
1644 2331 1912 2397 Sinistra,
1959 2332 2050 2384 de-
2133 2328 2410 2384 haereticis
2437 2328 2753 2384 sanctitatis
2780 2330 2966 2400 gratia
2994 2347 3109 2386 non
3142 2330 3408 2402 procedit.

450 2417 676 2474 lectatio
704 2418 888 2472 laudis
908 2419 1189 2485 humanae,
1221 2425 1287 2474 ut
1306 2418 1364 2474 in
1391 2419 1690 2490 Evangelia
1718 2436 1729 2472 :
1766 2438 1791 2472 «
1823 2419 2052 2474 Nesciat
2203 2417 2447 2488 Spiritus
2467 2425 2554 2472 est
2578 2419 2699 2490 ipse
2716 2419 2884 2485 Deus,
2911 2425 2975 2473 ut
2993 2419 3051 2474 in
3073 2419 3375 2491 Evangelia
3399 2438 3410 2472 :
3436 2439 3457 2472 ι
3482 2418 3676 2492 Spiritus

451 2507 684 2563 sinistra
710 2513 813 2562 tua
834 2507 965 2579 quid
997 2508 1166 2563 faciat
1188 2508 1419 2564 dextera
1444 2513 1543 2563 tua
1578 2509 1619 2574 ⁷,
1677 2529 1700 2560 ι
1749 2509 1806 2563 id
1847 2516 1948 2574 est,
1990 2509 2047 2563 in
2131 2512 2217 2562 est
2236 2508 2384 2563 Deus
2403 2506 2468 2561 ²⁴.
2489 2525 2516 2560 ι
2550 2507 2817 2576 Spiritus,
2853 2507 3045 2563 anima
3076 2509 3342 2576 hominis,
3375 2515 3435 2564 ut
3463 2509 3515 2564 in
3541 2509 3678 2564 Evan-

449 2595 596 2652 bono
625 2612 793 2668 opere
820 2601 918 2650 tuo
944 2596 1205 2650 humanae
1235 2596 1416 2652 laudis
1442 2598 1688 2652 favorem
1715 2614 1828 2652 non
1858 2597 2048 2670 requi-
2127 2597 2275 2667 gelio
2304 2614 2314 2650 :
2341 2616 2365 2648 ε
2389 2597 2457 2652 Et
2481 2597 2750 2652 inclinato
2777 2597 2958 2670 capite
2983 2597 3222 2653 tradidit
3248 2598 3492 2670 spiritum
3516 2597 3572 2663 ³⁵,
3597 2617 3614 2647 ι
3635 2597 3678 2650 id

451 2700 562 2740 ras.
585 2685 852 2752 Sinistra,
874 2685 1200 2752 adversitas,
1225 2689 1290 2740 ut
1309 2685 1368 2740 in
1389 2685 1675 2742 Parabolis
1703 2704 1714 2740 :
1752 2703 1780 2740 α
1803 2687 1928 2742 Non
1956 2687 2050 2744 de-
2130 2691 2234 2752 est,
2285 2685 2556 2742 animam.
2597 2687 2864 2756 Spiritus,
2903 2703 3060 2742 mens
3089 2693 3308 2754 nostra,
3340 2694 3404 2743 ut
3427 2688 3480 2742 in
3506 2686 3674 2742 Paulo:

451 2773 624 2828 clines
649 2773 722 2827 ad
751 2773 1025 2839 dextram,
1059 2791 1242 2846 neque
1270 2774 1342 2829 ad
1383 2774 1668 2830 sinistram
1694 2777 1736 2843 ⁸,
1790 2795 1811 2826 ι
1855 2775 1911 2830 id
1941 2781 2044 2842 est,
2134 2795 2158 2827 ‹‹
2215 2775 2580 2830 Renovamini
2628 2775 2830 2847 spiritu
2881 2775 3088 2831 mentis
3135 2782 3334 2832 vestrae
3361 2776 3422 2844 ’⁸,
3453 2795 3478 2830 ι
3513 2776 3564 2830 id
3597 2779 3676 2839 est,

450 2878 554 2918 nec
586 2877 856 2934 prospera
877 2869 934 2917 te
971 2863 1208 2930 elevent,
1250 2880 1353 2919 nec
1395 2865 1629 2919 adversa
1667 2871 1724 2920 te
1759 2865 2045 2936 frangant.
2130 2863 2478 2935 spiritualem
2501 2870 2754 2920 exercete
2774 2865 3078 2920 novitatem
3101 2867 3162 2921 in
3183 2873 3372 2922 mente
3394 2871 3572 2921 vestra.
3585 2865 3678 2934 Spi-

451 2951 722 3018 Sinistra,
773 2967 914 3023 opus
960 2968 1214 3022 pravum,
1265 2960 1328 3008 ut
1365 2953 1425 3008 in
1451 2953 1555 3008 Job
1585 2971 1596 3006 :
1634 2975 1656 3007 ι
1696 2954 1753 3010 Si
1800 2955 1870 3008 ad
1917 2953 2048 3008 sini-
2130 2957 2296 3021 ritus,
2320 2954 2465 3009 ratio
2487 2959 2699 3021 nostra,
2722 2954 2859 3009 utin
2879 2954 3054 3010 Paulo
3085 2974 3097 3010 :
3129 2975 3156 3008 (ι
3180 2956 3365 3012 Orabo
3392 2955 3571 3028 spiritu
3587 2952 3674 3018 ’7,»

451 3045 648 3108 stram,
685 3041 818 3112 quid
847 3042 1048 3112 agam?
1081 3058 1194 3097 non
1227 3041 1424 3097 videbo
1445 3043 1604 3098 illum
1625 3043 1664 3105 ο,
1694 3060 1720 3095 n
1770 3042 1828 3098 id
1866 3049 1970 3110 est,
2001 3043 2049 3097 si
2129 3042 2185 3096 id
2210 3047 2314 3110 est,
2339 3041 2751 3098 rationabiliter
2776 3041 2968 3098 orabo.
2993 3044 3264 3113 Spiritus,
3303 3044 3562 3118 appetitus
3585 3057 3680 3114 pec-

451 3145 592 3203 0pus
619 3146 856 3203 pravum
884 3131 1085 3197 fecero,
1119 3131 1191 3186 ad
1221 3132 1398 3186 Deum
1438 3132 1756 3204 pertingere
1793 3149 1907 3187 nan
1945 3149 2046 3204 po-
2070 3123 2357 3199 Castoris,
2389 3137 2455 3186 ut
2484 3132 2542 3186 in
2567 3132 2899 3188 Ecclesiaste
2927 3151 2988 3187 τα
3005 3133 3074 3188 Et
3089 3133 3327 3206 spiritus
3346 3136 3679 3206 jumentorum

451 3225 594 3275 tero.
627 3219 894 3286 Sinistra,
935 3220 1158 3292 reprobi
1189 3221 1397 3292 angeli,
1436 3228 1499 3277 ut
1521 3222 1579 3276 in
1609 3221 1767 3276 libris
1790 3221 2043 3292 Regum:
2130 3221 2434 3276 descendat
2469 3221 2734 3276 deorsum
2759 3220 2826 3288 ³⁸,
2866 3245 2888 3271 ι
2922 3223 3070 3294 quod
3115 3223 3379 3294 jumenta
3422 3223 3560 3278 nulla
3595 3220 3679 3276 nisi

455 3327 480 3361 ι
515 3310 753 3364 Omnem
775 3309 1082 3364 exercitum
1110 3311 1234 3364 coeli
1256 3310 1609 3365 assistentem
1632 3310 1682 3364 ei
1703 3328 1738 3365 a
1764 3311 1974 3365 dextris
1994 3315 2051 3365 et
2131 3315 2356 3365 terrena
2384 3316 2441 3366 et
2463 3309 2579 3364 ima
2614 3316 2906 3383 appetunt.
2947 3310 3217 3382 Spiritus,
3252 3313 3515 3379 diabolus,
3547 3317 3601 3366 ut
3634 3311 3678 3364 in

451 3415 486 3453 a
513 3396 755 3454 sinistris
779 3396 840 3463 ¹⁰,
866 3399 895 3452 in
920 3398 1068 3470 quod
1099 3415 1210 3454 non
1236 3400 1418 3455 solum
1447 3399 1698 3455 serviunt
1718 3401 1834 3456 Deo
1863 3402 2050 3472 angeli
2132 3399 2288 3454 libris
2318 3400 2533 3470 Regum
2567 3420 2578 3454 :
2608 3419 2636 3451 α
2661 3399 2904 3471 Spiritus
2934 3401 3163 3456 Domini
3198 3403 3379 3457 malus
3403 3401 3466 3464 ’9,
3503 3421 3526 3452 ο
3563 3398 3680 3472 quod

449 3487 600 3554 boni,
633 3487 730 3543 sed
760 3487 932 3542 etiam
973 3487 1141 3560 justis
1178 3487 1404 3560 judiciis
1449 3489 1571 3560 ejus
1614 3489 1960 3545 famulantur
1991 3495 2050 3546 et
2130 3487 2384 3543 diabolus
2423 3494 2481 3543 et
2515 3491 2750 3558 spiritus
2779 3491 3008 3544 Domini
3027 3495 3134 3557 est,
3181 3509 3284 3562 pro
3321 3509 3386 3546 ea
3426 3490 3559 3562 quod
3587 3490 3681 3558 ejus

451 3576 604 3631 mali.
637 3578 906 3644 Sinistra,
939 3576 1161 3649 reprobi
1189 3579 1462 3644 homines,
1505 3583 1569 3633 ut
1607 3578 1664 3632 in
1699 3579 1996 3650 Evangelia
2029 3599 2040 3635 :
2122 3577 2339 3650 judicio
2357 3577 2548 3643 servit,
2579 3582 2636 3632 et
2658 3581 2842 3632 malus
2860 3594 2920 3631 ιη
2947 3594 3014 3632 eo
3029 3579 3180 3649 quod
3202 3579 3262 3634 in
3284 3580 3554 3634 voluntate
3571 3592 3682 3630 sem-

453 3685 479 3720 α
514 3666 715 3722 Ηωὰοε
741 3671 930 3721 autem
981 3683 1016 3720 a
1054 3666 1298 3721 sinistris
1343 3668 1410 3733 “,
1461 3687 1486 3720 ι)
1533 3669 1678 3739 quod
1727 3674 2046 3740 peccatores
2126 3684 2228 3740 per
2249 3666 2524 3722 malitiam
2555 3666 2744 3720 habet.
2793 3668 3058 3735 Spiritus,
3099 3674 3306 3724 ventus
3346 3669 3502 3734 aeris,
3546 3673 3600 3722 ut
3635 3664 3680 3718 in

452 3755 864 3827 quodammodo
909 3755 1139 3811 sinistra
1194 3773 1324 3828 pars
1365 3762 1550 3823 erunt,
1601 3757 1747 3829 quod
1794 3757 2046 3814 damnati
2128 3755 2364 3811 Psalmis
2397 3771 2412 3811 :
2457 3774 2485 3808 ε
2525 3757 2595 3810 Et
2637 3755 2870 3827 spiritus
2915 3756 3312 3827 procellarum,
3360 3774 3477 3829 quae
3514 3754 3680 3810 faciunt

451 3849 634 3900 erunt.
2129 3844 2359 3900 verbum
2379 3846 2500 3917 ejus
2529 3845 2596 3911 ⁸ο,
2627 3864 2651 3898 ι)
2684 3845 2742 3900 id
2787 3851 2890 3913 est,
2935 3851 3138 3901 ventus
3181 3847 3543 3919 tempestatis,
3586 3859 3680 3915 qua:

519 3933 934 3990 Scintiltzsunt
945 3934 1700 4006 verbapraedicatomm,utin
1721 3937 2002 3992 Ezechiele
2027 3955 2038 3990 :
2128 3935 2398 3990 obediunt
2421 3934 2698 3990 voluntati
2727 3935 2871 4006 ejus.
2901 3933 3168 4004 Spiritus,
3198 3935 3488 4008 inspiratio
3513 3931 3678 3992 divina.

454 4043 478 4075 ι
504 4023 575 4078 Et
602 4023 854 4079 scintillae
885 4024 1044 4095 quasi
1077 4031 1334 4095 aspectus
1355 4025 1480 4079 aeris
1509 4025 1798 4080 candentis
1830 4026 1894 4092 ‘9,
1932 4046 1954 4077 ι
1987 4026 2044 4081 id
2124 4013 2276 4080 utin
2303 4023 2544 4078 Psalmis
2577 4042 2588 4078 :
2625 4027 2644 4047 ⁶
2683 4043 2708 4074 (ί
2758 4024 2938 4078 Flavit
2977 4023 3214 4096 spiritus
3261 4027 3400 4097 ejus,
3451 4030 3505 4078 et
3541 4024 3682 4077 ﬂuent

448 4116 553 4178 est,
585 4110 755 4166 verba
779 4111 1190 4182 pmdicatianis
1208 4129 1470 4168 accensae.
2124 4130 2284 4185 aqua:
2309 4112 2374 4180 ³¹,
2402 4132 2428 4165 ››
2471 4112 2620 4184 quod
2662 4112 2958 4184 inspiratio
3008 4113 3234 4169 interna
3282 4115 3468 4168 visitat
3498 4128 3602 4177 nos,
3637 4113 3681 4162 et

518 4199 690 4268 Spicea
717 4204 852 4254 sunt
879 4200 1171 4256 sententiae
1189 4216 1360 4255 sacrae
1381 4201 1700 4274 Scripturse,
1725 4208 1787 4258 ut
1809 4202 1867 4258 in
1887 4203 1992 4259 Job
2025 4224 2028 4257 :

2170 4201 2846 4275 currentzcompunctionis
2861 4202 3142 4274 lacrymaa.
3166 4202 3591 4273 Spiritus,timor
3599 4200 3680 4254 Do-

452 4307 476 4338 σ
512 4288 581 4343 Et
607 4287 984 4344 esurientibus
1009 4288 1264 4344 tulerunt
1289 4289 1471 4361 spicas
1491 4289 1555 4358 ¹³,
1579 4309 1605 4344 ι
1632 4292 1780 4362 quod
1797 4293 2040 4347 haeretici
2125 4292 2284 4359 mini,
2304 4291 2441 4347 utin
2458 4290 2617 4346 libris
2638 4291 2855 4362 Regum
2882 4309 2894 4344 :
2924 4310 2952 4345 α
2974 4291 3218 4363 Spiritus
3237 4293 3458 4348 Domini
3468 4288 3676 4362 grandis.

447 4394 477 4432 a
515 4377 672 4434 bonis
701 4377 1158 4450 praedicatoribus
1185 4377 1414 4433 verbum
1451 4379 1576 4434 vitae
1622 4380 1779 4435 avide
1819 4381 2039 4436 deside-
2123 4381 2452 4437 subvertens
2481 4386 2700 4435 montes
2736 4385 2794 4435 et
2819 4383 2841 4403 ⁶
2869 4385 3198 4436 convertens
3220 4387 3410 4453 petras
3425 4380 3485 4446 ³³,
3514 4398 3539 4433 ι
3559 4375 3676 4450 quod

445 4466 701 4524 rentibus
728 4484 917 4522 sacras
963 4467 1272 4522 sententias
1300 4468 1520 4522 auferre
1563 4469 1810 4524 student.
1848 4469 2036 4540 Spicaz,
2057 4470 2106 4529 D
2122 4471 2295 4526 timor
2306 4470 2530 4526 Domini
2556 4486 2780 4526 omnem
2805 4469 2862 4524 in
2885 4469 3046 4524 nobis
3066 4470 3424 4526 altitudinem
3437 4468 3678 4540 dejicit,et

445 4573 618 4629 opera
630 4556 795 4622 bona,
819 4563 884 4612 ut
910 4557 970 4612 in
999 4556 1156 4612 libris
1177 4557 1456 4628 Regumzc
1477 4560 1842 4614 Assumentes
1861 4561 2043 4631 spicas
2123 4560 2390 4615 duritiam
2421 4559 2724 4631 liquefacit.
2754 4557 3020 4629 Spiritus,
3054 4559 3230 4614 robur
3260 4559 3514 4621 hominis,
3551 4563 3606 4612 ut
3634 4554 3676 4608 in

445 4645 687 4701 latenter
713 4652 1112 4718 percusserunt
1149 4663 1279 4702 eum
1325 4647 1385 4702 in
1432 4647 1661 4718 inguine
1708 4648 1772 4714 ¹⁴,
1819 4669 1841 4696 n
1895 4650 2041 4720 quod
2123 4649 2401 4705 Psalmis:
2433 4648 2714 4704 «Auferes
2738 4647 3004 4720 spiritum
3025 4664 3244 4716 eorum,
3269 4656 3329 4704 et
3347 4643 3676 4708 deficient”;

444 4733 677 4805 maligni
705 4735 937 4808 spiritus
969 4737 1277 4808 negligenti
1296 4736 1527 4792 cuilibet
1554 4736 1700 4792 bona
1727 4754 1851 4810 quae
1871 4738 2044 4794 habet
2123 4739 2179 4795 id
2225 4745 2328 4807 est,
2373 4739 2667 4811 permittes
2709 4736 2993 4792 debilitari
3040 4738 3214 4794 robur
3251 4755 3459 4804 eorum,
3505 4744 3556 4791 et
3587 4747 3675 4789 non

443 4839 615 4894 opera
641 4824 922 4893 auferunt,
970 4830 1028 4880 et
1074 4843 1204 4881 eum
1251 4826 1438 4882 carnis
1485 4826 1854 4882 delectatione
1903 4827 2041 4883 occi-
2124 4829 2447 4885 subsistant.
2480 4828 2748 4898 Spiritus,
2781 4825 3044 4899 superbia
3076 4827 3342 4896 hominis,
3389 4833 3450 4882 ut
3479 4826 3529 4881 in
3551 4822 3670 4879 Job:

440 4913 602 4970 dunt.
625 4914 796 4985 Spicz
813 4914 948 4970 anni
968 4921 1132 4970 erant
1151 4915 1476 4983 fertilitatis,
1501 4915 1772 4988 quierant
1786 4923 2038 4990 tempore
2126 4939 2148 4970 ι
2186 4918 2437 4984 Quarum
2483 4916 2800 4987 indignatio
2838 4915 3014 4970 ebibit
3051 4915 3314 4988 spiritum
3348 4931 3524 4971 meum
3561 4911 3614 4978 ³⁴,
3647 4926 3672 4963 ιι

438 5004 665 5076 Joseph,
682 5009 747 5059 ut
763 5003 822 5059 in
842 5003 1045 5059 Genesi
1075 5023 1087 5059 :
1113 5025 1136 5056 ι
1165 5005 1389 5076 Septem
1425 5005 1608 5076 spicas,
1637 5011 1854 5078 septem
1877 5006 2039 5062 uber-
2121 5008 2270 5080 quod
2307 5023 2534 5062 omnem
2561 5007 2620 5061 in
2653 5003 2814 5060 nobis
2854 5004 3044 5059 divina
3090 5004 3318 5061 afﬂictio
3350 5005 3580 5059 destruet
3611 4999 3672 5052 fs-

437 5093 574 5150 tatis
599 5093 736 5150 anni
765 5099 899 5149 sunt
928 5093 991 5147 '5.
1030 5114 1054 5145 ››
2119 5101 2290 5152 stum.
2318 5098 2424 5152 Per
2441 5098 2706 5166 spiritum
2723 5093 2931 5168 quique
2943 5095 3356 5168 spirituales,ut
3379 5094 3428 5147 in
3452 5088 3665 5148 Psalmis:

506 5273 524 5306 ¹
551 5269 654 5325 Job
680 5284 838 5335 XXIII,
881 5269 962 5326 1‘2.
1009 5269 1032 5303 ²
1071 5270 1220 5324 Psal.
1248 5268 1338 5336 34,
1381 5269 1459 5325 13.
1494 5270 1643 5326 3Job
1672 5285 1784 5336 XIV,
1820 5268 1910 5328 27.
1952 5270 1975 5304 ⁴
2005 5271 2016 5324 1

2148 5271 2176 5324 l.
2209 5285 2287 5336 Iv,
2327 5268 2379 5336 6,
2409 5269 2464 5326 7.
2504 5269 2528 5304 ⁵
2555 5269 2688 5324 Luc.
2735 5288 2847 5338 XVI,
2882 5273 2934 5330 2.
2974 5274 2999 5308 ο
3027 5275 3185 5330 Prov.
3220 5289 3298 5339 ιιι,
3340 5273 3418 5331 16.
3449 5273 3470 5309 ⁷
3495 5270 3658 5328 Matth.

435 5355 510 5413 vI,
538 5341 641 5413 3.78
671 5342 830 5396 Prov.
863 5355 939 5406 ιν,
969 5339 1056 5413 ‘27.
1091 5341 1115 5375 θ
1143 5341 1246 5396 Job
1277 5357 1435 5413 xxni,
1469 5341 1520 5396 9.
1558 5341 1602 5376 ¹⁰
1631 5344 1709 5397 ΙΙΙ
1745 5343 1881 5412 Reg.
1915 5357 1945 5396 ιε

2146 5345 2172 5394 ι.
2208 5341 2247 5376 ¹¹
2280 5342 2478 5413 Matth.
2507 5356 2637 5413 xxv,
2667 5340 2754 5400 3'2.
2791 5345 2836 5380 ¹²
2865 5346 3059 5400 Ezech.
3083 5359 3122 5413 I,
3151 5347 3200 5400 7.
3236 5345 3281 5381 ¹³
3314 5345 3415 5400 Job
3437 5358 3571 5406 xxiv,
3595 5341 3656 5398 10.

438 5412 480 5446 ¹⁴
510 5413 559 5466 ll
585 5412 718 5514 Reg.
755 5427 826 5476 Iv,
862 5413 916 5466 6.
953 5411 996 5446 ¹⁵
1022 5415 1161 5466 (ten.
1199 5427 1306 5478 XLI,
1342 5412 1432 5470 ‘26.
1471 5414 1512 5446 '“
1543 5415 1648 5468 Isa.
1683 5427 1795 5481 XLI,
1821 5411 1908 5469 19.

438 5496 504 5514 νυ
559 5482 621 5514 ΩΟ
703 5483 889 5514 Inuus
946 5499 984 5514 n
1039 5484 1070 5514 ι)
1135 5484 1181 5514 Ἦ
1215 5485 1386 5514 una”.
1435 5500 1532 5514 ν...
1589 5487 1654 5514 ’7.
1691 5486 1837 5514 MA-..
1893 5500 1948 5514 η-

2145 5427 2286 5481 xxxr,
2321 5411 2408 5468 40.
2439 5413 2482 5447 ¹⁸
2504 5412 2650 5465 Psal.
2681 5430 2829 5482 χχχι,
2859 5415 2910 5472 4.
2948 5411 3117 5472 l918a.
3146 5431 3329 5482 XXXIV,
3361 5416 3440 5471 13.
3468 5415 3655 5469 “Prom

2155 5501 2219 5514 ....
2275 5499 2374 5514 ν...
2427 5481 2458 5514 ‘7
2509 5483 2556 5514 23
2584 5485 2756 5514 unm.
2812 5503 2890 5514 ..,.
2942 5487 3004 5514 Ac
3057 5488 3102 5514 cu
3129 5489 3240 5514 τ.--
3293 5503 3344 5514 ...
3406 5486 3458 5514 ιι
3486 5505 3496 5514 .
3532 5485 3637 5514 ῘΑι-ιη

433 5496 522 5551 xv,
552 5482 642 5554 19.
667 5481 714 5554 _"
749 5487 912 5536 Cant.
946 5499 1006 5549 ιι,
1039 5484 1092 5540 ‘2.
1135 5484 1181 5517 ²²
1212 5485 1408 5538 Matth.
1435 5500 1555 5550 xm,
1589 5487 1656 5551 7;
1688 5486 1858 5539 Marc.
1893 5500 1943 5538 Iv

2142 5501 2240 5538 .uc.
2275 5499 2394 5538 vm.
2427 5481 2476 5537 7.
2509 5483 2556 5516 ³³
2584 5485 2778 5540 Matlh.
2812 5481 2909 5554 vn,
2942 5487 3024 5542 l6.
3057 5488 3102 5522 ⁹⁴
3129 5489 3259 5542 an.
3293 5481 3365 5554 vl,
3398 5486 3460 5542 14
3485 5505 3496 5540 :
3523 5485 3652 5540 Joan.

433 5568 507 5621 ιν,
539 5553 628 5611 ‘24.
663 5552 897 5632 ’iJaag.
941 5569 1052 5632 xix,
1087 5555 1174 5612 30.
1221 5555 1610 5632 “Ephesum,
1633 5557 1721 5612 23.
1757 5557 1800 5591 ’7
1847 5559 1870 5612 l
1900 5559 1943 5632 *ς

2141 5571 2204 5632 v,_
2231 5557 2316 5612 15.
2351 5555 2715 5632 “Esaiam,
2751 5552 2918 5632 2|,”
2966 5562 2987 5615 1
3019 5562 3148 5632 Reg.
3184 5574 3297 5626 xvi,
3329 5552 3413 5616 21.
3462 5557 3506 5591 ³ο
3533 5553 3651 5610 Psal.

435 5637 665 5692 CXLVIII,
697 5622 749 5682 8.
778 5623 820 5660 ³¹
853 5625 999 5679 Psal.
1031 5640 1238 5693 cxsvu,
1277 5622 1361 5682 18'.
1391 5625 1438 5663 ³³
1467 5629 1546 5683 lll
1575 5629 1710 5698 Reg.
1743 5643 1856 5697 xxx,
1891 5629 1945 5685 11

1391 5625 1438 5663 ³⁸
1467 5629 1546 5683 Ill
1575 5629 1710 5698 Reg.
1743 5643 1856 5697 xxx,
1891 5629 1976 5685 11.
2006 5627 2053 5663 ³³
2081 5622 2228 5683 Psal.
2262 5641 2382 5696 cm,
2412 5626 2501 5685 29.
2534 5625 2584 5663 ³4
2611 5622 2714 5683 Job
2743 5645 2820 5698 vx,
2842 5630 2895 5684 4.
