3824 6152
235 320 342 378 1057
1099 311 1530 366 ΑΙΛΕὓΟΒῙᾸξΣ
1571 312 1645 366 ΙΝ
1686 313 1761 366 SA

1925 312 1974 367 M
2015 311 2316 368 SCRIPTU
2325 311 2492 367 RAM.
3303 313 3436 374 ’1058

226 467 245 498 ‹
272 443 361 510 Qui
397 441 515 498 fecit
539 437 759 508 angelos
789 451 920 492 suos
947 435 1178 508 spiritus
1208 435 1248 502 ‘,
1283 455 1310 490 »
1343 435 1398 492 id
1423 441 1526 503 est,
1561 434 1758 508 pradi-
1774 435 2102 500 Anaculum
2127 451 2292 492 suum
2321 435 2387 502 ¹⁸,
2422 456 2444 489 ι
2481 437 2628 510 quod
2657 453 2859 512 corpus
2879 439 3020 512 ejus,
3035 440 3094 496 in
3123 439 3274 513 quod
3291 439 3436 496 divi-

219 539 400 590 catores
425 546 545 586 suos
572 527 737 581 efﬁcit
763 525 1104 598 spirituales.
1611 517 1619 529 ’
1840 527 1988 580 nitas
2008 525 2298 593 habitavit,
2331 526 2391 581 in
2418 527 2634 599 virgine
2661 535 2990 601 conceptum
3015 529 3141 584 fuit.
3165 529 3276 598 Sol,
3300 547 3439 603 pra-

276 625 298 647 ¹
321 621 497 690 Sirpus
515 623 595 673 est
623 617 734 670 vita
762 615 1203 688 hypocritarum,
1225 621 1289 671 ut
1304 615 1412 672 inJ
1417 614 1487 670 ob
1507 632 1519 668 :
1548 632 1574 667 α
1599 615 1758 670 Nun-
1839 615 2065 682 dicatio,
2089 620 2155 671 ut
2182 615 2240 670 in
2259 616 2592 689 Apocalypsi
2617 636 2628 672 :
2659 636 2686 670 α
2715 619 2808 675 Sol
2822 617 3002 674 factus
3024 623 3112 674 est
3133 619 3313 691 niger,
3327 619 3438 676 sic-

219 711 327 784 quid
349 709 599 764 virescere
642 710 826 778 potest
854 707 876 729 ⁴¹
906 705 1092 777 sirpus
1139 704 1348 776 absque
1387 705 1628 761 humore
1649 703 1692 770 ⁹,
1731 723 1754 754 ι
1841 709 1906 759 ut
1927 721 2120 761 saccus
2149 705 2404 762 cilicinus
2438 705 2502 774 ¹⁰,
2535 726 2562 759 ι
2586 707 2747 778 .quod
2772 712 2966 762 sancta
2993 707 3313 780 praedicatio
3349 707 3437 765 vel

217 799 338 873 quod
359 814 452 854 nec
477 795 760 868 hypocrita
789 793 1000 850 bonum
1018 811 1159 866 opus
1187 794 1308 850 sine
1332 794 1518 865 gratia
1539 793 1641 849 Dei
1662 809 1758 865 po-
1839 795 1988 866 apud
2018 795 2290 866 quosdam
2311 801 2369 850 et
2380 795 2736 868 despicabilis
2763 796 3023 852 habetur.
3055 797 3168 864 Sol,
3202 797 3440 870 quilibet

215 894 306 945 test
325 885 526 942 habere.
1839 885 2188 956 praedicator,
2230 890 2295 940 ut
2322 884 2380 939 in
2411 885 2514 940 Job
2547 904 2558 940 :
2598 904 2624 939 «
2657 885 2764 950 Qui
2794 886 3046 959 pracipit
3074 887 3198 954 soli,
3241 891 3298 942 et
3323 903 3439 943 non

273 979 456 1034 Sirena:
481 979 610 1030 sunt
637 972 906 1040 haeretici,
938 979 1002 1029 ut
1028 973 1088 1028 in
1118 973 1264 1030 Isaia
1295 991 1309 1026 :
1349 993 1371 1024 α
1406 972 1477 1028 Et
1507 973 1529 996 '
1558 971 1757 1026 sirena
1838 975 2019 1030 oritur
2043 973 2110 1040 ³ο,
2145 993 2174 1027 »
2199 975 2346 1046 quod
2370 976 2526 1046 justo
2541 975 2756 1046 judicio
2780 975 2883 1030 Dei
2906 975 3236 1048 pradicator
3254 977 3440 1032 omnis

213 1067 260 1122 in
281 1064 502 1120 delubris
534 1066 554 1088 ‘
584 1063 882 1134 voluptatis
907 1061 950 1130 ³,
986 1081 1014 1116 ι
1046 1063 1196 1135 quod
1247 1061 1495 1118 haretici
1540 1061 1600 1116 in
1629 1077 1758 1116 con-
1837 1081 1872 1118 a
1903 1064 2097 1119 Judaa
2123 1063 2400 1120 discessit.
2439 1064 2552 1132 Sol,
2571 1063 2870 1136 baptisma,
2895 1071 2960 1120 ut
2987 1065 3047 1120 in
3065 1065 3434 1138 Apocalypsi:

212 1154 460 1211 venticulis
483 1152 727 1208 veritatis
757 1153 798 1207 ‘.
1845 1173 1868 1205 ι
1901 1153 2106 1208 Mulier
2134 1153 2339 1208 amicta
2387 1153 2504 1208 sole
2527 1152 2592 1222 ²¹,
2631 1172 2658 1208 ι
2691 1159 2885 1210 sancta
2912 1155 3172 1210 videlicet
3197 1155 3442 1211 Ecclesia

268 1245 384 1299 Sitis
407 1248 487 1297 est
511 1241 847 1297 desiderium
875 1239 1105 1306 bonum,
1139 1235 1288 1296 ut‘in
1315 1241 1553 1296 Psalmis
1584 1258 1596 1294 :
1635 1257 1660 1293 α
1694 1240 1758 1294 In
1839 1239 2104 1314 baptismi
2126 1247 2366 1312 purgata
2385 1241 3042 1309 inundatione.Sol,ordo
3057 1242 3436 1311 sacerdotalis,

211 1333 285 1387 siti
312 1348 423 1387 mea
448 1336 779 1404 potaverunt
809 1331 922 1402 [me
962 1331 1142 1401 aceto]
1181 1329 1222 1398 ⁴,
1259 1349 1284 1384 n
1321 1330 1376 1385 id
1411 1335 1514 1397 est,
1545 1329 1761 1384 deside-
1842 1336 1906 1386 ut
1925 1331 1982 1385 in
2011 1331 2252 1386 Psalmis
2278 1349 2290 1385 :
2321 1351 2343 1382 ι
2372 1331 2557 1386 Solem
2586 1331 2643 1385 in
2665 1337 3002 1403 potestatem
3020 1331 3132 1387 diei
3151 1329 3218 1399 ¹²,
3245 1354 3265 1381 υ
3291 1331 3440 1404 quod

211 1425 394 1476 mntem
421 1437 504 1476 me
535 1420 778 1474 salutem
807 1435 1004 1474 eorum
1029 1419 1406 1474 amaritudine
1427 1423 1763 1491 potaverunt
1843 1421 2116 1475 Dominus
2133 1437 2326 1492 peram
2349 1420 2752 1476 sacerdotalem
2783 1421 2998 1476 clericis
3017 1421 3303 1492 imposuit.
3324 1418 3437 1488 Sol,

213 1527 283 1565 me
325 1509 603 1582 passionis.
659 1509 816 1576 Sim,
859 1508 1154 1581 cupiditas,
1206 1513 1271 1563 ut
1313 1509 1371 1563 in
1418 1507 1520 1563 Job
1570 1527 1582 1563 :
1635 1527 1662 1562 ‹‹
1697 1509 1765 1564 Et
1847 1508 2082 1581 quilibet
2125 1510 2368 1581 sapiens,
2421 1517 2485 1564 ut
2527 1509 2586 1564 in
2637 1509 3062 1566 Ecclesiastico:
3096 1512 3115 1533 ‘
3152 1534 3168 1559 ι
3205 1509 3441 1582 Sapiens

212 1604 230 1625 '
259 1598 459 1654 exardet
484 1603 680 1654 contra
715 1615 844 1652 eum
874 1597 997 1652 sitis
1024 1599 1066 1666 ⁵,
1103 1619 1126 1650 ι
1163 1598 1312 1670 quod
1341 1598 1577 1670 impium
1604 1599 1761 1670 cupi-
1846 1605 2140 1670 permanet
2162 1605 2226 1654 ut
2249 1599 2329 1653 sol
2358 1597 2423 1664 ³³,
2463 1619 2484 1650 ι
2522 1598 2576 1652 id
2606 1603 2710 1665 est,
2742 1600 2802 1654 in
2843 1599 3095 1654 claritate
3153 1598 3442 1672 sapientia

207 1688 324 1742 ditas
345 1687 513 1758 magis
538 1704 605 1744 ac
646 1688 828 1758 magis
858 1687 1193 1743 inﬂammat.
1845 1705 1960 1744 sua
1979 1693 2318 1760 perseverat.
2352 1687 2828 1756 Sol,charitas,'ut
2848 1689 2905 1743 in
2927 1683 3194 1744 Cantica:
3223 1707 3250 1742 ί(
3281 1687 3442 1754 Quod

262 1776 464 1846 Stipula
487 1781 577 1834 est
607 1777 910 1845 inﬁrmitas
951 1777 1216 1844 hominis,
1245 1781 1312 1832 ut
1353 1777 1413 1832 in
1449 1777 1555 1833 Job
1585 1795 1600 1834 :
1637 1796 1663 1830 ι
1699 1769 1867 1832 EtB'
1897 1777 2180 1832 decoravit
2224 1778 2308 1832 sol
2360 1794 2450 1832 me
2483 1776 2550 1832 ²⁴.
2592 1799 2608 1826 ι
2644 1778 2702 1832 id
2742 1782 2844 1845 est,
2879 1777 3028 1850 quod
3057 1777 3268 1832 afﬂicta
3293 1793 3440 1846 sum,

207 1865 430 1936 stipulam
453 1865 660 1922 siccam
691 1867 1046 1937 persequeris
1071 1866 1114 1935 ⁸,
1149 1885 1176 1920 ι
1199 1866 1256 1920 id
1285 1873 1373 1922 est
1398 1865 1654 1937 fragilem
1682 1867 1765 1922 in-
1843 1867 2088 1922 charitas
2109 1865 2691 1935 meaest.Sol,latitia,
2710 1866 2846 1922 utin
2862 1865 3156 1948 Ρεθιηιίβεα
3170 1867 3280 1921 Per
3293 1865 3443 1922 diem

205 1953 491 2008 ﬁrmitatem
511 1971 699 2009 meam
722 1955 1129 2011 tentationibus
1152 1955 1498 2027 aggrederis.
1516 1955 1758 2025 Stipula,
1845 1956 1928 2010 sol
1942 1972 2055 2010 non
2067 1961 2194 2010 uret
2207 1960 2264 2010 te
2277 1954 2341 2022 ³⁵,
2364 1974 2389 2008 »
2407 1955 2460 2009 id
2475 1961 2562 2010 est
2573 1960 2826 2027 tempore
2839 1954 3229 2028 prosperitatis
3249 1955 3447 2010 latitia

207 2057 336 2096 mens
363 2041 651 2111 instabilis,
678 2047 742 2098 ut
769 2044 830 2098 in
858 2043 1097 2099 Psalmis
1132 2063 1143 2098 :
1183 2067 1205 2091 ιι
1242 2045 1310 2099 Et
1329 2045 1476 2099 sicut
1497 2045 1760 2116 stipulam
1847 2061 1959 2100 non
1971 2043 2410 2112 extollette.Sol,
2426 2043 2679 2099 sublimis
2698 2044 2757 2097 in
2770 2044 3034 2110 Ecclesia,
3054 2048 3119 2098 ut
3146 2043 3206 2098 in
3225 2045 3444 2116 Apoca-

203 2137 311 2186 ante
371 2131 558 2186 iaciem
617 2133 769 2187 venti
797 2133 838 2200 7,
872 2151 899 2186 )›
947 2134 1098 2204 quod
1145 2138 1392 2190 mentem
1447 2124 1765 2189 instabilem
1847 2134 2028 2206 lvpsi:
2059 2154 2082 2186 ι
2113 2133 2362 2205 Angelus
2389 2133 2584 2188 eﬂ'udit
2610 2132 2858 2204 phialam
2897 2149 3058 2187 suam
3081 2133 3141 2188 in
3171 2133 3290 2188 sole
3313 2131 3380 2199 ”,
3413 2149 3442 2186 ι

204 2220 343 2275 ﬂatus
368 2221 470 2275 huc
494 2221 746 2294 illucque
771 2223 1099 2278 tentationis
1125 2222 1384 2294 impellit.
1419 2223 1663 2292 Stt‘pula,
1683 2239 1765 2278 re-
1847 2224 1904 2278 id
1936 2229 2040 2290 est,
2073 2224 2224 2296 ipsos
2254 2222 2508 2278 Ecclesia
2547 2221 2814 2277 sublimes
2859 2221 3089 2276 afflictio
3147 2221 3442 2293 percussit.

203 2309 351 2380 probi,
387 2316 446 2366 ut
468 2311 752 2366 canticum
774 2311 946 2366 Exodi
970 2331 982 2366 :
1021 2328 1048 2366 ι
1079 2312 1214 2376 Qua
1243 2311 1529 2366 devoravit
1555 2329 1650 2366 eos
1665 2313 1767 2367 sic-

203 2403 256 2452 ut
281 2399 526 2470 stipulam
556 2401 607 2467 ⁸,
651 2419 680 2454 ι
710 2401 860 2472 quod
887 2403 908 2425 *
937 2401 1039 2456 Dei
1067 2400 1337 2471 reprobos
1381 2407 1438 2454 et
1468 2401 1654 2456 aridos
1683 2401 1764 2456 le-

207 2503 379 2559 vesque
403 2490 760 2545 condemnat.

265 2578 434 2632 suum
475 2585 558 2633 est
619 2577 854 2650 quilibet
901 2579 1154 2650 simplex,
1207 2587 1271 2634 ut
1324 2580 1382 2634 in
1429 2579 1758 2635 Parabolis:

201 2684 223 2717 ι
248 2665 406 2721 Stillio
435 2667 700 2722 manibus
737 2667 939 2722 nititur
966 2670 1006 2726 θ.
1038 2688 1060 2720 ι
1091 2670 1238 2738 quod
1267 2669 1500 2740 simplex
1531 2668 1768 2741 quilibet

203 2752 333 2810 bonis
352 2756 612 2828 operibus
643 2759 664 2780 ‘
691 2757 963 2812 vincetur.

1845 2419 1973 2458 cum
1995 2402 2236 2474 fulgeret
2251 2401 2318 2468 ’⁷,
2347 2422 2370 2453 ι
2392 2401 2448 2456 id
2469 2406 2573 2466 est,
2607 2417 2708 2472 pro
2731 2399 2986 2454 claritate
3011 2398 3443 2472 contemplatio-

1847 2493 1950 2559 nis,
1984 2491 2134 2547 utin
2161 2491 2530 2564 Apocalypsi:
2559 2509 2586 2544 α
2619 2489 2898 2561 Angelum
2929 2492 3172 2543 stantem
3194 2487 3253 2542 in
3284 2490 3306 2512 θ
3338 2503 3446 2543 οω-

1847 2580 1982 2648 10³⁸,
1998 2581 2091 2636 »ἱά
2128 2586 2232 2648 est,
2258 2581 2406 2652 ipsos
2427 2579 2686 2634 Ecclesia
2705 2577 2992 2644 sublimes,
3031 2597 3054 2628 ι
3081 2581 3140 2632 et
3165 2575 3446 2632 clamabat

1847 2671 2106 2727 omnibus
2137 2669 2350 2736 avibus,
2397 2689 2422 2723 »
2454 2670 2510 2723 id
2539 2675 2642 2734 est,
2674 2667 2799 2723 vide
2829 2667 3115 2722 doctorem
3145 2666 3204 2722 in
3250 2672 3446 2722 sancta

1848 2760 2265 2816 conversatione
2294 2759 2588 2824 viventem,
2604 2765 2662 2812 et
2676 2755 3016 2829 pradicabat
3031 2754 3289 2812 omnibus
3309 2755 3445 2810 viris

257 2843 416 2900 Stilus
455 2852 540 2901 est
593 2845 754 2900 fortis
783 2847 886 2901 Dei
929 2847 1228 2914 sententia,
1263 2855 1326 2901 ut
1356 2848 1417 2902 in
1447 2846 1550 2903 Job
1585 2866 1595 2902 :
1635 2869 1656 2899 ι
1693 2849 1768 2904 Ut
1847 2849 2072 2906 sanctis.
2103 2850 2212 2916 Sol,
2259 2850 2442 2904 fervor
2475 2847 2730 2920 justitia,
2761 2853 2828 2902 ut
2857 2846 2917 2901 in
2949 2846 3152 2901 Genesi
3187 2863 3198 2898 :
3242 2863 3268 2897 α
3301 2843 3445 2899 Cum

196 2940 458 2990 exat-antur
493 2936 552 2990 in
605 2934 749 2991 libro
781 2939 800 2960 '
830 2937 976 3008 ston
1014 2936 1194 2992 ferreo
1231 2935 1296 3005 ¹⁰,
1333 2957 1357 2988 ι
1405 2937 1553 3008 quod
1599 2936 1766 2993 verba
1847 2956 1980 3012 ergo
2022 2938 2377 2994 occubuisset
2421 2939 2524 3005 sol,
2563 2937 2710 2992 facta
2759 2942 2845 2992 est
2880 2935 3059 3007 caligo
3113 2932 3180 3002 υ,
3225 2950 3254 2987 ι
3294 2930 3442 3006 quod

199 3019 276 3076 Dei
319 3023 438 3078 forti
493 3027 626 3097 ejus
673 3027 1011 3080 sententiam
1058 3027 1118 3080 in
1165 3025 1428 3081 cordibus
1454 3026 1765 3097 alligantur
1794 3098 1821 3102 _
1845 3029 2068 3102 quando
2094 3028 2278 3084 fervor
2315 3027 2551 3100 justitia
2587 3026 2777 3082 deficit
2816 3025 2876 3082 in
2923 3028 3131 3090 mente,
3163 3039 3291 3077 mox
3321 3021 3446 3094 ipsa

197 3110 481 3169 electorum.
1783 3098 1826 3163 C
1845 3098 2005 3174 mens
2034 3098 2385 3173 obscuratur.
2415 3115 2510 3170 Sol
2546 3114 2874 3170 tentationis
2903 3113 3076 3180 calor,
3108 3117 3174 3167 ut
3202 3111 3262 3166 in
3290 3109 3444 3166 Levi-

250 3199 399 3257 Sti'lla
425 3208 510 3258 est
539 3203 852 3259 inﬁrmitas
877 3203 1143 3271 hominis,
1162 3208 1228 3258 ut
1265 3204 1324 3259 in
1352 3205 1536 3262 Isaia:
1565 3223 1590 3258 α
1625 3205 1764 3260 Ecce
1843 3207 1993 3263 tico:
2023 3227 2048 3261 α
2071 3207 2213 3263 Cum
2240 3205 2441 3262 laverit
2469 3221 2696 3260 carnem
2717 3219 2878 3259 suam
2898 3217 3064 3274 aqua,
3088 3207 3147 3256 et
3175 3199 3446 3256 occubue-

193 3304 310 3358 gens
340 3292 493 3363 quasi
521 3292 696 3349 stilla
733 3293 915 3349 situla
944 3293 1007 3360 ¹¹,
1044 3313 1070 3347 ))
1100 3293 1249 3366 quod
1268 3293 1329 3348 in
1356 3294 1561 3366 pellem
1583 3293 1654 3349 de
1682 3295 1767 3349 in-
1845 3297 1924 3352 rit
1946 3296 2047 3364 sol,
2065 3302 2202 3352 tunc
2230 3295 2534 3350 mundatus
2560 3297 2814 3348 vescetur
2841 3292 2912 3346 de
2939 3289 3302 3346 sanctiﬁcatis
3319 3287 3386 3356 ⁸ο,
3414 3306 3441 3342 ι

195 3375 426 3434 ﬁrmitate
477 3397 590 3437 sua.
631 3382 800 3436 homo
839 3397 1062 3455 semper
1104 3382 1174 3437 ad
1217 3381 1334 3437 ima
1376 3381 1594 3438 deﬂuit.
1657 3382 1766 3438 Per
1847 3385 1902 3441 id
1923 3390 2026 3452 est,
2049 3401 2178 3440 cum
2201 3383 2559 3438 mundaverit
2585 3386 2744 3437 actus
2773 3397 2904 3436 suos
2927 3379 3152 3435 illicitos
3180 3393 3282 3452 per
3297 3393 3448 3434 com-

194 3469 378 3522 stillam
403 3471 904 3542 pradicatores,ut
922 3471 982 3526 in
1001 3470 1106 3526 Job
1129 3490 1140 3527 :
1167 3489 1194 3523 ι(
1213 3471 1351 3536 Quis
1369 3472 1568 3543 genuit
1585 3471 1764 3527 stillas
1845 3473 2228 3546 punctionem,
2252 3479 2310 3527 et
2337 3470 2600 3526 defecerit
2620 3469 2790 3524 ardor
2816 3466 3164 3532 tentationis,
3187 3473 3324 3522 tunc
3348 3481 3443 3521 ac-

194 3555 316 3610 roris
340 3557 399 3624 ¹²,
436 3578 458 3610 ι
493 3560 651 3631 quod
680 3560 954 3615 Dominus
985 3577 1085 3632 per
1109 3560 1353 3632 gratiam
1368 3577 1531 3616 suam
1553 3561 1764 3633 produ-
1847 3562 2043 3618 cedere
2055 3561 2262 3634 poterit
2272 3559 2341 3614 ad
2354 3563 2710 3614 sacramenta
2724 3554 3447 3622 divina.Sol,tribulatio,ut

1847 2311 1960 2379 Sol,
1993 2313 2411 2384 contemplatio,
2445 2317 2510 2366 ut
2536 2311 2595 2366 in
2625 2311 2730 2367 Job
2764 2331 2776 2366 :
2807 2330 2834 2365 α
2860 2311 2918 2366 Si
2957 2311 3203 2366 viderem
3244 2310 3442 2379 solem,
3543 2382 3546 2385 ‘

193 3643 256 3698 cit
275 3647 513 3704 veritatis
543 3653 568 3676 '
603 3648 1053 3721 pradicationes.

254 3735 543 3794 Stiuicidia
569 3742 708 3794 sunt
731 3738 944 3805 ﬁdeles,
963 3743 1028 3794 ut
1045 3738 1104 3793 in
1127 3737 1364 3794 Psalmis
1389 3757 1400 3792 :
1426 3757 1452 3792 (ι
1472 3739 1538 3794 In
1559 3737 1772 3794 stillici-

199 3821 289 3878 diis
307 3827 420 3897 ejus
443 3826 731 3882 latabitur
755 3827 1086 3899 germinans
1110 3828 1175 3894 *3,
1203 3847 1226 3880 ι
1253 3827 1402 3900 quod
1429 3827 1488 3882 in
1505 3843 1770 3899 augmen-

199 3917 248 3966 to
271 3914 507 3972 fidelium
533 3933 770 3973 suorum
789 3923 986 3973 sancta
1014 3917 1260 3972 Ecclesia
1284 3916 1516 3988 gaudet.

255 4004 443 4060 Socrus
471 4013 560 4062 est
588 4007 909 4078 Synagoga,
937 4013 1005 4062 ut
1032 4003 1092 4062 in
1120 4005 1420 4078 Evangelia
1458 4024 1469 4059 :
1513 4027 1536 4058 ι
1568 4008 1770 4064 Socrus

195 4087 245 4143 in
269 4107 463 4148 nurum
491 4111 658 4150 suam
679 4095 738 4147 ¹·¹.
756 4113 782 4147 ι)
809 4095 957 4166 quod
986 4095 1285 4167 Synagoga
1311 4092 1380 4148 ab
1409 4093 1672 4162 Ecclesia,
1715 4103 1772 4152 et

195 4175 414 4236 Ecclesia
437 4183 705 4238 dissentit
733 4201 768 4238 a
796 4185 1112 4255 Synagoga.

255 4267 338 4323 Sol
355 4276 440 4325 est
455 4272 628 4335 Deus,
659 4278 724 4326 ut
749 4273 811 4326 in
827 4271 971 4327 libro
993 4271 1295 4344 Sapientia
1325 4289 1337 4324 :
1373 4289 1396 4323 ‹
1419 4270 1514 4326 Sol
1535 4267 1770 4340 justitia

194 4369 290 4410 non
314 4365 468 4414 ortus
496 4367 586 4416 est
612 4361 772 4416 nobis
793 4361 858 4428 ‘5,
887 4379 908 4412 ι
935 4359 994 4416 id
1017 4365 1122 4428 est,
1149 4377 1251 4416 nec
1267 4377 1368 4432 per
1393 4358 1770 4430 cognitionem

193 4446 440 4513 veritatis,
474 4466 582 4505 nec
611 4467 712 4523 per
739 4467 992 4506 amorem
1035 4449 1260 4505 virtutis
1287 4448 1562 4504 Dominus
1590 4445 1774 4501 illuxit

197 4532 359 4590 nobis.
402 4543 514 4605 .Sol,
579 4546 918 4595 resurrectio
975 4539 1204 4606 Christi,
1248 4542 1314 4593 ut
1366 4537 1424 4592 in
1482 4536 1766 4592 Psalmis:

195 4639 219 4671 «ι
243 4622 403 4680 Ortus
431 4633 520 4683 est
549 4629 654 4695 sol,
672 4635 731 4683 et
747 4629 1070 4701 congregati
1098 4632 1234 4684 sunt
1250 4627 1314 4694 ¹⁶,
1342 4646 1368 4682 »
1393 4626 1450 4681 id
1473 4618 1584 4692 est,
1604 4640 1772 4696 appa-

192 4717 336 4767 rente
364 4718 781 4773 resurrectione
823 4718 1070 4784 Christi,’
1105 4716 1381 4788 discipuli,
1408 4715 1503 4788 qui
1533 4713 1771 4786 dispersi

189 4809 328 4869 sunt,
347 4805 582 4862 adunati
612 4812 763 4862 sunt.
801 4807 915 4874 Sol,
939 4812 1132 4862 sancta
1161 4805 1422 4872 Ecclesia,
1455 4809 1520 4860 ut
1547 4804 1606 4858 in
1625 4804 1772 4858 Can-

1847 3652 1908 3708 in
1926 3649 2257 3722 Evangelio:
2291 3672 2309 3700 ι
2340 3651 2466 3704 Sole
2495 3653 2684 3702 autem
2708 3651 2831 3700 orto
2853 3647 2872 3670 ⁶
2889 3645 3309 3700 aestimaverunt
3323 3641 3390 3710 ³⁸,
3412 3659 3442 3696 ι

1849 3740 1908 3798 id
1944 3744 2049 3806 est,
2079 3737 2458 3794 tribulationis
2503 3737 2704 3792 ardore
2762 3735 3122 3800 fervescente,
3155 3731 3444 3788 laborave-

1853 3836 2004 3886 runt.
2033 3831 2143 3895 Sol,
2191 3827 2484 3884 accumina
2529 3825 2869 3897 sapientum,
2899 3827 2964 3878 ut
2989 3821 3048 3876 in
3085 3819 3190 3877 Job
3219 3839 3232 3875 :
3271 3840 3294 3873 ι
3329 3818 3445 3876 Sub

1853 3921 1974 3993 ipso
1995 3923 2163 3975 erunt
2182 3917 2323 3972 radii
2355 3916 2488 3971 solis
2513 3913 2580 3983 θ’,
2615 3937 2630 3962 ο
2669 3913 2818 3986 quod
2847 3912 3015 3984 ipsos,
3039 3910 3136 3983 qui
3163 3909 3446 3982 sapientes

1854 4026 1973 4065 esse
1997 4009 2274 4069 videntur.
2317 4003 2572 4060 diabolus
2628 4017 3035 4075 nonnunquam
3085 3997 3192 4056 sibi
3217 3997 3444 4054 sufﬁcit.

1853 4100 1964 4166 Sol,
1997 4113 2241 4170 praesens
2269 4101 2514 4167 tempus,
2537 4099 2601 4149 ut
2631 4093 2689 4148 in
2717 4090 2956 4147 Psalmis
2988 4108 3001 4146 :
3038 4109 3064 4142 ‹‹
3096 4089 3242 4145 Ante
3269 4087 3446 4144 solem

1851 4193 2147 4260 permanet
2174 4202 2378 4242 nomen
2408 4185 2530 4256 ejus
2565 4182 2632 4251 ³³,
2670 4202 2694 4235 ››
2738 4180 2888 4254 quod
2919 4179 3038 4252 ipse
3081 4175 3449 4235 immutabilis

1852 4282 1984 4332 ante
2029 4276 2220 4332 omnia
2241 4282 2495 4347 tempora
2523 4271 2648 4328 fuit.
2681 4271 2791 4338 Sol,
2826 4270 3052 4326 claritas
3100 4268 3295 4341 patria
3342 4281 3451 4322 coe-

1853 4366 2026 4432 lestis,
2057 4370 2122 4420 ut
2145 4366 2204 4420 in
2235 4363 2438 4419 Genesi
2466 4383 2478 4417 :
2517 4382 2543 4416 α
2595 4361 2764 4416 Ortus
2793 4364 2879 4414 est
2919 4358 3002 4413 sol
3046 4357 3119 4423 ei,
3149 4360 3449 4428 postquam

1853 4460 2238 4527 transgressus
2267 4459 2355 4508 est
2375 4451 2628 4508 Phanuel
2644 4449 2710 4516 ³⁸,
2743 4468 2770 4502 ››
2803 4447 2952 4519 quod
2981 4450 3280 4518 postquam
3305 4441 3452 4498 desi-

1854 4561 2054 4599 nemus
2071 4544 2260 4598 videre
2279 4545 2457 4598 Deum
2476 4558 2579 4614 per
2593 4540 2780 4606 ﬁdem,
2798 4534 3108 4590 videbimus
3129 4549 3259 4588 eum
3274 4533 3334 4588 in
3351 4547 3450 4604 pa-

1791 4602 1840 4662 D
1853 4632 1962 4688 tria
1977 4633 2188 4688 caelesti
2205 4631 2344 4686 facie
2362 4631 2433 4685 ad
2455 4602 2655 4684 faciem
2681 4647 2692 4682 :
2716 4602 2865 4699 quod
2886 4622 3138 4680 Phanuel
3156 4623 3324 4691 facies
3352 4602 3450 4676 Dei

1855 4723 2276 4794 interpretatur,
2303 4725 2362 4775 et
2387 4719 2645 4790 designat
2667 4717 2855 4772 ﬁdem.

1925 4813 2141 4868 Solium
2163 4816 2248 4864 est
2273 4809 2455 4880 gloria
2483 4807 2643 4880 regni
2656 4805 2916 4871 caelestis,
2936 4808 3002 4859 ut
3029 4803 3090 4858 in
3117 4801 3254 4858 Job:
3284 4820 3308 4854 ι
3339 4799 3450 4866 Qui

191 4889 319 4946 tico:
354 4914 376 4946 ι
412 4895 607 4952 Electa
651 4902 717 4950 ut
743 4896 828 4952 sol
860 4896 922 4963 ‘7,
969 4915 996 4949 ι
1031 4896 1179 4968 quod
1215 4895 1489 4950 Dominus
1517 4893 1761 4948 Ecclesia:

1925 4907 2012 4957 net
2037 4900 2254 4954 vultum
2300 4898 2425 4954 solii
2472 4897 2560 4952 sui
2607 4896 2672 4963 ³⁵,
2714 4895 2772 4950 id
2813 4899 2917 4961 est,
2952 4895 3243 4964 aspectum
3283 4888 3450 4946 nobis

191 4979 434 5040 decoram
464 4986 784 5040 Claritate"!
815 4991 874 5041 et
901 4985 1117 5041 (δίδωσι
1145 4985 1404 5040 decorem
1431 4983 1618 5054 elegit
1659 4981 1770 5048 θοι,
1855 4992 2036 5048 adhuc
2061 4989 2254 5062 gloria
2281 5004 2395 5043 sua
2437 4983 2744 5042 abscondit.
2773 4982 3012 5047 Solium,
3036 4979 3215 5035 sancti
3237 4975 3446 5050 angeli,

194 5069 332 5140 Virgo
361 5074 561 5142 Maria,
595 5081 658 5132 ut
684 5075 744 5130 in
774 5075 1013 5131 Psalmis
1037 5095 1048 5130 :
1091 5094 1112 5126 ι
1145 5075 1212 5130 In
1235 5074 1352 5130 sole
1379 5072 1568 5146 posuit
1593 5069 1761 5127 tabes

1945 5081 2004 5136 in
2031 5079 2169 5135 Job:
2200 5096 2228 5132 ί(
2259 5079 2329 5134 Et
2355 5076 2572 5132 veniam
2603 5089 2780 5146 usque
2803 5071 2873 5128 ad
2891 5070 3093 5126 solium
3113 5069 3236 5142 ejus
3251 5066 3318 5138 ³⁸,
3347 5085 3370 5119 ι
3387 5064 3447 5122 id

254 5265 271 5297 ¹
301 5265 446 5340 Psal.
475 5281 599 5340 αιιι,
630 5269 684 5324 4.
717 5269 740 5304 ²
767 5269 870 5326 Job
897 5283 1019 5337 vni,
1042 5270 1132 5326 11.
1156 5269 1179 5305 ³
1200 5271 1308 5326 Isa.
1330 5285 1453 5340 xm,
1484 5268 1575 5328 22.
1597 5269 1624 5305 ⁴
1650 5269 1761 5324 Psa‘

1925 5277 2027 5340 an.
2049 5261 2141 5320 22-
2172 5260 2196 5294 ⁵
2220 5257 2336 5340 10.".
2353 5270 2510 5340 xli":
2535 5253 2587 5340 εὶ·
2612 5247 3034 5340 δίπρέἒιιὲμίῆ.
3049 5247 3188 5340 15?:
3210 5259 3440 5340 LEFXE‘P

194 5332 271 5408 μ.
302 5317 684 5396 ῖέἓοὲξῗςνῗ
702 5317 866 5397 17ἶ’δ
891 5317 1072 5398 ιὸἓῦἶιῗ
1088 5317 1182 5408 Six,
1200 5317 1308 5400 ’Ξὲξ
1331 5317 1602 5399 ἽδἨόὗ.
1636 5317 1761 5405 ἑιὲῖ

1931 5317 2112 5408 “dies;
2140 5329 2360 5408 λακίδι
2403 5327 2450 5362 ¹²
2479 5317 2582 5408 1'9b
2598 5337 2838 5408 ,ξκξνηιν
2863 5317 2955 5408 28·
2989 5317 3445 5408 ἷίΡεεὶχΞνεέΞ·

195 5403 376 5496 ειμι..
407 5385 630 5496 εξ.
669 5385 1046 5496 fg...
1079 5385 1467 5496 ις’ξεξῖῑεηες
1488 5385 1580 5469 ea:
1612 5412 1658 5448 ιτ
1689 5385 1761 5496 οξ.

1925 5423 1955 5475 ι,
1983 5385 2112 5462 έίῖέ
2139 5385 2287 5460 Psal.
2321 5412 2478 5466 xvm,
2509 5399 2562 5453 5.
2594 5395 2642 5432 ¹⁰
2667 5385 2838 5467 Apoc;
2872 5407 2948 5460 VI,
2984 5389 3071 5446 l2.
3101 5389 3150 5426 ²⁰
3177 5389 3282 5446 Job
3310 5385 3447 5456 Ix,7.

1925 5481 1954 5496 η
1996 5483 2050 5496 Δι
2109 5491 2127 5496 -
2178 5474 2207 5496 ο
2267 5470 2464 5496 9511-..]
2524 5481 2628 5496 ηπυ
2683 5464 2715 5496 ιι
2765 5465 2813 5496 98
2854 5465 2998 5496 Ληιυι
3047 5475 3140 5496 νιη
3186 5459 3223 5496 Ω
3269 5457 3316 5496 ﬂ
3353 5457 3447 5496 In}:

193 5475 232 5508 ,ι
253 5457 641 5554 Aget-Ehrl-
669 5483 718 5519 ”
922 5457 1128 5554 ἀίξειεν,
1153 5457 2089 5554 ﬁééiifiivufFX'EEighi,
2109 5457 2163 5542 ιξ
2177 5474 2232 5554 β.
2267 5472 2314 5508 ’⁵
2339 5457 2654 5554 Psallnpigx,
2836 5457 3158 5554 “XXI:
3347 5457 3452 5554 J‘qb

192 5527 425 5627 riga?
446 5527 692 5627 ἱῖὶίιὶόρ.
725 5527 1687 5627 ἑιῖἱιῖ“εῖ“ὂὲιί’κν,“ἷῆῗέο“ἰὲζῖ
1715 5527 1761 5611 ἐξ

1925 5527 2234 5606 Ἧ-Μείίιῆ.
2265 5557 2387 5610 xm,
2412 5539 2466 5598 6.
2496 5539 2543 5574 3’
2572 5527 2674 5594 Job
2697 5549 2806 5604 LXI,
2836 5527 2925 5593 21'.
2953 5533 2999 5569 ³³
3025 5527 3449 5599 Psal.1.xx1,l7.

194 5616 236 5654 ³*
256 5616 394 5680 Gen.
421 5616 600 5692 xxxn’,
627 5625 788 5683 31.35
812 5616 916 5685 Job
944 5641 1091 5693 xxvi,
1125 5626 1178 5685 9.
1205 5626 1253 5664 ³ο
1271 5616 1375 5685 Job
1399 5641 1556 5695 χχιιι,
1590 5627 1643 5684 3.
