3942 6158
443 274 584 332 1059
1052 269 1112 324 Β.
1156 268 1426 325 ΒΑΒΑΝΙ
1466 268 1695 330 MAURI
1734 268 2000 325 ARGHIE

2119 266 2436 325 MOGUNT.
2476 266 2773 324 OPERUM
2814 264 2992 322 PARS
3030 265 3126 321 Ill.
3564 267 3676 328 l060

442 405 548 469 est,
563 415 665 475 per
682 394 1212 471 contemplationem
1233 395 1554 469 pertingam
1571 412 1752 469 usque
1781 395 1854 451 ad
1873 396 2107 465 ange-A
2126 413 2146 445 ι
2179 393 2260 450 De
2288 393 2619 465 fragmentis
2639 397 2855 465 septem
2882 396 3101 464 sportas
3122 388 3185 457 ⁸⁷,
3207 408 3230 441 ι
3256 389 3402 462 quod
3412 389 3680 464 Scriptura

440 490 547 553 los,
582 489 644 545 in
681 487 884 560 quibus
916 484 1037 559 ipse
1077 490 1296 556 regnat.
1331 483 1570 554 Solium,
1598 485 1852 558 angelica
1878 483 2048 539 simul
2129 500 2301 539 sacrae
2329 482 2546 539 deliciis
2578 483 2973 556 praedicatores
3015 479 3325 553 septiformi
3367 478 3567 553 Spiritu
3588 482 3680 541 im-

441 583 500 636 et
524 578 774 634 humana
801 579 1025 641 natura,
1043 580 1109 630 ut
1134 574 1194 629 in
1217 573 1396 630 Isaia:
1429 596 1451 628 ι
1478 575 1607 630 Vidi
1639 575 1944 632 Dominum
1962 589 2048 629 se-
2127 573 2374 645 plentur.

442 666 670 725 dentem
716 681 887 738 super
932 663 1139 721 solium
1181 663 1461 719 excelsum
1509 670 1568 720 et
1613 665 1893 720 elevatum
1924 663 1969 728 ¹,
2013 680 2040 715 »
2209 661 2364 719 Stolo
2393 667 2481 719 est
2511 679 2642 719 caro
2671 661 2898 728 Christi,
2936 659 3077 716 utin
3104 658 3286 716 Isaia:
3314 679 3339 708 ι
3369 659 3477 716 Iste
3499 659 3682 718 formo-

440 755 593 830 quod
623 755 899 811 Dominus
937 759 997 810 et
1020 753 1224 825 angelo
1243 752 1305 811 in
1329 753 1513 826 prima
1538 752 1886 809 sublimitate
1914 767 2044 825 per—
2125 769 2223 808 sus
2252 752 2313 808 in
2342 753 2489 809 stola
2515 769 2618 809 sua
2645 751 2711 820 ‘3,
2751 772 2774 805 ι
2801 749 2953 824 quod
2979 750 3193 806 nullam
3222 747 3417 806 habuit
3435 751 3685 808 maculam

440 844 713 913 manenti,
743 849 802 901 et
827 842 1046 899 homini
1068 843 1148 898 ad
1172 842 1441 898 amissam
1466 841 1793 917 perChristi
1820 841 2044 897 redem-
2125 841 2338 914 peccati
2368 841 2425 897 in
2476 841 2828 899 humanitate
2865 857 2988 896 sua.
3018 837 3190 906 Stolo,
3232 842 3424 894 sancta
3451 839 3680 909 Ecclesia,

440 934 693 1009 ptionem
723 937 928 1000 erecta,
971 948 1074 1005 per
1099 931 1446 988 intellectum
1484 932 1767 1004 praesidet.
1802 931 2042 997 Solium,
2125 934 2193 986 ut
2218 929 2279 986 in
2306 930 2512 988 Genesi
2537 950 2550 986 :
2588 950 2614 984 (‹
2646 929 2880 986 Lavabit
2921 929 2982 984 in
3010 928 3137 984 vino
3176 927 3380 984 stolam
3406 944 3556 985 suam
3575 929 3632 997 υ,
3654 948 3680 984 ι

439 1028 637 1081 sancta
665 1021 984 1079 sublimitas
1014 1021 1240 1090 mentis,
1273 1027 1338 1077 ut
1365 1021 1424 1076 in
1448 1020 1552 1077 Job
1585 1041 1597 1076 :
1638 1041 1664 1074 (ι
1703 1021 1774 1077 Et
1802 1037 1965 1093 reges
1983 1019 2044 1074 in
2124 1019 2184 1076 id
2212 1025 2319 1088 est,
2358 1019 2635 1094 passionis
2677 1037 2793 1076 suae.
2833 1023 3186 1075 sacramento
3235 1015 3491 1090 purgabit
3530 1017 3685 1074 Eccle-

441 1111 582 1168 solio
610 1109 905 1179 collocat’,
943 1129 968 1163 ι
1003 1109 1152 1182 quod
1178 1109 1384 1166 electos
1403 1126 1535 1166 suos
1557 1109 1769 1165 illicitis
1797 1107 2044 1165 motibus
2124 1109 2266 1165 siam
2297 1125 2479 1166 suam.
2521 1110 2698 1181 Stolo,
2728 1107 2907 1165 virtus
2951 1106 3305 1175 innocentiae,
3338 1111 3402 1162 ut
3438 1106 3496 1163 in
3537 1107 3684 1165 Evan-

439 1200 559 1258 suis
580 1204 606 1228 θ
627 1200 1008 1272 intelligenter
1028 1199 1374 1266 resistentes,
1392 1199 1463 1255 ad
1480 1216 1746 1272 magnam
1772 1199 1833 1254 in
1855 1202 2044 1254 mente
2123 1198 2271 1270 gelio
2293 1217 2305 1254 :
2329 1218 2355 1252 (ι
2387 1199 2513 1255 Cito
2532 1200 2778 1272 proferte
2791 1197 2997 1255 stolam
3016 1197 3147 1271 ipsi,
3164 1195 3448 1253 etinduite
3461 1195 3641 1264 eum”,
3657 1216 3680 1253 ι

441 1288 712 1347 Dominus
739 1287 1099 1345 altitudinem
1136 1289 1452 1344 sanctitatis
1497 1288 1769 1361 perducit.
1801 1289 2040 1356 Solium,
2128 1287 2183 1343 id
2239 1294 2345 1358 est,
2402 1289 2608 1345 virtute
2672 1287 3025 1356 innocentiae,
3076 1303 3251 1360 quam
3306 1287 3456 1359 prius
3497 1285 3680 1353 habuit,

438 1378 601 1436 sedes
658 1377 894 1445 consilii,
928 1383 993 1434 ut
1034 1379 1094 1433 in
1149 1378 1298 1434 Isaia
1351 1421 1362 1435 .
1427 1396 1453 1430 α
1507 1377 1631 1433 Νοη
1678 1378 1885 1434 solium
1920 1375 2048 1432 lilia:
2128 1382 2392 1434 coronato
2421 1394 2570 1434 eum.
2603 1379 2776 1442 Slola,
2799 1377 3071 1450 gaudium
3100 1392 3333 1441 novum,
3361 1381 3427 1431 ut
3452 1375 3508 1431 in
3538 1375 3686 1431 Evan-

441 1467 832 1525 Chaldaearum
868 1467 912 1535 ³,
949 1486 972 1519 ι
1027 1467 1174 1539 quod
1227 1466 1449 1540 reprobi
1506 1480 1708 1523 sanum
1750 1465 2048 1522 consilium
2127 1466 2277 1538 gelio
2306 1487 2317 1521 :
2353 1489 2376 1517 α
2413 1467 2711 1523 Sedentem
2733 1467 2791 1523 in
2822 1466 3052 1532 dextris,
3081 1470 3410 1537 coopertum
3432 1464 3688 1522 stolacan-

439 1574 554 1617 non
575 1555 838 1613 habeant.
864 1555 1357 1624 Solium,altitudo
1382 1556 1685 1620 mundana,
1707 1563 1774 1613 ut
1791 1557 1848 1611 in
1868 1556 2040 1611 Jana:
2129 1555 2280 1623 dida,
2313 1561 2371 1611 et
2398 1555 2810 1629 obstupuerunt
2833 1555 2899 1623 ³⁸,
2930 1576 2952 1608 ι
2985 1559 3005 1579 '
3028 1561 3086 1610 et
3103 1559 3375 1611 aeternam
3401 1553 3567 1610 nostri
3591 1554 3689 1610 Sal-

445 1668 467 1698 ι
501 1646 759 1703 Surrexit
804 1662 907 1701 rex
954 1644 1025 1700 de
1066 1645 1208 1700 solio
1255 1646 1413 1716 regni
1462 1645 1549 1702 sui
1580 1645 1621 1712 ⁴,
1670 1665 1698 1698 ι»
1750 1645 1901 1718 quod
1942 1643 2048 1716 ipsi
2130 1648 2336 1703 vatoris
2362 1645 2648 1717 vitamque
2673 1661 2877 1701 novam
2916 1643 3173 1700 laetitiam
3202 1647 3453 1700 nostram
3498 1642 3688 1699 nuuh'a-

439 1735 650 1791 summi
690 1733 999 1806 Principes,
1032 1733 1257 1806 cognita
1286 1733 1536 1788 veritate.
1579 1733 1650 1789 ad
1702 1728 2109 1806 pmdicatio-B
2129 1734 2224 1789 vit.
2266 1735 2376 1790 Per
2421 1739 2615 1791 stolam
2647 1734 2829 1807 gloria
2855 1734 3116 1801 caelestis,
3153 1738 3220 1789 ut
3248 1733 3308 1789 in
3342 1733 3647 1806 Apocalypsi
3674 1753 3683 1788 :

444 1840 576 1880 nem
612 1823 825 1880 Christi
871 1839 973 1897 per
1009 1823 1399 1896 paenitentiam
1430 1823 1501 1878 ad
1532 1822 1700 1878 fidem
1728 1839 1787 1878 se
1814 1821 2046 1878 inclina-
2133 1843 2156 1875 ι
2188 1823 2258 1879 Et
2311 1823 2458 1880 datae
2485 1829 2622 1880 sunt
2657 1823 2768 1881 illis
2799 1823 3035 1896 singulae
3071 1823 3231 1880 stalte
3258 1821 3399 1879 albas
3419 1820 3488 1890 ”,
3518 1840 3542 1875 ο
3566 1821 3690 1895 quod

448 1919 666 1970 verunt.
2128 1912 2309 1968 sancti
2333 1930 2370 1968 a
2392 1912 2720 1986 corporibus
2748 1913 2902 1969 exuti
2930 1912 3187 1984 singulas
3214 1911 3272 1966 in
3303 1909 3495 1967 laetitia
3515 1911 3696 1967 anima-

517 2002 770 2058 Solitudo
810 2007 898 2058 est
946 2001 1254 2074 gentilitas,
1281 2004 1348 2056 ut
1388 2001 1446 2056 in
1483 2000 1632 2056 Isaia
1673 2017 1684 2052 :
1734 2018 1760 2052 «
1803 1997 1960 2055 Dabo
1987 1998 2047 2054 in
2130 2019 2258 2058 rum
2276 2003 2400 2075 jam
2429 2003 2602 2059 stolas
2632 2006 3022 2075 perceperunt.
3050 2003 3162 2058 Per
3179 2004 3348 2057 stolas
3375 1998 3692 2072 operabana,

445 2090 750 2147 solitudine
789 2090 1019 2146 cedrum
1049 2096 1108 2146 et
1135 2088 1356 2162 spinam
1385 2088 1435 2155 δι
1464 2108 1491 2143 »
1522 2089 1578 2144 id
1617 2093 1724 2157 est,
1755 2105 1963 2162 ponam
1988 2087 2049 2143 in
2130 2097 2196 2147 ut
2214 2091 2273 2147 in
2303 2092 2510 2148 Genesi
2533 2111 2546 2148 :
2572 2114 2593 2145 ι
2623 2092 2873 2164 Singulis
2892 2107 3116 2164 quoque
3130 2089 3373 2163 proferri
3386 2088 3549 2162 jussit
3561 2086 3695 2145 binas

442 2179 767 2254 gentilitate
817 2179 1278 2252 contemplativas
1334 2184 1392 2234 et
1437 2177 1850 2251 praedicatores.
1909 2175 2050 2234 Soli-
2130 2181 2303 2237 stolas
2321 2180 2386 2250 ³³,
2419 2201 2442 2234 ι
2471 2182 2621 2255 quod
2647 2198 2814 2238 verus
2841 2181 3069 2254 Ioseph,
3100 2179 3379 2236 Dominus
3400 2179 3570 2248 Jesus,
3599 2177 3697 2234 ele—

448 2271 601 2337 tudo,
632 2269 791 2342 quies
817 2269 1042 2337 mentis,
1073 2274 1141 2324 ut
1180 2268 1240 2325 in
1267 2267 1509 2324 Psalmis
1540 2287 1553 2324 :
1590 2286 1618 2322 α
1649 2268 1720 2323 Et
1761 2265 1946 2322 mansi
1992 2259 2078 2321 ini
2133 2269 2236 2326 etis
2267 2271 2385 2327 suis
2412 2270 2694 2344 praecepit,
2711 2276 2777 2327 ut
2794 2269 2975 2327 sancti
2994 2269 3111 2326 sint
3137 2274 3201 2325 et
3217 2284 3451 2341 corpore
3474 2273 3530 2324 et
3554 2266 3696 2340 spiri-

448 2359 754 2416 solitudine
765 2358 809 2428 °,
833 2378 856 2411 ι
898 2358 956 2415 id
990 2363 1096 2426 est,
1130 2357 1477 2431 perseveravi
1507 2357 1568 2413 in
1593 2357 1816 2414 interna
1844 2357 2052 2412 mentis
2131 2365 2213 2416 tu.
2237 2359 2348 2416 Per
2367 2364 2534 2417 stolas
2554 2360 2942 2433 cogitationes,
2963 2364 3032 2416 ut
3049 2359 3111 2415 in
3127 2357 3497 2432 Apocalypsi:
3523 2376 3547 2408 α
3562 2355 3697 2414 Beati

449 2449 663 2524 quiete.
2133 2449 2230 2522 qui
2265 2449 2458 2506 lavant
2488 2450 2660 2506 stolas
2697 2467 2830 2507 suas
2847 2448 2914 2516 ²⁴,
2953 2469 2974 2502 ι
3004 2449 3063 2504 id
3091 2452 3198 2517 est,
3232 2447 3332 2521 qui
3348 2446 3699 2505 mundantco-

517 2537 759 2596 Somnus
789 2542 878 2595 est
918 2553 1072 2594 mars
1117 2536 1321 2606 carnis,
1354 2540 1418 2592 ut
1440 2535 1499 2591 in
1527 2535 1766 2592 Psalmis
1793 2555 1809 2591 :
1844 2554 1871 2588 α
1909 2535 2052 2590 Cum
2130 2538 2432 2610 gitationes
2459 2556 2610 2596 suas.
2640 2540 2750 2596 Per
2777 2542 2944 2596 stolas
2970 2544 3208 2594 ornatus
3245 2537 3572 2594 exteriorum
3594 2550 3698 2591 sen-

442 2625 662 2684 dederit
690 2625 908 2683 dilectis
942 2626 1060 2682 suis
1112 2642 1374 2681 somnum
1412 2624 1452 2692 7,
1491 2647 1514 2674 ο
1548 2624 1607 2681 id
1641 2629 1747 2692 est,
1782 2641 1910 2681 cum
1943 2623 2051 2679 ele-
2132 2645 2318 2696 suum,
2356 2634 2424 2685 ut
2467 2629 2528 2684 in
2571 2629 2775 2685 Genesi
2812 2647 2826 2684 :
2860 2647 2888 2682 ι
2933 2628 3240 2685 Trecentos
3284 2630 3696 2700 argenteum

443 2720 564 2772 etas
605 2731 738 2771 suos
784 2715 1112 2788 perduxerit
1157 2714 1230 2770 ad
1275 2720 1538 2770 mortem.
1585 2713 1843 2781 Somnus,
1891 2713 2051 2786 quies
2131 2717 2292 2776 stolis
2322 2718 2573 2791 quinque
2602 2717 2831 2792 optimis
2874 2716 2940 2785 '5,
2972 2736 3002 2772 ι
3048 2717 3202 2790 quod
3241 2716 3508 2773 Dominus
3548 2713 3696 2770 Paula

444 2803 673 2872 mentis,
721 2808 788 2861 ut
836 2803 895 2859 in
945 2802 1092 2861 Job:
1136 2822 1163 2857 α
1197 2803 1268 2858 Et
1311 2819 1510 2859 somno
1557 2819 1683 2858 meo
1730 2801 2046 2875 requiesce-
2131 2807 2370 2865 contulit
2423 2806 2823 2881 perfectionem
2871 2805 3005 2862 ﬁdei
3062 2809 3276 2862 sancte
3316 2801 3610 2869 Trinitatis,
3648 2806 3698 2857 et

445 2909 567 2950 rem
586 2893 629 2963 ⁸,
668 2917 688 2943 ι
720 2891 781 2949 id
811 2895 915 2959 est,
950 2892 1136 2949 cordis
1163 2893 1275 2949 mei
1313 2893 1503 2966 quiete
1528 2909 1847 2966 pausarem.
1881 2892 2042 2950 Som-
2127 2899 2335 2953 sancta:
2362 2893 2775 2969 predicationis
2793 2910 2924 2951 cum
2941 2892 3229 2950 munditia
3249 2892 3695 2950 exteriorumseu-

446 2999 572 3050 mas,
603 2987 799 3057 torpor
824 2981 1200 3055 negligentiae,
1223 2987 1289 3038 ut
1313 2983 1373 3037 in
1397 2981 1688 3038 Parabolis
1713 3000 1725 3038 :
1757 3000 1784 3036 α
1808 2980 2046 3048 Quando
2074 3053 2104 3057 ᾔ
2126 3001 2315 3041 suum.

444 3070 515 3126 de
543 3053 742 3127 somno
769 3053 1072 3142 consurges
1090 3070 1148 3125 η
1184 3091 1205 3123 ι
1239 3070 1297 3126 id
1325 3076 1430 3138 est,
1465 3070 1690 3144 quando
1717 3069 1788 3126 de
1816 3053 2108 3142 torporec
2199 3072 2423 3144 Scorpio
2451 3077 2540 3130 est
2568 3073 2906 3146 desperatio,
2938 3079 3006 3130 ut
3026 3072 3086 3129 in
3117 3072 3424 3146 Evangelia
3458 3090 3471 3127 :
3503 3090 3528 3123 α
3557 3071 3690 3126 Nun-

446 3158 802 3233 negligentiae
817 3164 875 3215 te
889 3159 1171 3217 excutias?
1195 3162 1215 3184 ‘
1236 3160 1496 3229 Somnus,
1510 3158 2047 3233 quilibethypocrita
2129 3161 2262 3236 quid
2292 3162 2545 3236 porriget
2572 3163 2654 3219 illi
2683 3162 3036 3236 scorpionem
3061 3160 3148 3216 ’3?
3184 3181 3213 3217 θ
3247 3159 3399 3235 quod
3424 3160 3473 3217 si
3494 3162 3514 3184 ⁹
3540 3161 3647 3233 ipse
3666 3172 3695 3212 ι

449 3254 514 3305 ut
540 3248 599 3305 in
625 3246 730 3305 Job
761 3266 774 3303 :
813 3268 845 3303 ι
867 3248 1036 3304 Velut
1065 3250 1085 3273 θ
1113 3265 1376 3306 somnum
1404 3247 1634 3304 avolans
1655 3264 1769 3304 non
1798 3247 2047 3304 invenie-
2156 3251 2272 3308 Deo
2299 3251 2564 3326 petimus,
2598 3268 2713 3309 non
2747 3251 2906 3308 dabit
2930 3250 3086 3309 vobis
3111 3251 3577 3326 desperationem.
3607 3247 3696 3303 Per

446 3343 542 3395 tur
571 3335 636 3407 ⁸ο,
672 3357 696 3390 ι
726 3337 877 3412 quod
898 3337 1198 3412 hypocrita
1237 3336 1297 3395 in
1323 3337 1513 3394 futura
1540 3337 1599 3394 in
1628 3341 1926 3412 conspectu
1951 3337 2046 3408 ju-
2128 3343 2435 3411 scorpiones
2460 3341 2741 3410 doctores,
2756 3347 2823 3398 ut
2840 3341 2903 3399 in
2930 3340 3224 3399 Ezechiele
3253 3361 3265 3396 :
3298 3360 3326 3396 α
3348 3340 3694 3397 Etcumsoar-

449 3425 589 3483 dicis
616 3431 928 3484 evanescet.
2126 3428 2389 3503 pionibus
2417 3428 2639 3487 habitas
2665 3429 2732 3499 '9,
2766 3450 2796 3483 ι)
2828 3430 2887 3486 id
2910 3434 3016 3498 est,
3046 3445 3178 3486 cum
3208 3429 3299 3496 iis,
3328 3429 3426 3502 qui
3452 3432 3593 3484 retro
3611 3425 3694 3482 de-

517 3515 700 3573 Sonus
726 3520 816 3572 est
829 3514 1074 3588 Spiritus
1088 3520 1338 3583 sanctus,
1361 3520 1428 3572 ut
1452 3515 1513 3572 in
1541 3515 1645 3573 Job
1675 3535 1688 3572 :
1725 3535 1751 3570 α
1779 3517 1850 3574 Et
1875 3534 2048 3575 sonus
2127 3523 2354 3591 rogant,
2393 3518 2544 3592 quod
2587 3519 2647 3575 in
2674 3517 3080 3593 posterioribus
3106 3519 3334 3594 scorpio
3351 3518 3591 3575 timetur.
3604 3515 3697 3571 Per

447 3603 520 3661 de
551 3621 648 3663 ore
677 3604 828 3661 illius
853 3605 1160 3678 procedens
1187 3604 1253 3674 η,
1279 3624 1307 3659 ι)
1346 3605 1498 3678 quod
1527 3605 1598 3661 de
1634 3606 1802 3663 Patre
1831 3611 1890 3663 et
1906 3606 2048 3664 Filio
2127 3610 2435 3678 scorpiones
2455 3607 2758 3675 daemones,
2787 3613 2856 3665 ut
2880 3609 2941 3664 in
2963 3607 3271 3680 Evangelia
3302 3627 3316 3664 :
3348 3628 3379 3662 ι
3402 3609 3575 3680 Super
3595 3619 3695 3660 ser-

446 3693 691 3766 Spiritus
721 3699 949 3751 sanctus
987 3693 1259 3768 procedit.
1297 3692 1500 3760 Sanus,
1548 3695 1706 3763 ﬁdes,
1737 3700 1805 3751 ut
1829 3695 1891 3752 in
1919 3696 2050 3751 Ese-
2128 3701 2327 3770 pontes
2355 3702 2416 3753 et
2459 3696 2782 3770 scorpiones
2819 3695 2891 3770 ³³,
2939 3717 2967 3752 »
3019 3697 3079 3753 id
3122 3703 3233 3767 est,
3264 3713 3437 3770 super
3476 3692 3697 3751 homines

442 3781 660 3841 ehiele:
688 3783 711 3807 ⁶
747 3802 772 3836 ι
803 3782 875 3839 Et
917 3781 1293 3851 ambularent,
1344 3787 1412 3838 ut
1455 3799 1629 3839 sonus
1667 3783 2048 3841 multitudinis
2129 3801 2331 3859 pravas
2356 3789 2414 3843 et
2447 3785 2680 3858 spiritus
2708 3784 3006 3858 malignos.

445 3875 570 3931 erat
591 3869 663 3941 ¹⁸,
693 3889 723 3926 ι
760 3871 909 3945 quod
937 3871 1203 3929 euntibus
1250 3871 1309 3927 in
1356 3871 1751 3945 praedicatione
1783 3871 2052 3946 apostolis
2201 3871 2374 3930 Soror
2395 3878 2482 3931 est
2505 3873 2752 3931 Ecclesia
2766 3873 3071 3948 primitiva,
3097 3878 3163 3929 ut
3184 3873 3251 3931 in
3268 3871 3532 3931 Cantica:
3561 3890 3584 3923 ι
3610 3869 3696 3927 So-

419 3959 612 4045 .multi
637 3976 830 4016 veram
849 3959 1018 4016 ﬁdem
1035 3959 1478 4045 plenalibertate
1496 3960 1735 4016 confessi
1755 3964 1906 4018 sunt.
1922 3960 2052 4018 ’.ςσ-
2130 3979 2228 4019 ror
2255 3968 2451 4020 nostra
2473 3980 2648 4036 parva
2674 3968 2781 4031 est,
2815 3969 2875 4019 et
2899 3962 3075 4019 ubera
3098 3979 3217 4019 non
3242 3961 3417 4020 habet
3439 3961 3504 4030 ³⁸,
3526 3981 3552 4016 ι
3571 3955 3695 4033 quod

445 4066 572 4119 nus,
588 4048 836 4121 gemitus
863 4046 1226 4122 poenitentia,
1243 4040 1389 4106 utin'
1409 4049 1514 4106 Job
1547 4069 1560 4104 :
1598 4071 1622 4103 α
1656 4051 1791 4107 Post
1810 4067 1939 4108 eum
1962 4067 2054 4108 ru-
2133 4052 2379 4110 Ecclesia
2406 4052 2692 4126 primitiva
2732 4052 3013 4109 modicam
3040 4053 3101 4108 in
3129 4052 3298 4109 initio
3327 4053 3582 4108 virtutem
3608 4047 3696 4103 lia-

441 4138 563 4211 giet
587 4137 806 4195 sonitus
817 4137 884 4206 1',
916 4156 944 4192 ι
980 4139 1036 4194 id
1077 4145 1180 4206 est,
1200 4138 1597 4211 poenitentium
1628 4139 1914 4196 resonabit
1946 4157 2046 4211 ge-
2129 4140 2271 4210 buit,
2313 4147 2371 4197 et
2419 4158 2523 4198 nec
2550 4143 2620 4198 de
2665 4141 2939 4198 charitate
2977 4141 3272 4214 geminata
3299 4141 3554 4198 roborata
3591 4135 3695 4193 fuit.

445 4227 638 4287 mittis.
2129 4230 2317 4301 Soror,
2353 4231 2592 4305 putredo
2623 4231 2833 4300 carnis,
2864 4236 2931 4288 ut
2952 4231 3013 4287 in
3041 4230 3145 4288 Job
3188 4250 3202 4286 ε
3243 4252 3268 4285 ι
3296 4232 3476 4288 Mater
3498 4243 3629 4293 mea,
3650 4229 3697 4280 et

515 4316 705 4388 Spolia
733 4320 870 4373 sunt
915 4314 1138 4387 eloquia
1181 4315 1389 4385 divina,
1422 4322 1488 4373 ut
1522 4318 1581 4372 in
1633 4316 1837 4374 Genesi
1869 4337 1881 4374 :
1921 4339 1944 4371 «
1983 4320 2115 4394 Et“
2132 4337 2293 4376 soror
2318 4338 2448 4377 mea
2472 4321 2751 4378 vermibus
2773 4319 2841 4388 ³ο,
2874 4339 2901 4375 ι
2933 4321 3084 4394 quod
3113 4325 3170 4375 et
3199 4337 3240 4376 a
3260 4319 3550 4394 putredine
3574 4312 3698 4371 veni-

413 4467 425 4476 ,
445 4423 675 4480 vespere
721 4405 932 4462 dividet
978 4405 1159 4478 spolia
1198 4404 1264 4472 ¹⁴,
1311 4423 1339 4460 ι
1371 4405 1427 4460 id
1475 4411 1579 4473 est,
1624 4407 1695 4462 ad
1733 4412 2047 4463 extremum
2070 4404 2274 4479 "mus,
2305 4415 2364 4466 et
2387 4427 2515 4466 cum
2541 4411 2842 4483 putredine
2864 4409 3197 4466 incedimus.

444 4497 616 4553 verba
648 4494 976 4569 praedicabit
1017 4493 1225 4550 divina.
1258 4495 1468 4565 Spolia,
1502 4496 1606 4551 viri
1647 4497 1847 4566 sancti,
1880 4502 1946 4552 ut
1986 4497 2044 4552 in
2198 4501 2220 4523 ⁶
2250 4499 2465 4557 Subula
2489 4505 2578 4555 est
2600 4499 2883 4556 subtilitas
2907 4498 3082 4566 verbi,
3100 4504 3167 4555 ut
3193 4499 3258 4555 in
3287 4497 3473 4555 Exodo
3498 4515 3510 4550 :
3536 4514 3558 4550 ι
3586 4493 3694 4550 Per-

444 4583 720 4642 Psalmis:
762 4604 785 4637 ι
824 4585 896 4640 Et
936 4582 1142 4656 speciei
1187 4583 1387 4640 domus
1428 4585 1676 4640 dividere
1706 4586 1887 4658 spolia
1916 4587 1979 4652 ³⁵,
2013 4605 2039 4639 ι
2126 4587 2333 4645 forabit
2358 4594 2549 4644 autem
2575 4590 2699 4661 ejus
2746 4588 2946 4645 subula
2989 4588 3057 4657 3‘,
3112 4606 3140 4642 ι)
3190 4589 3251 4644 id
3281 4593 3387 4656 est,
3436 4583 3693 4654 transﬁget

446 4674 596 4747 quod
626 4672 884 4728 Ecclesiae
911 4678 1118 4728 sanctae
1155 4672 1258 4728 viri
1277 4674 1457 4729 sancti
1484 4675 1674 4746 plures
1702 4675 1898 4730 modos
1921 4692 2047 4730 san-
2126 4683 2376 4734 mentem
2403 4677 2714 4735 subtilitate
2744 4677 2898 4734 verbi
2925 4677 3119 4733 divini.

445 4761 658 4819 ctitatis
686 4762 1017 4817 sortiuntur.
1057 4761 1269 4831 Spolia,
1307 4768 1647 4835 peccatores,
1681 4768 1748 4818 ut
1775 4763 1835 4819 in
1864 4765 2045 4820 Evan-
2197 4765 2429 4822 Scutum
2450 4773 2538 4823 est
2555 4767 2927 4840 protectio,ut
2943 4767 3004 4822 in
3024 4766 3296 4822 Psalmis:
3320 4787 3346 4819 ι
3382 4761 3690 4823 εωιοδουε

438 4851 629 4927 gelio:
668 4871 692 4905 ι
720 4851 791 4906 Et
816 4850 996 4923 spolia
1032 4852 1155 4923 ejus
1183 4851 1484 4908 distribuet
1504 4852 1568 4921 1°,
1609 4873 1631 4904 ι
1669 4853 1819 4926 quod
1850 4853 2046 4909 Domi-
2126 4856 2429 4913 voluntatis
2456 4861 2569 4912 tuae
2607 4855 2889 4912 coronasti
2915 4872 3017 4910 nos
3047 4855 3114 4910 3’.
3150 4875 3176 4910 ι
3203 4858 3226 4880 θ
3272 4856 3524 4926 Scotum,
3565 4845 3690 4922 judio

441 4959 551 5001 nus
595 4939 802 4998 multas
851 4955 954 5012 per
1001 4939 1317 5012 gratiarum
1364 4958 1598 4997 suarum
1627 4942 1777 4998 dona
1804 4942 2041 5011 dimisit,
2126 4944 2293 5013 cium,
2323 4950 2390 5001 ut
2415 4945 2477 5002 in
2503 4945 2750 5002 Jeremia
2778 4964 2790 5001 :
2828 4963 2856 4998 «
2886 4944 2972 5000 Da
3008 4943 3112 5014 eis,
3138 4944 3396 5011 Domine,
3422 4945 3444 4970 ‘
3470 4940 3688 4997 dolorem

444 5049 586 5109 quos
604 5028 860 5087 diabolus
883 5044 988 5102 per
1011 5029 1223 5101 peccati
1250 5029 1470 5086 lucrum
1499 5030 1812 5103 acquisivit.
2124 5033 2331 5102 cordis,
2354 5039 2577 5091 scutum
2597 5040 2764 5091 tuum
2801 5032 2868 5102 ³³,
2900 5053 2926 5086 »
2957 5033 3015 5089 id
3046 5039 3153 5106 est,
3180 5033 3489 5090 secundum
3498 5031 3687 5104 justum

514 5122 723 5192 Sparta
749 5122 885 5176 sunt
926 5117 1098 5174 corda
1140 5118 1453 5187 doctorum,
1484 5125 1550 5175 ut
1587 5119 1646 5176 in
1689 5119 1990 5192 Evangelia
2023 5141 2037 5178 :
2118 5122 2397 5195 judicium
2418 5129 2583 5181 tuum
2627 5123 2715 5180 fac
2751 5139 2846 5180 eos
2877 5122 3169 5179 tristitiam
3205 5121 3432 5179 habere.
3459 5119 3682 5178 Scotum:

461 5309 469 5318 ι
515 5284 532 5320 ¹
559 5284 668 5340 Isa.
699 5298 778 5350 v1,
806 5282 862 5339 1.
903 5280 928 5318 ²
963 5280 1068 5338 Job
1095 5295 1283 5350 XXXVI,
1316 5279 1372 5338 7.
1419 5281 1444 5318 ³
1471 5281 1581 5338 Isa.
1608 5295 1778 5348 xnvu,
1807 5282 1862 5338 1.
1895 5283 1918 5318 ⁴
1945 5282 2071 5338 Jan.
2104 5294 2188 5350 III,
2221 5279 2275 5340 6.
2311 5282 2336 5317 ⁸
2364 5283 2472 5339 Isa.
2503 5295 2616 5350 xu,
2649 5282 2698 5337 l.
2747 5282 2773 5319 ο
2808 5281 2958 5338 Psal.
2985 5295 3098 5349 Liv,
3133 5279 3187 5340 8.
3212 5280 3236 5316 "
3266 5277 3612 5350 Ρωμωνι,
3634 5266 3680 5328 2ο

443 5352 611 5410 ⁸101).
632 5357 717 5421 ui,
747 5347 834 5410 l3.
860 5353 886 5389 ⁹
915 5354 1078 5423 Prov.
1120 5368 1200 5421 vr,
1229 5347 1284 5410 9.
1316 5351 1364 5389 ¹⁰
1398 5352 1502 5409 Job
1529 5367 1621 5423 xx,
1649 5355 1702 5411 8.
1735 5353 1777 5389 ¹¹
1813 5353 1918 5410 Job
1941 5368 2000 5409 κ]

2120 5367 2151 5422 ῐ,
2176 5347 2240 5408 ⁷2.
2285 5352 2334 5388 ¹²
2362 5354 2556 5410 Ezech.
2589 5347 2630 5423 1,
2659 5353 2751 5409 24.
2784 5353 2830 5390 ¹³
2856 5353 2962 5411 Job
2980 5347 3189 5421 mm,
3218 5350 3366 5423 4._ff
3394 5347 3528 5404 Gen.
3553 5353 3677 5423 qi

446 5408 539 5483 Π.
560 5422 608 5462 ιδ
634 5408 988 5492 rsum,
1026 5422 1110 5482 13.
1139 5408 1212 5460 ’λδ
1237 5408 1374 5480 Luc.
1404 5408 1480 5492 si,
1507 5408 1674 5484 22.3“i
1700 5408 1902 5480 Matth.
1934 5408 2003 5479 xv

2120 5408 2151 5479 νζ
2202 5424 2248 5460 ίο
2278 5408 2403 5481 Ιεαῗ
2433 5408 2681 5492 mm;
2718 5408 2765 5460 i9
2793 5408 2935 5480 Gavi.
2963 5408 3114 5492 eis,
3139 5408 3226 5480 li.
3268 5420 3318 5456 ³ο
3339 5421 3576 5492 Luat}.
3603 5408 3677 5492 2?-

423 5494 488 5573 .”
517 5495 827 5573 Ψῖἓιῖνῖο
857 5493 906 5530 ³³
930 5489 1212 5573 3"”
1238 5495 1331 5573 “-
1362 5494 1411 5531 ’³
1441 5489 1584 5573 G399:
1612 5510 1740 5573 δίεντ
1770 5494 1862 5554 22°
1889 5495 1980 5573 ’λλ

2117 5536 2143 5573 .
2169 5510 2304 5573 κιςῐῐ,
2328 5495 2418 5554 14.
2449 5495 2498 5573 ξε
2529 5489 2670 5573 gen.
2699 5510 2825 5573 ξιν,
2856 5504 2950 5573 2,3.
2972 5489 3178 5573 {Ilua
3207 5508 3243 5549 Χ
3269 5534 3284 5561 ,
3312 5489 3476 5573 12.3."
3509 5489 3674 5544 Exodi.

442 5580 506 5637 ιι,
537 5566 593 5623 ϐ.
614 5562 816 5622 "Luc.
841 5579 898 5634 ι,
920 5560 1010 5624 19'.
1032 5563 1082 5603 ”
1107 5560 1270 5624 Cant.
1302 5580 1424 5637 vm,
1452 5567 1508 5625 8.
1537 5565 1587 5603 ³ο
1607 5560 1873 5636 ,Ιουχγιῃ
1912 5566 1992 5625 14.
2012 5560 2070 5602 ’³⁸
2099 5566 2270 5625 Exod.
2291 5560 2414 5636 "xxx,
2446 5563 2500 5627 6.
2529 5566 2578 5604 ³²
2605 5567 2755 5627 Psal.
2790 5560 2845 5637 v,
2881 5566 2965 5627 13.
2996 5565 3044 5605 ⁸³
3063 5560 3378 5626 Thren.m.
3407 5560 3493 5620 65.
