  <div class='ocr_page' id='page_1' title='image "/cluster/home/n/w/nwhite01/storage/ocr_20150623/112/hvd.32044054759774/536.png"; bbox 0 0 3942 6158; ppageno 0'>
   <div class='ocr_carea' id='block_1_1' title="bbox 267 282 402 338">
    <p class='ocr_par' dir='ltr' id='par_1_1' title="bbox 267 282 402 338">
     <span class='ocr_line' id='line_1_1' title="bbox 267 282 402 338; baseline 0.03 -3"><span class='ocrx_word' id='word_1_1' title='bbox 267 282 402 338; x_wconf 76' lang='lat' dir='ltr'><strong>106i</strong></span> 
     </span>
    </p>
   </div>
   <div class='ocr_carea' id='block_1_2' title="bbox 1203 261 2594 366">
    <p class='ocr_par' dir='ltr' id='par_1_2' title="bbox 1203 261 2594 366">
     <span class='ocr_line' id='line_1_2' title="bbox 1203 261 2594 366; baseline 0.001 -32"><span class='ocrx_word' id='word_1_2' title='bbox 1203 281 1632 336; x_wconf 68' lang='lat' dir='ltr'><strong>ALLEGURl/E</strong></span> <span class='ocrx_word' id='word_1_3' title='bbox 1673 261 1750 336; x_wconf 67' lang='lat' dir='ltr'><strong>1N</strong></span> <span class='ocrx_word' id='word_1_4' title='bbox 1789 280 2076 366; x_wconf 40' lang='lat' dir='ltr'><strong>suetum</strong></span> <span class='ocrx_word' id='word_1_5' title='bbox 2117 282 2594 346; x_wconf 72' lang='lat' dir='ltr'><strong>SCHJPI‘URAM,</strong></span> 
     </span>
    </p>
   </div>
   <div class='ocr_carea' id='block_1_3' title="bbox 3405 284 3543 342">
    <p class='ocr_par' dir='ltr' id='par_1_3' title="bbox 3405 284 3543 342">
     <span class='ocr_line' id='line_1_3' title="bbox 3405 284 3543 342; baseline 0.007 -1"><span class='ocrx_word' id='word_1_6' title='bbox 3405 284 3543 342; x_wconf 79' lang='grc'><strong>1062</strong></span> 
     </span>
    </p>
   </div>
   <div class='ocr_carea' id='block_1_4' title="bbox 268 403 3551 478">
    <p class='ocr_par' dir='ltr' id='par_1_4' title="bbox 268 403 3551 478">
     <span class='ocr_line' id='line_1_4' title="bbox 268 403 3551 478; baseline 0.003 -19"><span class='ocrx_word' id='word_1_7' title='bbox 268 403 510 478; x_wconf 90' lang='lat' dir='ltr'><strong>reprobi,</strong></span> <span class='ocrx_word' id='word_1_8' title='bbox 544 409 608 458; x_wconf 91' lang='lat' dir='ltr'><strong>ut</strong></span> <span class='ocrx_word' id='word_1_9' title='bbox 627 403 826 459; x_wconf 79' lang='lat' dir='ltr'><strong>inJob:</strong></span> <span class='ocrx_word' id='word_1_10' title='bbox 859 426 879 454; x_wconf 81' lang='grc' dir='ltr'>ι</span> <span class='ocrx_word' id='word_1_11' title='bbox 916 406 1130 476; x_wconf 84' lang='lat' dir='ltr'><strong>Corpus</strong></span> <span class='ocrx_word' id='word_1_12' title='bbox 1166 406 1314 462; x_wconf 90' lang='lat' dir='ltr'><strong>illius</strong></span> <span class='ocrx_word' id='word_1_13' title='bbox 1345 409 1504 478; x_wconf 87' lang='lat' dir='ltr'><strong>quasi</strong></span> <span class='ocrx_word' id='word_1_14' title='bbox 1564 415 1721 462; x_wconf 87' lang='lat' dir='ltr'><strong>scuta</strong></span> <span class='ocrx_word' id='word_1_15' title='bbox 1775 407 2201 469; x_wconf 80' lang='lat' dir='ltr'><strong>l‘u-Athionum</strong></span> <span class='ocrx_word' id='word_1_16' title='bbox 2258 409 2321 474; x_wconf 63' lang='lat'><strong>1°,</strong></span> <span class='ocrx_word' id='word_1_17' title='bbox 2375 409 2430 464; x_wconf 99' lang='lat' dir='ltr'><strong>id</strong></span> <span class='ocrx_word' id='word_1_18' title='bbox 2486 417 2590 478; x_wconf 87' lang='lat' dir='ltr'><strong>est,</strong></span> <span class='ocrx_word' id='word_1_19' title='bbox 2641 409 2992 464; x_wconf 86' lang='lat' dir='ltr'><strong>cohabitator</strong></span> <span class='ocrx_word' id='word_1_20' title='bbox 3035 409 3113 464; x_wconf 82' lang='lat' dir='ltr'><strong>fui</strong></span> <span class='ocrx_word' id='word_1_21' title='bbox 3188 407 3438 468; x_wconf 85' lang='lat' dir='ltr'><strong>fidelium</strong></span> <span class='ocrx_word' id='word_1_22' title='bbox 3490 420 3551 469; x_wconf 84' lang='lat' dir='ltr'><strong>et</strong></span> 
     </span>
    </p>
   </div>
   <div class='ocr_carea' id='block_1_5' title="bbox 267 493 1862 568">
    <p class='ocr_par' dir='ltr' id='par_1_5' title="bbox 267 493 1862 568">
     <span class='ocr_line' id='line_1_5' title="bbox 267 493 1862 568; baseline -0.001 -18"><span class='ocrx_word' id='word_1_23' title='bbox 267 494 395 550; x_wconf 82' lang='lat' dir='ltr'><strong>silia</strong></span> <span class='ocrx_word' id='word_1_24' title='bbox 423 495 464 561; x_wconf 87' lang='grc'><strong>¹,</strong></span> <span class='ocrx_word' id='word_1_25' title='bbox 490 512 516 547; x_wconf 69' lang='grc' dir='ltr'><strong>υ</strong></span> <span class='ocrx_word' id='word_1_26' title='bbox 541 494 688 566; x_wconf 87' lang='lat' dir='ltr'>quod</span> <span class='ocrx_word' id='word_1_27' title='bbox 711 493 952 566; x_wconf 83' lang='lat' dir='ltr'><strong>reprobi,</strong></span> <span class='ocrx_word' id='word_1_28' title='bbox 994 494 1087 566; x_wconf 87' lang='lat' dir='ltr'><strong>qui</strong></span> <span class='ocrx_word' id='word_1_29' title='bbox 1116 512 1318 568; x_wconf 87' lang='lat' dir='ltr'><strong>corpus</strong></span> <span class='ocrx_word' id='word_1_30' title='bbox 1337 497 1543 552; x_wconf 89' lang='lat' dir='ltr'><strong>diaboli</strong></span> <span class='ocrx_word' id='word_1_31' title='bbox 1585 503 1720 552; x_wconf 92' lang='lat' dir='ltr'><strong>sunt</strong></span> <span class='ocrx_word' id='word_1_32' title='bbox 1745 499 1766 520; x_wconf 77' lang='grc'><strong><em>⁶</em></strong></span> 
     </span>
    </p>
   </div>
   <div class='ocr_carea' id='block_1_6' title="bbox 266 583 1863 655">
    <p class='ocr_par' dir='ltr' id='par_1_6' title="bbox 266 583 1863 655">
     <span class='ocr_line' id='line_1_6' title="bbox 266 583 1863 655; baseline 0.001 -17"><span class='ocrx_word' id='word_1_33' title='bbox 266 583 493 655; x_wconf 80' lang='lat' dir='ltr'><strong>fragiles</strong></span> <span class='ocrx_word' id='word_1_34' title='bbox 522 588 672 638; x_wconf 89' lang='lat' dir='ltr'><strong>sunt.</strong></span> <span class='ocrx_word' id='word_1_35' title='bbox 699 583 807 638; x_wconf 90' lang='lat' dir='ltr'><strong>Per</strong></span> <span class='ocrx_word' id='word_1_36' title='bbox 832 589 986 637; x_wconf 80' lang='lat' dir='ltr'><strong>scuta</strong></span> <span class='ocrx_word' id='word_1_37' title='bbox 1009 585 1411 653; x_wconf 85' lang='lat' dir='ltr'><strong>excusationes,</strong></span> <span class='ocrx_word' id='word_1_38' title='bbox 1444 586 1863 642; x_wconf 88' lang='lat' dir='ltr'><strong>utinPsalmis:</strong></span> 
     </span>
    </p>
   </div>
   <div class='ocr_carea' id='block_1_7' title="bbox 271 671 1866 748">
    <p class='ocr_par' dir='ltr' id='par_1_7' title="bbox 271 671 1866 748">
     <span class='ocr_line' id='line_1_7' title="bbox 271 671 1866 748; baseline 0.004 -25"><span class='ocrx_word' id='word_1_39' title='bbox 271 691 294 723; x_wconf 74' lang='grc' dir='ltr'>ι</span> <span class='ocrx_word' id='word_1_40' title='bbox 321 671 396 728; x_wconf 86' lang='lat' dir='ltr'><strong>Et</strong></span> <span class='ocrx_word' id='word_1_41' title='bbox 421 678 582 728; x_wconf 87' lang='lat' dir='ltr'><strong>scuta</strong></span> <span class='ocrx_word' id='word_1_42' title='bbox 623 671 915 727; x_wconf 91' lang='lat' dir='ltr'><strong>comburet</strong></span> <span class='ocrx_word' id='word_1_43' title='bbox 939 671 1056 744; x_wconf 85' lang='lat' dir='ltr'><strong>igni</strong></span> <span class='ocrx_word' id='word_1_44' title='bbox 1106 673 1146 740; x_wconf 76' lang='grc'><strong>³,</strong></span> <span class='ocrx_word' id='word_1_45' title='bbox 1187 694 1212 727; x_wconf 84' lang='grc'><strong>››</strong></span> <span class='ocrx_word' id='word_1_46' title='bbox 1245 674 1302 729; x_wconf 90' lang='lat' dir='ltr'>id</span> <span class='ocrx_word' id='word_1_47' title='bbox 1331 681 1433 743; x_wconf 92' lang='lat' dir='ltr'><strong>est,</strong></span> <span class='ocrx_word' id='word_1_48' title='bbox 1477 693 1578 748; x_wconf 87' lang='lat' dir='ltr'><strong>per</strong></span> <span class='ocrx_word' id='word_1_49' title='bbox 1617 692 1866 730; x_wconf 90' lang='lat' dir='ltr'><strong>amorem</strong></span> 
     </span>
    </p>
   </div>
   <div class='ocr_carea' id='block_1_8' title="bbox 266 753 1310 835">
    <p class='ocr_par' dir='ltr' id='par_1_8' title="bbox 266 753 1310 835">
     <span class='ocr_line' id='line_1_8' title="bbox 266 753 1310 835; baseline 0 -17"><span class='ocrx_word' id='word_1_50' title='bbox 266 761 370 818; x_wconf 87' lang='lat' dir='ltr'><strong>Dei</strong></span> <span class='ocrx_word' id='word_1_51' title='bbox 390 762 776 818; x_wconf 82' lang='lat' dir='ltr'><strong>excusationes</strong></span> <span class='ocrx_word' id='word_1_52' title='bbox 791 761 1045 817; x_wconf 85' lang='lat' dir='ltr'><strong>destruet</strong></span> <span class='ocrx_word' id='word_1_53' title='bbox 1061 764 1291 835; x_wconf 81' lang='lat' dir='ltr'><strong>peccati.</strong></span> <span class='ocrx_word' id='word_1_54' title='bbox 1307 753 1310 758; x_wconf 63' lang='grc'><em>’</em></span> 
     </span>
    </p>
   </div>
   <div class='ocr_carea' id='block_1_9' title="bbox 337 842 1869 924">
    <p class='ocr_par' dir='ltr' id='par_1_9' title="bbox 337 842 1869 924">
     <span class='ocr_line' id='line_1_9' title="bbox 337 842 1869 924; baseline 0 -18"><span class='ocrx_word' id='word_1_55' title='bbox 337 849 642 921; x_wconf 82' lang='lat' dir='ltr'><strong>Sculplura</strong></span> <span class='ocrx_word' id='word_1_56' title='bbox 671 842 925 924; x_wconf 82' lang='lat' dir='ltr'><strong>exempla</strong></span> <span class='ocrx_word' id='word_1_57' title='bbox 953 859 1085 908; x_wconf 92' lang='lat' dir='ltr'><strong>sunt</strong></span> <span class='ocrx_word' id='word_1_58' title='bbox 1133 858 1476 921; x_wconf 90' lang='lat' dir='ltr'><strong>sanctorum,</strong></span> <span class='ocrx_word' id='word_1_59' title='bbox 1515 859 1580 908; x_wconf 93' lang='lat' dir='ltr'><strong>ut</strong></span> <span class='ocrx_word' id='word_1_60' title='bbox 1606 853 1665 908; x_wconf 93' lang='lat' dir='ltr'><strong>in</strong></span> <span class='ocrx_word' id='word_1_61' title='bbox 1711 853 1869 908; x_wconf 87' lang='lat' dir='ltr'>libris</span> 
     </span>
    </p>
   </div>
   <div class='ocr_carea' id='block_1_10' title="bbox 272 939 1870 1014">
    <p class='ocr_par' dir='ltr' id='par_1_10' title="bbox 272 939 1870 1014">
     <span class='ocr_line' id='line_1_10' title="bbox 272 939 1870 1014; baseline -0.001 -17"><span class='ocrx_word' id='word_1_62' title='bbox 272 939 500 1012; x_wconf 80' lang='lat' dir='ltr'><strong>Regum</strong></span> <span class='ocrx_word' id='word_1_63' title='bbox 527 958 542 996; x_wconf 90' lang='lat'><strong>:</strong></span> <span class='ocrx_word' id='word_1_64' title='bbox 575 961 597 993; x_wconf 78' lang='grc' dir='ltr'>ι</span> <span class='ocrx_word' id='word_1_65' title='bbox 632 941 703 996; x_wconf 86' lang='lat' dir='ltr'><strong>Et</strong></span> <span class='ocrx_word' id='word_1_66' title='bbox 743 941 1030 1012; x_wconf 89' lang='lat' dir='ltr'><strong>sculptura</strong></span> <span class='ocrx_word' id='word_1_67' title='bbox 1073 958 1244 1014; x_wconf 85' lang='lat' dir='ltr'><strong>super</strong></span> <span class='ocrx_word' id='word_1_68' title='bbox 1274 941 1487 998; x_wconf 90' lang='lat' dir='ltr'><strong>labium</strong></span> <span class='ocrx_word' id='word_1_69' title='bbox 1517 959 1735 998; x_wconf 81' lang='lat' dir='ltr'><strong>aeneum</strong></span> <span class='ocrx_word' id='word_1_70' title='bbox 1766 942 1870 996; x_wconf 92' lang='lat' dir='ltr'><strong>cir-</strong></span> 
     </span>
    </p>
   </div>
   <div class='ocr_carea' id='block_1_11' title="bbox 267 1029 1872 1103">
    <p class='ocr_par' dir='ltr' id='par_1_11' title="bbox 267 1029 1872 1103">
     <span class='ocr_line' id='line_1_11' title="bbox 267 1029 1872 1103; baseline 0 -18"><span class='ocrx_word' id='word_1_71' title='bbox 267 1029 462 1086; x_wconf 86' lang='lat' dir='ltr'><strong>cuibat</strong></span> <span class='ocrx_word' id='word_1_72' title='bbox 481 1029 622 1085; x_wconf 92' lang='lat' dir='ltr'><strong>illud</strong></span> <span class='ocrx_word' id='word_1_73' title='bbox 649 1029 692 1098; x_wconf 78' lang='lat'><strong>3,</strong></span> <span class='ocrx_word' id='word_1_74' title='bbox 727 1049 750 1082; x_wconf 72' lang='grc' dir='ltr'><strong><em>ι</em></strong></span> <span class='ocrx_word' id='word_1_75' title='bbox 781 1030 930 1102; x_wconf 90' lang='lat' dir='ltr'>quod</span> <span class='ocrx_word' id='word_1_76' title='bbox 959 1029 1266 1103; x_wconf 82' lang='lat' dir='ltr'><strong>baptizatos</strong></span> <span class='ocrx_word' id='word_1_77' title='bbox 1323 1049 1452 1087; x_wconf 92' lang='lat' dir='ltr'><strong>cum</strong></span> <span class='ocrx_word' id='word_1_78' title='bbox 1494 1032 1626 1087; x_wconf 84' lang='lat' dir='ltr'><strong>fidei</strong></span> <span class='ocrx_word' id='word_1_79' title='bbox 1662 1031 1872 1088; x_wconf 91' lang='lat' dir='ltr'><strong>confes-</strong></span> 
     </span>
    </p>
   </div>
   <div class='ocr_carea' id='block_1_12' title="bbox 267 1118 1368 1192">
    <p class='ocr_par' dir='ltr' id='par_1_12' title="bbox 267 1118 1368 1192">
     <span class='ocr_line' id='line_1_12' title="bbox 267 1118 1368 1192; baseline 0 -18"><span class='ocrx_word' id='word_1_80' title='bbox 267 1118 429 1175; x_wconf 82' lang='lat' dir='ltr'><strong>sione</strong></span> <span class='ocrx_word' id='word_1_81' title='bbox 443 1119 700 1192; x_wconf 86' lang='lat' dir='ltr'><strong>exempla</strong></span> <span class='ocrx_word' id='word_1_82' title='bbox 727 1125 1048 1174; x_wconf 89' lang='lat' dir='ltr'><strong>sanctorum</strong></span> <span class='ocrx_word' id='word_1_83' title='bbox 1077 1127 1368 1176; x_wconf 84' lang='lat' dir='ltr'><strong>exornant.</strong></span> 
     </span>
    </p>
   </div>
   <div class='ocr_carea' id='block_1_13' title="bbox 338 1225 1876 1294">
    <p class='ocr_par' dir='ltr' id='par_1_13' title="bbox 338 1225 1876 1294">
     <span class='ocr_line' id='line_1_13' title="bbox 338 1225 1876 1294; baseline -0.001 -12"><span class='ocrx_word' id='word_1_84' title='bbox 338 1225 512 1289; x_wconf 76' lang='lat' dir='ltr'><strong>Sudes</strong></span> <span class='ocrx_word' id='word_1_85' title='bbox 531 1231 663 1282; x_wconf 89' lang='lat' dir='ltr'><strong>sunt</strong></span> <span class='ocrx_word' id='word_1_86' title='bbox 691 1226 924 1282; x_wconf 91' lang='lat' dir='ltr'><strong>consilia</strong></span> <span class='ocrx_word' id='word_1_87' title='bbox 959 1233 1302 1294; x_wconf 90' lang='lat' dir='ltr'><strong>sanctorum,</strong></span> <span class='ocrx_word' id='word_1_88' title='bbox 1350 1235 1416 1283; x_wconf 92' lang='lat' dir='ltr'><strong>ut</strong></span> <span class='ocrx_word' id='word_1_89' title='bbox 1440 1229 1498 1282; x_wconf 93' lang='lat' dir='ltr'><strong>in</strong></span> <span class='ocrx_word' id='word_1_90' title='bbox 1533 1227 1638 1283; x_wconf 93' lang='lat' dir='ltr'><strong>Job</strong></span> <span class='ocrx_word' id='word_1_91' title='bbox 1671 1247 1682 1280; x_wconf 91' lang='lat'>:</span> <span class='ocrx_word' id='word_1_92' title='bbox 1741 1247 1764 1278; x_wconf 74' lang='grc' dir='ltr'>ι</span> <span class='ocrx_word' id='word_1_93' title='bbox 1806 1227 1876 1281; x_wconf 90' lang='lat' dir='ltr'><strong>Et</strong></span> 
     </span>
    </p>
   </div>
   <div class='ocr_carea' id='block_1_14' title="bbox 267 1315 1876 1388">
    <p class='ocr_par' dir='ltr' id='par_1_14' title="bbox 267 1315 1876 1388">
     <span class='ocr_line' id='line_1_14' title="bbox 267 1315 1876 1388; baseline -0.002 -16"><span class='ocrx_word' id='word_1_94' title='bbox 267 1317 330 1372; x_wconf 89' lang='lat' dir='ltr'><strong>in</strong></span> <span class='ocrx_word' id='word_1_95' title='bbox 380 1315 614 1372; x_wconf 85' lang='lat' dir='ltr'><strong>sudibus</strong></span> <span class='ocrx_word' id='word_1_96' title='bbox 659 1315 965 1388; x_wconf 89' lang='lat' dir='ltr'><strong>perforabit</strong></span> <span class='ocrx_word' id='word_1_97' title='bbox 1009 1333 1173 1372; x_wconf 89' lang='lat' dir='ltr'><strong>nares</strong></span> <span class='ocrx_word' id='word_1_98' title='bbox 1240 1318 1363 1386; x_wconf 85' lang='lat' dir='ltr'>ejus</span> <span class='ocrx_word' id='word_1_99' title='bbox 1385 1316 1427 1383; x_wconf 75' lang='grc'><strong>⁴,</strong></span> <span class='ocrx_word' id='word_1_100' title='bbox 1493 1337 1514 1368; x_wconf 75' lang='grc' dir='ltr'><strong><em>ι</em></strong></span> <span class='ocrx_word' id='word_1_101' title='bbox 1569 1317 1718 1388; x_wconf 91' lang='lat' dir='ltr'><strong>quod</strong></span> <span class='ocrx_word' id='word_1_102' title='bbox 1776 1331 1876 1387; x_wconf 92' lang='lat' dir='ltr'><strong>per</strong></span> 
     </span>
    </p>
   </div>
   <div class='ocr_carea' id='block_1_15' title="bbox 269 1406 1876 1461">
    <p class='ocr_par' dir='ltr' id='par_1_15' title="bbox 269 1406 1876 1461">
     <span class='ocr_line' id='line_1_15' title="bbox 269 1406 1876 1461; baseline -0.001 0"><span class='ocrx_word' id='word_1_103' title='bbox 269 1411 440 1461; x_wconf 88' lang='lat' dir='ltr'><strong>acuta</strong></span> <span class='ocrx_word' id='word_1_104' title='bbox 479 1410 802 1461; x_wconf 91' lang='lat' dir='ltr'><strong>sanctorum</strong></span> <span class='ocrx_word' id='word_1_105' title='bbox 826 1421 1059 1461; x_wconf 90' lang='lat' dir='ltr'><strong>suorum</strong></span> <span class='ocrx_word' id='word_1_106' title='bbox 1109 1406 1341 1460; x_wconf 88' lang='lat' dir='ltr'><strong>consilia</strong></span> <span class='ocrx_word' id='word_1_107' title='bbox 1374 1406 1645 1461; x_wconf 86' lang='lat' dir='ltr'>Dominus</span> <span class='ocrx_word' id='word_1_108' title='bbox 1688 1421 1876 1460; x_wconf 88' lang='lat' dir='ltr'><strong>versu-</strong></span> 
     </span>
    </p>
   </div>
   <div class='ocr_carea' id='block_1_16' title="bbox 271 1493 1876 1566">
    <p class='ocr_par' dir='ltr' id='par_1_16' title="bbox 271 1493 1876 1566">
     <span class='ocr_line' id='line_1_16' title="bbox 271 1493 1876 1566; baseline -0.002 -16"><span class='ocrx_word' id='word_1_109' title='bbox 271 1493 600 1550; x_wconf 89' lang='lat' dir='ltr'><strong>tiasdiaboli</strong></span> <span class='ocrx_word' id='word_1_110' title='bbox 625 1494 897 1550; x_wconf 83' lang='lat' dir='ltr'><strong>destruet.</strong></span> <span class='ocrx_word' id='word_1_111' title='bbox 931 1493 1120 1560; x_wconf 73' lang='lat' dir='ltr'><strong>Sudes,</strong></span> <span class='ocrx_word' id='word_1_112' title='bbox 1155 1495 1350 1566; x_wconf 87' lang='lat' dir='ltr'><strong>iniqui,</strong></span> <span class='ocrx_word' id='word_1_113' title='bbox 1386 1503 1451 1550; x_wconf 87' lang='lat' dir='ltr'><strong>ut</strong></span> <span class='ocrx_word' id='word_1_114' title='bbox 1479 1495 1538 1549; x_wconf 91' lang='lat' dir='ltr'><strong>in</strong></span> <span class='ocrx_word' id='word_1_115' title='bbox 1585 1494 1728 1549; x_wconf 89' lang='lat' dir='ltr'><strong>libro</strong></span> <span class='ocrx_word' id='word_1_116' title='bbox 1787 1494 1876 1547; x_wconf 85' lang='lat' dir='ltr'><strong>Jo-</strong></span> 
     </span>
    </p>
   </div>
   <div class='ocr_carea' id='block_1_17' title="bbox 271 1583 1874 1655">
    <p class='ocr_par' dir='ltr' id='par_1_17' title="bbox 271 1583 1874 1655">
     <span class='ocr_line' id='line_1_17' title="bbox 271 1583 1874 1655; baseline -0.001 -18"><span class='ocrx_word' id='word_1_117' title='bbox 271 1599 374 1639; x_wconf 88' lang='lat' dir='ltr'><strong>sue</strong></span> <span class='ocrx_word' id='word_1_118' title='bbox 405 1599 420 1639; x_wconf 89' lang='lat'><strong>:</strong></span> <span class='ocrx_word' id='word_1_119' title='bbox 448 1603 470 1636; x_wconf 79' lang='grc' dir='ltr'>ι</span> <span class='ocrx_word' id='word_1_120' title='bbox 501 1583 626 1639; x_wconf 86' lang='lat' dir='ltr'><strong>Sint</strong></span> <span class='ocrx_word' id='word_1_121' title='bbox 648 1583 802 1638; x_wconf 84' lang='lat' dir='ltr'>vobis</span> <span class='ocrx_word' id='word_1_122' title='bbox 830 1584 997 1638; x_wconf 91' lang='lat' dir='ltr'><strong>sudes</strong></span> <span class='ocrx_word' id='word_1_123' title='bbox 1037 1585 1095 1638; x_wconf 94' lang='lat' dir='ltr'><strong>in</strong></span> <span class='ocrx_word' id='word_1_124' title='bbox 1151 1584 1327 1638; x_wconf 86' lang='lat' dir='ltr'><strong>oculis</strong></span> <span class='ocrx_word' id='word_1_125' title='bbox 1356 1585 1555 1639; x_wconf 87' lang='lat' dir='ltr'><strong>vestris</strong></span> <span class='ocrx_word' id='word_1_126' title='bbox 1583 1584 1624 1650; x_wconf 66' lang='lat'><strong>5,</strong></span> <span class='ocrx_word' id='word_1_127' title='bbox 1667 1604 1689 1634; x_wconf 92' lang='lat'><strong>»</strong></span> <span class='ocrx_word' id='word_1_128' title='bbox 1725 1583 1874 1655; x_wconf 87' lang='lat' dir='ltr'><strong>quod</strong></span> 
     </span>
    </p>
   </div>
   <div class='ocr_carea' id='block_1_18' title="bbox 274 1672 1936 1769">
    <p class='ocr_par' dir='ltr' id='par_1_18' title="bbox 274 1672 1936 1769">
     <span class='ocr_line' id='line_1_18' title="bbox 274 1672 1936 1769; baseline -0.002 -39"><span class='ocrx_word' id='word_1_129' title='bbox 274 1673 498 1746; x_wconf 85' lang='lat' dir='ltr'><strong>reprobi</strong></span> <span class='ocrx_word' id='word_1_130' title='bbox 527 1673 844 1728; x_wconf 86' lang='lat' dir='ltr'><strong>claritatem</strong></span> <span class='ocrx_word' id='word_1_131' title='bbox 884 1689 1028 1728; x_wconf 75' lang='lat' dir='ltr'><strong>verae</strong></span> <span class='ocrx_word' id='word_1_132' title='bbox 1073 1673 1214 1728; x_wconf 89' lang='lat' dir='ltr'><strong>lucis</strong></span> <span class='ocrx_word' id='word_1_133' title='bbox 1257 1673 1518 1728; x_wconf 86' lang='lat' dir='ltr'><strong>auferunt</strong></span> <span class='ocrx_word' id='word_1_134' title='bbox 1562 1672 1789 1734; x_wconf 83' lang='lat' dir='ltr'><strong>sanctis,</strong></span> <span class='ocrx_word' id='word_1_135' title='bbox 1825 1674 1872 1726; x_wconf 87' lang='lat' dir='ltr'><strong>si</strong></span> <span class='ocrx_word' id='word_1_136' title='bbox 1891 1712 1936 1769; x_wconf 68' lang='grc' dir='ltr'>υ</span> 
     </span>
    </p>
   </div>
   <div class='ocr_carea' id='block_1_19' title="bbox 278 1762 709 1818">
    <p class='ocr_par' dir='ltr' id='par_1_19' title="bbox 278 1762 709 1818">
     <span class='ocr_line' id='line_1_19' title="bbox 278 1762 709 1818; baseline -0.005 0"><span class='ocrx_word' id='word_1_137' title='bbox 278 1779 376 1818; x_wconf 90' lang='lat' dir='ltr'><strong>eos</strong></span> <span class='ocrx_word' id='word_1_138' title='bbox 393 1762 709 1818; x_wconf 81' lang='lat' dir='ltr'><strong>imitantur.</strong></span> 
     </span>
    </p>
   </div>
   <div class='ocr_carea' id='block_1_20' title="bbox 345 1869 1873 1941">
    <p class='ocr_par' dir='ltr' id='par_1_20' title="bbox 345 1869 1873 1941">
     <span class='ocr_line' id='line_1_20' title="bbox 345 1869 1873 1941; baseline -0.001 -17"><span class='ocrx_word' id='word_1_139' title='bbox 345 1869 704 1940; x_wconf 81' lang='lat' dir='ltr'><strong>Sulphurest</strong></span> <span class='ocrx_word' id='word_1_140' title='bbox 731 1869 875 1924; x_wconf 88' lang='lat' dir='ltr'><strong>fetor</strong></span> <span class='ocrx_word' id='word_1_141' title='bbox 893 1869 1175 1936; x_wconf 87' lang='lat' dir='ltr'><strong>vitiorum,</strong></span> <span class='ocrx_word' id='word_1_142' title='bbox 1213 1869 1460 1925; x_wconf 77' lang='lat' dir='ltr'><strong>utinlob</strong></span> <span class='ocrx_word' id='word_1_143' title='bbox 1492 1887 1502 1922; x_wconf 93' lang='lat'><strong>:</strong></span> <span class='ocrx_word' id='word_1_144' title='bbox 1542 1889 1564 1921; x_wconf 79' lang='grc' dir='ltr'>ι</span> <span class='ocrx_word' id='word_1_145' title='bbox 1598 1871 1873 1941; x_wconf 84' lang='lat' dir='ltr'><strong>Asperga-</strong></span> 
     </span>
    </p>
   </div>
   <div class='ocr_carea' id='block_1_21' title="bbox 274 1957 1872 2030">
    <p class='ocr_par' dir='ltr' id='par_1_21' title="bbox 274 1957 1872 2030">
     <span class='ocr_line' id='line_1_21' title="bbox 274 1957 1872 2030; baseline -0.001 -16"><span class='ocrx_word' id='word_1_146' title='bbox 274 1965 373 2015; x_wconf 87' lang='lat' dir='ltr'><strong>tur</strong></span> <span class='ocrx_word' id='word_1_147' title='bbox 398 1959 459 2014; x_wconf 89' lang='lat' dir='ltr'><strong>in</strong></span> <span class='ocrx_word' id='word_1_148' title='bbox 483 1957 846 2014; x_wconf 89' lang='lat' dir='ltr'><strong>tabernacula</strong></span> <span class='ocrx_word' id='word_1_149' title='bbox 887 1959 1010 2029; x_wconf 86' lang='lat' dir='ltr'>ejus</span> <span class='ocrx_word' id='word_1_150' title='bbox 1041 1959 1280 2030; x_wconf 85' lang='lat' dir='ltr'><strong>sulphur</strong></span> <span class='ocrx_word' id='word_1_151' title='bbox 1305 1959 1347 2024; x_wconf 73' lang='grc'><strong>⁸,</strong></span> <span class='ocrx_word' id='word_1_152' title='bbox 1381 1959 1530 2029; x_wconf 90' lang='lat' dir='ltr'><strong>quod</strong></span> <span class='ocrx_word' id='word_1_153' title='bbox 1579 1958 1636 2012; x_wconf 93' lang='lat' dir='ltr'><strong>in</strong></span> <span class='ocrx_word' id='word_1_154' title='bbox 1685 1965 1872 2013; x_wconf 87' lang='lat' dir='ltr'><strong>mente</strong></span> 
     </span>
    </p>
   </div>
   <div class='ocr_carea' id='block_1_22' title="bbox 273 2046 1880 2120">
    <p class='ocr_par' dir='ltr' id='par_1_22' title="bbox 273 2046 1880 2120">
     <span class='ocr_line' id='line_1_22' title="bbox 273 2046 1880 2120; baseline -0.002 -16"><span class='ocrx_word' id='word_1_155' title='bbox 273 2046 578 2120; x_wconf 82' lang='lat' dir='ltr'><strong>cujuslibet</strong></span> <span class='ocrx_word' id='word_1_156' title='bbox 605 2046 760 2118; x_wconf 90' lang='lat' dir='ltr'><strong>pravi</strong></span> <span class='ocrx_word' id='word_1_157' title='bbox 814 2047 1046 2102; x_wconf 62' lang='lat' dir='ltr'><strong>luxuriae</strong></span> <span class='ocrx_word' id='word_1_158' title='bbox 1085 2048 1230 2102; x_wconf 87' lang='lat' dir='ltr'><strong>fetor</strong></span> <span class='ocrx_word' id='word_1_159' title='bbox 1260 2047 1602 2101; x_wconf 86' lang='lat' dir='ltr'><strong>dominatur.</strong></span> <span class='ocrx_word' id='word_1_160' title='bbox 1630 2046 1880 2116; x_wconf 85' lang='lat' dir='ltr'><strong>Sulphur</strong></span> 
     </span>
    </p>
   </div>
   <div class='ocr_carea' id='block_1_23' title="bbox 273 2135 1883 2208">
    <p class='ocr_par' dir='ltr' id='par_1_23' title="bbox 273 2135 1883 2208">
     <span class='ocr_line' id='line_1_23' title="bbox 273 2135 1883 2208; baseline -0.003 -14"><span class='ocrx_word' id='word_1_161' title='bbox 273 2136 504 2204; x_wconf 77' lang='lat' dir='ltr'><strong>aniens,</strong></span> <span class='ocrx_word' id='word_1_162' title='bbox 529 2135 673 2191; x_wconf 85' lang='lat' dir='ltr'><strong>fetor</strong></span> <span class='ocrx_word' id='word_1_163' title='bbox 701 2151 895 2208; x_wconf 62' lang='lat' dir='ltr'><strong>prauae,</strong></span> <span class='ocrx_word' id='word_1_164' title='bbox 933 2141 1000 2190; x_wconf 91' lang='lat' dir='ltr'><strong>ut</strong></span> <span class='ocrx_word' id='word_1_165' title='bbox 1023 2136 1082 2190; x_wconf 90' lang='lat' dir='ltr'><strong>in</strong></span> <span class='ocrx_word' id='word_1_166' title='bbox 1103 2136 1341 2191; x_wconf 86' lang='lat' dir='ltr'><strong>Psalmis</strong></span> <span class='ocrx_word' id='word_1_167' title='bbox 1374 2155 1385 2189; x_wconf 84' lang='lat'>:</span> <span class='ocrx_word' id='word_1_168' title='bbox 1412 2153 1437 2187; x_wconf 83' lang='lat'><strong>«</strong></span> <span class='ocrx_word' id='word_1_169' title='bbox 1495 2136 1658 2191; x_wconf 89' lang='lat' dir='ltr'><strong>Pluet</strong></span> <span class='ocrx_word' id='word_1_170' title='bbox 1712 2152 1883 2207; x_wconf 88' lang='lat' dir='ltr'><strong>super</strong></span> 
     </span>
    </p>
   </div>
   <div class='ocr_carea' id='block_1_24' title="bbox 273 2223 1880 2296">
    <p class='ocr_par' dir='ltr' id='par_1_24' title="bbox 273 2223 1880 2296">
     <span class='ocr_line' id='line_1_24' title="bbox 273 2223 1880 2296; baseline -0.001 -16"><span class='ocrx_word' id='word_1_171' title='bbox 273 2241 374 2280; x_wconf 83' lang='lat' dir='ltr'><strong>eos</strong></span> <span class='ocrx_word' id='word_1_172' title='bbox 399 2225 650 2296; x_wconf 78' lang='lat' dir='ltr'><strong>laqueos,</strong></span> <span class='ocrx_word' id='word_1_173' title='bbox 683 2224 830 2296; x_wconf 88' lang='lat' dir='ltr'><strong>ignis</strong></span> <span class='ocrx_word' id='word_1_174' title='bbox 851 2229 908 2279; x_wconf 92' lang='lat' dir='ltr'><strong>et</strong></span> <span class='ocrx_word' id='word_1_175' title='bbox 925 2224 1215 2296; x_wconf 76' lang='lat' dir='ltr'><strong>sulphur&quot;,</strong></span> <span class='ocrx_word' id='word_1_176' title='bbox 1257 2231 1426 2290; x_wconf 64' lang='lat' dir='ltr'><strong>sete,</strong></span> <span class='ocrx_word' id='word_1_177' title='bbox 1467 2225 1522 2278; x_wconf 91' lang='lat' dir='ltr'><strong>id</strong></span> <span class='ocrx_word' id='word_1_178' title='bbox 1552 2231 1656 2287; x_wconf 92' lang='lat' dir='ltr'><strong>est,</strong></span> <span class='ocrx_word' id='word_1_179' title='bbox 1689 2223 1880 2278; x_wconf 74' lang='lat' dir='ltr'><strong>dabit&#39;</strong></span> 
     </span>
    </p>
   </div>
   <div class='ocr_carea' id='block_1_25' title="bbox 275 2313 1878 2386">
    <p class='ocr_par' dir='ltr' id='par_1_25' title="bbox 275 2313 1878 2386">
     <span class='ocr_line' id='line_1_25' title="bbox 275 2313 1878 2386; baseline -0.001 -18"><span class='ocrx_word' id='word_1_180' title='bbox 275 2313 468 2385; x_wconf 86' lang='lat' dir='ltr'><strong>impiis</strong></span> <span class='ocrx_word' id='word_1_181' title='bbox 522 2330 716 2386; x_wconf 78' lang='lat' dir='ltr'><strong>pcenas</strong></span> <span class='ocrx_word' id='word_1_182' title='bbox 753 2317 794 2381; x_wconf 81' lang='lat'><strong>&#39;,</strong></span> <span class='ocrx_word' id='word_1_183' title='bbox 864 2319 928 2368; x_wconf 90' lang='lat' dir='ltr'><strong>ut</strong></span> <span class='ocrx_word' id='word_1_184' title='bbox 955 2331 1050 2369; x_wconf 88' lang='lat' dir='ltr'><strong>eos</strong></span> <span class='ocrx_word' id='word_1_185' title='bbox 1073 2314 1288 2386; x_wconf 89' lang='lat' dir='ltr'><strong>pariter</strong></span> <span class='ocrx_word' id='word_1_186' title='bbox 1315 2320 1373 2368; x_wconf 91' lang='lat' dir='ltr'><strong>et</strong></span> <span class='ocrx_word' id='word_1_187' title='bbox 1420 2313 1590 2368; x_wconf 89' lang='lat' dir='ltr'><strong>ardor</strong></span> <span class='ocrx_word' id='word_1_188' title='bbox 1611 2316 1632 2336; x_wconf 65' lang='grc' dir='ltr'><strong>θ</strong></span> <span class='ocrx_word' id='word_1_189' title='bbox 1663 2318 1878 2379; x_wconf 87' lang='lat' dir='ltr'><strong>exuret,</strong></span> 
     </span>
    </p>
   </div>
   <div class='ocr_carea' id='block_1_26' title="bbox 272 2402 756 2474">
    <p class='ocr_par' dir='ltr' id='par_1_26' title="bbox 272 2402 756 2474">
     <span class='ocr_line' id='line_1_26' title="bbox 272 2402 756 2474; baseline -0.002 -16"><span class='ocrx_word' id='word_1_190' title='bbox 272 2409 336 2458; x_wconf 86' lang='lat' dir='ltr'><strong>et</strong></span> <span class='ocrx_word' id='word_1_191' title='bbox 360 2403 508 2458; x_wconf 84' lang='lat' dir='ltr'><strong>fetor</strong></span> <span class='ocrx_word' id='word_1_192' title='bbox 523 2402 756 2474; x_wconf 82' lang='lat' dir='ltr'><strong>afﬂigat.</strong></span> 
     </span>
    </p>
   </div>
   <div class='ocr_carea' id='block_1_27' title="bbox 345 2490 1874 2558">
    <p class='ocr_par' dir='ltr' id='par_1_27' title="bbox 345 2490 1874 2558">
     <span class='ocr_line' id='line_1_27' title="bbox 345 2490 1874 2558; baseline -0.002 -11"><span class='ocrx_word' id='word_1_193' title='bbox 345 2491 505 2548; x_wconf 84' lang='lat' dir='ltr'><strong>Sulci</strong></span> <span class='ocrx_word' id='word_1_194' title='bbox 520 2499 656 2547; x_wconf 83' lang='lat' dir='ltr'><strong>sunt</strong></span> <span class='ocrx_word' id='word_1_195' title='bbox 676 2493 780 2547; x_wconf 88' lang='lat' dir='ltr'><strong>viri</strong></span> <span class='ocrx_word' id='word_1_196' title='bbox 810 2493 1009 2558; x_wconf 78' lang='lat' dir='ltr'><strong>sancti,</strong></span> <span class='ocrx_word' id='word_1_197' title='bbox 1028 2498 1092 2548; x_wconf 89' lang='lat' dir='ltr'><strong>ut</strong></span> <span class='ocrx_word' id='word_1_198' title='bbox 1121 2492 1180 2546; x_wconf 93' lang='lat' dir='ltr'><strong>in</strong></span> <span class='ocrx_word' id='word_1_199' title='bbox 1209 2491 1312 2546; x_wconf 92' lang='lat' dir='ltr'><strong>Job</strong></span> <span class='ocrx_word' id='word_1_200' title='bbox 1343 2510 1353 2546; x_wconf 94' lang='lat'><strong>:</strong></span> <span class='ocrx_word' id='word_1_201' title='bbox 1390 2509 1419 2542; x_wconf 77' lang='grc' dir='ltr'><strong>α</strong></span> <span class='ocrx_word' id='word_1_202' title='bbox 1439 2493 1510 2546; x_wconf 92' lang='lat' dir='ltr'><strong>Et</strong></span> <span class='ocrx_word' id='word_1_203' title='bbox 1537 2507 1666 2546; x_wconf 91' lang='lat' dir='ltr'><strong>cum</strong></span> <span class='ocrx_word' id='word_1_204' title='bbox 1696 2493 1717 2514; x_wconf 75' lang='grc'>⁶</span> <span class='ocrx_word' id='word_1_205' title='bbox 1735 2490 1874 2544; x_wconf 89' lang='lat' dir='ltr'><strong>sulci</strong></span> 
     </span>
    </p>
   </div>
   <div class='ocr_carea' id='block_1_28' title="bbox 273 2578 1875 2653">
    <p class='ocr_par' dir='ltr' id='par_1_28' title="bbox 273 2578 1875 2653">
     <span class='ocr_line' id='line_1_28' title="bbox 273 2578 1875 2653; baseline -0.002 -17"><span class='ocrx_word' id='word_1_206' title='bbox 273 2582 403 2653; x_wconf 85' lang='lat' dir='ltr'><strong>ejus</strong></span> <span class='ocrx_word' id='word_1_207' title='bbox 440 2581 665 2638; x_wconf 82' lang='lat' dir='ltr'><strong>deflent</strong></span> <span class='ocrx_word' id='word_1_208' title='bbox 686 2581 728 2648; x_wconf 83' lang='grc'><strong>⁸,</strong></span> <span class='ocrx_word' id='word_1_209' title='bbox 761 2600 788 2636; x_wconf 74' lang='grc' dir='ltr'><strong>ι</strong></span> <span class='ocrx_word' id='word_1_210' title='bbox 824 2582 881 2636; x_wconf 91' lang='lat' dir='ltr'><strong>id</strong></span> <span class='ocrx_word' id='word_1_211' title='bbox 909 2588 1015 2647; x_wconf 89' lang='lat' dir='ltr'><strong>est,</strong></span> <span class='ocrx_word' id='word_1_212' title='bbox 1039 2581 1184 2636; x_wconf 85' lang='lat' dir='ltr'><strong>sicut</strong></span> <span class='ocrx_word' id='word_1_213' title='bbox 1212 2583 1232 2604; x_wconf 82' lang='grc'>⁶</span> <span class='ocrx_word' id='word_1_214' title='bbox 1264 2580 1512 2636; x_wconf 82' lang='lat' dir='ltr'><strong>Ecclesia</strong></span> <span class='ocrx_word' id='word_1_215' title='bbox 1539 2579 1643 2634; x_wconf 89' lang='lat' dir='ltr'><strong>viri</strong></span> <span class='ocrx_word' id='word_1_216' title='bbox 1696 2578 1875 2634; x_wconf 86' lang='lat' dir='ltr'><strong>sancti</strong></span> 
     </span>
    </p>
   </div>
   <div class='ocr_carea' id='block_1_29' title="bbox 275 2670 583 2742">
    <p class='ocr_par' dir='ltr' id='par_1_29' title="bbox 275 2670 583 2742">
     <span class='ocr_line' id='line_1_29' title="bbox 275 2670 583 2742; baseline 0 0"><span class='ocrx_word' id='word_1_217' title='bbox 275 2670 583 2742; x_wconf 73' lang='lat' dir='ltr'><strong>plangunt-</strong></span> 
     </span>
    </p>
   </div>
   <div class='ocr_carea' id='block_1_30' title="bbox 346 2757 1878 2831">
    <p class='ocr_par' dir='ltr' id='par_1_30' title="bbox 346 2757 1878 2831">
     <span class='ocr_line' id='line_1_30' title="bbox 346 2757 1878 2831; baseline -0.002 -17"><span class='ocrx_word' id='word_1_218' title='bbox 346 2761 666 2817; x_wconf 79' lang='lat' dir='ltr'><strong>Sunamitis</strong></span> <span class='ocrx_word' id='word_1_219' title='bbox 695 2764 782 2814; x_wconf 89' lang='lat' dir='ltr'><strong>est</strong></span> <span class='ocrx_word' id='word_1_220' title='bbox 837 2759 1153 2831; x_wconf 84' lang='lat' dir='ltr'><strong>Synagoga,</strong></span> <span class='ocrx_word' id='word_1_221' title='bbox 1186 2767 1249 2814; x_wconf 89' lang='lat' dir='ltr'><strong>ut</strong></span> <span class='ocrx_word' id='word_1_222' title='bbox 1294 2759 1352 2812; x_wconf 92' lang='lat' dir='ltr'><strong>in</strong></span> <span class='ocrx_word' id='word_1_223' title='bbox 1385 2757 1652 2812; x_wconf 83' lang='lat' dir='ltr'><strong>Cantica:</strong></span> <span class='ocrx_word' id='word_1_224' title='bbox 1708 2776 1736 2808; x_wconf 72' lang='grc' dir='ltr'><strong>α</strong></span> <span class='ocrx_word' id='word_1_225' title='bbox 1776 2757 1878 2812; x_wconf 86' lang='lat' dir='ltr'><strong>Re-</strong></span> 
     </span>
    </p>
   </div>
   <div class='ocr_carea' id='block_1_31' title="bbox 274 2846 1878 2917">
    <p class='ocr_par' dir='ltr' id='par_1_31' title="bbox 274 2846 1878 2917">
     <span class='ocr_line' id='line_1_31' title="bbox 274 2846 1878 2917; baseline -0.002 -15"><span class='ocrx_word' id='word_1_226' title='bbox 274 2854 516 2917; x_wconf 75' lang='lat' dir='ltr'><strong>vertere,</strong></span> <span class='ocrx_word' id='word_1_227' title='bbox 566 2853 865 2914; x_wconf 81' lang='lat' dir='ltr'><strong>revertere,</strong></span> <span class='ocrx_word' id='word_1_228' title='bbox 913 2848 1222 2902; x_wconf 87' lang='lat' dir='ltr'><strong>Sunamitis</strong></span> <span class='ocrx_word' id='word_1_229' title='bbox 1249 2849 1292 2914; x_wconf 79' lang='lat'><strong>9,</strong></span> <span class='ocrx_word' id='word_1_230' title='bbox 1328 2866 1352 2898; x_wconf 84' lang='lat'>»</span> <span class='ocrx_word' id='word_1_231' title='bbox 1395 2847 1450 2900; x_wconf 89' lang='lat' dir='ltr'><strong>id</strong></span> <span class='ocrx_word' id='word_1_232' title='bbox 1493 2852 1595 2912; x_wconf 91' lang='lat' dir='ltr'><strong>est,</strong></span> <span class='ocrx_word' id='word_1_233' title='bbox 1625 2846 1746 2902; x_wconf 89' lang='lat' dir='ltr'><strong>redi</strong></span> <span class='ocrx_word' id='word_1_234' title='bbox 1809 2846 1878 2900; x_wconf 85' lang='lat' dir='ltr'><strong>ad</strong></span> 
     </span>
    </p>
   </div>
   <div class='ocr_carea' id='block_1_32' title="bbox 277 2935 1878 3008">
    <p class='ocr_par' dir='ltr' id='par_1_32' title="bbox 277 2935 1878 3008">
     <span class='ocr_line' id='line_1_32' title="bbox 277 2935 1878 3008; baseline -0.002 -16"><span class='ocrx_word' id='word_1_235' title='bbox 277 2937 468 3003; x_wconf 82' lang='lat' dir='ltr'><strong>fidem,</strong></span> <span class='ocrx_word' id='word_1_236' title='bbox 500 2936 623 2992; x_wconf 88' lang='lat' dir='ltr'><strong>redi</strong></span> <span class='ocrx_word' id='word_1_237' title='bbox 653 2937 724 2992; x_wconf 88' lang='lat' dir='ltr'><strong>ad</strong></span> <span class='ocrx_word' id='word_1_238' title='bbox 751 2936 958 2992; x_wconf 86' lang='lat' dir='ltr'><strong>bonam</strong></span> <span class='ocrx_word' id='word_1_239' title='bbox 996 2935 1401 3008; x_wconf 87' lang='lat' dir='ltr'><strong>operationem,</strong></span> <span class='ocrx_word' id='word_1_240' title='bbox 1427 2952 1459 2990; x_wconf 93' lang='grc' dir='ltr'>ο</span> <span class='ocrx_word' id='word_1_241' title='bbox 1505 2936 1724 3007; x_wconf 88' lang='lat' dir='ltr'><strong>captiva</strong></span> <span class='ocrx_word' id='word_1_242' title='bbox 1774 2936 1878 3004; x_wconf 90' lang='lat' dir='ltr'><strong>Sy-</strong></span> 
     </span>
    </p>
   </div>
   <div class='ocr_carea' id='block_1_33' title="bbox 279 3025 1552 3098">
    <p class='ocr_par' dir='ltr' id='par_1_33' title="bbox 279 3025 1552 3098">
     <span class='ocr_line' id='line_1_33' title="bbox 279 3025 1552 3098; baseline 0 -20"><span class='ocrx_word' id='word_1_243' title='bbox 279 3042 522 3098; x_wconf 78' lang='lat' dir='ltr'><strong>nagoga,</strong></span> <span class='ocrx_word' id='word_1_244' title='bbox 545 3026 694 3098; x_wconf 90' lang='lat' dir='ltr'>quod</span> <span class='ocrx_word' id='word_1_245' title='bbox 713 3026 867 3081; x_wconf 89' lang='lat' dir='ltr'><strong>Suna</strong></span> <span class='ocrx_word' id='word_1_246' title='bbox 885 3029 1100 3094; x_wconf 66' lang='lat' dir='ltr'><strong>captiva</strong></span> <span class='ocrx_word' id='word_1_247' title='bbox 1129 3025 1552 3097; x_wconf 86' lang='lat' dir='ltr'><strong>interpretatur.</strong></span> 
     </span>
    </p>
   </div>
   <div class='ocr_carea' id='block_1_34' title="bbox 349 3112 1880 3186">
    <p class='ocr_par' dir='ltr' id='par_1_34' title="bbox 349 3112 1880 3186">
     <span class='ocr_line' id='line_1_34' title="bbox 349 3112 1880 3186; baseline -0.003 -16"><span class='ocrx_word' id='word_1_248' title='bbox 349 3114 818 3184; x_wconf 58' lang='lat' dir='ltr'><strong>Super-uulnerato</strong></span> <span class='ocrx_word' id='word_1_249' title='bbox 873 3119 960 3168; x_wconf 90' lang='lat' dir='ltr'><strong>est</strong></span> <span class='ocrx_word' id='word_1_250' title='bbox 981 3114 1250 3169; x_wconf 85' lang='lat' dir='ltr'><strong>fortitudo</strong></span> <span class='ocrx_word' id='word_1_251' title='bbox 1299 3114 1430 3169; x_wconf 91' lang='lat' dir='ltr'><strong>boni</strong></span> <span class='ocrx_word' id='word_1_252' title='bbox 1483 3113 1653 3186; x_wconf 89' lang='lat' dir='ltr'><strong>opris,</strong></span> <span class='ocrx_word' id='word_1_253' title='bbox 1716 3118 1780 3168; x_wconf 90' lang='lat' dir='ltr'><strong>ut</strong></span> <span class='ocrx_word' id='word_1_254' title='bbox 1823 3112 1880 3166; x_wconf 93' lang='lat' dir='ltr'><strong>in</strong></span> 
     </span>
    </p>
   </div>
   <div class='ocr_carea' id='block_1_35' title="bbox 279 3201 1877 3274">
    <p class='ocr_par' dir='ltr' id='par_1_35' title="bbox 279 3201 1877 3274">
     <span class='ocr_line' id='line_1_35' title="bbox 279 3201 1877 3274; baseline -0.003 -15"><span class='ocrx_word' id='word_1_255' title='bbox 279 3202 479 3259; x_wconf 79' lang='lat' dir='ltr'><strong>Exodo</strong></span> <span class='ocrx_word' id='word_1_256' title='bbox 526 3223 538 3258; x_wconf 86' lang='lat'><strong>:</strong></span> <span class='ocrx_word' id='word_1_257' title='bbox 597 3223 625 3256; x_wconf 79' lang='grc' dir='ltr'>ιι</span> <span class='ocrx_word' id='word_1_258' title='bbox 680 3202 870 3258; x_wconf 87' lang='lat' dir='ltr'><strong>Facies</strong></span> <span class='ocrx_word' id='word_1_259' title='bbox 913 3203 1375 3274; x_wconf 87' lang='lat' dir='ltr'><strong>superhumerale</strong></span> <span class='ocrx_word' id='word_1_260' title='bbox 1433 3203 1502 3258; x_wconf 90' lang='lat' dir='ltr'><strong>de</strong></span> <span class='ocrx_word' id='word_1_261' title='bbox 1555 3218 1693 3258; x_wconf 88' lang='lat' dir='ltr'><strong>auro</strong></span> <span class='ocrx_word' id='word_1_262' title='bbox 1753 3201 1815 3266; x_wconf 75' lang='grc' dir='ltr'><strong>ιθ,</strong></span> <span class='ocrx_word' id='word_1_263' title='bbox 1852 3220 1877 3254; x_wconf 69' lang='grc' dir='ltr'><strong>υ</strong></span> 
     </span>
    </p>
   </div>
   <div class='ocr_carea' id='block_1_36' title="bbox 279 3290 1880 3365">
    <p class='ocr_par' dir='ltr' id='par_1_36' title="bbox 279 3290 1880 3365">
     <span class='ocr_line' id='line_1_36' title="bbox 279 3290 1880 3365; baseline -0.003 -17"><span class='ocrx_word' id='word_1_264' title='bbox 279 3291 434 3364; x_wconf 87' lang='lat' dir='ltr'><strong>quod</strong></span> <span class='ocrx_word' id='word_1_265' title='bbox 476 3309 619 3348; x_wconf 73' lang='lat' dir='ltr'><strong>verae</strong></span> <span class='ocrx_word' id='word_1_266' title='bbox 673 3293 964 3365; x_wconf 65' lang='lat' dir='ltr'><strong>sapientiae</strong></span> <span class='ocrx_word' id='word_1_267' title='bbox 1007 3291 1220 3348; x_wconf 86' lang='lat' dir='ltr'><strong>fructus</strong></span> <span class='ocrx_word' id='word_1_268' title='bbox 1275 3300 1362 3348; x_wconf 85' lang='lat' dir='ltr'><strong>est</strong></span> <span class='ocrx_word' id='word_1_269' title='bbox 1441 3291 1710 3348; x_wconf 81' lang='lat' dir='ltr'><strong>fortitudo</strong></span> <span class='ocrx_word' id='word_1_270' title='bbox 1752 3290 1880 3344; x_wconf 89' lang='lat' dir='ltr'><strong>boni</strong></span> 
     </span>
    </p>
   </div>
   <div class='ocr_carea' id='block_1_37' title="bbox 279 3384 490 3456">
    <p class='ocr_par' dir='ltr' id='par_1_37' title="bbox 279 3384 490 3456">
     <span class='ocr_line' id='line_1_37' title="bbox 279 3384 490 3456; baseline 0 -18"><span class='ocrx_word' id='word_1_271' title='bbox 279 3384 490 3456; x_wconf 84' lang='lat' dir='ltr'><strong>operis.</strong></span> 
     </span>
    </p>
   </div>
   <div class='ocr_carea' id='block_1_38' title="bbox 350 3469 1884 3542">
    <p class='ocr_par' dir='ltr' id='par_1_38' title="bbox 350 3469 1884 3542">
     <span class='ocr_line' id='line_1_38' title="bbox 350 3469 1884 3542; baseline -0.003 -14"><span class='ocrx_word' id='word_1_272' title='bbox 350 3472 633 3542; x_wconf 71' lang='lat' dir='ltr'><strong>Superbus</strong></span> <span class='ocrx_word' id='word_1_273' title='bbox 661 3477 748 3528; x_wconf 92' lang='lat' dir='ltr'><strong>est</strong></span> <span class='ocrx_word' id='word_1_274' title='bbox 768 3470 1042 3539; x_wconf 79' lang='lat' dir='ltr'><strong>diabolus,</strong></span> <span class='ocrx_word' id='word_1_275' title='bbox 1071 3472 1211 3531; x_wconf 82' lang='lat' dir='ltr'><strong>utin</strong></span> <span class='ocrx_word' id='word_1_276' title='bbox 1239 3470 1344 3526; x_wconf 85' lang='lat' dir='ltr'>Job</span> <span class='ocrx_word' id='word_1_277' title='bbox 1375 3486 1390 3526; x_wconf 87' lang='lat'><strong>:</strong></span> <span class='ocrx_word' id='word_1_278' title='bbox 1426 3491 1448 3522; x_wconf 79' lang='grc' dir='ltr'>ι</span> <span class='ocrx_word' id='word_1_279' title='bbox 1477 3471 1546 3526; x_wconf 89' lang='lat' dir='ltr'><strong>Et</strong></span> <span class='ocrx_word' id='word_1_280' title='bbox 1581 3469 1884 3542; x_wconf 85' lang='lat' dir='ltr'><strong>prudentia</strong></span> 
     </span>
    </p>
   </div>
   <div class='ocr_carea' id='block_1_39' title="bbox 281 3558 1882 3634">
    <p class='ocr_par' dir='ltr' id='par_1_39' title="bbox 281 3558 1882 3634">
     <span class='ocr_line' id='line_1_39' title="bbox 281 3558 1882 3634; baseline -0.004 -16"><span class='ocrx_word' id='word_1_281' title='bbox 281 3563 413 3634; x_wconf 84' lang='lat' dir='ltr'><strong>ejus</strong></span> <span class='ocrx_word' id='word_1_282' title='bbox 432 3561 708 3634; x_wconf 82' lang='lat' dir='ltr'><strong>percussit</strong></span> <span class='ocrx_word' id='word_1_283' title='bbox 725 3559 1032 3632; x_wconf 89' lang='lat' dir='ltr'><strong>superbum</strong></span> <span class='ocrx_word' id='word_1_284' title='bbox 1069 3560 1133 3627; x_wconf 83' lang='grc'><strong>¹¹,</strong></span> <span class='ocrx_word' id='word_1_285' title='bbox 1158 3580 1180 3613; x_wconf 77' lang='grc' dir='ltr'><strong><em>ι</em></strong></span> <span class='ocrx_word' id='word_1_286' title='bbox 1219 3558 1368 3632; x_wconf 91' lang='lat' dir='ltr'>quod</span> <span class='ocrx_word' id='word_1_287' title='bbox 1391 3559 1670 3632; x_wconf 87' lang='lat' dir='ltr'><strong>sapientia</strong></span> <span class='ocrx_word' id='word_1_288' title='bbox 1698 3559 1882 3615; x_wconf 83' lang='lat' dir='ltr'><strong>Patris</strong></span> 
     </span>
    </p>
   </div>
   <div class='ocr_carea' id='block_1_40' title="bbox 283 3648 1163 3722">
    <p class='ocr_par' dir='ltr' id='par_1_40' title="bbox 283 3648 1163 3722">
     <span class='ocr_line' id='line_1_40' title="bbox 283 3648 1163 3722; baseline -0.003 -15"><span class='ocrx_word' id='word_1_289' title='bbox 283 3651 500 3708; x_wconf 79' lang='lat' dir='ltr'><strong>Christi</strong></span> <span class='ocrx_word' id='word_1_290' title='bbox 527 3651 832 3722; x_wconf 80' lang='lat' dir='ltr'><strong>prostravit</strong></span> <span class='ocrx_word' id='word_1_291' title='bbox 858 3648 1163 3705; x_wconf 90' lang='lat' dir='ltr'><strong>diabolum.</strong></span> 
     </span>
    </p>
   </div>
   <div class='ocr_carea' id='block_1_41' title="bbox 352 3754 1888 3828">
    <p class='ocr_par' dir='ltr' id='par_1_41' title="bbox 352 3754 1888 3828">
     <span class='ocr_line' id='line_1_41' title="bbox 352 3754 1888 3828; baseline -0.001 -15"><span class='ocrx_word' id='word_1_292' title='bbox 352 3755 627 3828; x_wconf 73' lang='lat' dir='ltr'><strong>Superbia</strong></span> <span class='ocrx_word' id='word_1_293' title='bbox 653 3761 940 3812; x_wconf 90' lang='lat' dir='ltr'><strong>esttumor</strong></span> <span class='ocrx_word' id='word_1_294' title='bbox 967 3755 1199 3823; x_wconf 90' lang='lat' dir='ltr'><strong>mentis,</strong></span> <span class='ocrx_word' id='word_1_295' title='bbox 1222 3759 1288 3810; x_wconf 84' lang='lat' dir='ltr'><strong>ut</strong></span> <span class='ocrx_word' id='word_1_296' title='bbox 1313 3755 1372 3810; x_wconf 92' lang='lat' dir='ltr'><strong>in</strong></span> <span class='ocrx_word' id='word_1_297' title='bbox 1392 3754 1497 3810; x_wconf 87' lang='lat' dir='ltr'>Job</span> <span class='ocrx_word' id='word_1_298' title='bbox 1527 3773 1540 3809; x_wconf 85' lang='lat'><strong>:</strong></span> <span class='ocrx_word' id='word_1_299' title='bbox 1578 3772 1606 3808; x_wconf 78' lang='grc' dir='ltr'><strong><em>α</em></strong></span> <span class='ocrx_word' id='word_1_300' title='bbox 1646 3755 1772 3826; x_wconf 87' lang='lat' dir='ltr'><strong>Ipse</strong></span> <span class='ocrx_word' id='word_1_301' title='bbox 1801 3759 1888 3811; x_wconf 85' lang='lat' dir='ltr'><strong>est</strong></span> 
     </span>
    </p>
   </div>
   <div class='ocr_carea' id='block_1_42' title="bbox 281 3843 1883 3918">
    <p class='ocr_par' dir='ltr' id='par_1_42' title="bbox 281 3843 1883 3918">
     <span class='ocr_line' id='line_1_42' title="bbox 281 3843 1883 3918; baseline -0.002 -17"><span class='ocrx_word' id='word_1_302' title='bbox 281 3862 382 3902; x_wconf 84' lang='lat' dir='ltr'><strong>rex</strong></span> <span class='ocrx_word' id='word_1_303' title='bbox 407 3863 575 3918; x_wconf 85' lang='lat' dir='ltr'><strong>super</strong></span> <span class='ocrx_word' id='word_1_304' title='bbox 591 3862 787 3900; x_wconf 89' lang='lat' dir='ltr'><strong>omnes</strong></span> <span class='ocrx_word' id='word_1_305' title='bbox 834 3845 980 3900; x_wconf 85' lang='lat' dir='ltr'><strong>filios</strong></span> <span class='ocrx_word' id='word_1_306' title='bbox 1008 3844 1284 3917; x_wconf 58' lang='lat' dir='ltr'><strong>superbia</strong></span> <span class='ocrx_word' id='word_1_307' title='bbox 1306 3843 1368 3912; x_wconf 70' lang='grc' dir='ltr'><strong>ε’,</strong></span> <span class='ocrx_word' id='word_1_308' title='bbox 1405 3862 1430 3896; x_wconf 72' lang='grc' dir='ltr'><strong><em>ι</em></strong></span> <span class='ocrx_word' id='word_1_309' title='bbox 1461 3843 1610 3916; x_wconf 89' lang='lat' dir='ltr'><strong>quod</strong></span> <span class='ocrx_word' id='word_1_310' title='bbox 1639 3843 1728 3910; x_wconf 90' lang='lat' dir='ltr'><strong>iis,</strong></span> <span class='ocrx_word' id='word_1_311' title='bbox 1787 3844 1883 3915; x_wconf 91' lang='lat' dir='ltr'><strong>qui</strong></span> 
     </span>
    </p>
   </div>
   <div class='ocr_carea' id='block_1_43' title="bbox 281 3933 1878 4006">
    <p class='ocr_par' dir='ltr' id='par_1_43' title="bbox 281 3933 1878 4006">
     <span class='ocr_line' id='line_1_43' title="bbox 281 3933 1878 4006; baseline -0.003 -16"><span class='ocrx_word' id='word_1_312' title='bbox 281 3942 486 3991; x_wconf 85' lang='lat' dir='ltr'><strong>contra</strong></span> <span class='ocrx_word' id='word_1_313' title='bbox 502 3934 683 3990; x_wconf 87' lang='lat' dir='ltr'><strong>Deum</strong></span> <span class='ocrx_word' id='word_1_314' title='bbox 692 3935 807 3989; x_wconf 88' lang='lat' dir='ltr'><strong>sive</strong></span> <span class='ocrx_word' id='word_1_315' title='bbox 827 3934 1144 4006; x_wconf 79' lang='lat' dir='ltr'><strong>proximum</strong></span> <span class='ocrx_word' id='word_1_316' title='bbox 1182 3934 1242 3988; x_wconf 91' lang='lat' dir='ltr'><strong>in</strong></span> <span class='ocrx_word' id='word_1_317' title='bbox 1265 3939 1452 3988; x_wconf 89' lang='lat' dir='ltr'><strong>mente</strong></span> <span class='ocrx_word' id='word_1_318' title='bbox 1479 3933 1878 3997; x_wconf 89' lang='lat' dir='ltr'><strong>intumescunt,</strong></span> 
     </span>
    </p>
   </div>
   <div class='ocr_carea' id='block_1_44' title="bbox 284 4021 1883 4092">
    <p class='ocr_par' dir='ltr' id='par_1_44' title="bbox 284 4021 1883 4092">
     <span class='ocr_line' id='line_1_44' title="bbox 284 4021 1883 4092; baseline -0.003 -13"><span class='ocrx_word' id='word_1_319' title='bbox 284 4023 550 4079; x_wconf 77' lang='lat' dir='ltr'><strong>diabolus</strong></span> <span class='ocrx_word' id='word_1_320' title='bbox 597 4023 940 4079; x_wconf 87' lang='lat' dir='ltr'><strong>dominatur.</strong></span> <span class='ocrx_word' id='word_1_321' title='bbox 1007 4021 1296 4092; x_wconf 83' lang='lat' dir='ltr'><strong>Superbia,</strong></span> <span class='ocrx_word' id='word_1_322' title='bbox 1352 4022 1676 4088; x_wconf 86' lang='lat' dir='ltr'><strong>auctoritas,</strong></span> <span class='ocrx_word' id='word_1_323' title='bbox 1709 4026 1775 4076; x_wconf 92' lang='lat' dir='ltr'><strong>ut</strong></span> <span class='ocrx_word' id='word_1_324' title='bbox 1825 4021 1883 4075; x_wconf 92' lang='lat' dir='ltr'>in</span> 
     </span>
    </p>
   </div>
   <div class='ocr_carea' id='block_1_45' title="bbox 286 4109 1880 4184">
    <p class='ocr_par' dir='ltr' id='par_1_45' title="bbox 286 4109 1880 4184">
     <span class='ocr_line' id='line_1_45' title="bbox 286 4109 1880 4184; baseline -0.006 -14"><span class='ocrx_word' id='word_1_325' title='bbox 286 4113 439 4170; x_wconf 80' lang='lat' dir='ltr'><strong>Isaia</strong></span> <span class='ocrx_word' id='word_1_326' title='bbox 469 4132 482 4167; x_wconf 90' lang='lat'><strong>:</strong></span> <span class='ocrx_word' id='word_1_327' title='bbox 505 4131 532 4166; x_wconf 73' lang='grc' dir='ltr'><strong><em>α</em></strong></span> <span class='ocrx_word' id='word_1_328' title='bbox 555 4112 626 4168; x_wconf 87' lang='lat' dir='ltr'><strong>Et</strong></span> <span class='ocrx_word' id='word_1_329' title='bbox 646 4129 848 4184; x_wconf 88' lang='lat' dir='ltr'><strong>ponam</strong></span> <span class='ocrx_word' id='word_1_330' title='bbox 863 4118 918 4166; x_wconf 92' lang='lat' dir='ltr'><strong>te</strong></span> <span class='ocrx_word' id='word_1_331' title='bbox 938 4112 996 4166; x_wconf 90' lang='lat' dir='ltr'><strong>in</strong></span> <span class='ocrx_word' id='word_1_332' title='bbox 1007 4111 1329 4184; x_wconf 89' lang='lat' dir='ltr'><strong>superbiam</strong></span> <span class='ocrx_word' id='word_1_333' title='bbox 1349 4113 1369 4134; x_wconf 74' lang='lat'><strong><em>‘</em></strong></span> <span class='ocrx_word' id='word_1_334' title='bbox 1388 4111 1748 4166; x_wconf 89' lang='lat' dir='ltr'><strong>dominorum</strong></span> <span class='ocrx_word' id='word_1_335' title='bbox 1763 4109 1827 4177; x_wconf 69' lang='lat'><strong>‘3,</strong></span> <span class='ocrx_word' id='word_1_336' title='bbox 1861 4130 1880 4160; x_wconf 78' lang='grc' dir='ltr'><strong><em>ι</em></strong></span> 
     </span>
    </p>
   </div>
   <div class='ocr_carea' id='block_1_46' title="bbox 287 4200 1889 4274">
    <p class='ocr_par' dir='ltr' id='par_1_46' title="bbox 287 4200 1889 4274">
     <span class='ocr_line' id='line_1_46' title="bbox 287 4200 1889 4274; baseline -0.002 -16"><span class='ocrx_word' id='word_1_337' title='bbox 287 4203 444 4274; x_wconf 84' lang='lat' dir='ltr'><strong>quod</strong></span> <span class='ocrx_word' id='word_1_338' title='bbox 471 4201 744 4257; x_wconf 88' lang='lat' dir='ltr'><strong>Dominus</strong></span> <span class='ocrx_word' id='word_1_339' title='bbox 772 4201 1075 4256; x_wconf 79' lang='lat' dir='ltr'><strong>Ecclesium</strong></span> <span class='ocrx_word' id='word_1_340' title='bbox 1122 4217 1283 4256; x_wconf 88' lang='lat' dir='ltr'><strong>suam</strong></span> <span class='ocrx_word' id='word_1_341' title='bbox 1312 4201 1382 4255; x_wconf 87' lang='lat' dir='ltr'><strong>ad</strong></span> <span class='ocrx_word' id='word_1_342' title='bbox 1403 4216 1621 4272; x_wconf 71' lang='lat' dir='ltr'><strong>magna:</strong></span> <span class='ocrx_word' id='word_1_343' title='bbox 1651 4200 1889 4254; x_wconf 84' lang='lat' dir='ltr'><strong>auctori-</strong></span> 
     </span>
    </p>
   </div>
   <div class='ocr_carea' id='block_1_47' title="bbox 287 4290 1006 4347">
    <p class='ocr_par' dir='ltr' id='par_1_47' title="bbox 287 4290 1006 4347">
     <span class='ocr_line' id='line_1_47' title="bbox 287 4290 1006 4347; baseline -0.004 0"><span class='ocrx_word' id='word_1_344' title='bbox 287 4291 426 4347; x_wconf 80' lang='lat' dir='ltr'><strong>tatis</strong></span> <span class='ocrx_word' id='word_1_345' title='bbox 447 4290 786 4346; x_wconf 89' lang='lat' dir='ltr'><strong>erectionem</strong></span> <span class='ocrx_word' id='word_1_346' title='bbox 805 4291 1006 4346; x_wconf 84' lang='lat' dir='ltr'><strong>evexit.</strong></span> 
     </span>
    </p>
   </div>
   <div class='ocr_carea' id='block_1_48' title="bbox 1947 496 2360 552">
    <p class='ocr_par' dir='ltr' id='par_1_48' title="bbox 1947 496 2360 552">
     <span class='ocr_line' id='line_1_48' title="bbox 1947 496 2360 552; baseline 0.007 -3"><span class='ocrx_word' id='word_1_347' title='bbox 1947 496 2360 552; x_wconf 88' lang='lat' dir='ltr'><strong>simulatorum.</strong></span> 
     </span>
    </p>
   </div>
   <div class='ocr_carea' id='block_1_49' title="bbox 1955 657 3354 720">
    <p class='ocr_par' dir='ltr' id='par_1_49' title="bbox 1955 657 3354 720">
     <span class='ocr_line' id='line_1_49' title="bbox 1955 657 3354 720; baseline 0.004 -11"><span class='ocrx_word' id='word_1_348' title='bbox 1955 657 2416 712; x_wconf 76' lang='lat' dir='ltr'><strong>Tabernaculum.</strong></span> <span class='ocrx_word' id='word_1_349' title='bbox 2609 659 2900 720; x_wconf 78' lang='lat' dir='ltr'><strong>Triticum,</strong></span> <span class='ocrx_word' id='word_1_350' title='bbox 3166 660 3354 715; x_wconf 86' lang='lat' dir='ltr'><strong>Tiara.</strong></span> 
     </span>
    </p>
   </div>
   <div class='ocr_carea' id='block_1_50' title="bbox 1957 729 3390 786">
    <p class='ocr_par' dir='ltr' id='par_1_50' title="bbox 1957 729 3390 786">
     <span class='ocr_line' id='line_1_50' title="bbox 1957 729 3390 786; baseline 0.004 -6"><span class='ocrx_word' id='word_1_351' title='bbox 1957 729 2154 781; x_wconf 88' lang='lat' dir='ltr'><strong>Torna.</strong></span> <span class='ocrx_word' id='word_1_352' title='bbox 2594 729 2920 783; x_wconf 77' lang='lat' dir='ltr'><strong>Thesaurus.</strong></span> <span class='ocrx_word' id='word_1_353' title='bbox 3152 732 3390 786; x_wconf 79' lang='lat' dir='ltr'><strong>Tectum.</strong></span> 
     </span>
    </p>
   </div>
   <div class='ocr_carea' id='block_1_51' title="bbox 1956 799 3374 868">
    <p class='ocr_par' dir='ltr' id='par_1_51' title="bbox 1956 799 3374 868">
     <span class='ocr_line' id='line_1_51' title="bbox 1956 799 3374 868; baseline 0.006 -18"><span class='ocrx_word' id='word_1_354' title='bbox 1956 799 2300 865; x_wconf 84' lang='lat' dir='ltr'><strong>Thymiama.</strong></span> <span class='ocrx_word' id='word_1_355' title='bbox 2600 802 2888 868; x_wconf 81' lang='lat' dir='ltr'><strong>Topazion.</strong></span> <span class='ocrx_word' id='word_1_356' title='bbox 3157 803 3374 858; x_wconf 76' lang='lat' dir='ltr'><strong>Turris.</strong></span> 
     </span>
    </p>
   </div>
   <div class='ocr_carea' id='block_1_52' title="bbox 1958 870 3430 939">
    <p class='ocr_par' dir='ltr' id='par_1_52' title="bbox 1958 870 3430 939">
     <span class='ocr_line' id='line_1_52' title="bbox 1958 870 3430 939; baseline 0.005 -17"><span class='ocrx_word' id='word_1_357' title='bbox 1958 870 2150 924; x_wconf 80' lang='lat' dir='ltr'><strong>Tauri.</strong></span> <span class='ocrx_word' id='word_1_358' title='bbox 2595 873 2788 939; x_wconf 87' lang='lat' dir='ltr'><strong>Tigna.</strong></span> <span class='ocrx_word' id='word_1_359' title='bbox 2935 903 2943 908; x_wconf 97' lang='lat'><strong>-</strong></span> <span class='ocrx_word' id='word_1_360' title='bbox 3151 875 3430 930; x_wconf 75' lang='lat' dir='ltr'><strong>Tribulus.</strong></span> 
     </span>
    </p>
   </div>
   <div class='ocr_carea' id='block_1_53' title="bbox 1960 941 3345 1002">
    <p class='ocr_par' dir='ltr' id='par_1_53' title="bbox 1960 941 3345 1002">
     <span class='ocr_line' id='line_1_53' title="bbox 1960 941 3345 1002; baseline 0.004 -10"><span class='ocrx_word' id='word_1_361' title='bbox 1960 941 2188 993; x_wconf 78' lang='lat' dir='ltr'><strong>Turtur.</strong></span> <span class='ocrx_word' id='word_1_362' title='bbox 2606 943 2795 996; x_wconf 76' lang='lat' dir='ltr'><strong>Talem</strong></span> <span class='ocrx_word' id='word_1_363' title='bbox 2803 959 2882 996; x_wconf 87' lang='lat' dir='ltr'><strong>us.</strong></span> <span class='ocrx_word' id='word_1_364' title='bbox 3149 946 3345 1002; x_wconf 85' lang='lat' dir='ltr'><strong>Terra.</strong></span> 
     </span>
    </p>
   </div>
   <div class='ocr_carea' id='block_1_54' title="bbox 1959 1011 3310 1070">
    <p class='ocr_par' dir='ltr' id='par_1_54' title="bbox 1959 1011 3310 1070">
     <span class='ocr_line' id='line_1_54' title="bbox 1959 1011 3310 1070; baseline 0.004 -6"><span class='ocrx_word' id='word_1_365' title='bbox 1959 1011 2252 1067; x_wconf 68' lang='lat' dir='ltr'><strong>Tinctum.</strong></span> <span class='ocrx_word' id='word_1_366' title='bbox 2608 1015 2837 1068; x_wconf 81' lang='lat' dir='ltr'><strong>Tunica.</strong></span> <span class='ocrx_word' id='word_1_367' title='bbox 3147 1016 3310 1070; x_wconf 83' lang='lat' dir='ltr'><strong>Thus.</strong></span> 
     </span>
    </p>
   </div>
   <div class='ocr_carea' id='block_1_55' title="bbox 1960 1082 3332 1154">
    <p class='ocr_par' dir='ltr' id='par_1_55' title="bbox 1960 1082 3332 1154">
     <span class='ocr_line' id='line_1_55' title="bbox 1960 1082 3332 1154; baseline 0.004 -19"><span class='ocrx_word' id='word_1_368' title='bbox 1960 1082 2062 1154; x_wconf 73' lang='lat' dir='ltr'><strong>Ten</strong></span> <span class='ocrx_word' id='word_1_369' title='bbox 2071 1085 2298 1136; x_wconf 80' lang='lat' dir='ltr'><strong>torium.</strong></span> <span class='ocrx_word' id='word_1_370' title='bbox 2605 1085 3031 1138; x_wconf 81' lang='lat' dir='ltr'><strong>Tintinnabula.</strong></span> <span class='ocrx_word' id='word_1_371' title='bbox 3131 1087 3332 1154; x_wconf 76' lang='lat' dir='ltr'><strong>Tigris.</strong></span> 
     </span>
    </p>
   </div>
   <div class='ocr_carea' id='block_1_56' title="bbox 1961 1151 3305 1224">
    <p class='ocr_par' dir='ltr' id='par_1_56' title="bbox 1961 1151 3305 1224">
     <span class='ocr_line' id='line_1_56' title="bbox 1961 1151 3305 1224; baseline 0.004 -16"><span class='ocrx_word' id='word_1_372' title='bbox 1961 1151 2204 1209; x_wconf 88' lang='lat' dir='ltr'><strong>Truella.</strong></span> <span class='ocrx_word' id='word_1_373' title='bbox 2607 1157 2897 1224; x_wconf 79' lang='lat' dir='ltr'><strong>Tupazion.</strong></span> <span class='ocrx_word' id='word_1_374' title='bbox 3123 1151 3305 1214; x_wconf 77' lang='lat' dir='ltr'><strong>Tabes.</strong></span> 
     </span>
    </p>
   </div>
   <div class='ocr_carea' id='block_1_57' title="bbox 1963 1225 3309 1285">
    <p class='ocr_par' dir='ltr' id='par_1_57' title="bbox 1963 1225 3309 1285">
     <span class='ocr_line' id='line_1_57' title="bbox 1963 1225 3309 1285; baseline 0.005 -7"><span class='ocrx_word' id='word_1_375' title='bbox 1963 1225 2140 1278; x_wconf 81' lang='lat' dir='ltr'><strong>Terta.</strong></span> <span class='ocrx_word' id='word_1_376' title='bbox 2607 1229 2869 1282; x_wconf 77' lang='lat' dir='ltr'><strong>Tentalio.</strong></span> <span class='ocrx_word' id='word_1_377' title='bbox 3134 1229 3309 1285; x_wconf 62' lang='lat' dir='ltr'><strong>Tuba.</strong></span> 
     </span>
    </p>
   </div>
   <div class='ocr_carea' id='block_1_58' title="bbox 1962 1296 3318 1360">
    <p class='ocr_par' dir='ltr' id='par_1_58' title="bbox 1962 1296 3318 1360">
     <span class='ocr_line' id='line_1_58' title="bbox 1962 1296 3318 1360; baseline 0.007 -12"><span class='ocrx_word' id='word_1_378' title='bbox 1962 1296 2271 1360; x_wconf 80' lang='lat' dir='ltr'><strong>Talentum,</strong></span> <span class='ocrx_word' id='word_1_379' title='bbox 2598 1299 2865 1352; x_wconf 77' lang='lat' dir='ltr'><strong>Truncus.</strong></span> <span class='ocrx_word' id='word_1_380' title='bbox 3127 1301 3318 1357; x_wconf 83' lang='lat' dir='ltr'><strong>Tinca.</strong></span> 
     </span>
    </p>
   </div>
   <div class='ocr_carea' id='block_1_59' title="bbox 1964 1367 3432 1442">
    <p class='ocr_par' dir='ltr' id='par_1_59' title="bbox 1964 1367 3432 1442">
     <span class='ocr_line' id='line_1_59' title="bbox 1964 1367 3432 1442; baseline 0.004 -23"><span class='ocrx_word' id='word_1_381' title='bbox 1964 1367 2259 1442; x_wconf 68' lang='lat' dir='ltr'><strong>Throneus.</strong></span> <span class='ocrx_word' id='word_1_382' title='bbox 2589 1369 2822 1442; x_wconf 67' lang='lat' dir='ltr'><strong>Thorax.</strong></span> <span class='ocrx_word' id='word_1_383' title='bbox 3128 1373 3432 1442; x_wconf 78' lang='lat' dir='ltr'><strong>Templum.</strong></span> 
     </span>
    </p>
   </div>
   <div class='ocr_carea' id='block_1_60' title="bbox 1964 1437 3370 1507">
    <p class='ocr_par' dir='ltr' id='par_1_60' title="bbox 1964 1437 3370 1507">
     <span class='ocr_line' id='line_1_60' title="bbox 1964 1437 3370 1507; baseline 0.004 -16"><span class='ocrx_word' id='word_1_384' title='bbox 1964 1437 2336 1507; x_wconf 80' lang='lat' dir='ltr'><strong>Tympanum.</strong></span> <span class='ocrx_word' id='word_1_385' title='bbox 2591 1440 2824 1494; x_wconf 62' lang='lat' dir='ltr'><strong>Tabula.</strong></span> <span class='ocrx_word' id='word_1_386' title='bbox 3122 1437 3370 1499; x_wconf 71' lang='lat' dir='ltr'><strong>Torrens.</strong></span> 
     </span>
    </p>
   </div>
   <div class='ocr_carea' id='block_1_61' title="bbox 1965 1510 3363 1570">
    <p class='ocr_par' dir='ltr' id='par_1_61' title="bbox 1965 1510 3363 1570">
     <span class='ocr_line' id='line_1_61' title="bbox 1965 1510 3363 1570; baseline 0.004 -8"><span class='ocrx_word' id='word_1_387' title='bbox 1965 1510 2104 1563; x_wconf 88' lang='lat' dir='ltr'><strong>Tela.</strong></span> <span class='ocrx_word' id='word_1_388' title='bbox 2586 1512 2868 1566; x_wconf 74' lang='lat' dir='ltr'><strong>Tm&#39;cular.</strong></span> <span class='ocrx_word' id='word_1_389' title='bbox 3111 1515 3363 1570; x_wconf 86' lang='lat' dir='ltr'><strong>Tonitru.</strong></span> 
     </span>
    </p>
   </div>
   <div class='ocr_carea' id='block_1_62' title="bbox 1965 1581 2355 1634">
    <p class='ocr_par' dir='ltr' id='par_1_62' title="bbox 1965 1581 2355 1634">
     <span class='ocr_line' id='line_1_62' title="bbox 1965 1581 2355 1634; baseline 0 -2"><span class='ocrx_word' id='word_1_390' title='bbox 1965 1581 2140 1634; x_wconf 81' lang='lat' dir='ltr'><strong>Thuri</strong></span> <span class='ocrx_word' id='word_1_391' title='bbox 2146 1581 2276 1634; x_wconf 82' lang='lat' dir='ltr'><strong>bulu</strong></span> <span class='ocrx_word' id='word_1_392' title='bbox 2285 1597 2333 1633; x_wconf 87' lang='lat' dir='ltr'><strong>m</strong></span> <span class='ocrx_word' id='word_1_393' title='bbox 2347 1622 2355 1631; x_wconf 93' lang='lat'><strong>.</strong></span> 
     </span>
    </p>
   </div>
   <div class='ocr_carea' id='block_1_63' title="bbox 2036 1670 3552 1740">
    <p class='ocr_par' dir='ltr' id='par_1_63' title="bbox 2036 1670 3552 1740">
     <span class='ocr_line' id='line_1_63' title="bbox 2036 1670 3552 1740; baseline 0.005 -17"><span class='ocrx_word' id='word_1_394' title='bbox 2036 1670 2474 1724; x_wconf 85' lang='lat' dir='ltr'><strong>Tabernaculum</strong></span> <span class='ocrx_word' id='word_1_395' title='bbox 2507 1676 2593 1724; x_wconf 87' lang='lat' dir='ltr'><strong>est</strong></span> <span class='ocrx_word' id='word_1_396' title='bbox 2611 1670 2794 1740; x_wconf 89' lang='lat' dir='ltr'><strong>patria</strong></span> <span class='ocrx_word' id='word_1_397' title='bbox 2812 1672 3070 1740; x_wconf 66' lang='lat' dir='ltr'><strong>caelestis,</strong></span> <span class='ocrx_word' id='word_1_398' title='bbox 3104 1678 3169 1728; x_wconf 90' lang='lat' dir='ltr'><strong>ut</strong></span> <span class='ocrx_word' id='word_1_399' title='bbox 3186 1673 3245 1728; x_wconf 90' lang='lat' dir='ltr'><strong>in</strong></span> <span class='ocrx_word' id='word_1_400' title='bbox 3274 1674 3513 1730; x_wconf 85' lang='lat' dir='ltr'><strong>Psalmis</strong></span> <span class='ocrx_word' id='word_1_401' title='bbox 3539 1694 3552 1729; x_wconf 88' lang='lat'><strong>:</strong></span> 
     </span>
    </p>
   </div>
   <div class='ocr_carea' id='block_1_64' title="bbox 1959 1757 3557 1829">
    <p class='ocr_par' dir='ltr' id='par_1_64' title="bbox 1959 1757 3557 1829">
     <span class='ocr_line' id='line_1_64' title="bbox 1959 1757 3557 1829; baseline 0.005 -18"><span class='ocrx_word' id='word_1_402' title='bbox 1959 1775 1985 1810; x_wconf 71' lang='grc' dir='ltr'>ι</span> <span class='ocrx_word' id='word_1_403' title='bbox 2019 1757 2272 1822; x_wconf 78' lang='lat' dir='ltr'><strong>Domine,</strong></span> <span class='ocrx_word' id='word_1_404' title='bbox 2291 1757 2415 1829; x_wconf 88' lang='lat' dir='ltr'>quis</span> <span class='ocrx_word' id='word_1_405' title='bbox 2443 1757 2720 1813; x_wconf 88' lang='lat' dir='ltr'><strong>habitabit</strong></span> <span class='ocrx_word' id='word_1_406' title='bbox 2739 1759 2797 1814; x_wconf 92' lang='lat' dir='ltr'><strong>in</strong></span> <span class='ocrx_word' id='word_1_407' title='bbox 2825 1759 3190 1818; x_wconf 87' lang='lat' dir='ltr'><strong>tabernaculo</strong></span> <span class='ocrx_word' id='word_1_408' title='bbox 3207 1766 3308 1818; x_wconf 90' lang='lat' dir='ltr'><strong>tuo</strong></span> <span class='ocrx_word' id='word_1_409' title='bbox 3325 1763 3370 1797; x_wconf 81' lang='grc'>¹⁷</span> <span class='ocrx_word' id='word_1_410' title='bbox 3397 1761 3423 1817; x_wconf 72' lang='lat'><strong>7</strong></span> <span class='ocrx_word' id='word_1_411' title='bbox 3447 1781 3477 1819; x_wconf 70' lang='grc' dir='ltr'><strong><em>ι</em></strong></span> <span class='ocrx_word' id='word_1_412' title='bbox 3498 1763 3557 1818; x_wconf 89' lang='lat' dir='ltr'><strong>id</strong></span> 
     </span>
    </p>
   </div>
   <div class='ocr_carea' id='block_1_65' title="bbox 1956 1846 3557 1923">
    <p class='ocr_par' dir='ltr' id='par_1_65' title="bbox 1956 1846 3557 1923">
     <span class='ocr_line' id='line_1_65' title="bbox 1956 1846 3557 1923; baseline 0.005 -22"><span class='ocrx_word' id='word_1_413' title='bbox 1956 1851 2059 1911; x_wconf 90' lang='lat' dir='ltr'><strong>est,</strong></span> <span class='ocrx_word' id='word_1_414' title='bbox 2092 1847 2189 1917; x_wconf 90' lang='lat' dir='ltr'><strong>qui</strong></span> <span class='ocrx_word' id='word_1_415' title='bbox 2231 1847 2339 1900; x_wconf 90' lang='lat' dir='ltr'><strong>erit</strong></span> <span class='ocrx_word' id='word_1_416' title='bbox 2366 1846 2568 1917; x_wconf 89' lang='lat' dir='ltr'><strong>dignus</strong></span> <span class='ocrx_word' id='word_1_417' title='bbox 2597 1848 2768 1902; x_wconf 89' lang='lat' dir='ltr'><strong>locari</strong></span> <span class='ocrx_word' id='word_1_418' title='bbox 2795 1848 2856 1904; x_wconf 92' lang='lat' dir='ltr'><strong>in</strong></span> <span class='ocrx_word' id='word_1_419' title='bbox 2883 1851 3092 1906; x_wconf 71' lang='lat' dir='ltr'><strong>caelesti</strong></span> <span class='ocrx_word' id='word_1_420' title='bbox 3114 1867 3287 1923; x_wconf 85' lang='lat' dir='ltr'><strong>regno</strong></span> <span class='ocrx_word' id='word_1_421' title='bbox 3317 1851 3557 1908; x_wconf 74' lang='lat' dir='ltr'><strong>lTaber-</strong></span> 
     </span>
    </p>
   </div>
   <div class='ocr_carea' id='block_1_66' title="bbox 1956 1935 3558 2006">
    <p class='ocr_par' dir='ltr' id='par_1_66' title="bbox 1956 1935 3558 2006">
     <span class='ocr_line' id='line_1_66' title="bbox 1956 1935 3558 2006; baseline 0.004 -16"><span class='ocrx_word' id='word_1_422' title='bbox 1956 1939 2245 2001; x_wconf 82' lang='lat' dir='ltr'><strong>naculum,</strong></span> <span class='ocrx_word' id='word_1_423' title='bbox 2263 1935 2584 1991; x_wconf 86' lang='lat' dir='ltr'><strong>humanitas</strong></span> <span class='ocrx_word' id='word_1_424' title='bbox 2598 1936 2828 2006; x_wconf 84' lang='lat' dir='ltr'><strong>Christi,</strong></span> <span class='ocrx_word' id='word_1_425' title='bbox 2847 1944 2912 1993; x_wconf 91' lang='lat' dir='ltr'><strong>ut</strong></span> <span class='ocrx_word' id='word_1_426' title='bbox 2925 1938 2983 1994; x_wconf 93' lang='lat' dir='ltr'><strong>in</strong></span> <span class='ocrx_word' id='word_1_427' title='bbox 3003 1940 3244 1995; x_wconf 87' lang='lat' dir='ltr'><strong>Psalmis</strong></span> <span class='ocrx_word' id='word_1_428' title='bbox 3267 1955 3282 1997; x_wconf 91' lang='lat'><strong>:</strong></span> <span class='ocrx_word' id='word_1_429' title='bbox 3310 1961 3334 1994; x_wconf 74' lang='grc' dir='ltr'>ι</span> <span class='ocrx_word' id='word_1_430' title='bbox 3361 1941 3427 1997; x_wconf 90' lang='lat' dir='ltr'><strong>In</strong></span> <span class='ocrx_word' id='word_1_431' title='bbox 3440 1941 3558 1997; x_wconf 90' lang='lat' dir='ltr'><strong>sole</strong></span> 
     </span>
    </p>
   </div>
   <div class='ocr_carea' id='block_1_67' title="bbox 1963 2023 3558 2101">
    <p class='ocr_par' dir='ltr' id='par_1_67' title="bbox 1963 2023 3558 2101">
     <span class='ocr_line' id='line_1_67' title="bbox 1963 2023 3558 2101; baseline 0.006 -24"><span class='ocrx_word' id='word_1_432' title='bbox 1963 2023 2152 2096; x_wconf 88' lang='lat' dir='ltr'><strong>posuit</strong></span> <span class='ocrx_word' id='word_1_433' title='bbox 2182 2023 2606 2079; x_wconf 82' lang='lat' dir='ltr'><strong>tabernaculum</strong></span> <span class='ocrx_word' id='word_1_434' title='bbox 2653 2042 2818 2092; x_wconf 85' lang='lat' dir='ltr'><strong>suum</strong></span> <span class='ocrx_word' id='word_1_435' title='bbox 2845 2027 2910 2096; x_wconf 79' lang='grc'><strong>¹⁸,</strong></span> <span class='ocrx_word' id='word_1_436' title='bbox 2961 2045 2988 2080; x_wconf 76' lang='lat' dir='ltr'><strong>n</strong></span> <span class='ocrx_word' id='word_1_437' title='bbox 3022 2027 3079 2083; x_wconf 93' lang='lat' dir='ltr'><strong>id</strong></span> <span class='ocrx_word' id='word_1_438' title='bbox 3109 2035 3212 2096; x_wconf 88' lang='lat' dir='ltr'><strong>est,</strong></span> <span class='ocrx_word' id='word_1_439' title='bbox 3241 2029 3301 2084; x_wconf 93' lang='lat' dir='ltr'><strong>in</strong></span> <span class='ocrx_word' id='word_1_440' title='bbox 3345 2030 3558 2101; x_wconf 82' lang='lat' dir='ltr'><strong>virgine</strong></span> 
     </span>
    </p>
   </div>
   <div class='ocr_carea' id='block_1_68' title="bbox 1963 2113 3559 2190">
    <p class='ocr_par' dir='ltr' id='par_1_68' title="bbox 1963 2113 3559 2190">
     <span class='ocr_line' id='line_1_68' title="bbox 1963 2113 3559 2190; baseline 0.004 -23"><span class='ocrx_word' id='word_1_441' title='bbox 1963 2113 2150 2184; x_wconf 83' lang='lat' dir='ltr'><strong>posuit</strong></span> <span class='ocrx_word' id='word_1_442' title='bbox 2209 2114 2621 2168; x_wconf 86' lang='lat' dir='ltr'><strong>humanitatem</strong></span> <span class='ocrx_word' id='word_1_443' title='bbox 2666 2131 2847 2169; x_wconf 90' lang='lat' dir='ltr'><strong>suam.</strong></span> <span class='ocrx_word' id='word_1_444' title='bbox 2914 2117 3372 2186; x_wconf 80' lang='lat' dir='ltr'><strong>Tabernaculum,</strong></span> <span class='ocrx_word' id='word_1_445' title='bbox 3402 2119 3559 2190; x_wconf 84' lang='lat' dir='ltr'><strong>virgo</strong></span> 
     </span>
    </p>
   </div>
   <div class='ocr_carea' id='block_1_69' title="bbox 1963 2201 3560 2266">
    <p class='ocr_par' dir='ltr' id='par_1_69' title="bbox 1963 2201 3560 2266">
     <span class='ocr_line' id='line_1_69' title="bbox 1963 2201 3560 2266; baseline 0.004 -10"><span class='ocrx_word' id='word_1_446' title='bbox 1963 2201 2159 2266; x_wconf 88' lang='lat' dir='ltr'><strong>Maria,</strong></span> <span class='ocrx_word' id='word_1_447' title='bbox 2183 2206 2248 2256; x_wconf 92' lang='lat' dir='ltr'>ut</span> <span class='ocrx_word' id='word_1_448' title='bbox 2265 2201 2323 2256; x_wconf 89' lang='lat' dir='ltr'><strong>in</strong></span> <span class='ocrx_word' id='word_1_449' title='bbox 2353 2202 2594 2257; x_wconf 89' lang='lat' dir='ltr'><strong>Psalmis</strong></span> <span class='ocrx_word' id='word_1_450' title='bbox 2630 2221 2641 2255; x_wconf 91' lang='lat'>:</span> <span class='ocrx_word' id='word_1_451' title='bbox 2680 2221 2706 2257; x_wconf 71' lang='grc' dir='ltr'><strong><em>α</em></strong></span> <span class='ocrx_word' id='word_1_452' title='bbox 2731 2203 3108 2260; x_wconf 85' lang='lat' dir='ltr'><strong>Sanctiﬁcavit</strong></span> <span class='ocrx_word' id='word_1_453' title='bbox 3134 2204 3560 2262; x_wconf 88' lang='lat' dir='ltr'><strong>tabernaculum</strong></span> 
     </span>
    </p>
   </div>
   <div class='ocr_carea' id='block_1_70' title="bbox 1963 2289 3557 2367">
    <p class='ocr_par' dir='ltr' id='par_1_70' title="bbox 1963 2289 3557 2367">
     <span class='ocr_line' id='line_1_70' title="bbox 1963 2289 3557 2367; baseline 0.004 -23"><span class='ocrx_word' id='word_1_454' title='bbox 1963 2307 2128 2344; x_wconf 89' lang='lat' dir='ltr'><strong>suum</strong></span> <span class='ocrx_word' id='word_1_455' title='bbox 2148 2289 2470 2346; x_wconf 88' lang='lat' dir='ltr'><strong>Altissimus</strong></span> <span class='ocrx_word' id='word_1_456' title='bbox 2485 2292 2548 2357; x_wconf 84' lang='grc'><strong>¹⁹,</strong></span> <span class='ocrx_word' id='word_1_457' title='bbox 2567 2309 2594 2345; x_wconf 72' lang='grc' dir='ltr'><strong><em>ν</em></strong></span> <span class='ocrx_word' id='word_1_458' title='bbox 2611 2291 2668 2346; x_wconf 91' lang='lat' dir='ltr'><strong>id</strong></span> <span class='ocrx_word' id='word_1_459' title='bbox 2681 2297 2784 2359; x_wconf 90' lang='lat' dir='ltr'><strong>est,</strong></span> <span class='ocrx_word' id='word_1_460' title='bbox 2808 2293 3123 2364; x_wconf 87' lang='lat' dir='ltr'><strong>puriﬁcavit</strong></span> <span class='ocrx_word' id='word_1_461' title='bbox 3162 2311 3265 2366; x_wconf 86' lang='lat' dir='ltr'><strong>per</strong></span> <span class='ocrx_word' id='word_1_462' title='bbox 3282 2294 3557 2367; x_wconf 87' lang='lat' dir='ltr'><strong>Spiritum</strong></span> 
     </span>
    </p>
   </div>
   <div class='ocr_carea' id='block_1_71' title="bbox 1963 2381 3558 2458">
    <p class='ocr_par' dir='ltr' id='par_1_71' title="bbox 1963 2381 3558 2458">
     <span class='ocr_line' id='line_1_71' title="bbox 1963 2381 3558 2458; baseline 0.005 -26"><span class='ocrx_word' id='word_1_463' title='bbox 1963 2385 2222 2434; x_wconf 88' lang='lat' dir='ltr'><strong>sanctum</strong></span> <span class='ocrx_word' id='word_1_464' title='bbox 2237 2385 2476 2458; x_wconf 80' lang='lat' dir='ltr'><strong>matrem</strong></span> <span class='ocrx_word' id='word_1_465' title='bbox 2497 2396 2658 2434; x_wconf 88' lang='lat' dir='ltr'><strong>suam</strong></span> <span class='ocrx_word' id='word_1_466' title='bbox 2672 2381 2946 2436; x_wconf 72' lang='lat' dir='ltr'><strong>Christus.</strong></span> <span class='ocrx_word' id='word_1_467' title='bbox 2961 2383 3558 2451; x_wconf 81' lang='lat' dir='ltr'><strong>Tabernaculum,san-</strong></span> 
     </span>
    </p>
   </div>
   <div class='ocr_carea' id='block_1_72' title="bbox 1964 2460 3558 2533">
    <p class='ocr_par' dir='ltr' id='par_1_72' title="bbox 1964 2460 3558 2533">
     <span class='ocr_line' id='line_1_72' title="bbox 1964 2460 3558 2533; baseline 0.005 -21"><span class='ocrx_word' id='word_1_468' title='bbox 1964 2464 2055 2514; x_wconf 88' lang='lat' dir='ltr'><strong>cta</strong></span> <span class='ocrx_word' id='word_1_469' title='bbox 2075 2460 2338 2528; x_wconf 88' lang='lat' dir='ltr'><strong>Ecclesia,</strong></span> <span class='ocrx_word' id='word_1_470' title='bbox 2371 2466 2434 2515; x_wconf 92' lang='lat' dir='ltr'><strong>ut</strong></span> <span class='ocrx_word' id='word_1_471' title='bbox 2459 2461 2518 2514; x_wconf 91' lang='lat' dir='ltr'>in</span> <span class='ocrx_word' id='word_1_472' title='bbox 2557 2462 2893 2533; x_wconf 81' lang='lat' dir='ltr'><strong>Apocalypsi</strong></span> <span class='ocrx_word' id='word_1_473' title='bbox 2939 2478 2953 2518; x_wconf 90' lang='lat'><strong>:</strong></span> <span class='ocrx_word' id='word_1_474' title='bbox 3005 2482 3031 2515; x_wconf 89' lang='lat'>«</span> <span class='ocrx_word' id='word_1_475' title='bbox 3059 2463 3196 2518; x_wconf 91' lang='lat' dir='ltr'><strong>Ecce</strong></span> <span class='ocrx_word' id='word_1_476' title='bbox 3223 2462 3558 2520; x_wconf 84' lang='lat' dir='ltr'><strong>tabernacu-</strong></span> 
     </span>
    </p>
   </div>
   <div class='ocr_carea' id='block_1_73' title="bbox 1957 2548 3559 2622">
    <p class='ocr_par' dir='ltr' id='par_1_73' title="bbox 1957 2548 3559 2622">
     <span class='ocr_line' id='line_1_73' title="bbox 1957 2548 3559 2622; baseline 0.004 -20"><span class='ocrx_word' id='word_1_477' title='bbox 1957 2548 2075 2602; x_wconf 91' lang='lat' dir='ltr'><strong>lum</strong></span> <span class='ocrx_word' id='word_1_478' title='bbox 2103 2548 2251 2622; x_wconf 87' lang='lat' dir='ltr'><strong>[Dei]</strong></span> <span class='ocrx_word' id='word_1_479' title='bbox 2269 2565 2396 2604; x_wconf 89' lang='lat' dir='ltr'><strong>cum</strong></span> <span class='ocrx_word' id='word_1_480' title='bbox 2426 2549 2751 2604; x_wconf 90' lang='lat' dir='ltr'><strong>hominibus</strong></span> <span class='ocrx_word' id='word_1_481' title='bbox 2781 2549 2847 2616; x_wconf 72' lang='lat'><strong>’0,</strong></span> <span class='ocrx_word' id='word_1_482' title='bbox 2882 2569 2909 2604; x_wconf 74' lang='grc' dir='ltr'><strong><em>ι</em></strong></span> <span class='ocrx_word' id='word_1_483' title='bbox 2935 2551 3084 2622; x_wconf 88' lang='lat' dir='ltr'><strong>quod</strong></span> <span class='ocrx_word' id='word_1_484' title='bbox 3130 2557 3325 2607; x_wconf 88' lang='lat' dir='ltr'><strong>sancta</strong></span> <span class='ocrx_word' id='word_1_485' title='bbox 3367 2553 3559 2610; x_wconf 87' lang='lat' dir='ltr'><strong>Eccle-</strong></span> 
     </span>
    </p>
   </div>
   <div class='ocr_carea' id='block_1_74' title="bbox 1959 2621 3557 2710">
    <p class='ocr_par' dir='ltr' id='par_1_74' title="bbox 1959 2621 3557 2710">
     <span class='ocr_line' id='line_1_74' title="bbox 1959 2621 3557 2710; baseline 0.004 -19"><span class='ocrx_word' id='word_1_486' title='bbox 1959 2637 2042 2691; x_wconf 89' lang='lat' dir='ltr'><strong>sia</strong></span> <span class='ocrx_word' id='word_1_487' title='bbox 2072 2637 2129 2692; x_wconf 92' lang='lat' dir='ltr'><strong>in</strong></span> <span class='ocrx_word' id='word_1_488' title='bbox 2142 2621 2326 2692; x_wconf 82' lang='lat' dir='ltr'>medio</span> <span class='ocrx_word' id='word_1_489' title='bbox 2342 2638 2650 2694; x_wconf 86' lang='lat' dir='ltr'><strong>carnalium</strong></span> <span class='ocrx_word' id='word_1_490' title='bbox 2665 2621 3066 2694; x_wconf 86' lang='lat' dir='ltr'><strong>commoratur.</strong></span> <span class='ocrx_word' id='word_1_491' title='bbox 3097 2641 3557 2710; x_wconf 80' lang='lat' dir='ltr'><strong>Tabernaculum‘,</strong></span> 
     </span>
    </p>
   </div>
   <div class='ocr_carea' id='block_1_75' title="bbox 1961 2728 3652 2800">
    <p class='ocr_par' dir='ltr' id='par_1_75' title="bbox 1961 2728 3652 2800">
     <span class='ocr_line' id='line_1_75' title="bbox 1961 2728 3652 2800; baseline 0.004 -20"><span class='ocrx_word' id='word_1_492' title='bbox 1961 2743 2163 2798; x_wconf 90' lang='lat' dir='ltr'><strong>corpus</strong></span> <span class='ocrx_word' id='word_1_493' title='bbox 2211 2732 2487 2792; x_wconf 89' lang='lat' dir='ltr'><strong>nostrum,</strong></span> <span class='ocrx_word' id='word_1_494' title='bbox 2547 2732 2611 2782; x_wconf 92' lang='lat' dir='ltr'><strong>ut</strong></span> <span class='ocrx_word' id='word_1_495' title='bbox 2650 2728 2707 2782; x_wconf 92' lang='lat' dir='ltr'><strong>in</strong></span> <span class='ocrx_word' id='word_1_496' title='bbox 2760 2728 3009 2800; x_wconf 88' lang='lat' dir='ltr'><strong>Epistola</strong></span> <span class='ocrx_word' id='word_1_497' title='bbox 3055 2729 3242 2784; x_wconf 88' lang='lat' dir='ltr'><strong>Petri:</strong></span> <span class='ocrx_word' id='word_1_498' title='bbox 3275 2748 3297 2780; x_wconf 75' lang='grc' dir='ltr'>ι</span> <span class='ocrx_word' id='word_1_499' title='bbox 3336 2730 3560 2786; x_wconf 74' lang='lat' dir='ltr'><strong>Iustum</strong></span> <span class='ocrx_word' id='word_1_500' title='bbox 3647 2768 3652 2772; x_wconf 64' lang='grc' dir='ltr'><strong>ι</strong></span> 
     </span>
    </p>
   </div>
   <div class='ocr_carea' id='block_1_76' title="bbox 1961 2815 3556 2888">
    <p class='ocr_par' dir='ltr' id='par_1_76' title="bbox 1961 2815 3556 2888">
     <span class='ocr_line' id='line_1_76' title="bbox 1961 2815 3556 2888; baseline 0.004 -19"><span class='ocrx_word' id='word_1_501' title='bbox 1961 2821 2153 2870; x_wconf 85' lang='lat' dir='ltr'><strong>autem</strong></span> <span class='ocrx_word' id='word_1_502' title='bbox 2173 2815 2436 2880; x_wconf 86' lang='lat' dir='ltr'><strong>arbitror,</strong></span> <span class='ocrx_word' id='word_1_503' title='bbox 2476 2816 2725 2888; x_wconf 89' lang='lat' dir='ltr'><strong>quandiu</strong></span> <span class='ocrx_word' id='word_1_504' title='bbox 2754 2833 2881 2872; x_wconf 90' lang='lat' dir='ltr'><strong>sum</strong></span> <span class='ocrx_word' id='word_1_505' title='bbox 2917 2816 2976 2872; x_wconf 92' lang='lat' dir='ltr'><strong>in</strong></span> <span class='ocrx_word' id='word_1_506' title='bbox 3036 2817 3397 2874; x_wconf 87' lang='lat' dir='ltr'><strong>tabernaculo</strong></span> <span class='ocrx_word' id='word_1_507' title='bbox 3425 2819 3556 2888; x_wconf 83' lang='lat' dir='ltr'><strong>isto,</strong></span> 
     </span>
    </p>
   </div>
   <div class='ocr_carea' id='block_1_77' title="bbox 1963 2904 3560 2978">
    <p class='ocr_par' dir='ltr' id='par_1_77' title="bbox 1963 2904 3560 2978">
     <span class='ocr_line' id='line_1_77' title="bbox 1963 2904 3560 2978; baseline 0.003 -21"><span class='ocrx_word' id='word_1_508' title='bbox 1963 2919 2058 2958; x_wconf 91' lang='lat' dir='ltr'><strong>vos</strong></span> <span class='ocrx_word' id='word_1_509' title='bbox 2082 2907 2101 2926; x_wconf 66' lang='grc' dir='ltr'><strong>θ</strong></span> <span class='ocrx_word' id='word_1_510' title='bbox 2132 2921 2482 2958; x_wconf 87' lang='lat' dir='ltr'><strong>commovere</strong></span> <span class='ocrx_word' id='word_1_511' title='bbox 2509 2904 2575 2972; x_wconf 67' lang='lat'><strong>’1,</strong></span> <span class='ocrx_word' id='word_1_512' title='bbox 2615 2925 2636 2955; x_wconf 75' lang='grc' dir='ltr'><strong><em>ι</em></strong></span> <span class='ocrx_word' id='word_1_513' title='bbox 2671 2905 2727 2959; x_wconf 89' lang='lat' dir='ltr'><strong>id</strong></span> <span class='ocrx_word' id='word_1_514' title='bbox 2760 2911 2862 2972; x_wconf 89' lang='lat' dir='ltr'><strong>est,</strong></span> <span class='ocrx_word' id='word_1_515' title='bbox 2897 2906 3148 2978; x_wconf 88' lang='lat' dir='ltr'><strong>quandiu</strong></span> <span class='ocrx_word' id='word_1_516' title='bbox 3179 2907 3301 2963; x_wconf 87' lang='lat' dir='ltr'><strong>vivo</strong></span> <span class='ocrx_word' id='word_1_517' title='bbox 3325 2908 3386 2963; x_wconf 90' lang='lat' dir='ltr'><strong>in</strong></span> <span class='ocrx_word' id='word_1_518' title='bbox 3433 2923 3560 2964; x_wconf 84' lang='lat' dir='ltr'><strong>cor-</strong></span> 
     </span>
    </p>
   </div>
   <div class='ocr_carea' id='block_1_78' title="bbox 1899 2993 3558 3092">
    <p class='ocr_par' dir='ltr' id='par_1_78' title="bbox 1899 2993 3558 3092">
     <span class='ocr_line' id='line_1_78' title="bbox 1899 2993 3558 3092; baseline 0.004 -45"><span class='ocrx_word' id='word_1_519' title='bbox 1899 3031 1942 3092; x_wconf 77' lang='lat' dir='ltr'>C</span> <span class='ocrx_word' id='word_1_520' title='bbox 1962 3009 2098 3064; x_wconf 84' lang='lat' dir='ltr'><strong>pore</strong></span> <span class='ocrx_word' id='word_1_521' title='bbox 2127 2993 2255 3062; x_wconf 90' lang='lat' dir='ltr'><strong>isto,</strong></span> <span class='ocrx_word' id='word_1_522' title='bbox 2279 2993 2479 3048; x_wconf 88' lang='lat' dir='ltr'><strong>docere</strong></span> <span class='ocrx_word' id='word_1_523' title='bbox 2508 3010 2622 3048; x_wconf 89' lang='lat' dir='ltr'><strong>vos.</strong></span> <span class='ocrx_word' id='word_1_524' title='bbox 2662 2995 3123 3064; x_wconf 85' lang='lat' dir='ltr'><strong>Tabernaculum,</strong></span> <span class='ocrx_word' id='word_1_525' title='bbox 3155 3013 3316 3052; x_wconf 89' lang='lat' dir='ltr'><strong>mens</strong></span> <span class='ocrx_word' id='word_1_526' title='bbox 3345 3003 3558 3066; x_wconf 84' lang='lat' dir='ltr'><strong>nostra,</strong></span> 
     </span>
    </p>
   </div>
   <div class='ocr_carea' id='block_1_79' title="bbox 1964 3081 3560 3143">
    <p class='ocr_par' dir='ltr' id='par_1_79' title="bbox 1964 3081 3560 3143">
     <span class='ocr_line' id='line_1_79' title="bbox 1964 3081 3560 3143; baseline 0.005 -8"><span class='ocrx_word' id='word_1_527' title='bbox 1964 3087 2029 3136; x_wconf 89' lang='lat' dir='ltr'><strong>ut</strong></span> <span class='ocrx_word' id='word_1_528' title='bbox 2082 3081 2140 3136; x_wconf 93' lang='lat' dir='ltr'><strong>in</strong></span> <span class='ocrx_word' id='word_1_529' title='bbox 2189 3081 2293 3136; x_wconf 90' lang='lat' dir='ltr'><strong>Job</strong></span> <span class='ocrx_word' id='word_1_530' title='bbox 2327 3101 2337 3136; x_wconf 93' lang='lat'><strong>:</strong></span> <span class='ocrx_word' id='word_1_531' title='bbox 2375 3102 2400 3132; x_wconf 91' lang='lat'><strong>«</strong></span> <span class='ocrx_word' id='word_1_532' title='bbox 2443 3084 2668 3138; x_wconf 90' lang='lat' dir='ltr'><strong>Secreto</strong></span> <span class='ocrx_word' id='word_1_533' title='bbox 2724 3083 2835 3137; x_wconf 90' lang='lat' dir='ltr'><strong>erit</strong></span> <span class='ocrx_word' id='word_1_534' title='bbox 2887 3083 3036 3140; x_wconf 92' lang='lat' dir='ltr'><strong>Deus</strong></span> <span class='ocrx_word' id='word_1_535' title='bbox 3091 3085 3150 3139; x_wconf 90' lang='lat' dir='ltr'><strong>in</strong></span> <span class='ocrx_word' id='word_1_536' title='bbox 3201 3085 3560 3143; x_wconf 85' lang='lat' dir='ltr'><strong>tabernaculo</strong></span> 
     </span>
    </p>
   </div>
   <div class='ocr_carea' id='block_1_80' title="bbox 1965 3168 3566 3244">
    <p class='ocr_par' dir='ltr' id='par_1_80' title="bbox 1965 3168 3566 3244">
     <span class='ocr_line' id='line_1_80' title="bbox 1965 3168 3566 3244; baseline 0.004 -20"><span class='ocrx_word' id='word_1_537' title='bbox 1965 3186 2090 3226; x_wconf 92' lang='lat' dir='ltr'><strong>meo</strong></span> <span class='ocrx_word' id='word_1_538' title='bbox 2118 3168 2183 3224; x_wconf 71' lang='grc'><strong>³³.</strong></span> <span class='ocrx_word' id='word_1_539' title='bbox 2206 3190 2233 3222; x_wconf 71' lang='grc' dir='ltr'><strong>ιο</strong></span> <span class='ocrx_word' id='word_1_540' title='bbox 2262 3173 2282 3193; x_wconf 80' lang='lat'><strong>&#39;</strong></span> <span class='ocrx_word' id='word_1_541' title='bbox 2332 3172 2792 3238; x_wconf 82' lang='lat' dir='ltr'><strong>Tabernaculum,</strong></span> <span class='ocrx_word' id='word_1_542' title='bbox 2844 3172 2964 3244; x_wconf 91' lang='lat' dir='ltr'><strong>ipsa</strong></span> <span class='ocrx_word' id='word_1_543' title='bbox 2992 3174 3358 3240; x_wconf 86' lang='lat' dir='ltr'><strong>conversatio,</strong></span> <span class='ocrx_word' id='word_1_544' title='bbox 3407 3180 3472 3230; x_wconf 91' lang='lat' dir='ltr'><strong>ut</strong></span> <span class='ocrx_word' id='word_1_545' title='bbox 3505 3174 3566 3229; x_wconf 87' lang='lat' dir='ltr'><strong>in</strong></span> 
     </span>
    </p>
   </div>
   <div class='ocr_carea' id='block_1_81' title="bbox 1963 3259 3564 3333">
    <p class='ocr_par' dir='ltr' id='par_1_81' title="bbox 1963 3259 3564 3333">
     <span class='ocr_line' id='line_1_81' title="bbox 1963 3259 3564 3333; baseline 0.003 -19"><span class='ocrx_word' id='word_1_546' title='bbox 1963 3259 2100 3314; x_wconf 87' lang='lat' dir='ltr'><strong>Job:</strong></span> <span class='ocrx_word' id='word_1_547' title='bbox 2133 3280 2153 3311; x_wconf 77' lang='grc' dir='ltr'><strong>ε</strong></span> <span class='ocrx_word' id='word_1_548' title='bbox 2193 3260 2261 3314; x_wconf 90' lang='lat' dir='ltr'><strong>Et</strong></span> <span class='ocrx_word' id='word_1_549' title='bbox 2299 3260 2463 3330; x_wconf 89' lang='lat' dir='ltr'><strong>longe</strong></span> <span class='ocrx_word' id='word_1_550' title='bbox 2520 3261 2687 3316; x_wconf 83' lang='lat' dir='ltr'><strong>facies</strong></span> <span class='ocrx_word' id='word_1_551' title='bbox 2725 3261 3084 3333; x_wconf 80' lang='lat' dir='ltr'><strong>iniquitatem</strong></span> <span class='ocrx_word' id='word_1_552' title='bbox 3121 3279 3154 3317; x_wconf 92' lang='lat' dir='ltr'><strong>a</strong></span> <span class='ocrx_word' id='word_1_553' title='bbox 3205 3262 3564 3320; x_wconf 86' lang='lat' dir='ltr'><strong>tabernaculo</strong></span> 
     </span>
    </p>
   </div>
   <div class='ocr_carea' id='block_1_82' title="bbox 1963 3344 3563 3418">
    <p class='ocr_par' dir='ltr' id='par_1_82' title="bbox 1963 3344 3563 3418">
     <span class='ocr_line' id='line_1_82' title="bbox 1963 3344 3563 3418; baseline 0.002 -17"><span class='ocrx_word' id='word_1_554' title='bbox 1963 3352 2060 3402; x_wconf 91' lang='lat' dir='ltr'>tuo</span> <span class='ocrx_word' id='word_1_555' title='bbox 2077 3344 2140 3412; x_wconf 70' lang='lat'><strong>’3,</strong></span> <span class='ocrx_word' id='word_1_556' title='bbox 2179 3368 2203 3398; x_wconf 84' lang='grc'><strong>››</strong></span> <span class='ocrx_word' id='word_1_557' title='bbox 2239 3347 2294 3401; x_wconf 91' lang='lat' dir='ltr'><strong>id</strong></span> <span class='ocrx_word' id='word_1_558' title='bbox 2323 3352 2425 3413; x_wconf 89' lang='lat' dir='ltr'><strong>est,</strong></span> <span class='ocrx_word' id='word_1_559' title='bbox 2458 3365 2492 3402; x_wconf 89' lang='lat' dir='ltr'><strong>a</strong></span> <span class='ocrx_word' id='word_1_560' title='bbox 2513 3349 2934 3404; x_wconf 89' lang='lat' dir='ltr'><strong>conversatione</strong></span> <span class='ocrx_word' id='word_1_561' title='bbox 2951 3355 3070 3404; x_wconf 88' lang='lat' dir='ltr'><strong>tua.</strong></span> <span class='ocrx_word' id='word_1_562' title='bbox 3103 3351 3563 3418; x_wconf 84' lang='lat' dir='ltr'><strong>Tabernaculum,</strong></span> 
     </span>
    </p>
   </div>
   <div class='ocr_carea' id='block_1_83' title="bbox 1963 3434 3568 3507">
    <p class='ocr_par' dir='ltr' id='par_1_83' title="bbox 1963 3434 3568 3507">
     <span class='ocr_line' id='line_1_83' title="bbox 1963 3434 3568 3507; baseline 0.003 -18"><span class='ocrx_word' id='word_1_563' title='bbox 1963 3451 2093 3490; x_wconf 88' lang='lat' dir='ltr'><strong>caro</strong></span> <span class='ocrx_word' id='word_1_564' title='bbox 2122 3434 2300 3506; x_wconf 89' lang='lat' dir='ltr'><strong>impii,</strong></span> <span class='ocrx_word' id='word_1_565' title='bbox 2359 3442 2420 3490; x_wconf 90' lang='lat' dir='ltr'><strong>ut</strong></span> <span class='ocrx_word' id='word_1_566' title='bbox 2462 3435 2521 3490; x_wconf 93' lang='lat' dir='ltr'><strong>in</strong></span> <span class='ocrx_word' id='word_1_567' title='bbox 2559 3435 2663 3490; x_wconf 91' lang='lat' dir='ltr'><strong>Job</strong></span> <span class='ocrx_word' id='word_1_568' title='bbox 2697 3455 2708 3490; x_wconf 93' lang='lat'><strong>:</strong></span> <span class='ocrx_word' id='word_1_569' title='bbox 2761 3454 2788 3489; x_wconf 73' lang='grc' dir='ltr'><strong><em>α</em></strong></span> <span class='ocrx_word' id='word_1_570' title='bbox 2833 3437 3133 3507; x_wconf 78' lang='lat' dir='ltr'><strong>Affligetur</strong></span> <span class='ocrx_word' id='word_1_571' title='bbox 3163 3439 3186 3463; x_wconf 86' lang='lat'>&#39;</span> <span class='ocrx_word' id='word_1_572' title='bbox 3223 3437 3455 3494; x_wconf 89' lang='lat' dir='ltr'><strong>relictus</strong></span> <span class='ocrx_word' id='word_1_573' title='bbox 3507 3437 3568 3494; x_wconf 90' lang='lat' dir='ltr'><strong>in</strong></span> 
     </span>
    </p>
   </div>
   <div class='ocr_carea' id='block_1_84' title="bbox 1965 3523 3570 3598">
    <p class='ocr_par' dir='ltr' id='par_1_84' title="bbox 1965 3523 3570 3598">
     <span class='ocr_line' id='line_1_84' title="bbox 1965 3523 3570 3598; baseline 0.001 -18"><span class='ocrx_word' id='word_1_574' title='bbox 1965 3523 2326 3580; x_wconf 87' lang='lat' dir='ltr'><strong>tabernaculo</strong></span> <span class='ocrx_word' id='word_1_575' title='bbox 2353 3540 2455 3580; x_wconf 90' lang='lat' dir='ltr'><strong>suo</strong></span> <span class='ocrx_word' id='word_1_576' title='bbox 2477 3523 2543 3588; x_wconf 62' lang='grc' dir='ltr'><strong>υ,</strong></span> <span class='ocrx_word' id='word_1_577' title='bbox 2578 3544 2603 3576; x_wconf 74' lang='grc' dir='ltr'><strong>ι)</strong></span> <span class='ocrx_word' id='word_1_578' title='bbox 2639 3524 2904 3596; x_wconf 87' lang='lat' dir='ltr'><strong>punietur</strong></span> <span class='ocrx_word' id='word_1_579' title='bbox 2934 3524 3190 3580; x_wconf 90' lang='lat' dir='ltr'><strong>videlicet</strong></span> <span class='ocrx_word' id='word_1_580' title='bbox 3235 3525 3570 3598; x_wconf 88' lang='lat' dir='ltr'><strong>reprobatus</strong></span> 
     </span>
    </p>
   </div>
   <div class='ocr_carea' id='block_1_85' title="bbox 1967 3611 3570 3680">
    <p class='ocr_par' dir='ltr' id='par_1_85' title="bbox 1967 3611 3570 3680">
     <span class='ocr_line' id='line_1_85' title="bbox 1967 3611 3570 3680; baseline 0.002 -14"><span class='ocrx_word' id='word_1_581' title='bbox 1967 3611 2021 3666; x_wconf 92' lang='lat' dir='ltr'>in</span> <span class='ocrx_word' id='word_1_582' title='bbox 2049 3628 2214 3666; x_wconf 88' lang='lat' dir='ltr'><strong>carne</strong></span> <span class='ocrx_word' id='word_1_583' title='bbox 2234 3627 2355 3664; x_wconf 89' lang='lat' dir='ltr'><strong>sua.</strong></span> <span class='ocrx_word' id='word_1_584' title='bbox 2395 3613 2854 3679; x_wconf 75' lang='lat' dir='ltr'><strong>Tabernaeulum,</strong></span> <span class='ocrx_word' id='word_1_585' title='bbox 2885 3611 3123 3668; x_wconf 86' lang='lat' dir='ltr'><strong>felicitas</strong></span> <span class='ocrx_word' id='word_1_586' title='bbox 3150 3617 3396 3680; x_wconf 83' lang='lat' dir='ltr'><strong>terrena,</strong></span> <span class='ocrx_word' id='word_1_587' title='bbox 3431 3621 3496 3670; x_wconf 91' lang='lat' dir='ltr'><strong>ut</strong></span> <span class='ocrx_word' id='word_1_588' title='bbox 3509 3615 3570 3670; x_wconf 88' lang='lat' dir='ltr'><strong>in</strong></span> 
     </span>
    </p>
   </div>
   <div class='ocr_carea' id='block_1_86' title="bbox 1967 3698 3565 3772">
    <p class='ocr_par' dir='ltr' id='par_1_86' title="bbox 1967 3698 3565 3772">
     <span class='ocr_line' id='line_1_86' title="bbox 1967 3698 3565 3772; baseline 0 -16"><span class='ocrx_word' id='word_1_589' title='bbox 1967 3701 2071 3756; x_wconf 87' lang='lat' dir='ltr'><strong>Job</strong></span> <span class='ocrx_word' id='word_1_590' title='bbox 2104 3719 2116 3754; x_wconf 89' lang='lat'><strong>:</strong></span> <span class='ocrx_word' id='word_1_591' title='bbox 2143 3706 2212 3754; x_wconf 69' lang='lat' dir='ltr'><strong>Et</strong></span> <span class='ocrx_word' id='word_1_592' title='bbox 2228 3698 2656 3754; x_wconf 82' lang='lat' dir='ltr'><strong>tabernaculum</strong></span> <span class='ocrx_word' id='word_1_593' title='bbox 2687 3701 2988 3772; x_wconf 90' lang='lat' dir='ltr'><strong>impiorum</strong></span> <span class='ocrx_word' id='word_1_594' title='bbox 3011 3717 3124 3756; x_wconf 89' lang='lat' dir='ltr'><strong>non</strong></span> <span class='ocrx_word' id='word_1_595' title='bbox 3153 3701 3422 3758; x_wconf 85' lang='lat' dir='ltr'><strong>subsistet</strong></span> <span class='ocrx_word' id='word_1_596' title='bbox 3446 3703 3511 3770; x_wconf 65' lang='lat'><strong>95,</strong></span> <span class='ocrx_word' id='word_1_597' title='bbox 3540 3723 3565 3756; x_wconf 75' lang='grc' dir='ltr'><strong><em>ι</em></strong></span> 
     </span>
    </p>
   </div>
   <div class='ocr_carea' id='block_1_87' title="bbox 1967 3787 3568 3856">
    <p class='ocr_par' dir='ltr' id='par_1_87' title="bbox 1967 3787 3568 3856">
     <span class='ocr_line' id='line_1_87' title="bbox 1967 3787 3568 3856; baseline 0.002 -12"><span class='ocrx_word' id='word_1_598' title='bbox 1967 3789 2026 3844; x_wconf 91' lang='lat' dir='ltr'><strong>id</strong></span> <span class='ocrx_word' id='word_1_599' title='bbox 2055 3793 2159 3856; x_wconf 90' lang='lat' dir='ltr'><strong>est,</strong></span> <span class='ocrx_word' id='word_1_600' title='bbox 2190 3787 2428 3843; x_wconf 83' lang='lat' dir='ltr'><strong>felicitas</strong></span> <span class='ocrx_word' id='word_1_601' title='bbox 2449 3793 2689 3856; x_wconf 78' lang='lat' dir='ltr'><strong>terrena,</strong></span> <span class='ocrx_word' id='word_1_602' title='bbox 2718 3791 2741 3814; x_wconf 76' lang='grc'><strong>’⁷</strong></span> <span class='ocrx_word' id='word_1_603' title='bbox 2765 3805 2890 3844; x_wconf 89' lang='lat' dir='ltr'><strong>cum</strong></span> <span class='ocrx_word' id='word_1_604' title='bbox 2913 3795 3072 3845; x_wconf 88' lang='lat' dir='ltr'><strong>tanto</strong></span> <span class='ocrx_word' id='word_1_605' title='bbox 3103 3790 3306 3846; x_wconf 74' lang='lat' dir='ltr'><strong>all‘ectu</strong></span> <span class='ocrx_word' id='word_1_606' title='bbox 3347 3791 3568 3848; x_wconf 89' lang='lat' dir='ltr'><strong>incum-</strong></span> 
     </span>
    </p>
   </div>
   <div class='ocr_carea' id='block_1_88' title="bbox 1965 3877 3568 3953">
    <p class='ocr_par' dir='ltr' id='par_1_88' title="bbox 1965 3877 3568 3953">
     <span class='ocr_line' id='line_1_88' title="bbox 1965 3877 3568 3953; baseline 0.003 -21"><span class='ocrx_word' id='word_1_607' title='bbox 1965 3877 2108 3934; x_wconf 91' lang='lat' dir='ltr'><strong>bunt</strong></span> <span class='ocrx_word' id='word_1_608' title='bbox 2126 3877 2285 3949; x_wconf 89' lang='lat' dir='ltr'><strong>impii</strong></span> <span class='ocrx_word' id='word_1_609' title='bbox 2313 3880 2333 3901; x_wconf 78' lang='grc'>⁶</span> <span class='ocrx_word' id='word_1_610' title='bbox 2366 3877 2645 3932; x_wconf 84' lang='lat' dir='ltr'><strong>deficient.</strong></span> <span class='ocrx_word' id='word_1_611' title='bbox 2683 3879 3143 3946; x_wconf 87' lang='lat' dir='ltr'><strong>Tabernaculum,</strong></span> <span class='ocrx_word' id='word_1_612' title='bbox 3163 3880 3342 3936; x_wconf 90' lang='lat' dir='ltr'><strong>sancti</strong></span> <span class='ocrx_word' id='word_1_613' title='bbox 3361 3881 3568 3953; x_wconf 80' lang='lat' dir='ltr'><strong>angeli,</strong></span> 
     </span>
    </p>
   </div>
   <div class='ocr_carea' id='block_1_89' title="bbox 1966 3966 3566 4038">
    <p class='ocr_par' dir='ltr' id='par_1_89' title="bbox 1966 3966 3566 4038">
     <span class='ocr_line' id='line_1_89' title="bbox 1966 3966 3566 4038; baseline 0.002 -15"><span class='ocrx_word' id='word_1_614' title='bbox 1966 3973 2030 4023; x_wconf 93' lang='lat' dir='ltr'><strong>ut</strong></span> <span class='ocrx_word' id='word_1_615' title='bbox 2048 3967 2107 4022; x_wconf 93' lang='lat' dir='ltr'><strong>in</strong></span> <span class='ocrx_word' id='word_1_616' title='bbox 2166 3967 2402 4022; x_wconf 85' lang='lat' dir='ltr'><strong>Psalmis</strong></span> <span class='ocrx_word' id='word_1_617' title='bbox 2437 3985 2448 4019; x_wconf 94' lang='lat'>:</span> <span class='ocrx_word' id='word_1_618' title='bbox 2491 3987 2512 4018; x_wconf 78' lang='grc' dir='ltr'>ι</span> <span class='ocrx_word' id='word_1_619' title='bbox 2560 3966 2742 4031; x_wconf 86' lang='lat' dir='ltr'><strong>Quam</strong></span> <span class='ocrx_word' id='word_1_620' title='bbox 2791 3966 2997 4024; x_wconf 88' lang='lat' dir='ltr'><strong>dilecta</strong></span> <span class='ocrx_word' id='word_1_621' title='bbox 3029 3967 3394 4025; x_wconf 87' lang='lat' dir='ltr'><strong>tabernacula</strong></span> <span class='ocrx_word' id='word_1_622' title='bbox 3444 3975 3566 4038; x_wconf 81' lang='lat' dir='ltr'><strong>tua,</strong></span> 
     </span>
    </p>
   </div>
   <div class='ocr_carea' id='block_1_90' title="bbox 1967 4055 3574 4128">
    <p class='ocr_par' dir='ltr' id='par_1_90' title="bbox 1967 4055 3574 4128">
     <span class='ocr_line' id='line_1_90' title="bbox 1967 4055 3574 4128; baseline 0.002 -15"><span class='ocrx_word' id='word_1_623' title='bbox 1967 4056 2204 4113; x_wconf 93' lang='lat' dir='ltr'><strong>Domine</strong></span> <span class='ocrx_word' id='word_1_624' title='bbox 2225 4056 2277 4092; x_wconf 71' lang='grc'><strong>³⁸</strong></span> <span class='ocrx_word' id='word_1_625' title='bbox 2312 4056 2323 4110; x_wconf 93' lang='lat'><strong>!</strong></span> <span class='ocrx_word' id='word_1_626' title='bbox 2359 4074 2384 4110; x_wconf 66' lang='grc' dir='ltr'><strong>ο</strong></span> <span class='ocrx_word' id='word_1_627' title='bbox 2417 4055 2473 4110; x_wconf 93' lang='lat' dir='ltr'><strong>id</strong></span> <span class='ocrx_word' id='word_1_628' title='bbox 2535 4061 2639 4122; x_wconf 91' lang='lat' dir='ltr'><strong>est,</strong></span> <span class='ocrx_word' id='word_1_629' title='bbox 2701 4063 2912 4128; x_wconf 88' lang='lat' dir='ltr'><strong>quanto</strong></span> <span class='ocrx_word' id='word_1_630' title='bbox 2957 4074 3150 4115; x_wconf 89' lang='lat' dir='ltr'><strong>amore</strong></span> <span class='ocrx_word' id='word_1_631' title='bbox 3178 4061 3275 4114; x_wconf 80' lang='lat'><strong>‘...</strong></span> <span class='ocrx_word' id='word_1_632' title='bbox 3298 4059 3402 4115; x_wconf 89' lang='lat' dir='ltr'><strong>tibi</strong></span> <span class='ocrx_word' id='word_1_633' title='bbox 3438 4065 3574 4117; x_wconf 89' lang='lat' dir='ltr'><strong>sunt</strong></span> 
     </span>
    </p>
   </div>
   <div class='ocr_carea' id='block_1_91' title="bbox 1968 4144 3571 4218">
    <p class='ocr_par' dir='ltr' id='par_1_91' title="bbox 1968 4144 3571 4218">
     <span class='ocr_line' id='line_1_91' title="bbox 1968 4144 3571 4218; baseline 0.002 -16"><span class='ocrx_word' id='word_1_634' title='bbox 1968 4145 2174 4217; x_wconf 83' lang='lat' dir='ltr'><strong>angeli,</strong></span> <span class='ocrx_word' id='word_1_635' title='bbox 2216 4145 2276 4200; x_wconf 88' lang='lat' dir='ltr'><strong>in</strong></span> <span class='ocrx_word' id='word_1_636' title='bbox 2306 4145 2509 4218; x_wconf 90' lang='lat' dir='ltr'>quibus</span> <span class='ocrx_word' id='word_1_637' title='bbox 2531 4144 2770 4213; x_wconf 86' lang='lat' dir='ltr'><strong>habitas,</strong></span> <span class='ocrx_word' id='word_1_638' title='bbox 2801 4165 2833 4201; x_wconf 93' lang='grc' dir='ltr'>ο</span> <span class='ocrx_word' id='word_1_639' title='bbox 2862 4147 3100 4203; x_wconf 91' lang='lat' dir='ltr'><strong>Domine</strong></span> <span class='ocrx_word' id='word_1_640' title='bbox 3135 4149 3280 4204; x_wconf 87' lang='lat' dir='ltr'><strong>!Per</strong></span> <span class='ocrx_word' id='word_1_641' title='bbox 3311 4151 3571 4206; x_wconf 76' lang='lat' dir='ltr'><strong>taberna-</strong></span> 
     </span>
    </p>
   </div>
   <div class='ocr_carea' id='block_1_92' title="bbox 1971 4235 3572 4306">
    <p class='ocr_par' dir='ltr' id='par_1_92' title="bbox 1971 4235 3572 4306">
     <span class='ocr_line' id='line_1_92' title="bbox 1971 4235 3572 4306; baseline 0.002 -15"><span class='ocrx_word' id='word_1_642' title='bbox 1971 4239 2097 4291; x_wconf 86' lang='lat' dir='ltr'><strong>cula</strong></span> <span class='ocrx_word' id='word_1_643' title='bbox 2127 4235 2342 4306; x_wconf 88' lang='lat' dir='ltr'>antiqui</span> <span class='ocrx_word' id='word_1_644' title='bbox 2375 4235 2573 4301; x_wconf 82' lang='lat' dir='ltr'><strong>sancti,</strong></span> <span class='ocrx_word' id='word_1_645' title='bbox 2606 4241 2670 4290; x_wconf 89' lang='lat' dir='ltr'><strong>ut</strong></span> <span class='ocrx_word' id='word_1_646' title='bbox 2708 4236 2764 4290; x_wconf 93' lang='lat' dir='ltr'>in</span> <span class='ocrx_word' id='word_1_647' title='bbox 2800 4236 2952 4291; x_wconf 82' lang='lat' dir='ltr'><strong>libro</strong></span> <span class='ocrx_word' id='word_1_648' title='bbox 2998 4238 3232 4292; x_wconf 89' lang='lat' dir='ltr'><strong>Numeri</strong></span> <span class='ocrx_word' id='word_1_649' title='bbox 3263 4254 3279 4295; x_wconf 90' lang='lat'><strong>:</strong></span> <span class='ocrx_word' id='word_1_650' title='bbox 3316 4257 3342 4292; x_wconf 76' lang='grc' dir='ltr'><strong>α</strong></span> <span class='ocrx_word' id='word_1_651' title='bbox 3391 4238 3572 4304; x_wconf 87' lang='lat' dir='ltr'><strong>Quam</strong></span> 
     </span>
    </p>
   </div>
   <div class='ocr_carea' id='block_1_93' title="bbox 1973 4322 3572 4397">
    <p class='ocr_par' dir='ltr' id='par_1_93' title="bbox 1973 4322 3572 4397">
     <span class='ocr_line' id='line_1_93' title="bbox 1973 4322 3572 4397; baseline 0.002 -18"><span class='ocrx_word' id='word_1_652' title='bbox 1973 4325 2210 4397; x_wconf 87' lang='lat' dir='ltr'><strong>pulchra</strong></span> <span class='ocrx_word' id='word_1_653' title='bbox 2233 4322 2595 4379; x_wconf 86' lang='lat' dir='ltr'><strong>tabernacula</strong></span> <span class='ocrx_word' id='word_1_654' title='bbox 2622 4330 2739 4390; x_wconf 91' lang='lat' dir='ltr'><strong>tua,</strong></span> <span class='ocrx_word' id='word_1_655' title='bbox 2798 4325 2968 4380; x_wconf 89' lang='lat' dir='ltr'><strong>Jacob</strong></span> <span class='ocrx_word' id='word_1_656' title='bbox 2988 4325 3032 4360; x_wconf 69' lang='grc'><strong>9⁷</strong></span> <span class='ocrx_word' id='word_1_657' title='bbox 3064 4327 3076 4379; x_wconf 87' lang='lat'><strong>!</strong></span> <span class='ocrx_word' id='word_1_658' title='bbox 3108 4347 3134 4379; x_wconf 88' lang='lat'><strong><em>»</em></strong></span> <span class='ocrx_word' id='word_1_659' title='bbox 3189 4326 3338 4397; x_wconf 92' lang='lat' dir='ltr'><strong>quod</strong></span> <span class='ocrx_word' id='word_1_660' title='bbox 3395 4327 3572 4382; x_wconf 90' lang='lat' dir='ltr'><strong>multo</strong></span> 
     </span>
    </p>
   </div>
   <div class='ocr_carea' id='block_1_94' title="bbox 362 4398 1879 4487">
    <p class='ocr_par' dir='ltr' id='par_1_94' title="bbox 362 4398 1879 4470">
     <span class='ocr_line' id='line_1_94' title="bbox 362 4398 1879 4470; baseline -0.002 -15"><span class='ocrx_word' id='word_1_661' title='bbox 362 4398 470 4455; x_wconf 75' lang='lat' dir='ltr'><strong>Sus</strong></span> <span class='ocrx_word' id='word_1_662' title='bbox 492 4404 579 4455; x_wconf 88' lang='lat' dir='ltr'><strong>est</strong></span> <span class='ocrx_word' id='word_1_663' title='bbox 604 4398 931 4454; x_wconf 87' lang='lat' dir='ltr'><strong>immundus</strong></span> <span class='ocrx_word' id='word_1_664' title='bbox 983 4404 1258 4470; x_wconf 88' lang='lat' dir='ltr'><strong>peccator,</strong></span> <span class='ocrx_word' id='word_1_665' title='bbox 1293 4404 1357 4452; x_wconf 90' lang='lat' dir='ltr'><strong>ut</strong></span> <span class='ocrx_word' id='word_1_666' title='bbox 1402 4398 1458 4452; x_wconf 90' lang='lat' dir='ltr'><strong>in</strong></span> <span class='ocrx_word' id='word_1_667' title='bbox 1482 4398 1684 4452; x_wconf 88' lang='lat' dir='ltr'><strong>Petro:</strong></span> <span class='ocrx_word' id='word_1_668' title='bbox 1748 4418 1769 4448; x_wconf 74' lang='grc' dir='ltr'>ι</span> <span class='ocrx_word' id='word_1_669' title='bbox 1827 4398 1879 4452; x_wconf 72' lang='lat' dir='ltr'><strong>Et</strong></span> 
     </span>
    </p>
   </div>
   <div class='ocr_carea' id='block_1_95' title="bbox 1970 4398 3574 4487">
    <p class='ocr_par' dir='ltr' id='par_1_95' title="bbox 1974 4413 3574 4487">
     <span class='ocr_line' id='line_1_95' title="bbox 1974 4413 3574 4487; baseline 0.001 -18"><span class='ocrx_word' id='word_1_670' title='bbox 1974 4414 2252 4487; x_wconf 88' lang='lat' dir='ltr'><strong>spirituali</strong></span> <span class='ocrx_word' id='word_1_671' title='bbox 2275 4413 2473 4469; x_wconf 86' lang='lat' dir='ltr'><strong>decore</strong></span> <span class='ocrx_word' id='word_1_672' title='bbox 2495 4413 2752 4468; x_wconf 88' lang='lat' dir='ltr'><strong>nitebant</strong></span> <span class='ocrx_word' id='word_1_673' title='bbox 2769 4414 2987 4486; x_wconf 88' lang='lat' dir='ltr'><strong>antiqui</strong></span> <span class='ocrx_word' id='word_1_674' title='bbox 3007 4415 3206 4469; x_wconf 88' lang='lat' dir='ltr'><strong>sancti.</strong></span> <span class='ocrx_word' id='word_1_675' title='bbox 3239 4415 3348 4470; x_wconf 93' lang='lat' dir='ltr'><strong>Per</strong></span> <span class='ocrx_word' id='word_1_676' title='bbox 3398 4418 3574 4471; x_wconf 77' lang='lat' dir='ltr'><strong>taber-</strong></span> 
     </span>
    </p>
   </div>
   <div class='ocr_carea' id='block_1_96' title="bbox 291 4486 1892 4558">
    <p class='ocr_par' dir='ltr' id='par_1_96' title="bbox 291 4486 1892 4558">
     <span class='ocr_line' id='line_1_96' title="bbox 291 4486 1892 4558; baseline -0.004 -14"><span class='ocrx_word' id='word_1_677' title='bbox 291 4504 391 4544; x_wconf 82' lang='lat' dir='ltr'><strong>sus</strong></span> <span class='ocrx_word' id='word_1_678' title='bbox 428 4488 540 4543; x_wconf 77' lang='lat' dir='ltr'><strong>lota</strong></span> <span class='ocrx_word' id='word_1_679' title='bbox 575 4488 863 4543; x_wconf 89' lang='lat' dir='ltr'><strong>volutabro</strong></span> <span class='ocrx_word' id='word_1_680' title='bbox 889 4487 995 4543; x_wconf 90' lang='lat' dir='ltr'><strong>luti</strong></span> <span class='ocrx_word' id='word_1_681' title='bbox 1021 4487 1084 4553; x_wconf 79' lang='lat'><strong>“,</strong></span> <span class='ocrx_word' id='word_1_682' title='bbox 1123 4508 1144 4538; x_wconf 71' lang='grc' dir='ltr'>ι</span> <span class='ocrx_word' id='word_1_683' title='bbox 1170 4487 1224 4541; x_wconf 89' lang='lat' dir='ltr'><strong>id</strong></span> <span class='ocrx_word' id='word_1_684' title='bbox 1269 4492 1371 4554; x_wconf 92' lang='lat' dir='ltr'><strong>est,</strong></span> <span class='ocrx_word' id='word_1_685' title='bbox 1415 4493 1692 4558; x_wconf 91' lang='lat' dir='ltr'><strong>peccator,</strong></span> <span class='ocrx_word' id='word_1_686' title='bbox 1743 4486 1892 4540; x_wconf 80' lang='lat' dir='ltr'><strong>invo-</strong></span> 
     </span>
    </p>
   </div>
   <div class='ocr_carea' id='block_1_97' title="bbox 289 4576 1182 4649">
    <p class='ocr_par' dir='ltr' id='par_1_97' title="bbox 289 4576 1182 4649">
     <span class='ocr_line' id='line_1_97' title="bbox 289 4576 1182 4649; baseline 0 -17"><span class='ocrx_word' id='word_1_687' title='bbox 289 4578 450 4633; x_wconf 88' lang='lat' dir='ltr'><strong>lutus</strong></span> <span class='ocrx_word' id='word_1_688' title='bbox 477 4579 536 4632; x_wconf 92' lang='lat' dir='ltr'><strong>in</strong></span> <span class='ocrx_word' id='word_1_689' title='bbox 573 4577 932 4633; x_wconf 78' lang='lat' dir='ltr'><strong>inimunditia</strong></span> <span class='ocrx_word' id='word_1_690' title='bbox 949 4576 1182 4649; x_wconf 91' lang='lat' dir='ltr'><strong>peccati.</strong></span> 
     </span>
    </p>
   </div>
   <div class='ocr_carea' id='block_1_98' title="bbox 366 4683 1886 4756">
    <p class='ocr_par' dir='ltr' id='par_1_98' title="bbox 366 4683 1886 4756">
     <span class='ocr_line' id='line_1_98' title="bbox 366 4683 1886 4756; baseline -0.003 -16"><span class='ocrx_word' id='word_1_691' title='bbox 366 4684 622 4740; x_wconf 82' lang='lat' dir='ltr'><strong>Struthio</strong></span> <span class='ocrx_word' id='word_1_692' title='bbox 646 4691 733 4740; x_wconf 90' lang='lat' dir='ltr'><strong>est</strong></span> <span class='ocrx_word' id='word_1_693' title='bbox 769 4683 1003 4756; x_wconf 90' lang='lat' dir='ltr'><strong>quilibet</strong></span> <span class='ocrx_word' id='word_1_694' title='bbox 1017 4683 1308 4754; x_wconf 85' lang='lat' dir='ltr'><strong>negligens</strong></span> <span class='ocrx_word' id='word_1_695' title='bbox 1351 4683 1708 4754; x_wconf 74' lang='lat' dir='ltr'><strong>praedicator,</strong></span> <span class='ocrx_word' id='word_1_696' title='bbox 1735 4691 1798 4737; x_wconf 89' lang='lat' dir='ltr'><strong>ut</strong></span> <span class='ocrx_word' id='word_1_697' title='bbox 1830 4683 1886 4736; x_wconf 92' lang='lat' dir='ltr'><strong>in</strong></span> 
     </span>
    </p>
   </div>
   <div class='ocr_carea' id='block_1_99' title="bbox 292 4770 1892 4843">
    <p class='ocr_par' dir='ltr' id='par_1_99' title="bbox 292 4770 1892 4843">
     <span class='ocr_line' id='line_1_99' title="bbox 292 4770 1892 4843; baseline -0.003 -14"><span class='ocrx_word' id='word_1_698' title='bbox 292 4773 400 4829; x_wconf 88' lang='lat' dir='ltr'><strong>Job</strong></span> <span class='ocrx_word' id='word_1_699' title='bbox 441 4794 453 4828; x_wconf 91' lang='lat'><strong>:</strong></span> <span class='ocrx_word' id='word_1_700' title='bbox 487 4794 510 4826; x_wconf 74' lang='grc' dir='ltr'><strong><em>ι</em></strong></span> <span class='ocrx_word' id='word_1_701' title='bbox 532 4775 726 4829; x_wconf 89' lang='lat' dir='ltr'><strong>Penna</strong></span> <span class='ocrx_word' id='word_1_702' title='bbox 752 4773 1084 4829; x_wconf 89' lang='lat' dir='ltr'><strong>struthionis</strong></span> <span class='ocrx_word' id='word_1_703' title='bbox 1121 4772 1320 4827; x_wconf 88' lang='lat' dir='ltr'><strong>similis</strong></span> <span class='ocrx_word' id='word_1_704' title='bbox 1349 4778 1434 4826; x_wconf 90' lang='lat' dir='ltr'><strong>est</strong></span> <span class='ocrx_word' id='word_1_705' title='bbox 1449 4772 1648 4843; x_wconf 91' lang='lat' dir='ltr'><strong>pennis</strong></span> <span class='ocrx_word' id='word_1_706' title='bbox 1676 4770 1892 4826; x_wconf 86' lang='lat' dir='ltr'><strong>herodii</strong></span> 
     </span>
    </p>
   </div>
   <div class='ocr_carea' id='block_1_100' title="bbox 293 4862 1892 4935">
    <p class='ocr_par' dir='ltr' id='par_1_100' title="bbox 293 4862 1892 4935">
     <span class='ocr_line' id='line_1_100' title="bbox 293 4862 1892 4935; baseline -0.003 -17"><span class='ocrx_word' id='word_1_707' title='bbox 293 4866 389 4918; x_wconf 80' lang='lat' dir='ltr'><strong>et&#39;</strong></span> <span class='ocrx_word' id='word_1_708' title='bbox 413 4862 704 4935; x_wconf 87' lang='lat' dir='ltr'><strong>ancipitris</strong></span> <span class='ocrx_word' id='word_1_709' title='bbox 731 4862 795 4929; x_wconf 64' lang='lat'><strong>‘5,</strong></span> <span class='ocrx_word' id='word_1_710' title='bbox 828 4883 848 4913; x_wconf 75' lang='grc' dir='ltr'><strong><em>ι</em></strong></span> <span class='ocrx_word' id='word_1_711' title='bbox 895 4862 1044 4934; x_wconf 92' lang='lat' dir='ltr'>quod</span> <span class='ocrx_word' id='word_1_712' title='bbox 1088 4862 1331 4916; x_wconf 86' lang='lat' dir='ltr'><strong>exterior</strong></span> <span class='ocrx_word' id='word_1_713' title='bbox 1359 4877 1762 4932; x_wconf 88' lang='lat' dir='ltr'><strong>nonnunquam</strong></span> <span class='ocrx_word' id='word_1_714' title='bbox 1793 4875 1892 4914; x_wconf 91' lang='lat' dir='ltr'><strong>ne-</strong></span> 
     </span>
    </p>
   </div>
   <div class='ocr_carea' id='block_1_101' title="bbox 291 4937 1892 5024">
    <p class='ocr_par' dir='ltr' id='par_1_101' title="bbox 291 4937 1892 5024">
     <span class='ocr_line' id='line_1_101' title="bbox 291 4937 1892 5024; baseline -0.001 -18"><span class='ocrx_word' id='word_1_715' title='bbox 291 4951 587 5024; x_wconf 80' lang='lat' dir='ltr'><strong>gligentiis</strong></span> <span class='ocrx_word' id='word_1_716' title='bbox 607 4951 986 5024; x_wconf 59' lang='lat' dir='ltr'><strong>praedicatoris</strong></span> <span class='ocrx_word' id='word_1_717' title='bbox 1013 4950 1264 5022; x_wconf 88' lang='lat' dir='ltr'><strong>operatio</strong></span> <span class='ocrx_word' id='word_1_718' title='bbox 1284 4949 1544 5022; x_wconf 90' lang='lat' dir='ltr'><strong>operibus</strong></span> <span class='ocrx_word' id='word_1_719' title='bbox 1571 4937 1892 5004; x_wconf 79' lang='lat' dir='ltr'><strong>sanctorum</strong></span> 
     </span>
    </p>
   </div>
   <div class='ocr_carea' id='block_1_102' title="bbox 295 5039 1890 5104">
    <p class='ocr_par' dir='ltr' id='par_1_102' title="bbox 295 5039 1890 5104">
     <span class='ocr_line' id='line_1_102' title="bbox 295 5039 1890 5104; baseline -0.001 -8"><span class='ocrx_word' id='word_1_720' title='bbox 295 5041 502 5096; x_wconf 82' lang='lat' dir='ltr'><strong>similis</strong></span> <span class='ocrx_word' id='word_1_721' title='bbox 525 5057 648 5096; x_wconf 88' lang='lat' dir='ltr'><strong>esse</strong></span> <span class='ocrx_word' id='word_1_722' title='bbox 704 5040 940 5096; x_wconf 84' lang='lat' dir='ltr'><strong>videtur.</strong></span> <span class='ocrx_word' id='word_1_723' title='bbox 974 5040 1082 5094; x_wconf 91' lang='lat' dir='ltr'><strong>Per</strong></span> <span class='ocrx_word' id='word_1_724' title='bbox 1111 5041 1477 5094; x_wconf 74' lang='lat' dir='ltr'><strong>struthionem</strong></span> <span class='ocrx_word' id='word_1_725' title='bbox 1516 5039 1890 5104; x_wconf 68' lang='lat' dir='ltr'><strong>simulaturos,</strong></span> 
     </span>
    </p>
   </div>
   <div class='ocr_carea' id='block_1_103' title="bbox 299 5128 1894 5194">
    <p class='ocr_par' dir='ltr' id='par_1_103' title="bbox 299 5128 1894 5194">
     <span class='ocr_line' id='line_1_103' title="bbox 299 5128 1894 5194; baseline 0 -10"><span class='ocrx_word' id='word_1_726' title='bbox 299 5135 365 5184; x_wconf 85' lang='lat' dir='ltr'><strong>ut</strong></span> <span class='ocrx_word' id='word_1_727' title='bbox 391 5131 451 5186; x_wconf 89' lang='lat' dir='ltr'><strong>in</strong></span> <span class='ocrx_word' id='word_1_728' title='bbox 480 5130 585 5186; x_wconf 86' lang='lat' dir='ltr'><strong>Job</strong></span> <span class='ocrx_word' id='word_1_729' title='bbox 616 5148 629 5186; x_wconf 87' lang='lat'><strong>:</strong></span> <span class='ocrx_word' id='word_1_730' title='bbox 665 5153 684 5180; x_wconf 75' lang='grc' dir='ltr'>ι</span> <span class='ocrx_word' id='word_1_731' title='bbox 725 5130 922 5184; x_wconf 87' lang='lat' dir='ltr'><strong>Frater</strong></span> <span class='ocrx_word' id='word_1_732' title='bbox 948 5128 1030 5184; x_wconf 91' lang='lat' dir='ltr'><strong>fui</strong></span> <span class='ocrx_word' id='word_1_733' title='bbox 1056 5129 1380 5194; x_wconf 91' lang='lat' dir='ltr'><strong>draconum,</strong></span> <span class='ocrx_word' id='word_1_734' title='bbox 1405 5135 1462 5184; x_wconf 92' lang='lat' dir='ltr'><strong>et</strong></span> <span class='ocrx_word' id='word_1_735' title='bbox 1481 5129 1665 5184; x_wconf 87' lang='lat' dir='ltr'><strong>socius</strong></span> <span class='ocrx_word' id='word_1_736' title='bbox 1699 5131 1722 5153; x_wconf 73' lang='grc'><strong><em>⁶</em></strong></span> <span class='ocrx_word' id='word_1_737' title='bbox 1749 5135 1894 5184; x_wconf 67' lang='grc' dir='ltr'><strong>εινιιο</strong></span> 
     </span>
    </p>
   </div>
   <div class='ocr_carea' id='block_1_104' title="bbox 1976 4501 3575 4574">
    <p class='ocr_par' dir='ltr' id='par_1_104' title="bbox 1976 4501 3575 4574">
     <span class='ocr_line' id='line_1_104' title="bbox 1976 4501 3575 4574; baseline 0.001 -16"><span class='ocrx_word' id='word_1_738' title='bbox 1976 4507 2178 4558; x_wconf 81' lang='lat' dir='ltr'><strong>uacula</strong></span> <span class='ocrx_word' id='word_1_739' title='bbox 2196 4503 2452 4574; x_wconf 82' lang='lat' dir='ltr'><strong>gentiles,</strong></span> <span class='ocrx_word' id='word_1_740' title='bbox 2478 4509 2542 4557; x_wconf 91' lang='lat' dir='ltr'><strong>ut</strong></span> <span class='ocrx_word' id='word_1_741' title='bbox 2560 4503 2617 4556; x_wconf 90' lang='lat' dir='ltr'>in</span> <span class='ocrx_word' id='word_1_742' title='bbox 2637 4503 2664 4556; x_wconf 92' lang='lat' dir='ltr'><strong>J</strong></span> <span class='ocrx_word' id='word_1_743' title='bbox 2671 4501 2740 4556; x_wconf 92' lang='lat' dir='ltr'><strong>ob</strong></span> <span class='ocrx_word' id='word_1_744' title='bbox 2772 4521 2784 4556; x_wconf 90' lang='lat'><strong>:</strong></span> <span class='ocrx_word' id='word_1_745' title='bbox 2809 4502 2882 4557; x_wconf 89' lang='lat' dir='ltr'><strong>Et</strong></span> <span class='ocrx_word' id='word_1_746' title='bbox 2904 4503 3266 4558; x_wconf 88' lang='lat' dir='ltr'><strong>tabernacula</strong></span> <span class='ocrx_word' id='word_1_747' title='bbox 3297 4519 3494 4560; x_wconf 89' lang='lat' dir='ltr'><strong>eorum</strong></span> <span class='ocrx_word' id='word_1_748' title='bbox 3513 4504 3575 4560; x_wconf 90' lang='lat' dir='ltr'><strong>in</strong></span> 
     </span>
    </p>
   </div>
   <div class='ocr_carea' id='block_1_105' title="bbox 1975 4589 3576 4663">
    <p class='ocr_par' dir='ltr' id='par_1_105' title="bbox 1975 4589 3576 4663">
     <span class='ocr_line' id='line_1_105' title="bbox 1975 4589 3576 4663; baseline 0 -15"><span class='ocrx_word' id='word_1_749' title='bbox 1975 4600 2154 4648; x_wconf 88' lang='lat' dir='ltr'><strong>terras</strong></span> <span class='ocrx_word' id='word_1_750' title='bbox 2182 4593 2480 4663; x_wconf 90' lang='lat' dir='ltr'><strong>salsuginis</strong></span> <span class='ocrx_word' id='word_1_751' title='bbox 2518 4589 2583 4658; x_wconf 72' lang='grc'><strong>³⁸,</strong></span> <span class='ocrx_word' id='word_1_752' title='bbox 2619 4612 2644 4644; x_wconf 86' lang='grc'><strong>››</strong></span> <span class='ocrx_word' id='word_1_753' title='bbox 2679 4592 2866 4662; x_wconf 79' lang='lat' dir='ltr'><strong>quod&#39;</strong></span> <span class='ocrx_word' id='word_1_754' title='bbox 2897 4592 3153 4647; x_wconf 91' lang='lat' dir='ltr'><strong>Christus</strong></span> <span class='ocrx_word' id='word_1_755' title='bbox 3206 4593 3356 4648; x_wconf 89' lang='lat' dir='ltr'><strong>Deus</strong></span> <span class='ocrx_word' id='word_1_756' title='bbox 3404 4594 3576 4648; x_wconf 85' lang='lat' dir='ltr'><strong>Pater</strong></span> 
     </span>
    </p>
   </div>
   <div class='ocr_carea' id='block_1_106' title="bbox 1973 4680 3576 4754">
    <p class='ocr_par' dir='ltr' id='par_1_106' title="bbox 1973 4680 3576 4754">
     <span class='ocr_line' id='line_1_106' title="bbox 1973 4680 3576 4754; baseline 0.003 -18"><span class='ocrx_word' id='word_1_757' title='bbox 1973 4682 2139 4737; x_wconf 89' lang='lat' dir='ltr'><strong>corde</strong></span> <span class='ocrx_word' id='word_1_758' title='bbox 2165 4681 2461 4752; x_wconf 83' lang='lat' dir='ltr'><strong>gentilium</strong></span> <span class='ocrx_word' id='word_1_759' title='bbox 2488 4680 2662 4748; x_wconf 86' lang='lat' dir='ltr'><strong>dedit,</strong></span> <span class='ocrx_word' id='word_1_760' title='bbox 2693 4686 2756 4734; x_wconf 90' lang='lat' dir='ltr'><strong>ut</strong></span> <span class='ocrx_word' id='word_1_761' title='bbox 2776 4680 2835 4736; x_wconf 92' lang='lat' dir='ltr'><strong>in</strong></span> <span class='ocrx_word' id='word_1_762' title='bbox 2866 4680 2947 4735; x_wconf 92' lang='lat' dir='ltr'><strong>eis</strong></span> <span class='ocrx_word' id='word_1_763' title='bbox 2966 4680 3249 4738; x_wconf 88' lang='lat' dir='ltr'><strong>habitaret</strong></span> <span class='ocrx_word' id='word_1_764' title='bbox 3263 4699 3365 4754; x_wconf 89' lang='lat' dir='ltr'><strong>per</strong></span> <span class='ocrx_word' id='word_1_765' title='bbox 3377 4683 3576 4742; x_wconf 82' lang='lat' dir='ltr'><strong>ﬁdem.</strong></span> 
     </span>
    </p>
   </div>
   <div class='ocr_carea' id='block_1_107' title="bbox 1977 4769 3576 4844">
    <p class='ocr_par' dir='ltr' id='par_1_107' title="bbox 1977 4769 3576 4844">
     <span class='ocr_line' id='line_1_107' title="bbox 1977 4769 3576 4844; baseline 0.001 -18"><span class='ocrx_word' id='word_1_766' title='bbox 1977 4773 2084 4826; x_wconf 86' lang='lat' dir='ltr'><strong>Per</strong></span> <span class='ocrx_word' id='word_1_767' title='bbox 2112 4773 2469 4826; x_wconf 83' lang='lat' dir='ltr'><strong>tabernacula</strong></span> <span class='ocrx_word' id='word_1_768' title='bbox 2501 4769 2738 4824; x_wconf 88' lang='lat' dir='ltr'><strong>crimina</strong></span> <span class='ocrx_word' id='word_1_769' title='bbox 2785 4770 3086 4840; x_wconf 80' lang='lat' dir='ltr'><strong>cujuslibet</strong></span> <span class='ocrx_word' id='word_1_770' title='bbox 3114 4772 3356 4844; x_wconf 90' lang='lat' dir='ltr'><strong>reprobi,</strong></span> <span class='ocrx_word' id='word_1_771' title='bbox 3403 4778 3470 4827; x_wconf 91' lang='lat' dir='ltr'><strong>ut</strong></span> <span class='ocrx_word' id='word_1_772' title='bbox 3515 4773 3576 4828; x_wconf 84' lang='lat' dir='ltr'><strong>in</strong></span> 
     </span>
    </p>
   </div>
   <div class='ocr_carea' id='block_1_108' title="bbox 1975 4858 3578 4934">
    <p class='ocr_par' dir='ltr' id='par_1_108' title="bbox 1975 4858 3578 4934">
     <span class='ocr_line' id='line_1_108' title="bbox 1975 4858 3578 4934; baseline 0.002 -20"><span class='ocrx_word' id='word_1_773' title='bbox 1975 4860 2212 4915; x_wconf 81' lang='lat' dir='ltr'><strong>Psalmis</strong></span> <span class='ocrx_word' id='word_1_774' title='bbox 2253 4880 2264 4914; x_wconf 86' lang='lat'><strong>:</strong></span> <span class='ocrx_word' id='word_1_775' title='bbox 2302 4879 2327 4913; x_wconf 74' lang='grc' dir='ltr'><strong><em>α</em></strong></span> <span class='ocrx_word' id='word_1_776' title='bbox 2353 4860 2418 4914; x_wconf 82' lang='lat' dir='ltr'><strong>Et</strong></span> <span class='ocrx_word' id='word_1_777' title='bbox 2433 4858 2489 4914; x_wconf 92' lang='lat' dir='ltr'><strong>in</strong></span> <span class='ocrx_word' id='word_1_778' title='bbox 2509 4858 2884 4914; x_wconf 86' lang='lat' dir='ltr'><strong>tabernaculis</strong></span> <span class='ocrx_word' id='word_1_779' title='bbox 2904 4861 3026 4931; x_wconf 88' lang='lat' dir='ltr'><strong>ejus</strong></span> <span class='ocrx_word' id='word_1_780' title='bbox 3053 4877 3167 4917; x_wconf 89' lang='lat' dir='ltr'><strong>non</strong></span> <span class='ocrx_word' id='word_1_781' title='bbox 3195 4861 3270 4916; x_wconf 90' lang='lat' dir='ltr'>sit</span> <span class='ocrx_word' id='word_1_782' title='bbox 3294 4861 3390 4934; x_wconf 91' lang='lat' dir='ltr'><strong>qui</strong></span> <span class='ocrx_word' id='word_1_783' title='bbox 3419 4861 3578 4918; x_wconf 78' lang='lat' dir='ltr'><strong>inha-</strong></span> 
     </span>
    </p>
   </div>
   <div class='ocr_carea' id='block_1_109' title="bbox 1977 4949 3577 5020">
    <p class='ocr_par' dir='ltr' id='par_1_109' title="bbox 1977 4949 3577 5020">
     <span class='ocr_line' id='line_1_109' title="bbox 1977 4949 3577 5020; baseline 0.003 -17"><span class='ocrx_word' id='word_1_784' title='bbox 1977 4950 2117 5005; x_wconf 87' lang='lat' dir='ltr'><strong>bitet</strong></span> <span class='ocrx_word' id='word_1_785' title='bbox 2132 4949 2194 5016; x_wconf 69' lang='lat'><strong>’9,</strong></span> <span class='ocrx_word' id='word_1_786' title='bbox 2231 4970 2254 5002; x_wconf 87' lang='lat'><strong>»</strong></span> <span class='ocrx_word' id='word_1_787' title='bbox 2290 4949 2437 5020; x_wconf 87' lang='lat' dir='ltr'>quod</span> <span class='ocrx_word' id='word_1_788' title='bbox 2481 4949 2850 5020; x_wconf 86' lang='lat' dir='ltr'><strong>reproborum</strong></span> <span class='ocrx_word' id='word_1_789' title='bbox 2888 4949 3126 5006; x_wconf 88' lang='lat' dir='ltr'><strong>crimina</strong></span> <span class='ocrx_word' id='word_1_790' title='bbox 3168 4951 3330 5006; x_wconf 91' lang='lat' dir='ltr'><strong>electi</strong></span> <span class='ocrx_word' id='word_1_791' title='bbox 3367 4951 3577 5007; x_wconf 86' lang='lat' dir='ltr'><strong>imitari</strong></span> 
     </span>
    </p>
   </div>
   <div class='ocr_carea' id='block_1_110' title="bbox 1976 5044 2362 5094">
    <p class='ocr_par' dir='ltr' id='par_1_110' title="bbox 1976 5044 2362 5094">
     <span class='ocr_line' id='line_1_110' title="bbox 1976 5044 2362 5094; baseline -0.008 0"><span class='ocrx_word' id='word_1_792' title='bbox 1976 5044 2362 5094; x_wconf 90' lang='lat' dir='ltr'><strong>contemnunt.</strong></span> 
     </span>
    </p>
   </div>
   <div class='ocr_carea' id='block_1_111' title="bbox 2054 5125 3573 5201">
    <p class='ocr_par' dir='ltr' id='par_1_111' title="bbox 2054 5125 3573 5201">
     <span class='ocr_line' id='line_1_111' title="bbox 2054 5125 3573 5201; baseline 0.003 -18"><span class='ocrx_word' id='word_1_793' title='bbox 2054 5129 2267 5184; x_wconf 59' lang='lat' dir='ltr'><strong>Tabula</strong></span> <span class='ocrx_word' id='word_1_794' title='bbox 2295 5131 2428 5184; x_wconf 88' lang='lat' dir='ltr'><strong>sunt</strong></span> <span class='ocrx_word' id='word_1_795' title='bbox 2455 5127 2712 5198; x_wconf 86' lang='lat' dir='ltr'><strong>apostoli,</strong></span> <span class='ocrx_word' id='word_1_796' title='bbox 2746 5133 2809 5182; x_wconf 90' lang='lat' dir='ltr'><strong>ut</strong></span> <span class='ocrx_word' id='word_1_797' title='bbox 2845 5125 2903 5183; x_wconf 86' lang='lat' dir='ltr'><strong>in</strong></span> <span class='ocrx_word' id='word_1_798' title='bbox 2950 5126 3144 5184; x_wconf 77' lang='lat' dir='ltr'><strong>Exodo</strong></span> <span class='ocrx_word' id='word_1_799' title='bbox 3173 5145 3186 5180; x_wconf 89' lang='lat'><strong>:</strong></span> <span class='ocrx_word' id='word_1_800' title='bbox 3241 5147 3263 5180; x_wconf 73' lang='grc' dir='ltr'>ι</span> <span class='ocrx_word' id='word_1_801' title='bbox 3308 5127 3573 5201; x_wconf 56' lang='lat' dir='ltr'><strong>Fecimus</strong></span> 
     </span>
    </p>
   </div>
   <div class='ocr_carea' id='block_1_112' title="bbox 376 5274 1879 5351">
    <p class='ocr_par' dir='ltr' id='par_1_112' title="bbox 376 5279 1879 5351">
     <span class='ocr_line' id='line_1_112' title="bbox 376 5279 1879 5351; baseline -0.004 -12"><span class='ocrx_word' id='word_1_802' title='bbox 376 5285 394 5320; x_wconf 73' lang='grc' dir='ltr'>ί</span> <span class='ocrx_word' id='word_1_803' title='bbox 418 5283 526 5340; x_wconf 89' lang='lat' dir='ltr'><strong>Job</strong></span> <span class='ocrx_word' id='word_1_804' title='bbox 551 5296 663 5350; x_wconf 81' lang='grc' dir='ltr'><strong>χω,</strong></span> <span class='ocrx_word' id='word_1_805' title='bbox 695 5283 750 5338; x_wconf 87' lang='grc'><strong>6.</strong></span> <span class='ocrx_word' id='word_1_806' title='bbox 781 5282 804 5317; x_wconf 68' lang='grc' dir='ltr'><strong><em>ι</em></strong></span> <span class='ocrx_word' id='word_1_807' title='bbox 826 5283 974 5338; x_wconf 90' lang='lat' dir='ltr'><strong>Psal.</strong></span> <span class='ocrx_word' id='word_1_808' title='bbox 1007 5296 1132 5349; x_wconf 66' lang='lat' dir='ltr'><strong>xcv,</strong></span> <span class='ocrx_word' id='word_1_809' title='bbox 1166 5282 1257 5337; x_wconf 62' lang='grc' dir='ltr'><strong>ιο.</strong></span> <span class='ocrx_word' id='word_1_810' title='bbox 1291 5281 1314 5314; x_wconf 72' lang='lat'><strong>3</strong></span> <span class='ocrx_word' id='word_1_811' title='bbox 1339 5281 1416 5351; x_wconf 88' lang='lat' dir='ltr'><strong>III</strong></span> <span class='ocrx_word' id='word_1_812' title='bbox 1442 5280 1579 5351; x_wconf 88' lang='lat' dir='ltr'><strong>Reg.</strong></span> <span class='ocrx_word' id='word_1_813' title='bbox 1614 5293 1710 5334; x_wconf 85' lang='lat' dir='ltr'><strong>vn.</strong></span> <span class='ocrx_word' id='word_1_814' title='bbox 1743 5279 1833 5336; x_wconf 76' lang='lat'><strong>24.</strong></span> <span class='ocrx_word' id='word_1_815' title='bbox 1866 5279 1879 5315; x_wconf 73' lang='lat'><strong>4</strong></span> 
     </span>
    </p>
   </div>
   <div class='ocr_carea' id='block_1_113' title="bbox 1970 5274 3574 5351">
    <p class='ocr_par' dir='ltr' id='par_1_113' title="bbox 1970 5274 3574 5351">
     <span class='ocr_line' id='line_1_113' title="bbox 1970 5274 3574 5351; baseline 0.003 -20"><span class='ocrx_word' id='word_1_816' title='bbox 1970 5277 2022 5351; x_wconf 15' lang='lat' dir='ltr'><strong>lbi</strong></span> <span class='ocrx_word' id='word_1_817' title='bbox 2043 5291 2142 5351; x_wconf 87' lang='lat' dir='ltr'><strong>xL,_</strong></span> <span class='ocrx_word' id='word_1_818' title='bbox 2168 5276 2252 5334; x_wconf 76' lang='lat'><strong>19.</strong></span> <span class='ocrx_word' id='word_1_819' title='bbox 2285 5278 2308 5311; x_wconf 79' lang='grc'><strong>⁵</strong></span> <span class='ocrx_word' id='word_1_820' title='bbox 2336 5279 2450 5351; x_wconf 75' lang='lat' dir='ltr'><strong>Jos.</strong></span> <span class='ocrx_word' id='word_1_821' title='bbox 2483 5293 2638 5351; x_wconf 69' lang='lat' dir='ltr'><strong>xxm,</strong></span> <span class='ocrx_word' id='word_1_822' title='bbox 2657 5274 2762 5351; x_wconf 13' lang='lat'><strong>‘16.</strong></span> <span class='ocrx_word' id='word_1_823' title='bbox 2790 5279 2814 5313; x_wconf 78' lang='lat'><strong><em>°</em></strong></span> <span class='ocrx_word' id='word_1_824' title='bbox 2843 5278 2946 5351; x_wconf 80' lang='lat' dir='ltr'><strong>Job</strong></span> <span class='ocrx_word' id='word_1_825' title='bbox 2975 5292 3132 5351; x_wconf 69' lang='lat' dir='ltr'><strong>xYlll,</strong></span> <span class='ocrx_word' id='word_1_826' title='bbox 3171 5275 3254 5335; x_wconf 88' lang='grc'><strong>15.</strong></span> <span class='ocrx_word' id='word_1_827' title='bbox 3282 5277 3304 5313; x_wconf 84' lang='grc'>⁷</span> <span class='ocrx_word' id='word_1_828' title='bbox 3518 5295 3574 5348; x_wconf 83' lang='lat' dir='ltr'><strong>x,</strong></span> 
     </span>
    </p>
   </div>
   <div class='ocr_carea' id='block_1_114' title="bbox 302 5347 3579 5420">
    <p class='ocr_par' dir='ltr' id='par_1_114' title="bbox 302 5347 3579 5420">
     <span class='ocr_line' id='line_1_114' title="bbox 302 5347 3579 5420; baseline -0 -10"><span class='ocrx_word' id='word_1_829' title='bbox 302 5351 362 5420; x_wconf 84' lang='lat'><strong>6,</strong></span> <span class='ocrx_word' id='word_1_830' title='bbox 393 5355 416 5391; x_wconf 83' lang='grc'>⁸</span> <span class='ocrx_word' id='word_1_831' title='bbox 443 5353 548 5411; x_wconf 85' lang='lat' dir='ltr'><strong>Job</strong></span> <span class='ocrx_word' id='word_1_832' title='bbox 577 5347 727 5420; x_wconf 65' lang='lat' dir='ltr'><strong>xxiii,</strong></span> <span class='ocrx_word' id='word_1_833' title='bbox 761 5353 848 5412; x_wconf 90' lang='lat'><strong>38.</strong></span> <span class='ocrx_word' id='word_1_834' title='bbox 893 5354 917 5388; x_wconf 72' lang='grc' dir='ltr'>θ</span> <span class='ocrx_word' id='word_1_835' title='bbox 946 5347 1224 5420; x_wconf 59' lang='lat' dir='ltr'><strong>Canum,</strong></span> <span class='ocrx_word' id='word_1_836' title='bbox 1259 5351 1344 5406; x_wconf 80' lang='lat' dir='ltr'><strong>l2.</strong></span> <span class='ocrx_word' id='word_1_837' title='bbox 1377 5349 1424 5387; x_wconf 80' lang='grc'><strong>¹⁰</strong></span> <span class='ocrx_word' id='word_1_838' title='bbox 1452 5347 1620 5406; x_wconf 73' lang='grc' dir='ltr'><strong>Εκὸά.</strong></span> <span class='ocrx_word' id='word_1_839' title='bbox 1654 5365 1846 5416; x_wconf 87' lang='lat' dir='ltr'><strong>xxvm,</strong></span> <span class='ocrx_word' id='word_1_840' title='bbox 1883 5349 1935 5406; x_wconf 90' lang='lat'><strong>6.</strong></span> <span class='ocrx_word' id='word_1_841' title='bbox 1985 5350 2026 5386; x_wconf 83' lang='grc'>¹¹</span> <span class='ocrx_word' id='word_1_842' title='bbox 2061 5349 2164 5404; x_wconf 91' lang='lat' dir='ltr'><strong>Job</strong></span> <span class='ocrx_word' id='word_1_843' title='bbox 2191 5364 2340 5414; x_wconf 75' lang='lat' dir='ltr'><strong>xxvi,</strong></span> <span class='ocrx_word' id='word_1_844' title='bbox 2372 5348 2463 5406; x_wconf 84' lang='grc'><strong>12.</strong></span> <span class='ocrx_word' id='word_1_845' title='bbox 2510 5347 2556 5384; x_wconf 79' lang='grc'>¹²</span> <span class='ocrx_word' id='word_1_846' title='bbox 2589 5349 2692 5420; x_wconf 86' lang='lat' dir='ltr'><strong>Job</strong></span> <span class='ocrx_word' id='word_1_847' title='bbox 2734 5364 2846 5418; x_wconf 83' lang='lat' dir='ltr'><strong>xu,</strong></span> <span class='ocrx_word' id='word_1_848' title='bbox 2879 5349 2968 5407; x_wconf 85' lang='grc'><strong>25.</strong></span> <span class='ocrx_word' id='word_1_849' title='bbox 3001 5350 3047 5384; x_wconf 80' lang='grc'>¹³</span> <span class='ocrx_word' id='word_1_850' title='bbox 3067 5350 3175 5404; x_wconf 86' lang='lat' dir='ltr'><strong>Isa.</strong></span> <span class='ocrx_word' id='word_1_851' title='bbox 3325 5347 3409 5406; x_wconf 82' lang='lat'><strong>15.</strong></span> <span class='ocrx_word' id='word_1_852' title='bbox 3452 5350 3498 5388; x_wconf 82' lang='grc'>¹⁴</span> <span class='ocrx_word' id='word_1_853' title='bbox 3522 5347 3579 5409; x_wconf 88' lang='grc' dir='ltr'>Π</span> 
     </span>
    </p>
   </div>
   <div class='ocr_carea' id='block_1_115' title="bbox 307 5417 3575 5494">
    <p class='ocr_par' dir='ltr' id='par_1_115' title="bbox 307 5417 3575 5494">
     <span class='ocr_line' id='line_1_115' title="bbox 307 5417 3575 5494; baseline -0 -14"><span class='ocrx_word' id='word_1_854' title='bbox 307 5417 459 5480; x_wconf 77' lang='lat' dir='ltr'><strong>Petr.</strong></span> <span class='ocrx_word' id='word_1_855' title='bbox 487 5439 551 5493; x_wconf 84' lang='lat' dir='ltr'><strong>II,</strong></span> <span class='ocrx_word' id='word_1_856' title='bbox 581 5424 672 5480; x_wconf 76' lang='lat'><strong>22.</strong></span> <span class='ocrx_word' id='word_1_857' title='bbox 705 5417 880 5480; x_wconf 64' lang='lat' dir='ltr'><strong>“Job</strong></span> <span class='ocrx_word' id='word_1_858' title='bbox 908 5438 1093 5494; x_wconf 79' lang='lat' dir='ltr'><strong>xxx1x,</strong></span> <span class='ocrx_word' id='word_1_859' title='bbox 1126 5417 1220 5480; x_wconf 68' lang='grc'><strong>16.</strong></span> <span class='ocrx_word' id='word_1_860' title='bbox 1249 5424 1294 5459; x_wconf 83' lang='grc'><strong>¹⁰</strong></span> <span class='ocrx_word' id='word_1_861' title='bbox 1313 5422 1426 5494; x_wconf 15' lang='lat' dir='ltr'><strong>Job,</strong></span> <span class='ocrx_word' id='word_1_862' title='bbox 1445 5437 1571 5494; x_wconf 78' lang='lat' dir='ltr'><strong>xxx,</strong></span> <span class='ocrx_word' id='word_1_863' title='bbox 1601 5421 1691 5477; x_wconf 87' lang='grc'><strong>29.</strong></span> <span class='ocrx_word' id='word_1_864' title='bbox 1725 5422 1939 5494; x_wconf 24' lang='grc' dir='ltr'><strong>ημξδεῃι.</strong></span> <span class='ocrx_word' id='word_1_865' title='bbox 1965 5435 2078 5494; x_wconf 64' lang='lat' dir='ltr'><strong>xiv,</strong></span> <span class='ocrx_word' id='word_1_866' title='bbox 2107 5422 2158 5478; x_wconf 83' lang='lat' dir='ltr'><strong>l.</strong></span> <span class='ocrx_word' id='word_1_867' title='bbox 2193 5421 2407 5494; x_wconf 31' lang='lat' dir='ltr'><strong>‘fﬂPsAal.</strong></span> <span class='ocrx_word' id='word_1_868' title='bbox 2441 5433 2598 5494; x_wconf 73' lang='lat' dir='ltr'><strong>xvm.</strong></span> <span class='ocrx_word' id='word_1_869' title='bbox 2630 5419 3083 5494; x_wconf 10' lang='lat' dir='ltr'><strong>6_._&quot;_Psal.ix1.v,</strong></span> <span class='ocrx_word' id='word_1_870' title='bbox 3112 5420 3164 5475; x_wconf 86' lang='grc'><strong>5.</strong></span> <span class='ocrx_word' id='word_1_871' title='bbox 3194 5417 3436 5494; x_wconf 71' lang='lat' dir='ltr'><strong>’°_Ap_oc.</strong></span> <span class='ocrx_word' id='word_1_872' title='bbox 3459 5437 3575 5492; x_wconf 72' lang='lat' dir='ltr'><strong>xm,</strong></span> 
     </span>
    </p>
   </div>
   <div class='ocr_carea' id='block_1_116' title="bbox 306 5489 1879 5563">
    <p class='ocr_par' dir='ltr' id='par_1_116' title="bbox 306 5489 1879 5563">
     <span class='ocr_line' id='line_1_116' title="bbox 306 5489 1879 5563; baseline -0.005 -9"><span class='ocrx_word' id='word_1_873' title='bbox 306 5495 366 5554; x_wconf 84' lang='lat'><strong>3.</strong></span> <span class='ocrx_word' id='word_1_874' title='bbox 394 5496 437 5533; x_wconf 70' lang='grc' dir='ltr'><strong>’ί</strong></span> <span class='ocrx_word' id='word_1_875' title='bbox 463 5497 517 5552; x_wconf 92' lang='lat' dir='ltr'>II</span> <span class='ocrx_word' id='word_1_876' title='bbox 540 5489 698 5552; x_wconf 45' lang='lat' dir='ltr'><strong>&#39;Petr.</strong></span> <span class='ocrx_word' id='word_1_877' title='bbox 735 5511 771 5563; x_wconf 79' lang='grc' dir='ltr'><strong>ι,</strong></span> <span class='ocrx_word' id='word_1_878' title='bbox 798 5496 888 5552; x_wconf 82' lang='grc'><strong>13.</strong></span> <span class='ocrx_word' id='word_1_879' title='bbox 921 5489 1090 5551; x_wconf 67' lang='lat' dir='ltr'><strong>“Job</strong></span> <span class='ocrx_word' id='word_1_880' title='bbox 1119 5510 1266 5562; x_wconf 68' lang='lat' dir='ltr'><strong>xxxx,</strong></span> <span class='ocrx_word' id='word_1_881' title='bbox 1302 5494 1355 5551; x_wconf 83' lang='grc'><strong>4.</strong></span> <span class='ocrx_word' id='word_1_882' title='bbox 1387 5493 1433 5530; x_wconf 78' lang='grc'><strong>³³</strong></span> <span class='ocrx_word' id='word_1_883' title='bbox 1461 5493 1565 5548; x_wconf 90' lang='lat' dir='ltr'><strong>Job</strong></span> <span class='ocrx_word' id='word_1_884' title='bbox 1595 5507 1728 5561; x_wconf 65' lang='grc' dir='ltr'>χχιι,</span> <span class='ocrx_word' id='word_1_885' title='bbox 1756 5492 1845 5548; x_wconf 74' lang='lat'><strong>‘23.</strong></span> <span class='ocrx_word' id='word_1_886' title='bbox 1878 5499 1879 5506; x_wconf 85' lang='lat'>‘</span> 
     </span>
    </p>
   </div>
   <div class='ocr_carea' id='block_1_117' title="bbox 1970 5489 3576 5563">
    <p class='ocr_par' dir='ltr' id='par_1_117' title="bbox 1970 5489 3576 5560">
     <span class='ocr_line' id='line_1_117' title="bbox 1970 5489 3576 5560; baseline 0.006 -16"><span class='ocrx_word' id='word_1_887' title='bbox 1970 5491 2056 5547; x_wconf 74' lang='lat' dir='ltr'><strong>[ob</strong></span> <span class='ocrx_word' id='word_1_888' title='bbox 2081 5506 2169 5558; x_wconf 84' lang='lat' dir='ltr'><strong>xx,</strong></span> <span class='ocrx_word' id='word_1_889' title='bbox 2196 5490 2284 5548; x_wconf 82' lang='grc'><strong>26.</strong></span> <span class='ocrx_word' id='word_1_890' title='bbox 2319 5489 2482 5545; x_wconf 65' lang='lat' dir='ltr'><strong>“Job</strong></span> <span class='ocrx_word' id='word_1_891' title='bbox 2502 5504 2622 5549; x_wconf 86' lang='lat' dir='ltr'><strong>vm.</strong></span> <span class='ocrx_word' id='word_1_892' title='bbox 2645 5489 2734 5548; x_wconf 79' lang='lat'><strong>‘2&#39;2.</strong></span> <span class='ocrx_word' id='word_1_893' title='bbox 2768 5490 2816 5526; x_wconf 70' lang='grc'><strong>³⁸</strong></span> <span class='ocrx_word' id='word_1_894' title='bbox 2833 5493 2976 5548; x_wconf 86' lang='lat' dir='ltr'><strong>Psal.</strong></span> <span class='ocrx_word' id='word_1_895' title='bbox 3004 5503 3232 5560; x_wconf 78' lang='lat' dir='ltr'><strong>Lxxxm,</strong></span> <span class='ocrx_word' id='word_1_896' title='bbox 3248 5489 3384 5547; x_wconf 57' lang='lat' dir='ltr'><strong>2f”</strong></span> <span class='ocrx_word' id='word_1_897' title='bbox 3404 5489 3576 5554; x_wconf 68' lang='lat' dir='ltr'><strong>Num.</strong></span> 
     </span>
    </p>
   </div>
   <div class='ocr_carea' id='block_1_118' title="bbox 309 5563 1661 5636">
    <p class='ocr_par' dir='ltr' id='par_1_118' title="bbox 309 5563 1661 5636">
     <span class='ocr_line' id='line_1_118' title="bbox 309 5563 1661 5636; baseline -0.004 -13"><span class='ocrx_word' id='word_1_898' title='bbox 309 5579 460 5636; x_wconf 68' lang='lat' dir='ltr'><strong>Inv,</strong></span> <span class='ocrx_word' id='word_1_899' title='bbox 489 5568 544 5625; x_wconf 86' lang='lat'><strong>5.</strong></span> <span class='ocrx_word' id='word_1_900' title='bbox 573 5567 622 5606; x_wconf 74' lang='lat'><strong>”</strong></span> <span class='ocrx_word' id='word_1_901' title='bbox 651 5567 771 5626; x_wconf 85' lang='lat' dir='ltr'><strong>Job.</strong></span> <span class='ocrx_word' id='word_1_902' title='bbox 803 5580 990 5636; x_wconf 77' lang='lat' dir='ltr'><strong>XXXIX,</strong></span> <span class='ocrx_word' id='word_1_903' title='bbox 1025 5567 1078 5624; x_wconf 88' lang='lat'><strong>9.</strong></span> <span class='ocrx_word' id='word_1_904' title='bbox 1106 5567 1153 5604; x_wconf 71' lang='grc' dir='ltr'><strong>’θ</strong></span> <span class='ocrx_word' id='word_1_905' title='bbox 1180 5567 1326 5624; x_wconf 88' lang='lat' dir='ltr'><strong>Psal.</strong></span> <span class='ocrx_word' id='word_1_906' title='bbox 1354 5577 1546 5633; x_wconf 77' lang='lat' dir='ltr'><strong>LXVIII,</strong></span> <span class='ocrx_word' id='word_1_907' title='bbox 1573 5563 1661 5620; x_wconf 88' lang='grc'><strong>26.</strong></span> 
     </span>
    </p>
   </div>
  </div>
