3942 6158
461 285 594 343 1063
1058 282 1120 338 Β.
1165 277 1434 337 RABANI
1476 277 1704 334 MAURI
1742 275 2083 337 ARCHIEP.
2121 275 2445 332 MOGUN’I‘.
2487 275 2782 332 OPERUM
2822 274 3004 330 PARS
3043 275 3138 331 lll.
3547 279 3658 336 1064

455 410 678 467 tabulas
704 405 1050 466 tabernaculi
1075 409 1290 461 stantes
1328 404 1368 470 ¹,
1406 422 1428 455 ι
1463 403 1612 476 quod
1639 403 1920 476 apostolos
1951 403 2117 466 Ec-A
2137 402 2196 459 in
2226 402 2494 476 Psalmis:
2531 423 2552 454 α
2579 403 2951 474 Congregatio
2979 401 3330 457 taurorumin
3345 402 3504 458 vaccis
3517 419 3661 476 popu-

455 501 637 556 clesiae
666 499 796 554 ﬁdei
840 503 898 552 et
921 495 1103 569 Operis
1140 493 1430 550 rectudine
1479 492 1746 548 sublimes
1798 492 2054 548 Christus
2136 494 2320 550 lorum
2350 494 2413 560 η,
2445 516 2472 542 ι»
2509 493 2567 548 id
2595 499 2700 559 est,
2731 491 3116 568 conventicula
3137 491 3492 547 haereticorum
3511 491 3562 548 in
3595 492 3663 548 fe-

453 589 602 645 fecit.
641 590 874 654 Tabula,
907 584 1210 642 scientiaet
1237 587 1505 656 potestas,
1525 587 1590 638 ut
1617 581 1674 636 in
1697 583 1884 638 Exodo
1900 581 2058 636 dedit
2136 582 2518 639 cunditatibus
2549 582 2862 637 hominum.

452 677 725 734 Dominus
752 675 932 748 Moysi
960 693 971 730 :
1001 693 1028 729 α
1051 675 1205 729 Duas
1231 671 1454 728 tabulas
1480 670 1522 738 ¹,
1552 691 1574 722 ι
1625 671 1776 744 quod
1833 670 2056 726 unicui-
2219 675 2435 728 Tectum
2466 677 2553 728 est
2578 674 2600 695 ⁶
2630 677 2860 738 tectum,
2891 675 2957 726 ut
2975 670 3032 725 in
3055 669 3284 726 Psalmis
3313 689 3326 724 :
3360 691 3381 721 ι
3411 670 3670 743 Sicutpas-

454 783 562 840 que
591 767 834 822 maxime
850 765 1080 837 praelato
1101 763 1219 818 haec
1234 762 1345 816 duo
1375 760 1534 816 valde
1564 759 1881 814 necessaria
1901 764 2053 825 sunt,
2141 778 2234 817 ser
2250 761 2534 817 solitarius
2561 761 2616 814 in
2637 766 2786 816 tecto
2806 761 2870 826 ‘3,
2913 777 2940 813 ι
2965 759 3115 832 quod
3140 759 3287 814 solus
3318 757 3548 814 Christus
3565 776 3668 816 cum

453 855 688 912 scientia
722 855 978 909 videlicet
1006 849 1358 922 intelligendi
1383 855 1436 904 et
1485 853 1732 920 potestas
1763 847 2053 920 operandi.
2141 867 2374 923 corpore
2398 867 2518 918 suo,
2573 851 2721 923 quod
2775 855 2864 904 est
2895 849 3157 916 Ecclesia,
3187 848 3409 904 exclusis
3437 848 3669 921 mprobis,

462 946 699 1011 Tabula,
733 943 916 999 cordis
945 941 1203 1007 latitudo,
1236 945 1302 994 ut
1329 938 1390 993 in
1411 938 1641 993 Cantico
1691 956 1702 990 :
1729 957 1758 988 α
1799 936 2059 1008 Compin-
2141 939 2470 1011 regnabitin
2491 941 2647 994 ccelo,
2670 941 2906 1004 Tectum,
2926 938 3204 994 subtilitas
3219 955 3380 993 sacra
3395 937 3670 1010 Scriptum,

452 1050 654 1106 gamus
683 1033 821 1088 illud
849 1031 1056 1086 tabulis
1074 1028 1324 1085 cedrinis
1341 1027 1384 1092 ³,
1408 1046 1433 1080 ι
1477 1027 1624 1100 quod
1656 1032 1910 1080 sanctam
1933 1025 2053 1080 ani-
2138 1037 2204 1085 ut
2231 1031 2290 1085 in
2320 1030 2647 1101 Evangelio:
2673 1049 2698 1081 (ι
2728 1029 3095 1085 Nudaverunt
3113 1033 3336 1093 tectum,
3373 1025 3460 1081 ubi
3477 1032 3580 1082 erat
3597 1027 3672 1083 Je-

455 1139 608 1178 mam
639 1122 858 1178 excelsa
901 1120 1241 1175 intrinsecus
1269 1117 1568 1172 latitudine
1613 1117 1783 1171 Pater
1803 1121 1860 1170 et
1880 1115 2054 1170 Filius
2137 1138 2232 1177 sus
2258 1121 2318 1188 ιθ,
2358 1139 2382 1172 ι
2414 1120 2471 1174 id
2491 1125 2596 1186 est,
2628 1123 3006 1191 exposuerunt
3035 1133 3251 1172 sacram
3280 1117 3613 1187 Scripturam,
3627 1116 3674 1171 in

453 1215 512 1266 et
541 1209 782 1282 Spiritus
798 1214 1026 1264 sanctus
1048 1211 1342 1263 exornant.
1368 1208 1599 1272 Tabula,
1633 1205 1872 1260 latitudo
1917 1221 2010 1276 ope

2138 1229 2252 1284 qua
2268 1210 2657 1266 estverasalus
2677 1214 2890 1265 nostra.
2920 1209 3157 1272 Tectum,
3185 1222 3312 1261 caro
3338 1210 3530 1271 nostra,
3555 1212 3609 1259 ut
3629 1205 3673 1260 in

454 1301 550 1367 ris,
582 1299 722 1356 utin
745 1299 952 1354 librum
967 1299 1185 1369 Regum
1209 1315 1221 1352 :
1260 1316 1284 1348 ι
1315 1297 1384 1350 Et
1400 1295 1540 1350 texit
1552 1295 1936 1366 pavimentum
1966 1300 2056 1348 ta-
2140 1301 2438 1371 Evangelia
2471 1318 2483 1352 :
2523 1321 2546 1351 ι
2571 1299 2641 1354 Et
2686 1299 2781 1370 qui
2808 1299 2864 1352 in
2890 1303 3058 1365 tecto,
3093 1313 3204 1352 non
3232 1294 3516 1350 descendat
3535 1293 3594 1360 ⁸ο,
3631 1295 3676 1348 id

455 1389 600 1444 δυὶίε
639 1387 891 1460 abiegnis
916 1387 959 1453 ⁴ς
994 1407 1020 1439 )>
1051 1385 1198 1458 (ιιιοά
1231 1385 1413 1439 Virum
1447 1385 1717 1438 humilem
1747 1385 1896 1439 Deus
1925 1382 2055 1438 boni
2139 1397 2242 1458 est,
2275 1390 2371 1462 qui
2401 1389 2460 1443 in
2489 1405 2656 1444 carne
2696 1387 3007 1443 dominium
3056 1391 3291 1449 exercet,
3321 1383 3420 1438 sub
3452 1399 3598 1437 carne
3630 1400 3677 1436 se

455 1477 640 1550 operis
660 1476 959 1532 latitudine
981 1475 1225 1530 exterius
1255 1479 1437 1528 ornat.
2139 1495 2252 1533 non
2275 1482 2614 1550 prosternat.

528 1568 817 1622 Talentum
847 1571 933 1620 est
949 1564 1286 1629 intellectus,
1317 1569 1381 1616 ut
1408 1561 1467 1615 in
1491 1561 1790 1632 Evangelio
1825 1579 1836 1614 :
1869 1581 1890 1612 ι
1918 1560 2054 1614 Abs-
2215 1569 2336 1622 Tela
2367 1573 2452 1621 est
2471 1565 2711 1620 brevitas
2729 1565 2898 1635 hujus
2913 1565 3058 1629 vitaz,
3093 1563 3234 1618 utin
3261 1562 3361 1617 Job
3391 1581 3402 1614 :
3441 1564 3456 1583 ‘
3495 1580 3518 1614 ι
3541 1561 3679 1625 Quasi

453 1655 644 1712 condit
674 1655 951 1709 talentum
987 1653 1047 1708 in
1075 1658 1229 1708 terra
1249 1651 1291 1718 ⁵,
1321 1672 1344 1702 ν)
1381 1650 1530 1722 quod
1560 1650 1849 1722 negligens
1885 1649 2054 1721 quili-
2137 1675 2172 1712 a
2197 1663 2420 1712 texente
2450 1654 2879 1711 telasucciditur
2902 1652 2970 1721 ²¹,
2999 1673 3022 1706 ι
3057 1652 3208 1724 quod
3237 1652 3348 1706 vita
3375 1658 3570 1717 nostra,
3595 1665 3682 1720 quo

453 1743 551 1800 bet
586 1743 957 1810 intellectum,
984 1757 1151 1814 quem
1181 1741 1252 1794 ad
1279 1740 1519 1794 salutem
1547 1739 1786 1794 aliorum
1815 1738 2050 1810 accepit,
2070 1725 2119 1787 B
2138 1747 2264 1819 plus
2311 1745 2484 1800 habet
2533 1743 2898 1816 praeteritum,
2941 1759 3008 1798 eo
3037 1741 3226 1797 minus
3262 1739 3424 1795 habet
3451 1739 3682 1794 futurum.

453 1833 513 1888 in
532 1832 773 1888 terrenis
799 1831 1041 1902 negotiis
1052 1828 1333 1902 expendit.
1345 1830 1652 1894 Talentum,
1684 1829 1904 1900 pondus
1932 1843 2060 1899 pec-
2139 1837 2248 1890 Per
2276 1839 2441 1890 telam
2463 1840 2644 1889 status
2673 1849 2994 1904 pravorum,
3025 1831 3178 1886 utin
3215 1829 3360 1886 Isaia
3389 1848 3400 1883 :
3439 1848 3458 1880 ι
3484 1828 3547 1882 Et
3569 1827 3685 1883 telas

451 1921 585 1989 cati,
615 1927 682 1976 ut
724 1921 784 1975 in
824 1919 1092 1976 Zacharia
1131 1936 1198 1974 ια
1248 1919 1318 1973 Et
1348 1934 1475 1972 ecce
1507 1917 1786 1972 talentum
1833 1915 2048 1988 plumbi
2140 1941 2360 1980 araneae
2391 1927 2411 1948 ο
2440 1929 2639 1979 texunt
2662 1921 2731 1990 ﬁ,
2773 1939 2800 1975 ι
2835 1921 2983 1993 quod
3040 1919 3266 1992 reprobi
3321 1919 3390 1972 ad
3415 1919 3513 1972 hoc
3536 1916 3686 1971 modis

451 2010 784 2084 portabatur
807 2010 850 2078 ⁸,
872 2029 897 2062 ››
921 2009 978 2064 id
1003 2014 1107 2076 est,
1140 2007 1360 2080 pondus
1408 2007 1620 2080 peccati
1664 2006 2046 2073 exercebatur,
2133 2014 2394 2071 omnibus
2420 2013 2696 2080 laborant,
2719 2017 2785 2067 ut
2809 2012 3028 2065 lucrum
3058 2010 3186 2064 vim
3215 2005 3496 2082 praesentis
3519 2021 3688 2077 appro.

458 2102 766 2165 Talentum,
783 2098 1002 2171 pondus
1017 2097 1245 2165 bonum,
1260 2097 1397 2152 utin
1415 2095 1628 2152 Exodo:
1655 2117 1676 2147 ε
1707 2097 1888 2151 Omne
1920 2111 2015 2168 por

2135 2107 2404 2171 hendant,
2437 2103 2510 2158 ad
2529 2103 2708 2157 instar
2736 2099 2993 2164 videlicet
3003 2115 3245 2165 araneae,
3273 2114 3395 2170 qua:
3433 2095 3499 2151 ad
3524 2093 3688 2150 hocvi-

453 2189 559 2246 dus
573 2188 893 2244 candelabri
917 2203 1047 2242 cum
1074 2187 1334 2242 omnibus
1353 2185 1498 2240 vasis
1549 2185 1666 2240 suis
1693 2184 1937 2240 habebat
1965 2191 2054 2239 ta-
2136 2212 2294 2252 seem
2322 2210 2426 2249 sua
2439 2191 2707 2259 extendit,
2723 2195 2788 2248 ut
2801 2189 2966 2244 vilem
2986 2187 3326 2260 pmdam,id
3355 2192 3454 2253 est,
3476 2197 3689 2238 muscam

453 2279 669 2334 lentum
691 2278 815 2334 auri
853 2277 1212 2350 purissimi",
1244 2295 1272 2330 ι
1324 2275 1472 2347 quod
1511 2275 1770 2330 Christus
1824 2281 1881 2329 et
1931 2275 2054 2346 ejus
2137 2286 2345 2357 capiat,

453 2369 616 2424 electi
658 2366 1110 2440 magnitudinem
1139 2382 1282 2420 veras
1302 2364 1548 2420 scientiae
1596 2363 1885 2436 possident
1945 2365 2055 2418 Per
2211 2376 2495 2443 Templum
2551 2375 2636 2426 est
2687 2369 2871 2441 patria
2907 2366 3166 2434 caelestis,
3226 2371 3294 2422 ut
3349 2365 3404 2420 in
3443 2362 3692 2418 Psalmis:

456 2462 729 2514 talentum
753 2473 953 2512 sensus
971 2455 1308 2528 corporales,
1329 2459 1394 2509 ut
1417 2454 1474 2508 in
1503 2453 1804 2524 Evangelio
1837 2472 1848 2506 :
1889 2471 1914 2504 «
1946 2453 2053 2507 Do-
2138 2483 2164 2518 α
2195 2467 2216 2487 ο
2246 2461 2633 2534 Replebuntur
2661 2459 2719 2512 in
2751 2457 2910 2513 bonis
2933 2457 3134 2512 domus
3160 2461 3276 2512 tum
3301 2458 3322 2480 θ
3339 2449 3692 2526 [sanctumest]

454 2547 622 2614 mine,
657 2545 906 2618 quinque
924 2546 1140 2600 talenta
1189 2543 1469 2599 tradidisti
1509 2542 1649 2597 mihi
1679 2542 1724 2610 ⁸,
1761 2561 1784 2593 ››
1841 2541 2011 2596 scilict

2136 2553 2409 2624 templum
2432 2555 2594 2605 tuum
2621 2547 2687 2614 ³³,
2721 2565 2750 2602 ι
2780 2547 2837 2602 id
2875 2552 2979 2612 est,
3012 2543 3342 2616 implebitur
3367 2541 3572 2615 gaudiis
3591 2538 3693 2594 cali

453 2637 664 2692 donum
681 2636 930 2708 quinque
950 2650 1197 2700 sensum:
1231 2633 1376 2704 (ἰυοά
1401 2639 1486 2687 θεῖ
1502 2631 1844 2695 exteriomm
1875 2631 2050 2686 δοίθῐι·
2133 2641 2228 2696 ubi
2246 2639 2517 2695 habitatio
2528 2644 2628 2692 tua
2644 2636 2798 2692 omni
2811 2637 3112 2690 sanctitate
3129 2633 3407 2706 splendet.
3427 2633 3692 2700 Templum,

454 2725 592 2780 tiam
615 2724 755 2778 mihi
777 2723 1080 2778 tradidisti.
1099 2723 1208 2776 Per
1225 2725 1242 2746 ⁶
1267 2726 1474 2777 talenta
1496 2721 1812 2776 intellectus
1841 2727 1899 2776 et
1917 2736 2052 2792 ope-
2135 2746 2336 2803 corpus
2368 2728 2596 2794 Christi,
2624 2731 2690 2782 ut,
2717 2727 2773 2780 in
2797 2724 3096 2794 Evangelia
3127 2743 3137 2776 :
3170 2741 3198 2774 ί(
3223 2723 3429 2778 Solvite
3452 2719 3689 2790 templum

451 2814 616 2880 ratio:
649 2818 715 2868 ut
741 2813 801 2868 in
826 2811 1143 2883 Ενωιεθιίος
1204 2832 1229 2864 ⁶
1272 2811 1384 2866 duo
1413 2811 1628 2866 talenta
1657 2811 1700 2878 ³,
1747 2828 1785 2867 ς)
1833 2809 1888 2864 id
1940 2815 2044 2876 est,
2131 2821 2254 2886 hoc,
2288 2819 2416 2875 etin
2443 2817 2632 2873 triduo
2656 2813 2941 2870 aedificabo
2965 2813 3103 2870 illud
3126 2812 3193 2880 ²⁴,
3233 2832 3262 2867 ι
3292 2812 3351 2867 id
3369 2815 3470 2878 est,
3499 2806 3697 2865 occidite

455 2903 800 2958 intellectum
831 2905 890 2956 et
914 2901 1297 2972 operationem
1323 2901 1460 2954 mihi
1489 2899 1792 2955 tradidisti-
2133 2925 2334 2982 corpus
2384 2923 2594 2973 meum,
2625 2911 2684 2961 et
2727 2904 2818 2960 die
2871 2903 3043 2959 tertia
3078 2901 3363 2958 suscitabo
3385 2899 3534 2955 illud.
3576 2898 3698 2951 Tem-

531 2993 698 3048 Trabs
727 2996 816 3047 est
835 2989 1050 3056 odium,
1073 2994 1138 3044 ut
1156 2989 1216 3044 in
1231 2989 1529 3061 Evangelio
1562 3007 1574 3043 :
1612 2988 1807 3060 «Ejice
1833 2986 2054 3043 trabem
2073 3047 2115 3070 Π
2131 3003 2314 3070 ριωη9
2335 2999 2490 3070 virgo
2518 2995 2715 3064 Maria,
2759 3000 2824 3049 ut
2851 2995 2910 3048 in
2947 2993 3186 3048 Psalmis
3217 3012 3230 3048 :
3267 3011 3293 3044 α
3329 2992 3397 3046 Et
3422 2990 3478 3045 in
3516 2985 3696 3058 templo

455 3047 714 3138 deoculo
729 3085 831 3136 tuo
857 3078 923 3146 ¹⁰,
953 3099 978 3131 »
1010 3047 1067 3133 id
1094 3084 1199 3144 est,
1226 3047 1418 3150 abjic;
1435 3077 1628 3134 odium
1657 3047 1715 3133 a'
1729 3076 1895 3132 corde
1931 3081 2050 3131 tuo.
2768 3047 3017 3154 gloriam
3071 3081 3138 3149 as,
3180 3081 3336 3153 quod
3387 3080 3445 3136 ίη
3490 3047 3700 3134 Ερειῶ

457 3171 566 3225 Per
586 3171 762 3224 εναδοε
790 3167 1047 3241 apostoli,
1078 3173 1144 3222 ut
1169 3168 1228 3222 in
1252 3167 1410 3222 libris
1449 3166 1675 3238 Regum
1717 3186 1728 3221 τ
1759 3185 1787 3220 α
1843 3165 2054 3221 Trabes
2137 3177 2300 3233 electi
2321 3177 2661 3232 conﬁtentur
2687 3173 2856 3228 ﬁdem
2903 3189 3118 3226 veram.
3166 3172 3471 3241 Templum,
3520 3179 3694 3237 corpus

456 3264 648 3314 autem
675 3257 866 3331 posuit
901 3256 960 3312 in
1003 3256 1170 3312 domo
1197 3273 1301 3329 per
1328 3257 1626 3313 circuitum
1659 3257 1724 3323 ¹¹,
1757 3276 1783 3309 ››
1833 3255 1888 3310 id
1945 3267 2013 3310 esl

2142 3271 2412 3332 nostrum,
2437 3264 2584 3320 utin
2613 3263 2789 3318 Paulo
2822 3280 2833 3316 :
2873 3281 2897 3314 c
2939 3259 3182 3317 Nescitis
3204 3259 3359 3332 quod
3378 3270 3597 3330 corpora
3620 3267 3699 3308 no-

455 3345 1004 3420 apostolosposuitin
1033 3345 1284 3401 Ecclesia
1315 3362 1328 3399 :
1371 3366 1394 3397 ι
1414 3345 1557 3402 Etin
1588 3361 1814 3401 omnem
1841 3350 2012 3400 terra!

2141 3362 2252 3412 stra
2279 3355 2556 3426 templum
2575 3357 2709 3408 sunt
2737 3351 2980 3423 Spiritus
3002 3348 3184 3404 sancti
3211 3347 3280 3416 ³⁸,
3304 3367 3332 3402 ι
3365 3344 3576 3420 quodin
3596 3355 3698 3398 cor-

455 3437 624 3494 exiVit
649 3451 821 3493 8011118
848 3452 1064 3492 60111111-
1099 3455 1125 3488 »
2133 3445 2298 3500 dibus
2319 3443 2546 3499 mundis
2574 3440 2791 3496 habitat
2839 3438 3084 3511 Spiritus
3129 3444 3383 3492 sanctus.
3433 3435 3696 3503 Templum,

533 3528 829 3583 Thalamus
842 3531 929 3582 est
947 3531 1145 3582 ιιιθΐιιε
1171 3524 1384 3591 Μαάθ,
1402 3523 1544 3580 utin
1563 3523 1796 3580 Ρεαιωίδ
1822 3543 1834 3580 ε
1857 3544 1883 3577 ((
1908 3525 2052 3580 Τθιη-
2131 3550 2292 3590 mens
2320 3533 2539 3598 devota,
2565 3537 2631 3586 ut
2656 3531 2716 3584 in
2743 3528 2919 3585 Paulo
2954 3547 2965 3581 :
3003 3547 3028 3581 (ι
3067 3526 3124 3583 Si
3155 3543 3287 3598 quis
3313 3524 3581 3596 templum
3616 3517 3700 3576 Dei

455 3631 624 3690 quam
651 3631 892 3689 sponsus
924 3614 1177 3687 procedit
1207 3614 1277 3669 de
1324 3613 1572 3669 thalamo
1613 3631 1735 3682 suo,
1765 3633 1792 3667 »
1845 3614 1902 3669 id
1939 3619 2042 3681 est,
2132 3621 2419 3678 violaverit
2443 3621 2508 3690 ³⁷,
2537 3642 2566 3676 ›ι
2592 3621 2650 3676 id
2679 3625 2782 3686 est,
2818 3619 2866 3675 si
2896 3619 3022 3691 quis
3051 3622 3305 3672 mentem
3332 3631 3508 3680 suam,
3540 3611 3594 3666 in
3611 3623 3701 3681 qua

453 3705 698 3762 mundus
724 3705 913 3761 exiens
942 3704 1011 3760 de
1038 3704 1290 3776 virgineo
1317 3710 1496 3760 utero.
1537 3706 1856 3772 Thalamus,
1891 3720 2010 3760 men

2143 3714 2280 3769 Deus
2327 3710 2582 3766 habitare
2628 3709 2814 3776 debet,
2871 3708 3180 3764 violaverit.
3233 3709 3530 3775 Templum,
3558 3714 3700 3772 capa-

453 3795 672 3862 devota,
695 3800 762 3850 ut
803 3795 864 3850 in
909 3794 1380 3850 Deuteromonio:
1423 3813 1448 3846 «
1487 3795 1659 3859 Quasi
1690 3793 1750 3849 in
1800 3793 2050 3848 thalamo
2131 3799 2269 3857 citas
2301 3801 2618 3856 intellectus
2645 3798 2882 3870 ang-elici
2920 3805 2978 3853 et
3029 3796 3286 3863 humani,
3327 3800 3395 3850 ut,
3435 3794 3492 3848 in
3541 3789 3696 3846 Isaia:

451 3889 573 3940 tota
599 3884 690 3940 die
710 3883 1023 3940 morabitur
1050 3883 1116 3951 1’,
1148 3901 1170 3936 ο
1189 3883 1337 3956 quod
1367 3883 1451 3938 vir
1469 3887 1696 3938 sanctus
1721 3882 1779 3937 in
1799 3889 2048 3938 contem-
2134 3913 2164 3948 ι
2188 3893 2258 3948 Et
2285 3909 2353 3948 ea
2372 3908 2496 3964 qua;
2506 3889 2610 3947 sub
2621 3891 2742 3962 ipso
2771 3893 2953 3956 erant,
2979 3885 3278 3959 replebant
3312 3884 3576 3956 templum
3592 3878 3649 3943 ³³,
3677 3893 3698 3928 ι

451 3973 701 4044 platione
729 3974 787 4028 in
815 3977 1005 4028 mente
1059 3989 1164 4028 sua
1215 3978 1594 4028 conversatur.
1635 3973 1744 4028 Per
1778 3975 2048 4028 thalamos
2130 3981 2279 4054 quod
2325 3980 2610 4036 mirabilia
2635 3979 2808 4034 etiam
2843 3983 3234 4032 creaturarum
3262 3975 3369 4030 Dei
3418 3970 3699 4028 admiratur

451 4062 555 4116 viri
597 4061 794 4129 sancti,
826 4067 892 4116 ut
917 4062 978 4116 in
1030 4061 1348 4116 Ezechiele:
1385 4083 1408 4114 ι
1462 4063 1532 4116 Et
1585 4063 1735 4116 inter
1768 4062 2048 4118 thalamos
2067 4131 2109 4140 _
2131 4087 2330 4126 sensus
2349 4069 2636 4140 angelicus
2657 4073 2715 4123 et
2743 4069 3044 4122 humanus.
3077 4067 3389 4134 Templum,
3414 4059 3514 4115 viri
3527 4053 3698 4120 sancti,

453 4149 701 4224 quinque
724 4149 942 4204 cubitos
967 4148 1030 4215 ‘3,
1067 4171 1090 4201 ι
1133 4150 1281 4222 quod
1310 4150 1414 4204 viri
1445 4151 1623 4205 sancti
1643 4157 1701 4206 et
1724 4168 1916 4206 amore
1945 4151 2046 4206 Dei
2067 4131 2196 4215 θυι
2219 4160 2280 4215 in
2299 4131 2473 4214 paul},
2505 4177 2517 4212 ε
2560 4177 2584 4210 α
2607 4157 2906 4228 Templum
2949 4155 3101 4210 enim
3155 4131 3261 4208 Dei
3311 4156 3570 4208 sanctum
3613 4148 3701 4209 ed.

449 4239 690 4294 interius
718 4239 937 4305 ardent,
972 4244 1031 4294 et
1057 4239 1436 4294 ministerium
1494 4241 1742 4312 quinque
1780 4257 2048 4296 sensuum
2130 4249 2280 4320 quod
2299 4249 2436 4304 estis
2453 4265 2551 4303 vos
2573 4246 2640 4302 υ.
2672 4267 2701 4301 π

453 4329 696 4384 exterius
721 4333 1000 4384 exercem-
2207 4339 2452 4392 Tentatio
2481 4342 2568 4392 est
2611 4336 2698 4390 vel
2753 4335 3022 4400 humana,
3067 4331 3125 4386 id
3180 4337 3288 4399 est,
3327 4329 3494 4386 aliter
3531 4335 3702 4398 sapere

528 4420 701 4474 Tauri
719 4423 854 4474 sunt
870 4417 1070 4486 Judaei,
1093 4423 1160 4473 ut
1197 4419 1257 4473 in
1287 4417 1527 4474 Psalmis
1544 4438 1591 4474 ε(
1619 4419 1788 4474 Tauri
1810 4420 2050 4492 pingues
2131 4443 2302 4498 quam
2332 4443 2422 4480 res
2450 4443 2509 4480 se
2529 4423 2839 4480 habetcum
2867 4422 3034 4489 bono,
3065 4423 3227 4474 'tum
3251 4419 3446 4475 animo
3471 4420 3698 4476 tantum;

387 4538 397 4554 ι
451 4506 792 4563 obsederunt
811 4525 901 4562 me
924 4507 988 4576 “,
1020 4527 1046 4560 »
1080 4507 1137 4563 id
1164 4513 1267 4574 est,
1297 4508 1473 4564 Judaei
1503 4508 1729 4580 superbi
1758 4514 1815 4564 et
1838 4509 2049 4563 feroces
2130 4517 2216 4570 vel
2261 4514 2554 4581 diabolica,
2603 4514 2656 4568 id
2703 4519 2807 4580 est,
2843 4511 3014 4566 nimis
3052 4508 3358 4564 defendere
3391 4501 3700 4563 sententiam

449 4596 772 4652 afﬂixerunt
816 4615 926 4652 me.
967 4599 1158 4664 Tauri,
1206 4603 1396 4669 patres
1432 4599 1651 4653 Veteris
1682 4599 2043 4666 Testamenti,
2130 4621 2291 4659 suam
2321 4620 2491 4676 quam
2522 4603 2627 4657 scit
2657 4583 2788 4657 esse.
2808 4616 3057 4673 pravam,
3089 4599 3176 4652 vel
3205 4615 3310 4670 pro
3369 4595 3542 4660 bonis,
3573 4585 3700 4662 quod

423 4691 515 4743 -ut
565 4687 625 4742 in
663 4687 997 4757 Evangelio:
1061 4687 1280 4742 «Tauri
1319 4687 1430 4742 mei
1465 4694 1524 4742 et
1550 4687 1730 4742 altilia
1787 4705 1912 4743 mea
1953 4705 2048 4742 oc-
2127 4697 2310 4748 tentat
2339 4710 2442 4748 nos
2471 4693 2639 4759 Deus,
2675 4697 2742 4746 ut
2779 4690 2936 4758 sciat,
2969 4689 3075 4743 hoc
3103 4693 3207 4756 est,
3265 4693 3333 4742 ut
3369 4685 3510 4740 scire
3555 4677 3702 4735 faciat

449 4776 569 4830 cisa
596 4775 662 4843 *5,
689 4775 786 4830 rid
814 4780 919 4844 est,
952 4774 1101 4831 bona
1122 4777 1243 4848 jam
1277 4775 1639 4848 praebuerunt
1657 4777 1912 4850 exempla
1938 4779 2048 4832 Pa-
2129 4782 2278 4854 quod
2299 4781 2533 4854 diligitis
2555 4797 2686 4836 eum
2718 4799 2731 4848 ;
2761 4779 2846 4834 vel
2875 4777 3235 4843 seductioms,
3279 4774 3432 4848 quod
3464 4773 3605 4828 Deus
3620 4780 3702 4822 no-

447 4869 566 4920 tres
584 4864 1039 4937 antiqui,quibus
1066 4881 1390 4921 concessum
1419 4871 1504 4921 est
1531 4871 1596 4922 ut
1621 4865 1876 4922 inimicos
1915 4883 2046 4923 suos
2129 4871 2342 4926 minem
2369 4875 2570 4926 tentat.
2587 4870 2668 4925 De
2697 4869 2881 4941 prima
2891 4867 3115 4934 dicitur,
3132 4866 3268 4922 utin
3281 4863 3492 4919 Paulo:
3528 4883 3549 4909 ι
3569 4857 3698 4912 Ten-

447 4959 661 5011 ament.
695 4955 930 5021 Taurus,
973 4954 1155 5009 cervix
1184 4954 1476 5026 superbiae,
1511 4960 1576 5010 ut
1601 4955 1660 5010 in
1698 4955 1842 5011 Job:
1875 4975 1897 5008 ι
1937 4957 2044 5012 Su-
2126 4960 2266 5016 tatio
2297 4977 2394 5015 vos
2438 4976 2552 5015 non
2588 4955 3134 5032 apprehendat,«nisi
3189 4955 3444 5010 humana
3478 4948 3544 5004 ³ο.
3576 4967 3600 5001 ι
3630 4943 3698 5000 D0

447 5045 585 5102 mite
628 5043 782 5099 vobis
819 5048 1037 5116 septem
1077 5048 1270 5099 tauros
1303 5043 1366 5112 ¹⁶,
1405 5064 1428 5096 ι
1465 5043 1524 5099 id
1565 5049 1669 5112 est,
1707 5050 1949 5102 mactate
1985 5047 2045 5102 in
2125 5049 2390 5116 secunda,
2416 5049 2553 5104 item
2596 5048 2657 5103 in
2689 5047 2865 5102 Paulo
2897 5065 2908 5100 :
2935 5046 3130 5118 Neque
3155 5043 3388 5100 tentetis
3407 5039 3694 5099 Christum:

445 5132 600 5189 vobis
628 5132 881 5206 plenarie
911 5133 1112 5189 ducem
1143 5131 1441 5205 superbiae.
1473 5135 1664 5201 Tauri,
1695 5135 1960 5204 haeretici,
1980 5142 2046 5192 ut
2125 5138 2270 5194 sicut
2289 5137 2371 5194 illi
2398 5142 2777 5194 tentaverunt.
2801 5137 2882 5191 De
2902 5135 3088 5203 tertia,
3123 5134 3182 5190 in
3210 5131 3421 5189 Genesi
3463 5148 3476 5186 :
3514 5149 3537 5181 ι
3563 5125 3694 5182 Ten-

516 5294 535 5328 ¹
569 5293 741 5350 Exod.
773 5308 924 5362 xxvx,
960 5293 1050 5350 15.
1081 5292 1104 5329 ²
1131 5294 1302 5350 Exod.
1342 5309 1492 5362 xxrv,
1525 5295 1614 5350 12.
1645 5294 1668 5330 ³
1696 5296 1862 5352 Cant.
1895 5310 1997 5352 vm

444 5362 498 5418 7.
531 5363 552 5400 ⁷
582 5365 754 5418 Exod.
781 5379 909 5418 xxv.
936 5363 1026 5418 36.
1075 5366 1098 5401 ⁸
1129 5366 1328 5418 Matth.
1370 5381 1500 5418 xxv.
1529 5365 1618 5418 20.
1667 5367 1691 5402 9
1718 5366 1860 5418 Ibid.
1891 5382 1944 5418 v.
1977 5367 2001 5418 εὶ

2135 5295 2157 5332 ⁴
2186 5297 2265 5354 III
2293 5297 2432 5370 Reg.
2461 5311 2536 5364 γι,
2573 5297 2658 5355 15.
2706 5297 2730 5332 ⁵
2757 5297 2956 5354 Matth.
2983 5310 3111 5365 xxv,
3147 5295 3233 5361 18,
3264 5293 3360 5352 25.
3409 5290 3434 5327 ⁶
3465 5286 3619 5346 Zach.
3645 5293 3691 5346 ν.

2137 5367 2162 5402 °
2189 5370 2390 5418 Matth.
2423 5383 2521 5418 vn.
2552 5369 2606 5418 5.
2649 5370 2692 5404 ¹¹
2725 5371 2858 5418 Luc.
2896 5382 2975 5418 γι.
3005 5366 3095 5418 42.
3140 5366 3188 5402 ¹²
3215 5365 3380 5418 Deut.
3425 5373 3584 5418 xxxv.
3617 5351 3690 5408 ίῖο

444 5363 498 5418 7.
531 5363 552 5400 ⁷
582 5365 754 5421 Exod.
781 5379 910 5433 xxv,
936 5363 1026 5422 36.
1075 5366 1098 5401 ⁸
1129 5366 1328 5421 Matth.
1370 5381 1500 5434 xxv,
1529 5365 1618 5421 20.
1667 5367 1691 5402 9
1718 5366 1860 5422 Ibid.
1891 5382 1944 5435 γ,
1977 5367 2001 5425 ‘2

444 5431 492 5468 ¹³
520 5433 716 5508 Ezech.
736 5436 918 5508 7x158.
951 5436 997 5472 ¹⁴
1023 5437 1176 5508 Psal1
1203 5450 1316 5508 xxI,
1351 5436 1437 5505 13,
1469 5437 1516 5473 ¹⁵
1543 5438 1742 5494 Matth.
1777 5453 1911 5506 xxn,
1944 5438 1996 5496 4.

2137 5367 2162 5402 °
2189 5363 2521 5437 Matthfvu,
2552 5369 2606 5425 5.
2649 5370 2692 5404 “
2725 5371 2858 5426 Luc.
2896 5382 2976 5436 γι,
3005 5363 3106 5425 42.
3140 5366 3188 5402 ¹²
3215 5365 3380 5421 Deut.
3425 5373 3584 5424 xxxv,
3617 5363 3689 5408 12.

2132 5439 2202 5494 ob
2231 5454 2366 5508 XLII,
2396 5439 2482 5497 10.
2512 5440 2556 5476 ¹⁷
2586 5441 2678 5496 Ps.
2711 5454 2878 5508 van,
2908 5441 2997 5493 31.
3029 5439 3075 5476 ¹⁸
3101 5438 3248 5493 Psal.
3276 5449 3368 5508 cx,_
3386 5431 3442 5489 8.
3476 5431 3522 5466 ¹⁹
3535 5429 3688 5508 Ηυξ·

444 5517 506 5572 ιι,
539 5503 595 5560 4.
625 5489 916 5562 »Μιεὶὶὼῖ
934 5489 1089 5575 χχιῖ
1099 5489 1295 5565 ἶ7ξῖ
1305 5489 1741 5576 ἶιὸῗνιιξῐῑῖῖῖ
1769 5489 2000 5566 iii—’in

443 5573 686 5610 810m.
737 5590 794 5610 ιη
848 5577 916 5610 ιιι
958 5577 1192 5610 211nm.
1241 5593 1306 5610 ην
1354 5579 1423 5610 σι’-1
1473 5580 1626 5610 ητα..
1683 5594 1734 5610 υ.
1785 5581 1810 5610 Α
1865 5580 2000 5610 non

2130 5489 2366 5566 535233-17
2395 5489 2522 5578 Liv,
2555 5489 2612 5568 δῖ
2633 5489 2699 5547 ἶηι
2712 5489 2896 5568 ἶίᾏείἰί.
2932 5489 2997 5577 ιλ.
3025 5489 3126 5569 19.—
3148 5489 3394 5562 sua.
3427 5513 3613 5562 πίτνω.
3637 5489 3686 5552 9.

2270 5583 2335 5610 4η
2385 5582 2629 5610 min..-
2679 5597 2711 5610 η
2766 5584 2833 5610 ,ο

523 5575 704 5632 ICor.
737 5590 814 5644 γι,
848 5577 934 5634 19.
958 5577 1002 5612 ³⁷
1027 5577 1051 5634 Ι
1080 5577 1208 5635 Cor.
1241 5593 1325 5644 ιιι,
1354 5579 1443 5635 17.
1473 5575 1648 5635 3“lea.
1683 5594 1752 5647 γι,
1785 5581 1840 5635 1.
1865 5580 1957 5636 ²⁹Ι
1989 5575 2080 5640 Co:

1294 5593 1325 5644 ι,
1354 5579 1443 5635 17.
1473 5575 1648 5635 πιθα.
1683 5594 1752 5647 γι,
1785 5581 1840 5635 1.
1865 5580 1957 5636 ²⁹Ι
1989 5575 2116 5640 Cor.
2150 5597 2234 5648 III,
2270 5583 2354 5641 l7.
2385 5582 2433 5619 ³ο
2466 5575 2646 5638 ΙὈοιι.
2679 5597 2733 5651 x,
2766 5584 2851 5639 13.
