3824 6152
207 267 313 325 ωδε,
1059 255 1490 312 ALLEGORUE
1527 257 1604 310 IN
1645 255 1935 311 SACRAM
1974 256 2453 316 SCRIPTURAM.
3249 255 3394 318 {(56

197 393 306 448 tavit
326 390 453 445 Deus
477 383 744 440 Abraham
765 383 804 435 ¹.
842 402 867 435 ››
900 382 980 438 De
1010 389 1230 454 quarta,
1269 383 1291 406 ⁶
1333 381 1605 437 Dominus
1653 382 1776 442 inA
1799 388 2221 453 congruentem.
2256 385 2446 450 Terra,
2469 397 2628 438 mens
2648 398 2837 456 prava,
2851 382 2989 439 utin
3003 382 3107 440 Job
3139 401 3150 436 :
3185 401 3214 438 ι
3264 385 3392 440 Non

196 480 400 536 oratione
423 472 710 536 Dominica.
737 489 763 523 α
787 472 872 527 Ne
917 489 1018 528 nos
1061 473 1294 527 inducas
1340 471 1400 526 in
1450 471 1713 526 tentatio—
1793 470 2080 528 invenitur
2097 473 2157 528 in
2189 479 2348 528 terra
2373 473 2620 528 suaviter
2651 472 2957 528 viventium
2975 473 3041 541 ίθ,
3076 493 3103 528 ι)
3135 473 3286 546 quod
3306 473 3392 530 'vi-
3471 487 3476 492 ‘

185 566 346 634 nem’,
375 584 398 620 ν
425 564 477 618 id
501 567 597 630 est,
625 578 694 616 ne
721 577 824 616 nos
851 560 1041 616 induci
1077 560 1229 616 sinas
1277 561 1335 615 in
1378 559 1712 615 diabolicam
1793 560 1996 616 delicet
2022 562 2298 634 sapientia
2325 579 2440 618 non
2486 566 2742 617 moratur
2778 562 2839 618 in
2880 568 3072 618 mente
3099 561 3393 624 desideriis

191 655 528 729 deceptionem.
1793 651 2113 707 carnalibus
2141 651 2412 724 subjecta.
2449 653 2636 720 Terra,
2659 657 2888 708 terrena
2907 652 3208 725 sapientes,
3242 656 3308 707 ut
3333 651 3396 708 in

247 745 522 800 Tentorium
549 745 632 795 est
649 739 918 796 sanctitas
937 739 1231 812 primitivae
1248 738 1524 806 Ecclesiae,
1560 742 1626 793 ut
1654 737 1712 792 in
1795 739 1898 796 Job
1941 759 1952 795 :
1991 759 2018 795 α
2063 741 2319 814 Loquere
2370 746 2555 808 terrae,
2599 747 2658 796 et
2704 741 3065 813 respondebit
3106 740 3210 796 tibi
3255 739 3324 811 ³ο,
3363 758 3392 796 ιο

189 834 336 892 Exodo
364 849 377 889 :
409 849 435 884 ι
459 830 604 886 Fecit
630 835 688 885 et
707 829 1016 886 tentorium
1045 829 1104 884 in
1125 828 1419 884 introitum
1448 827 1712 882 taberna-
1797 829 1946 902 quod
1965 829 2136 885 etiam
2153 836 2381 886 terrena
2399 829 2681 902 sapientes
2697 829 2912 902 aliquid
2929 829 3316 886 instructionis
3335 831 3398 887 in

183 924 270 978 culi
284 922 319 989 ³,
345 941 368 976 ››
401 919 536 993 quod
563 919 737 974 multo
775 917 1090 974 sanctitatis
1124 917 1323 972 decore
1373 923 1574 972 ornata
1608 916 1715 971 fuit
1796 922 1991 973 nostra
2012 917 2174 974 nobis
2193 919 2662 991 contemplatione
2675 919 2939 974 aﬂ‘erunt.
2964 921 3153 989 Terra,
3167 919 3398 976 inﬁrma

186 1011 384 1068 Ecclesia
404 1007 691 1081 primitiva.
730 1009 1071 1074 Tentorium,
1107 1007 1342 1080 quilibet
1370 1012 1614 1073 sanctus,
1651 1010 1716 1060 ut
1799 1007 1962 1074 actio,
1995 1011 2061 1062 ut
2083 1007 2144 1062 in
2171 1007 2274 1063 Job
2305 1025 2316 1061 :
2353 1028 2378 1061 ι
2413 1007 2581 1064 Dabit
2609 1024 2711 1080 pro
2739 1013 2894 1064 terra
2931 1008 3144 1064 silicem
3175 1007 3242 1077 ²¹,
3274 1027 3306 1062 ι
3337 1008 3398 1065 id

181 1101 225 1155 in
245 1099 332 1155 Job
361 1118 372 1152 :
405 1117 430 1150 α
455 1097 512 1152 Si
540 1096 778 1152 voluerit
807 1096 1106 1152 extendere
1135 1097 1296 1168 quasi
1326 1095 1503 1150 nubes
1527 1100 1716 1150 tento-
1799 1103 1902 1165 est,
1939 1114 2042 1169 pro
2082 1097 2302 1152 actione
2327 1097 2555 1152 inﬁrma
2581 1097 2831 1152 conferet
2857 1097 3166 1168 robustam.
3203 1098 3394 1166 Terra,

180 1190 294 1244 rium
317 1203 462 1243 suum
477 1186 517 1254 ⁴,
543 1205 566 1240 ι
597 1186 654 1241 id
684 1191 788 1254 est,
812 1187 994 1242 virum
1013 1192 1269 1241 sanctum
1287 1185 1354 1240 ad
1388 1184 1714 1240 similitudi-
1799 1185 2076 1258 quilibet'
2094 1191 2160 1242 ut
2186 1187 2244 1242 in
2274 1187 2450 1242 Paulo
2481 1204 2493 1240 :
2531 1205 2558 1240 α
2589 1187 2764 1242 Terra
2808 1187 2960 1242 enim
3003 1203 3174 1260 super
3219 1203 3280 1244 se
3305 1203 3396 1244 ve-

176 1293 278 1333 nem
301 1280 598 1331 sanctorum
630 1275 864 1330 Patrum
879 1275 940 1330 in
961 1275 1260 1330 sanctitate
1286 1274 1540 1330 dilatare.
1581 1275 1719 1328 Ten-
1799 1275 2048 1331 nientem
2069 1275 2378 1349 suscipiens
2415 1275 2655 1331 imbrem
2672 1273 2738 1344 ’³,
2771 1297 2788 1326 ι
2825 1276 2883 1331 id
2913 1281 3018 1350 est,
3048 1276 3276 1334 auditor
3298 1292 3398 1334 su-

177 1369 364 1432 torium,
395 1365 702 1437 Synagoga,
734 1370 799 1420 ut
825 1364 883 1419 in
910 1365 1185 1436 propheta
1201 1381 1231 1415 .:
1269 1381 1294 1415 (ι
1317 1363 1444 1418 Non
1464 1368 1551 1418 est
1567 1363 1719 1418 ultra
1798 1381 1900 1437 per
1917 1382 1976 1420 se
1988 1365 2360 1422 instruentem
2371 1365 3397 1438 amplectenspradicationemJerra,

176 1455 248 1528 qui
273 1453 511 1510 extendat
535 1453 841 1510 tentorium
871 1469 1062 1508 meum
1082 1452 1124 1520 ⁵,
1152 1472 1176 1504 »
1205 1453 1353 1524 quod
1372 1453 1561 1508 nullus
1580 1469 1718 1524 ιιι-ω·
1799 1453 2106 1510 domestica
2131 1454 2362 1520 familia,
2395 1459 2462 1510 ut
2495 1454 2556 1509 in
2583 1453 2689 1510 Job
2719 1470 2733 1507 :
2767 1473 2793 1507 ι
2845 1453 2906 1510 Si
2955 1453 3252 1512 adversum
3305 1470 3402 1512 me

173 1543 346 1598 dicator
369 1542 525 1598 modo
545 1548 758 1598 rectam
786 1542 954 1598 ﬁdem
984 1541 1252 1615 praedicat
1266 1543 1470 1614 populo
1489 1541 1713 1597 Judaeo-
1793 1549 1950 1598 terra
1989 1559 2117 1598 mea
2152 1543 2360 1599 clamet
2381 1542 2448 1610 ’3,
2480 1563 2506 1596 »
2533 1542 2592 1598 id
2621 1548 2725 1610 est,
2756 1543 2805 1598 si
2845 1543 3155 1598 domestica
3183 1543 3402 1600 familia

172 1649 287 1688 rum.
321 1633 420 1688 Per
467 1635 767 1688 tentorium
800 1633 960 1703 justi,
1011 1637 1077 1687 ut
1129 1632 1190 1686 in
1224 1631 1367 1686 libro
1419 1632 1652 1686 Numeri
1695 1649 1706 1685 :
1795 1633 2046 1704 mea[de]
2061 1649 2151 1688 me
2171 1631 2552 1704 conqueritur.
2577 1633 2764 1698 Terra,
2785 1632 3399 1704 minoresinEcclesia,

174 1739 192 1770 ι
211 1719 596 1791 Quampulchra
608 1724 741 1774 sunt
753 1719 1128 1788 tentoriatua,
1165 1737 1197 1774 ο
1224 1719 1458 1787 Israel“;
1487 1739 1510 1770 ι
1544 1703 1776 1790 quamB
1795 1726 1860 1776 ut
1896 1703 1956 1776 in
1987 1703 2218 1776 cantico
2259 1739 2272 1776 :
2296 1703 2322 1773 ξ
2359 1721 2380 1744 ⁶
2402 1721 2612 1776 Audiat
2636 1725 2792 1775 terra
2818 1720 2990 1777 verba
3013 1721 3127 1777 oris
3155 1703 3396 1791 mei“,s
3443 1774 3453 1784 ,

171 1807 297 1862 valde
311 1808 508 1864 decorae
532 1813 668 1864 sunt
687 1799 1150 1880 congregationes
1161 1807 1716 1864 sanctorumDomini
1799 1810 1856 1864 id
1915 1815 2018 1877 est,
2089 1811 2409 1865 auscultant
2463 1809 2709 1864 minores
2765 1811 2786 1834 "
2849 1809 3073 1882 plagam
3131 1810 3402 1882 praedica-

166 1913 246 1968 per
265 1897 414 1952 ﬁdem
443 1899 680 1954 intentae
707 1898 1034 1954 videntium.
1067 1900 1176 1954 Per
1195 1901 1498 1953 tentorium
1521 1913 1718 1952 omnes
1796 1899 2010 1954 tionem
2055 1915 2263 1954 meam.
2313 1899 2503 1967 Terra,
2553 1897 2950 1966 Antichristus,
2993 1905 3059 1954 ut
3103 1900 3164 1955 in
3210 1900 3398 1956 Isaia:

163 1985 305 2058 impii,
324 1991 382 2041 ut
397 1987 454 2042 in
467 1987 690 2042 cantico
713 1986 974 2043 Habacuc
998 2005 1010 2041 :
1038 2005 1068 2041 ι(
1089 1988 1218 2044 Vidi
1238 1987 1483 2043 tentoria
1505 1987 1719 2042 Ethio—
1804 2006 1830 2040 (ι
1858 1989 1954 2043 Vae
1971 1992 2138 2044 terra:
2163 1987 2380 2044 alarum
2402 1986 2657 2060 cymbala
2678 1985 2747 2054 ’5,
2776 2006 2800 2040 »
2841 1987 2897 2042 id
2927 1991 3032 2056 est,
3067 1988 3400 2046 maledictus

163 2075 244 2146 piae
262 2075 298 2141 τ,
323 2095 344 2126 ι
372 2075 424 2130 id
449 2082 554 2144 est,
595 2077 1008 2148 contemplatus
1051 2093 1176 2134 sum
1223 2077 1480 2132 homines
1517 2077 1720 2150 impios
1803 2077 2182 2133 Antichristus
2210 2077 2306 2150 qui
2342 2075 2618 2150 superbiae
2646 2077 2897 2131 volatum
2929 2076 3169 2132 sonabit.
3207 2080 3398 2148 Terra,

162 2165 336 2235 peccati
358 2165 650 2236 nigredine
675 2171 988 2238 coopertos.
1801 2166 2072 2234 infernus,
2104 2172 2169 2222 ut
2187 2167 2248 2222 in
2276 2165 2380 2222 Job
2409 2184 2420 2219 :
2449 2184 2476 2219 α
2525 2165 2612 2220 Ad
2650 2170 2864 2220 terram
2907 2165 3283 2234 tenebrosam,
3341 2173 3402 2223 et

218 2254 363 2308 Terra
382 2260 464 2310 est
483 2255 768 2322 Christus,
793 2256 930 2311 utin
956 2255 1060 2311 Job
1087 2273 1098 2310 :
1129 2275 1152 2308 ε
1185 2255 1361 2312 Terra
1389 2255 1522 2310 data
1550 2260 1638 2310 est
1663 2254 1722 2311 in
1807 2261 2061 2328 opertam
2088 2255 2286 2311 mortis
2301 2255 2540 2326 caligine
2556 2253 2624 2322 ’⁸,
2650 2273 2676 2308 ››
2700 2255 2756 2310 id
2777 2259 2882 2323 est,
2912 2255 2984 2310 ad
3010 2255 3294 2312 infernum
3317 2261 3401 2313 te-

163 2356 329 2398 manus
369 2343 524 2416 impii
544 2343 588 2410 ⁸,
647 2363 673 2397 υ
707 2344 856 2416 quod
885 2345 1142 2400 Christus
1168 2351 1423 2416 tempore
1450 2344 1726 2417 passionis
1807 2345 1996 2402 nebris
2024 2346 2275 2418 plenum,
2308 2351 2365 2400 et
2392 2343 2729 2400 obscuritate
2758 2343 2986 2400 mortali
3015 2343 3326 2402 obsessum.

155 2447 248 2487 sua
269 2432 497 2488 traditus
525 2433 644 2488 fuit
681 2433 954 2489 ministris
1000 2433 1225 2489 diaboli.
1263 2436 1452 2500 Terra,
1485 2449 1722 2504 regnum
1881 2436 2191 2490 Thesaarus
2211 2433 2853 2506 estcaelasteprmmium,
2871 2433 3003 2488 utin
3016 2433 3150 2490 Job:
3177 2457 3194 2485 ι
3228 2435 3402 2500 Quasi

159 2520 408 2589 caelorum,
439 2527 506 2577 ut
527 2523 590 2578 in
626 2521 772 2578 Isaia
802 2541 814 2577 :
855 2541 877 2575 ε
913 2523 980 2578 In
1005 2529 1160 2578 terra
1189 2539 1293 2578 sua
1321 2523 1566 2594 duplicia
1591 2539 1722 2594 pos-
1805 2523 2131 2580 eﬂ’odientes
2156 2523 2488 2578 thesaurum
2505 2521 2570 2590 τ’,
2606 2542 2634 2576 »
2665 2523 2723 2578 id
2750 2528 2853 2590 est,
2883 2509 3048 2594 quasi
3087 2528 3401 2595 quaerentes

155 2607 382 2666 sidebunt
396 2609 436 2678 θ,
472 2631 496 2663 ι
541 2611 700 2684 quod
736 2612 796 2668 in
833 2629 1006 2684 regno
1053 2611 1281 2679 caelesti,
1335 2612 1496 2668 electi
1542 2611 1722 2667 beati-
1803 2613 2027 2668 caeleste
2050 2611 2362 2685 praemium.
2413 2612 2736 2678 Thesaurus,
2782 2611 3124 2668 desiderium
3165 2612 3398 2683 bonum,

157 2695 320 2752 tudine
344 2697 510 2753 simul
536 2703 598 2754 et
649 2699 898 2771 corporis
941 2699 1286 2771 gaudebunt.
1326 2701 1514 2768 Terra,
1549 2699 1722 2771 Virgo
1803 2707 1870 2758 ut
1886 2702 1947 2758 in
1966 2700 2304 2772 Evangelia:
2343 2717 2374 2752 σι
2401 2699 2690 2756 Thesauro
2703 2699 3334 2773 absconditainagro”,
3366 2719 3397 2758 ι

151 2783 314 2852 Maria,
339 2792 401 2842 ut
423 2787 486 2842 in
513 2787 766 2844 Psalmis
799 2807 810 2843 :
851 2810 873 2842 ι
909 2789 980 2845 Et
1004 2795 1158 2846 terra
1195 2795 1390 2846 nostra
1427 2788 1585 2844 dabit
1609 2789 1723 2844 fru-
1802 2792 1859 2846 id
1880 2795 1984 2859 est,
2005 2790 2284 2846 desiderio
2303 2789 2470 2856 bono,
2500 2789 2702 2844 latenti
2734 2789 2795 2845 in
2821 2789 3032 2847 animo.
3064 2792 3394 2860 Thesaurus,

151 2878 276 2929 ctum
301 2891 461 2931 suum
477 2876 546 2944 ¹⁰,
566 2870 682 2932 ››’ὶά
697 2883 802 2946 est,
844 2879 1024 2934 Maria
1049 2896 1216 2935 suum
1244 2879 1466 2951 peperit
1493 2878 1718 2934 Filium.
1802 2885 1998 2936 sancta
2019 2879 2247 2946 locutio,
2268 2879 2409 2934 utin
2429 2877 2741 2934 Parabolis:
2769 2896 2801 2932 ι
2826 2879 3150 2936 Thesaurus
3180 2880 3404 2937 deside-

155 2963 313 3034 Terra,
343 2965 621 3033 Ecclesia,
643 2973 709 3023 ut
733 2968 793 3024 in
822 2968 925 3024 Job
959 2987 971 3022 :
1000 2989 1022 3022 ι
1050 2969 1286 3033 Quando
1305 2967 1581 3040 ponebam
1599 2967 1723 3023 fun-
1741 2969 1995 3081 crabilis
2025 2970 2047 2992 ⁶
2087 2967 2363 3041 requievit
2388 2968 2447 3023 in
2475 2983 2572 3023 ore
2599 2967 2871 3040 sapientis
2901 2966 2968 3023 ³ο.
3008 2987 3032 3021 ι
3068 2971 3400 3039 Thesaurus,

155 3051 371 3081 ιδῃ-..-κιρ
401 3061 568 3081 1-.....
603 3057 650 3081 44
714 3077 732 3081 -
781 3057 834 3081 2,]
889 3064 968 3081 --Α
1047 3057 1261 3081 ....-.1Α
1317 3057 1716 3081 --__A:A.---L-...
1804 3057 2038 3081 :_a-._1.2-
2065 3057 2208 3081 ὶ.-..-
2257 3062 2320 3081 --Α
2341 3057 2394 3081 2..
2422 3057 2716 3081 Π---....-12Α
2750 3075 2761 3081 -
2799 3075 2822 3081 ..
2854 3057 2933 3081 n-
2959 3057 3102 3081 L---
3134 3059 3398 3081 AL-_-___-

147 3051 378 3110 damenta
401 3061 572 3114 terrm
603 3057 676 3123 1‘,
713 3077 736 3108 ι
781 3057 839 3112 id
884 3064 989 3126 est,
1041 3057 1264 3130 quando
1313 3057 1723 3113 constituebam
1741 3051 1786 3081 υ
1804 3057 2042 3115 intentio
2065 3057 2232 3126 bona,
2257 3057 2399 3112 utin
2421 3057 2719 3128 Evangelia
2750 3075 2762 3112 :
2795 3075 2822 3111 α
2854 3057 2937 3120 De
2959 3057 3107 3114 bona
3134 3059 3402 3117 thesauro

145 3144 392 3212 apostolos
446 3146 736 3202 Ecclesiae.
785 3147 972 3214 Terra,
1004 3146 1159 3218 plebs
1196 3147 1523 3215 Israelitica,
1563 3153 1628 3201 ut
1664 3147 1723 3202 in
1803 3149 2015 3222 profert
2037 3147 2248 3203 bonum
2269 3145 2335 3215 ³ο,
2373 3165 2396 3199 ιι
2429 3145 2578 3218 quod
2597 3145 2693 3202 ubi
2714 3148 2964 3218 procedit
2982 3147 3402 3220 bonaintentio,

144 3229 228 3284 Job
254 3248 268 3287 :
301 3251 325 3285 ει
357 3233 464 3298 Qui
492 3241 822 3290 commovet
838 3240 1051 3291 terram
1074 3237 1144 3292 de
1173 3237 1293 3292 loco
1314 3253 1414 3292 suo
1435 3235 1498 3303 ³³,
1522 3255 1548 3290 ››
1574 3236 1723 3308 quod
1803 3238 1953 3294 bona
1979 3237 2230 3294 succedit
2255 3236 2526 3309 operatio.
2559 3237 2670 3291 Per
2705 3238 3031 3293 thesaurum
3055 3238 3161 3294 viri
3201 3241 3402 3310 sancti,

140 3318 333 3388 plebem
360 3323 667 3380 Iudaicam
687 3325 960 3380 Dominus
980 3325 1050 3381 de
1069 3331 1224 3382 terra
1239 3326 1422 3397 fugari
1445 3326 1720 3398 permisit.
1804 3333 1870 3383 ut
1894 3329 1955 3384 in
1980 3327 2220 3384 Psalmis
2252 3345 2264 3380 :
2300 3345 2323 3378 ι
2358 3325 2465 3391 Qui
2501 3325 2762 3397 producit
2785 3330 2980 3381 ventos
3007 3326 3078 3382 de
3121 3327 3407 3386 thesauris

143 3409 308 3478 Terra,
327 3413 573 3470 societas
595 3413 916 3470 scribarum
929 3419 986 3470 et
1011 3415 1364 3470 sacerdotum
1391 3417 1718 3487 Synagogte,
1805 3417 1923 3472 suis
1941 3415 2007 3484 εί,
2042 3435 2066 3468 ι
2101 3415 2250 3487 quod
2276 3414 2336 3470 in
2357 3415 2492 3470 viris
2509 3415 2718 3470 sanctis
2741 3417 2762 3440 ⁴⁵
2777 3415 2902 3470 aliis
2924 3415 3064 3470 alios
3089 3418 3402 3489 proferunt.

137 3498 252 3554 utin
269 3501 367 3556 Job
392 3522 404 3556 :
434 3522 463 3558 α
489 3505 698 3570 Terra,
713 3505 782 3558 de
793 3521 906 3574 qua
917 3503 1202 3560 oriebatur
1212 3505 1440 3576 panisin
1460 3507 1578 3560 loco
1599 3522 1721 3572 sua,
1806 3506 1916 3561 Per
1935 3506 2214 3560 thesauros
2241 3503 2440 3575 iniqui,
2465 3503 2599 3558 utin
2613 3503 2717 3558 Job
2741 3519 2755 3556 :
2782 3521 2809 3557 α
2832 3505 3099 3576 Nunquid
3117 3507 3407 3578 ingressus

136 3586 244 3658 igne
263 3590 536 3648 subversa
558 3599 653 3648 est
669 3592 736 3660 *3,
761 3613 787 3648 »
807 3593 864 3647 id
885 3600 988 3651 est.
1012 3593 1330 3650 sacerdotes
1367 3599 1426 3650 et
1447 3593 1658 3662 scribae,
1691 3611 1727 3649 a
1806 3611 1866 3650 es
1891 3594 2186 3649 thesauros
2207 3592 2350 3648 nivis
2367 3591 2414 3627 ³³
2432 3591 2456 3645 7
2473 3611 2502 3646 ι
2524 3592 2675 3664 quod
2703 3593 2977 3648 Dominus
3021 3611 3124 3666 per
3159 3595 3398 3668 inspira-

137 3676 312 3746 quibus
333 3687 549 3738 sanctae
583 3681 998 3754 praedicationis
1035 3683 1263 3738 refectio
1298 3684 1597 3754 procedere
1625 3683 1725 3738 de-
1806 3682 1974 3738 tionis
2003 3698 2118 3737 suae
2143 3679 2387 3751 gratiam
2413 3679 2617 3750 frigida
2645 3696 3050 3753 nonnunquam
3078 3682 3404 3742 Iudaeorum

134 3762 251 3833 buit,
281 3767 498 3826 invidia
546 3788 693 3843 erga
735 3771 1024 3827 Christum
1064 3773 1315 3827 conversi
1343 3779 1494 3828 sunt.
1534 3775 1720 3841 Terra,
1807 3771 2130 3843 iniquorum
2158 3769 2325 3825 corda
2357 3767 2692 3840 ingreditur.
2724 3770 2834 3824 Per
2861 3771 3185 3826 thesaurum
3227 3774 3408 3844 provi~

132 3857 411 3926 gentilitas,
445 3867 518 3916 ut
549 3861 613 3916 in
643 3859 750 3916 Job
785 3878 796 3914 :
835 3881 858 3912 ι
894 3863 969 3918 Ut
1012 3863 1274 3934 pluerent
1303 3879 1472 3934 super
1514 3868 1726 3918 terram
1807 3860 1999 3916 dentia
2015 3859 2136 3926 Dei,
2160 3864 2224 3914 ut
2244 3859 2302 3913 in
2326 3857 2764 3913 Deuteronomio
2789 3876 2800 3911 :
2829 3859 2940 3913 «Et
2966 3857 3188 3930 signata
3203 3861 3264 3916 in
3281 3862 3402 3918 the-

128 3941 314 4018 absque
341 3949 588 4004 homine
611 3950 674 4004 in
692 3949 915 4006 deserta
939 3950 1000 4018 H,
1030 3971 1054 4002 ι
1088 3952 1143 4005 id
1174 3957 1276 4018 est,
1311 3957 1376 4006 ut
1401 3952 1728 4024 praedicaret
1808 3949 1988 4005 sauris
2011 3948 2150 4003 meis
2167 3946 2233 4015 ³³,
2262 3967 2289 4000 ι)
2323 3946 2380 4002 id
2406 3952 2510 4013 est,
2535 3952 2660 4002 rata
2689 3953 2746 4003 et
2772 3948 3102 4004 conﬁrmata
3136 3949 3197 4008 in
3223 3953 3406 4024 provi-

129 4032 177 4086 in
202 4038 400 4107 popqu
431 4029 671 4111 gentili,
697 4039 814 4111 qui,
838 4041 1138 4096 derelictus
1157 4058 1192 4096 a
1209 4041 1344 4108 Deo,
1367 4041 1571 4097 anulla
1590 4059 1727 4115 prae-
1808 4039 2001 4094 dentia
2023 4053 2170 4094 mea.

126 4119 354 4182 dicatore
391 4127 820 4185 instruebatur.
864 4131 1049 4196 Terra,
1103 4129 1337 4200 quilibet
1378 4136 1622 4189 sanctus.
1664 4135 1729 4186 ut
1889 4130 2038 4184 Testa
2063 4132 2150 4183 est
2175 4142 2306 4182 caro
2333 4125 2562 4193 Christi,
2591 4133 2655 4182 ut
2680 4125 2737 4182 in
2758 4125 2996 4184 Psalmis
3019 4147 3033 4184 :
3056 4148 3079 4182 ι
3104 4130 3270 4188 Aruit
3288 4137 3410 4192 tan-

126 4211 172 4264 in
197 4213 294 4268 Job
323 4234 336 4268 :
379 4237 400 4268 ι
431 4218 701 4288 Longior
720 4221 742 4241 ⁶
769 4222 856 4272 est
877 4217 977 4272 tibi
998 4224 1152 4272 terra
1174 4235 1438 4273 mensura
1451 4221 1572 4290 ejus
1596 4219 1661 4281 ‘5,
1699 4239 1722 4271 ι
1811 4234 1980 4292 quam
2008 4221 2156 4272 testa
2180 4216 2358 4271 virtus
2386 4233 2514 4271 mea
2528 4215 2594 4283 3‘,
2633 4237 2660 4271 ι)
2690 4217 2838 4288 quod
2885 4233 3014 4273 caro
3044 4219 3256 4276 Christi
3304 4239 3407 4295 per

123 4301 253 4371 quod
283 4306 843 4379 contemplationem
874 4307 976 4362 viri
1025 4307 1202 4362 sancti
1251 4308 1579 4379 magnitudo
1620 4309 1787 4398 DeiD
1811 4309 2000 4379 ignem
2027 4305 2304 4380 passionis
2349 4305 2420 4360 ad
2461 4305 2847 4398 fortitudinem
2893 4307 3191 4364 convaluit.
3231 4311 3402 4380 Testa,

119 4393 334 4448 excedit.
375 4397 585 4464 Terra,
625 4395 864 4467 quilibet
876 4395 1180 4467 subjectus,
1203 4396 1340 4451 utin
1369 4397 1473 4452 Job
1504 4417 1517 4452 :
1547 4417 1572 4450 ‹‹
1593 4393 1778 4454 Τῶν-ι’
1803 4397 1963 4470 vigor
1979 4395 2363 4460 districtionis,
2387 4400 2452 4450 ut
2469 4394 2527 4448 in
2544 4393 2648 4448 Job
2673 4411 2685 4446 :
2723 4413 2746 4446 ι
2781 4395 2888 4458 Qui
2907 4400 3052 4450 testa
3065 4397 3404 4456 radebatsa-

119 4493 226 4534 ram
270 4485 493 4556 ungula
545 4484 701 4540 fodit
724 4485 790 4553 “3,
823 4504 850 4538 ι»
899 4485 1046 4557 quod
1088 4486 1352 4558 praelatus
1409 4486 1724 4558 subjectum
1807 4487 1957 4542 niem
1979 4485 2046 4553 ⁸⁵,
2084 4505 2106 4538 ι
2142 4484 2292 4557 quod
2326 4484 2516 4554 vigore
2546 4481 2912 4536 districtionis
2953 4483 3058 4539 viri
3093 4487 3273 4542 sancti
3302 4489 3406 4546 ﬂu-

115 4583 266 4626 suum
293 4573 464 4630 fortis
507 4576 532 4598 ⁵
572 4573 782 4647 operit,
824 4575 1078 4647 exempla
1106 4575 1338 4630 emollit.
1377 4577 1564 4643 Terra,
1605 4594 1730 4632 cor-
1811 4591 1943 4630 xum
1972 4575 2182 4630 illicitae
2209 4571 2594 4628 delectationis
2620 4569 2966 4640 abstergunt.

115 4670 207 4726 pus
232 4668 526 4732 nostrum,
553 4664 703 4719 utin
720 4663 926 4720 Genesi
951 4683 963 4718 :
993 4683 1016 4716 ι
1055 4665 1232 4720 Terra
1249 4682 1328 4733 es,
1355 4670 1413 4720 et
1430 4665 1490 4721 in
1517 4672 1729 4722 terram
1889 4667 2068 4733 Tigris
2097 4668 2183 4718 est
2209 4661 2522 4734 hypocrita,
2538 4666 2604 4714 ut
2621 4659 2680 4714 in
2700 4658 2837 4714 Job:
2871 4677 2897 4712 α
2913 4660 3098 4732 Tigris
3117 4665 3304 4736 periit,
3337 4683 3404 4724 eo

109 4744 202 4802 ibis
218 4747 280 4820 ίτ,
308 4772 336 4804 ι»
361 4754 526 4825 quod
545 4767 760 4826 corpus
781 4759 1037 4809 nostrum
1057 4753 1127 4808 de
1144 4759 1300 4810 terra
1321 4759 1608 4828 sumptum
1620 4761 1725 4823 est,
1812 4754 1961 4826 quod
1984 4769 2098 4808 non
2124 4751 2359 4808 haberet
2376 4749 2622 4822 praedam
2637 4747 2702 4814 ³⁸,
2732 4767 2754 4800 ι
2788 4749 2939 4820 quod
2985 4756 3122 4808 tunc
3162 4771 3224 4810 se
3263 4773 3406 4829 quo-

112 4838 240 4893 etad
259 4845 488 4900 terram
522 4847 870 4898 revertetur.
907 4845 1094 4910 Terra,
1129 4861 1288 4900 mens
1316 4851 1530 4913 sancta,
1561 4850 1627 4900 ut
1669 4845 1730 4901 in
1811 4842 2112 4899 dammodo
2146 4839 2440 4913 hypocrita
2468 4839 2650 4910 perire
2693 4842 2875 4910 putat,
2907 4841 3130 4912 quando
3156 4845 3405 4915 praedam

106 4923 295 4986 Genesi
321 4949 334 4985 :
370 4953 395 4985 ι
435 4933 516 4988 Et
546 4932 834 5005 producat
861 4937 1016 4988 terra
1045 4932 1276 4989 herbam
1307 4918 1664 5000 virentem'“,
1703 4954 1726 4988 ι
1813 4932 2046 4988 humani
2067 4931 2272 4986 favoris
2293 4945 2492 5002 rapere
2515 4944 2628 4984 non
2657 4927 2821 4982 valet.
2855 4929 3055 4997 Tigris,
3098 4931 3121 4956 θ
3150 4933 3406 4989 mortali-

116 5013 163 5068 id
183 5025 286 5089 est,
309 5021 608 5078 ostendat
645 5023 704 5078 in
732 5022 1019 5096 publicum
1045 5023 1244 5080 devota
1271 5041 1430 5080 mens
1453 5025 1732 5080 actionem
1814 5029 1901 5079 tas
1929 5025 2141 5087 nostra,
2177 5024 2244 5075 ut
2269 5019 2329 5075 in
2351 5017 2494 5074 libro
2520 5017 2708 5073 Tobiae
2734 5035 2748 5071 :
2782 5035 2811 5070 α
2843 5017 3054 5074 Mansit
3083 5020 3248 5090 juxta
3294 5022 3406 5079 ﬂu-

173 5198 190 5233 ¹
220 5196 367 5256 Gen.
403 5217 562 5268 XXII,
605 5199 659 5255 1.
711 5198 734 5237 ²
763 5201 962 5258 Matth.
1007 5217 1082 5270 v1,
1121 5201 1220 5269 13;
1253 5202 1386 5258 Luc.
1417 5216 1494 5271 x1,
1529 5201 1580 5260 4.
1625 5198 1648 5238 ³
1678 5204 1683 5258 ξ

1890 5211 2029 5265 xxvi,
2060 5195 2150 5253 36.
2181 5192 2224 5271 ᾖ
2246 5191 2370 5271 ω)ἐ
2397 5205 2583 5271 ιςχιινι,
2616 5191 2706 5252 29.
2745 5191 2780 5271 A5
2803 5195 2920 5271 ζειν.
2951 5208 3004 5271 ιι,
3036 5191 3202 5271 20.“a

106 5281 243 5341 mv,
278 5277 333 5335 5.
371 5274 397 5310 ⁷
425 5263 668 5330 Hahae.
700 5287 782 5341 III,
817 5276 867 5329 7.
897 5275 920 5310 ⁸
948 5263 1173 5340 Ιοὶιίιχ,
1205 5263 1296 5331 24.
1321 5275 1344 5309 9
1372 5263 1493 5330 Isa.,
1515 5289 1616 5340 LXI,

1894 5271 1962 5326 al.
1993 5263 2142 5343 ﬁnxvr,
2179 5269 2230 5322 7.
2265 5265 2308 5302 ¹ί
2341 5267 2446 5343 Job
2466 5280 2704 5343 _I_cx§v1u,
2731 5266 2792 5343 4.
2817 5265 2863 5343 ξ’
2890 5265 2994 5343 {ob
3023 5279 3098 5343 Ix,
3135 5263 3188 5322 6.
3226 5267 3274 5306 ιθ
3299 5269 3404 5343 Job

108 5335 290 5418 ἔξω,
325 5347 382 5404 5.
413 5346 466 5381 ﬂ
495 5344 620 5418 Job
651 5335 880 5418 xxxviii,
910 5343 998 5418 ‘25.
1024 5335 1226 5418 “iJo'b.
1246 5361 1322 5412 χι,
1353 5347 1404 5402 9.
1440 5346 1486 5382 ¹⁰
1511 5335 1618 5418 Job

1893 5345 1966 5418 ut:
1981 5342 2029 5418 ετ
2055 5343 2195 5418 gen.
2231 5352 2314 5418 ιιι,
2347 5335 2432 5392 19.
2459 5339 2506 5374 ¹⁸
2535 5341 2676 5418 (ﬁeri.
2701 5351 2748 5418 ι,
2773 5337 2858 5392 11.
2892 5336 3078 5418 “Job.
3102 5341 3403 5418 xggvr11213.

106 5407 407 5483 ῗηοιίχιῐ,
440 5418 500 5473 8.
547 5415 596 5450 ²¹
641 5416 742 5470 Job
767 5407 902 5483 xxxi,
935 5416 1024 5470 24.
1055 5417 1101 5451 ²²
1130 5407 1408 5483 Ηθίινίνι,
1445 5419 1494 5471 7.
1527 5416 1616 5471 ³³3

1893 5413 2027 5480 ,.36.
2069 5407 2115 5446 ³4
2143 5412 2306 5483 Deut.
2339 5423 2510 5483 ξιωςιι,
2534 5411 2594 5483 1.
2627 5408 2674 5443 ²⁵
2701 5409 2808 5464 Isa.
2832 5423 2988 5483 xyII_I_,
3025 5411 3099 5483 l._
3125 5408 3174 5444 9‘
3213 5411 3318 5467 Job
3347 5427 3403 5482 x,

104 5481 184 5556 21.
211 5491 258 5528 ³⁷
287 5479 405 5549 Job
436 5505 535 5555 III,
575 5487 676 5544 21.
708 5486 754 5523 ³⁸
775 5479 978 5543 Matth.
1009 5503 1128 5556 xm,
1165 5487 1252 5545 44.
1285 5487 1332 5522 ³9
1353 5479 1514 5542 Prov.
1555 5501 1614 5541 xx

1894 5479 2083 5539 Matth.
2103 5496 2206 5556 Axn,
2231 5479 2318 5538 35.
2347 5479 2390 5514 ³¹
2421 5481 2570 5536 Psal.
2603 5494 2824 5546 cxxxw,
2859 5481 2910 5536 8.
2941 5479 2988 5514 ³³
3017 5479 3140 5537 Job.
3173 5479 3404 5553 xxxvm,

105 5554 182 5610 22-
208 5562 258 5599 ³³
283 5565 467 5620 Deut.
505 5552 700 5625 XXXII,
731 5559 822 5616 3'1.
848 5557 895 5594 3‘
921 5561 1068 5616 Psal.
1097 5552 1208 5627 XXI,
1237 5557 1322 5616 16.
1345 5557 1390 5594 ³⁵
1416 5556 1537 5613 Job.
1569 5573 1611 5612 II

631 5572 700 5625 :II,
731 5559 822 5616 3'1.
848 5557 895 5594 3"
921 5561 1068 5616 Psal.
1097 5552 1208 5627 XXI,
1237 5557 1322 5616 16.
1345 5557 1390 5594 ³⁵
1416 5556 1537 5613 Job.
1569 5573 1630 5624 II,
1665 5558 1718 5614 8.
1741 5555 1787 5592 ³⁸
1815 5555 1918 5612 Job
1947 5571 2022 5622 Iv,
2060 5552 2141 5610 11.

337 5665 649 5726 ΡΑτιιοι..
682 5659 864 5724 CXII.
3097 5652 3175 5714 34
