3942 6158
430 277 569 339 1067

1027 284 1090 338 Β.
1133 283 1404 339 RABANI
1444 281 1675 338 MAURI
1713 281 2052 338 ARCHIEP.
2091 279 2416 337 MOGUNT.
2461 279 2758 336 OPERUM
2795 277 2978 334 PARS
3016 278 3114 357 111.

3517 277 3636 336 1068

423 403 579 461 vium
605 405 790 476 Tigris
809 406 852 472 ¹,
889 421 916 458 ››
949 405 1098 478 quod
1126 405 1382 462 Christus
1411 405 1658 478 suscepit
1685 406 1897 460 ﬂuxum
1929 405 2030 460 hu-
2048 409 2099 467 Α
2191 406 2451 460 Tonitrus
2471 410 2556 458 est
2579 404 2903 458 incarnatus
2927 403 3211 467 Dominus,
3235 411 3295 458 ut
3314 404 3367 458 in
3385 403 3474 458 Job
3503 421 3514 455 :
3543 424 3560 454 ι
3583 405 3639 458 Et

426 509 608 550 manas
637 493 1016 550 mortalitatis.

502 585 677 652 Tigna
700 587 834 638 sunt
859 583 1132 652 doctores,
1171 590 1238 640 ut
1275 585 1334 641 in
1377 583 1642 640 Cantica:
1673 602 1700 638 ι
1720 584 1900 656 Tigna
1929 583 2024 638 do-

427 687 648 728 morum
684 678 1006 729 nostrarum
1043 675 1273 730 cedrina
1294 673 1337 742 ',
1371 693 1394 727 ι
1430 674 1578 746 quod
1628 673 2024 746 praedicatores

426 761 796 839 Ecclesiarum
829 768 888 818 et
908 762 967 819 in
989 764 1136 820 bona
1154 781 1322 836 opere
1352 779 1570 830 suaves,
1605 769 1663 818 et
1689 763 1750 818 in
1779 767 2026 818 cantem-

425 851 675 923 platione
710 855 842 906 sunt
867 851 1154 908 sublimes.

501 941 831 1018 Thymz'ama
859 944 946 998 est
971 940 1192 998 devotio
1241 940 1530 1008 orationis,
1581 945 1646 996 ut
1685 941 1744 995 in
1786 939 1972 995 Exodo
2011 956 2023 990 ε

429 1047 456 1084 α
480 1027 550 1085 Et
567 1029 882 1105 thymiama
901 1029 1034 1086 boni
1049 1031 1240 1086 odoris
1257 1029 1301 1097 ³,
1333 1051 1355 1082 ι
1390 1027 1448 1086 id
1479 1035 1583 1098 est,
1607 1029 1787 1086 oratio
1810 1043 2028 1099 magnae

425 1117 754 1175 devotionis.

499 1209 669 1263 Tiara
695 1207 864 1264 decor
887 1202 1180 1276 vix-tinum,
1203 1213 1270 1264 ut
1296 1209 1353 1263 in
1380 1208 1567 1264 Exodo
1607 1227 1619 1262 :
1665 1227 1691 1260 α
1723 1205 1792 1263 Et
1820 1207 2024 1262 tiaram

421 1297 712 1370 byssinam
736 1297 967 1366 facies‘,
1000 1297 1058 1353 id
1086 1304 1190 1364 est,
1233 1297 1492 1354 decorem
1531 1298 1804 1354 virtutum
1855 1295 2025 1350 casti-

424 1392 543 1442 tate
569 1387 868 1442 nitentem.

503 1476 854 1546 Tympanum
885 1481 973 1532 est
999 1475 1229 1530 afﬂictio
1259 1475 1445 1531 carnis
1473 1481 1531 1530 et
1559 1473 1855 1530 concordia
1871 1489 2026 1528 men-

424 1565 519 1633 tis,
553 1569 619 1620 ut
645 1565 705 1620 in
735 1564 923 1620 Exodo
949 1582 1010 1619 τα
1033 1565 1212 1619 Maria
1225 1567 1420 1618 soror'
1437 1581 1562 1618 mox
1600 1563 1779 1618 sensit
1800 1570 2026 1634 tympa-

427 1669 562 1710 num
581 1653 625 1708 ⁵.
653 1672 679 1707 ι
701 1654 728 1680 ⁶
750 1654 1121 1723 Tympanum,
1136 1653 1347 1708 bonum
1367 1669 1528 1725 opus,
1560 1658 1626 1708 ut
1652 1653 1710 1706 in
1741 1652 1979 1707 Psalmis
2011 1669 2022 1705 :

2106 495 2250 548 viam
2273 493 2524 548 sonantis
2546 493 2784 548 tonitrui
2805 493 2868 557 ‘9,
2898 512 2919 543 ι
2947 491 3092 563 quod
3115 492 3274 546 Pater
3289 491 3576 563 inspiravit'
3595 492 3642 546 in

2107 584 2366 639 cordibus
2405 583 2777 648 audientium,
2817 587 2882 636 ut
2939 581 3105 634 ﬁdem
3152 580 3417 652 praebeant
3455 579 3642 636 Christo

2108 673 2453 746 prmdicanti.
2504 674 2779 738 Tom‘trus,
2823 671 3058 742 quilibet
3115 671 3442 740 praedicator,
3497 675 3552 724 ut
3598 669 3647 724 in

2105 763 2344 819 Psalmis
2377 780 2387 815 :
2425 781 2445 812 ι
2480 761 2626 816 Voce
2674 759 2909 815 tonitrui
2957 760 3040 814 tui
3089 757 3524 823 formidabant”,
3552 776 3574 810 ι
3602 757 3649 812 id

2109 858 2212 919 est,
2245 851 2437 906 audito
2457 865 2715 905 sermone
2729 837 3146 920 praedicationis
3165 853 3272 903 tuas
3287 847 3575 920 pmnitendo
3594 848 3652 902 ti-

2109 940 2360 996 mebunt.
2395 941 2670 1004 Tonitrus,
2695 937 3078 1002 comminatio,
3102 938 3232 992 utin
3251 935 3498 991 Psalmis:
3519 935 3653 991 «Vox

2107 1031 2342 1087 tonitrui
2359 1029 2444 1084 tui
2465 1029 2522 1083 in
2542 1034 2665 1082 rota
2678 1026 2747 1094 ³⁸,
2781 1046 2808 1080 »
2838 1027 2986 1098 quod
3034 1032 3197 1082 sonat
3241 1025 3420 1080 divina
3455 1025 3654 1080 commi-

2107 1121 2262 1176 natio
2291 1119 2349 1174 in
2382 1134 2540 1173 sacra
2562 1118 2869 1190 Scriptura.
2899 1116 3006 1171 Per
3037 1119 3251 1170 tonitru
3272 1113 3653 1186 increpationes,

2107 1216 2172 1265 ut
2197 1209 2253 1263 in
2283 1207 2618 1280 Apocalypsi
2659 1225 2671 1260 :
2707 1225 2734 1259 α
2777 1205 2848 1260 Et
2878 1205 3035 1260 facta;
3082 1210 3214 1259 sunt
3257 1219 3409 1258 voces
3448 1207 3500 1256 et
3537 1201 3656 1257 toni-

2107 1303 2239 1354 trua
2269 1297 2334 1364 ”,
2379 1317 2401 1348 ι
2430 1296 2485 1351 id
2509 1301 2612 1364 est,
2636 1300 3020 1367 apparuerunt
3050 1293 3318 1348 miracula
3344 1298 3399 1346 et
3431 1292 3658 1364 praedica-

2107 1388 2308 1452 tiones,
2335 1391 2393 1440 et
2417 1385 2852 1458 increpationes.

2186 1478 2398 1532 Thorax
2427 1480 2511 1530 est
2542 1474 2716 1528 virtus
2747 1465 3049 1546 patientiae,
3080 1476 3144 1526 ut
3171 1471 3230 1526 in
3258 1469 3358 1526 Job
3386 1488 3396 1523 :
3434 1488 3458 1521 cr
3500 1469 3656 1525 Subsi-

2109 1571 2256 1622 stere
2287 1579 2397 1620 non
2425 1564 2634 1636 poterit
2652 1563 2832 1627 hasta,
2855 1578 3039 1634 neque
3059 1558 3334 1626 thorax”,
3361 1579 3387 1612 ι
3409 1557 3544 1630 quod
3562 1557 3662 1613 nul-

2111 1655 2219 1710 lius
2248 1653 2552 1709 tolerantia
2579 1653 2700 1707 sine
2729 1651 2917 1723 gratia
2943 1649 3046 1706 Dei
3086 1649 3317 1704 malitiae
3336 1647 3527 1702 diaboli
3554 1646 3667 1702 resi-

432 1763 454 1796 ι
490 1743 707 1800 Sumite
737 1743 1037 1815 psalmum,
1071 1747 1130 1796 et
1157 1742 1287 1798 date
1311 1747 1649 1814 tympanum
1668 1741 1711 1808 ⁸,
1749 1761 1771 1793 ι
1811 1741 1865 1795 id
1919 1745 2025 1807 est,
2047 1727 2258 1799 Bstere
2289 1747 2487 1814 potest.

428 1832 654 1904 adjicite
693 1831 1151 1905 praedicationem
1199 1836 1256 1886 et
1301 1831 1555 1886 exhibete
1593 1829 1799 1886 bonam
1853 1829 2027 1885 actio-

429 1935 558 1978 nem
569 1962 581 1974 .

506 2011 674 2064 Tinea
703 2013 792 2065 est
819 2007 1056 2081 quilibet
1071 2007 1388 2077 hereticus,
1412 2013 1478 2064 ut
1504 2009 1562 2064 in
1591 2007 1694 2064 Job
1726 2027 1736 2062 :
1777 2028 1800 2059 ο
1831 2006 2026 2064 Ediﬁ-

429 2099 575 2154 cavit
603 2099 750 2154 sicut
765 2097 921 2154 tinea
965 2097 1196 2153 domum
1245 2111 1408 2152 suam
1437 2097 1478 2165 ⁷,
1518 2117 1539 2150 ι
1595 2097 1741 2170 quod
1800 2096 2026 2152 malitiae

429 2202 654 2258 semiier
675 2186 925 2241 haeretici
953 2185 1164 2241 rodunt
1175 2186 1594 2241 conscientiam.
1624 2185 1808 2251 Tinea,
1842 2190 2028 2239 tenta-

428 2277 528 2343 tio,
551 2275 689 2332 utin
710 2274 815 2331 Job
839 2293 851 2328 :
878 2294 902 2326 α
952 2275 1125 2340 Quasi
1165 2275 1584 2341 vestimentum,
1613 2274 1761 2347 quod
1790 2272 2030 2329 comedi-

426 2372 523 2423 tur
541 2382 577 2420 a
601 2365 758 2421 tinea
769 2364 812 2432 ⁸,
838 2382 866 2418 ι
894 2363 951 2419 id
979 2369 1083 2431 est,
1122 2381 1342 2436 corpus,
1381 2364 1525 2436 quod
1558 2363 1824 2419 atteritur
1851 2368 2030 2417 tenta-

427 2454 601 2510 tione.
664 2455 852 2520 Tinea,
911 2457 1256 2508 tormentum
1304 2453 1528 2520 inferni,
1587 2458 1653 2508 ut
1706 2452 1764 2507 in
1811 2451 1960 2508 Isaia
2011 2471 2022 2506 :

436 2561 463 2595 α
496 2541 705 2598 Subter
743 2547 799 2597 te
845 2547 1132 2598 sternetur
1158 2541 1314 2598 tinea
1343 2541 1386 2610 ⁸,
1421 2561 1446 2594 ι
1480 2541 1538 2597 id
1583 2547 1687 2610 est,
1719 2541 1925 2598 inferni
1973 2545 2030 2595 te

432 2631 616 2686 volvet
640 2643 824 2702 pana.

507 2719 912 2774 Tintinnabula
923 2723 1056 2772 sunt
1075 2718 1198 2772 soni
1223 2717 1650 2790 praedicationis,
1665 2719 1800 2774 utin
1812 2717 1998 2772 Exodo
2016 2733 2028 2768 :

433 2825 462 2862 ι
482 2810 505 2832 ‘
527 2807 598 2863 Et
621 2805 1002 2862 tintinnabula
1032 2806 1102 2861 de
1138 2823 1277 2861 auro
1323 2807 1626 2879 purissimo
1655 2806 1720 2874 ¹⁰,
1758 2826 1784 2861 ››
1817 2805 1874 2861 id
1924 2811 2028 2872 est,

432 2898 456 2920 θ
480 2907 613 2952 vera
632 2885 1044 2966 pradicatione,
1075 2909 1206 2948 vera
1233 2893 1526 2966 sapientia.

511 2983 786 3038 ﬂat-tura
817 2990 952 3038 sunt
995 2988 1328 3038 ornamenta
1373 2983 1661 3050 virtutum,
1696 2989 1760 3038 ut
1799 2983 1859 3037 in
1895 2981 2026 3038 Job:

437 3090 462 3124 α
485 3072 612 3128 Non
631 3071 889 3127 tinctum
912 3071 1294 3127 mundissimae
1309 3072 1792 3143 componentur“,
1829 3091 1854 3124 ››
1885 3070 2033 3143 quod
2051 3045 2094 3106 Ο

433 3159 736 3216 virtutibus
769 3161 979 3216 Christi
1007 3167 1340 3216 ornamenta
1366 3161 1638 3216 virtutum
1686 3166 2028 3227 nostrarum,

434 3249 846 3322 qualiacunque
873 3249 1104 3316 fuerint,
1137 3249 1452 3322 comparari
1480 3265 1593 3305 non
1626 3249 1862 3322 possint.
1900 3250 2034 3304 Tin-

434 3343 620 3405 (τινα,
655 3337 991 3411 philosophi,
1015 3337 1312 3394 utinJab:
1342 3359 1364 3390 ι
1411 3340 1534 3394 Νοη
1572 3339 1858 3394 confertur
1895 3355 2032 3394 cun-

436 3426 540 3482 ctis
558 3427 732 3482 India
744 3427 1022 3483 coloribus
1037 3427 1104 3496 ¹²,
1127 3445 1153 3481 ι
1179 3427 1327 3499 quod
1364 3428 1560 3483 mundi
1602 3429 1772 3500 hujus
1791 3427 2035 3500 philoso-

435 3516 571 3588 phia
589 3517 813 3573 Christo
827 3517 1144 3588 comparari
1165 3533 1277 3572 non
1299 3517 1482 3572 debet.

511 3607 774 3662 meum
791 3612 880 3661 est
897 3607 1124 3679 punctio
1145 3607 1348 3673 cordis,
1371 3613 1438 3662 ut
1461 3607 1518 3662 in
1539 3605 1643 3662 Job
1667 3625 1679 3660 :
1718 3625 1742 3657 ι
1778 3607 1886 3662 Pro
1914 3607 2034 3662 fru-

439 3700 630 3750 mento
653 3693 870 3750 oriatur
887 3695 1026 3750 mihi
1047 3694 1365 3762 tribulus”,
1394 3716 1417 3748 ι
1438 3695 1493 3750 id
1514 3701 1620 3763 est,
1639 3695 1866 3750 recedat
1893 3711 1928 3749 a
1945 3711 2036 3750 me

435 3783 665 3840 refectio
703 3784 1107 3852 exsultationis,
1139 3790 1197 3840 et
1224 3789 1440 3857 pungat
1462 3801 1554 3840 me
1605 3784 1757 3839 laesio
1804 3783 2032 3840 doloris.

437 3873 549 3928 Per
562 3875 798 3928 tributos
818 3873 1088 3939 haeretici,
1115 3873 1244 3929 utin
1264 3873 1564 3946 Evangelia
1589 3892 1599 3928 :
1629 3892 1655 3927 α
1696 3875 1810 3929 Aut
1839 3873 1908 3928 de
1939 3873 2038 3928 tri-

437 3961 586 4017 bulis
607 3961 838 4018 ﬁcus“?
855 3980 883 4014 ι
904 3963 1051 4034 quod
1073 3963 1288 4018 nullam
1306 3979 1495 4018 veram
1515 3963 1574 4018 in
1605 3963 1882 4019 haereticis
1911 3979 2036 4033 pos-

439 4050 617 4105 simus
636 4049 886 4106 invenire
897 4051 1250 4106 suavitatem.
1279 4052 1388 4107 Per
1403 4054 1655 4118 tribulos,
1689 4067 1872 4124 pravae
1891 4051 2038 4108 dele-

440 4137 734 4206 ctationes,
757 4145 824 4194 ut
849 4138 908 4193 in
953 4139 1158 4194 Genesi
1189 4158 1202 4193 :
1241 4157 1267 4192 α
1309 4139 1418 4196 Sed
1467 4139 1659 4212 spinas
1699 4145 1758 4195 et
1799 4139 2038 4196 tribulos

439 4226 786 4300 geminabit
805 4226 909 4282 tibi
933 4227 996 4295 ⁸⁵,
1023 4247 1048 4281 ››
1072 4228 1130 4283 id
1145 4233 1250 4294 est,
1273 4229 1614 4285 tentationes
1643 4236 1702 4286 et
1720 4230 2040 4286 delectatio-

443 4333 546 4373 nes
563 4314 792 4372 illicitas
803 4330 934 4371 caro
955 4321 1056 4370 tua
1073 4317 1345 4388 producet
1359 4316 1478 4372 tibi.

2054 4362 2102 4419 Π

2187 1834 2418 1888 Torrens
2443 1837 2532 1885 est
2555 1829 2832 1902 sapientia
2868 1829 2989 1895 Dei,
3037 1834 3102 1882 ut
3148 1828 3208 1882 in
3253 1826 3482 1882 Psalmis
3512 1844 3521 1878 :
3565 1844 3584 1876 ι
3613 1824 3669 1880 Et

2109 1927 2358 1977 torrente
2387 1919 2688 1992 voluptatis
2718 1926 2830 1974 tua:
2851 1915 3068 1990 potabis
3109 1933 3206 1971 eos
3225 1915 3290 1983 ²⁴,
3319 1936 3346 1968 ιι
3391 1915 3444 1970 id
3475 1921 3567 1980 est,
3593 1929 3668 1966 sa-

2109 2011 2323 2083 pientia
2359 2009 2666 2064 divinitatis
2713 2009 2928 2063 reﬁcies
2959 2023 3072 2062 eos.
3129 2007 3381 2069 Torrcns,
3411 2000 3670 2059 inundatio

2111 2099 2352 2172 Spiritus
2377 2099 2576 2162 sancti,
2599 2098 2694 2170 qui
2715 2096 2930 2153 homini
2951 2094 3202 2150 infundit
3217 2101 3274 2149 et
3289 2092 3615 2148 dulcedinem
3625 2097 3674 2144 in

2111 2193 2299 2243 mente
2323 2194 2380 2242 et
2408 2187 2809 2260 pinguedinem
2842 2187 2898 2240 in
2921 2187 2942 2209 ¹
2985 2190 3196 2239 mente.
3247 2184 3488 2248 Tarrcns,
3519 2179 3675 2252 passio

2112 2277 2338 2343 Christi,
2389 2281 2454 2330 ut
2499 2276 2558 2330 in
2602 2274 2841 2330 Psalmis
2883 2292 2893 2326 :
2927 2294 2948 2324 ι
3005 2274 3085 2328 De
3117 2277 3371 2328 torrente
3407 2272 3462 2324 in
3503 2270 3583 2324 via
3603 2267 3676 2323 bi-

2111 2366 2206 2421 bet
2221 2364 2288 2431 ”,
2318 2385 2342 2418 »
2366 2364 2423 2419 id
2444 2369 2548 2430 est,
2575 2363 2833 2436 passione
2846 2361 3024 2418 multa
3043 2361 3309 2434 przesenti
3325 2376 3382 2415 se
3396 2357 3556 2430 afﬂigi
3577 2371 3678 2430 per-

2111 2453 2318 2510 mittet.
2357 2455 2611 2520 Torrens,
2645 2452 2910 2508 ultimum
2922 2451 3222 2522 judicium,
3247 2455 3312 2506 ut
3330 2450 3388 2504 in
3413 2445 3535 2504 Job:
3561 2467 3582 2498 ι
3599 2444 3680 2500 Di-

2111 2544 2249 2599 vidit
2263 2549 2485 2598 torrens
2505 2559 2540 2596 a
2559 2542 2764 2614 populo
2784 2541 3184 2613 peregrinante
3201 2537 3270 2605 ’⁸,
3307 2558 3334 2592 ι
3365 2536 3505 2610 quod
3521 2549 3682 2607 repro-

2110 2633 2212 2688 bos
2237 2648 2338 2705 per
2362 2631 2640 2686 malitiam
2669 2630 2861 2697 duros,
2894 2646 2995 2702 per
3019 2628 3404 2701 ignorantiam
3430 2626 3586 2682 duros
3607 2639 3683 2678 se-

2113 2721 2336 2794 parabit
2366 2737 2598 2776 examen
2627 2719 2890 2774 ultimum
2921 2718 2991 2772 ab
3013 2718 3228 2772 electis.
3263 2719 3506 2780 Torrens,
3529 2715 3684 2768 ﬂuxus

2114 2812 2282 2882 hujus
2309 2811 2452 2878 vitae,
2487 2816 2551 2864 ut
2579 2809 2638 2864 in
2665 2808 2769 2864 Job
2798 2828 2810 2862 :
2850 2826 2876 2861 α
2909 2805 3359 2862 Circumdabunt
3387 2821 3477 2860 eos
3515 2802 3684 2858 salices

2113 2900 2382 2956 torrentis
2424 2898 2490 2963 ’7,
2546 2918 2572 2950 »
2605 2898 2752 2970 quod
2803 2895 3053 2952 diabolos
3083 2897 3104 2920 ⁴
3145 2895 3340 2950 favent
3385 2889 3682 2948 infructuosi

2115 2995 2394 3044 amatores
2423 2988 2547 3042 vitae
2595 2987 2763 3058 hujus
2809 2984 3283 3058 pertranseuntis.
3319 2984 3426 3039 Per
3457 2984 3688 3037 torrente:

2115 3077 2528 3150 praedicatores,
2563 3081 2626 3130 ut
2652 3075 2710 3130 in
2740 3074 2878 3130 Job:
2908 3093 2934 3126 «
2958 3075 3026 3130 Et
3045 3091 3145 3146 pro
3183 3076 3207 3098 ⁴
3242 3073 3410 3128 salice
3438 3074 3686 3126 torrentes

2117 3183 2318 3222 aureos
2335 3165 2400 3231 ³⁸,
2438 3185 2462 3218 »
2496 3165 2645 3237 quod
2673 3180 2812 3236 quos
2844 3164 2902 3218 in
2929 3163 3074 3217 bono
3095 3161 3546 3235 opereDominus
3563 3158 3690 3214 inve-

2117 3257 2202 3310 nit
2224 3254 2482 3310 robustos
2509 3254 2678 3308 etiam
2701 3253 3111 3324 praedicatores,
3143 3265 3545 3322 nonnunquam
3579 3244 3690 3301 facit

2117 3345 2388 3400 desertos.
2405 3344 2513 3398 Per
2527 3347 2794 3396 torrentes
2803 3341 3218 3412 praedicatores,
3239 3339 3373 3396 utin
3387 3335 3650 3394 Parabolis
3677 3351 3686 3385 :

2121 3455 2143 3486 ι
2179 3433 2460 3489 Eﬂ'odiant
2492 3435 2512 3456 ⁶
2544 3448 2674 3486 eum
2709 3431 2857 3484 corvi
2893 3429 2962 3484 de
2983 3435 3238 3484 torrente
3259 3428 3327 3496 ³⁸,
3360 3449 3380 3479 ι
3415 3427 3468 3482 id
3497 3431 3591 3490 est,
3622 3438 3696 3476 ex-

2115 3523 2354 3595 stirpent
2381 3538 2510 3576 eum
2533 3519 2776 3574 humiles
2805 3519 3079 3584 doctores,
3102 3534 3231 3590 qua:
3249 3519 3310 3573 in
3345 3515 3542 3572 divinis
3559 3525 3692 3568 como

2117 3617 2410 3668 morantur
2428 3607 2932 3683 praedicationibus.

2194 3703 2464 3771 Topazian
2494 3705 2627 3753 sunt
2649 3698 2752 3752 viri
2779 3697 2979 3763 sancti,
3009 3701 3075 3750 ut
3103 3696 3159 3750 in
3189 3695 3298 3750 Job
3337 3719 3347 3750 :
3383 3713 3410 3744 α
3459 3693 3575 3748 Non
3615 3687 3693 3743 ad-

2119 3789 2434 3862 tequabitur
2454 3789 2504 3842 ei
2529 3787 2785 3859 tapazion
2814 3787 2884 3840 de
2901 3785 3186 3856 Ethiopia
3205 3784 3276 3852 ³ο,
3297 3804 3324 3838 »
3344 3783 3490 3856 quod
3500 3780 3695 3838 Christo

2120 3879 2441 3934 nullatenus
2477 3875 2759 3948 adzequari
2805 3880 3040 3946 possunt
3090 3872 3196 3926 viri
3265 3872 3446 3927 sancti
3495 3871 3561 3924 de
3609 3867 3696 3920 hoc

2116 3966 2344 4021 mundo.
2385 3967 2670 4034 Tapazz'on,
2701 3963 2948 4035 pretiosa
2967 3961 3136 4032 hujus
3170 3961 3387 4027 saeculi,
3411 3966 3474 4015 ut
3497 3959 3550 4013 in
3570 3953 3699 4012 Psal-

2118 4055 2225 4109 mis
2249 4073 2265 4110 :
2293 4075 2312 4106 ι
2341 4055 2522 4124 Super
2548 4069 2750 4106 aurum
2779 4057 2838 4106 et
2864 4051 3122 4122 topazion
3142 4048 3211 4116 3‘,
3261 4069 3288 4102 υ
3322 4049 3382 4103 id
3423 4053 3526 4116 est,
3553 4057 3700 4116 super

2119 4142 2494 4200 sublimitates
2527 4147 2585 4196 et
2612 4140 2802 4195 omnia
2831 4139 3077 4212 pretiosa
3105 4137 3285 4209 hujus
3315 4136 3530 4193 mundi.

2197 4233 2377 4287 Torna
2399 4235 2485 4284 est
2510 4228 2787 4284 rectitudo
2815 4227 3020 4298 operis,
3054 4232 3118 4282 ut
3145 4227 3205 4281 in
3240 4226 3478 4282 Cantica
3504 4243 3516 4278 :
3549 4243 3571 4274 ι
3602 4220 3700 4276 Ma-

2122 4335 2229 4376 nus
2255 4319 2337 4374 illi
2365 4318 2659 4374 tornatiles
2687 4316 2754 4384 3',
2791 4335 2818 4370 »
2851 4317 3001 4388 quod
3026 4331 3199 4388 opera
3229 4314 3446 4372 Christi
3478 4329 3541 4370 ex
3568 4305 3700 4367 omni

517 4406 789 4460 Triticum
820 4411 905 4460 est
934 4421 1120 4460 sermo
1151 4405 1582 4477 praedicationis,
1616 4413 1682 4462 ut
1705 4407 1764 4462 in
1795 4407 2039 4479 Evange-
2060 4405 2099 4419 "
2123 4415 2279 4480 parte
2309 4414 2463 4463 recta
2490 4407 2738 4462 fuerunt.

442 4492 520 4548 lio
544 4511 558 4548 :
583 4509 609 4546 ι
641 4494 718 4548 Ut
743 4493 840 4549 det
866 4494 978 4549 illis
1005 4495 1065 4550 in
1084 4499 1339 4566 tempore
1361 4495 1534 4551 tritici
1553 4511 1878 4552 mensuram
1906 4497 1972 4565 το,
2009 4515 2035 4550 ι

443 4582 501 4637 id
547 4587 652 4649 est,
702 4588 768 4638 ut
805 4583 1091 4639 ministret
1132 4583 1233 4650 eis,
1265 4585 1490 4658 quando
1527 4586 1803 4658 optimum
1845 4585 2036 4654 fuerit,

443 4669 856 4743 pmdicationis
877 4671 1307 4744 plenitudinem.
1339 4675 1628 4741 Triticum,
1652 4689 1792 4746 opus
1807 4673 2038 4742 bonum,

445 4765 514 4815 ut
537 4759 598 4816 in
623 4759 858 4816 Cantica
887 4777 902 4815 :
938 4779 965 4814 α
992 4760 1204 4818 Venter
1247 4768 1381 4819 tuus
1426 4762 1574 4818 sicut
1615 4777 1846 4819 acervus
1895 4763 2043 4819 triti-

2199 4499 2462 4552 Tarcular
2486 4501 2572 4550 est
2590 4512 2725 4550 crux
2741 4494 2972 4560 Christi,
2995 4500 3060 4549 ut
3074 4494 3134 4549 in
3153 4494 3307 4550 Isaia
3351 4513 3363 4550 :
3405 4513 3428 4547 ι
3459 4487 3702 4570 Torcular

2119 4586 2323 4643 calcavi
2353 4585 2506 4642 solus
2521 4584 2587 4651 ³³,
2625 4604 2649 4637 ι
2680 4585 2737 4639 id
2767 4589 2871 4651 est,
2901 4583 3188 4656 discipulis
3217 4583 3366 4640 meis
3386 4573 3702 4653 fugientibus

2120 4676 2272 4733 solus
2301 4675 2508 4750 pertuli
2537 4689 2781 4731 crucem.

2200 4767 2410 4822 Τὴν·οηί
2429 4769 2564 4821 sunt
2591 4763 2775 4835 angeli
2806 4763 3006 4830 sancti,
3039 4768 3104 4818 ut
3131 4763 3191 4818 in
3218 4760 3546 4819 Ezechiele:
3579 4776 3602 4808 α
3645 4752 3704 4810 Et

448 4849 499 4904 ci
519 4847 618 4916 ",9
636 4847 693 4903 id
715 4849 1058 4916 est,ati‘ectus
1075 4857 1208 4907 tuus
1223 4851 1630 4924 plenitudinem
1650 4852 2044 4924 producitetle-
2123 4869 2295 4926 super
2311 4856 2331 4878 ⁶
2347 4867 2542 4908 omnes
2557 4851 2988 4908 similitudinem
2998 4851 3208 4916 throni,
3225 4847 3539 4906 similitudo
3547 4839 3704 4902 homi-

445 4943 570 4994 ctus
609 4931 788 4993 boni.‘
817 4939 1106 5008 Triticum,
1137 4940 1242 4995 viri
1300 4939 1448 5006 boni,
1481 4946 1546 4996 ut
1588 4941 1647 4996 in
1693 4941 1992 5015 Evangelia
2027 4959 2039 4996 :

451 5046 475 5080 ι
507 5027 779 5084 Triticum
797 5033 986 5084 autem
1005 5033 1343 5102 congregata
1363 5029 1422 5086 in
1442 5029 1706 5086 horreum
1729 5046 1918 5086 meum
1939 5031 2038 5098 ¹⁸,»

449 5115 506 5172 id
527 5122 632 5185 est,
652 5117 860 5172 electos
880 5132 1034 5173 meos
1044 5117 1324 5174 admittite
1337 5118 1396 5174 in
1417 5134 1654 5190 regnum
1674 5136 1883 5176 meum.

2126 4943 2214 4999 nis
2237 4943 2307 4998 de
2335 4959 2507 5016 super
2529 4941 2596 5008 ³⁸,
2627 4959 2654 4994 ι
2677 4941 2827 5013 quod
2855 4957 3027 5012 super
3053 4956 3250 4996 omnes
3288 4939 3522 5012 angelos
3545 4932 3703 5008 gloria

2127 5038 2215 5090 est
2237 5032 2414 5088 nostri
2437 5030 2847 5103 Redemptoris.
2897 5031 3166 5095 Thronus,
3221 5033 3424 5085 sancta
3465 5021 3702 5086 Εοοιεεὶι,

2128 5123 2268 5178 utin
2299 5121 2536 5176 Psalmis
2569 5139 2580 5173 :
2622 5139 2644 5170 ι
2671 5119 2931 5174 Thronus
2959 5124 3111 5184 tuus,
3151 5118 3328 5184 Deus,
3368 5117 3428 5174 in
3463 5114 3703 5172 semitm!

525 5205 544 5242 ⁸
571 5205 818 5277 Tob.'v1,
851 5205 941 5277 21.
990 5205 1015 5242 ²
1049 5207 1212 5262 Cant.
1247 5221 1286 5272 ι,
1324 5207 1408 5262 17.
1443 5205 1466 5243 ³
1501 5207 1668 5276 Exod,
1698 5222 1826 5274 xxv,
1853 5207 1906 5266 6.
1944 5209 1971 5245 ⁴
2001 5210 2030 5265 Ε

2122 5211 2171 5264 nl.
2204 5223 2399 5277 xxvm,
2435 5208 2524 5264 39.
2569 5209 2592 5242 ⁵
2617 5208 2786 5264 Exod.
2814 5221 2904 5273 xv,
2928 5205 3019 5264 20.
3063 5207 3088 5242 °
3109 5207 3258 5263 Psal.
3292 5220 3460 5270 Lxxx,
3487 5204 3543 5277 β.
3571 5199 3592 5238 ⁷
3614 5196 3702 5255 Job

454 5285 624 5348 xxvii,
657 5275 750 5334 18.
780 5279 804 5312 ⁸
830 5276 936 5333 Job
963 5292 1056 5344 xv,
1079 5278 1169 5334 28.
1219 5279 1242 5313 ο
1272 5281 1380 5334 Isa.
1406 5293 1519 5347 xiv,
1559 5275 1664 5334 11.
1696 5279 1743 5314 ¹⁰
1767 5281 1938 5334 Exod.
1971 5295 2030 5336 θα

2122 5296 2164 5348 1,
2194 5282 2282 5335 34.
2308 5282 2346 5317 ¹¹
2374 5275 2478 5336 Job
2503 5294 2698 5336 xxxm.
2725 5279 2810 5348 19,
2841 5278 3075 5343 1’Ibid.,
3107 5296 3156 5332 υ.
3191 5277 3279 5334 16.
3336 5277 3382 5314 ¹³
3419 5275 3540 5334 Job.
3573 5283 3700 5348 xxii.

452 5345 620 5418 ξίφη
642 5348 846 5418 Matth.
870 5362 969 5412 vn,
1007 5342 1090 5405 16.
1121 5349 1165 5384 ¹⁵
1193 5350 1333 5405 Gen.
1370 5365 1453 5416 In,
1497 5342 1575 5406 [8.
1603 5350 1650 5385 ¹⁶
1676 5351 1810 5410 Luc.
1836 5365 1936 5418 κη,
1965 5351 2030 5408 42

2122 5354 2131 5388 '
2155 5342 2316 5408 Cant.
2352 5367 2450 5418 vn,
2479 5352 2532 5406 2.
2585 5352 2629 5386 ¹⁸
2663 5343 2862 5406 Matth.
2892 5364 3014 5414 xm,
3037 5342 3125 5404 30.
3161 5348 3206 5384 ¹⁰
3231 5348 3341 5403 Job
3370 5360 3595 5418 XXXVII],

451 5415 499 5450 ²⁰
527 5409 977 5494 Psal._cn_1,_7._ﬂ
1009 5421 1156 5494 Psal.
1191 5436 1374 5494 nxxvi,
1411 5409 1494 5477 19.
1527 5419 1582 5494 ’ξ
1604 5423 1775 5494 Apoc.
1799 5409 2030 5488 xv1,'18.

2147 5424 2250 5479 Job
2275 5433 2386 5488 xm,
2422 5409 2506 5477 17.
2535 5423 2582 5457 ²⁴
2611 5423 2782 5494 Psal._
2801 5435 2962 5494 xxxv,
2991 5409 3044 5476 9.
3076 5420 3122 5454 ’5
3146 5421 3448 5494 Psaligix,
3473 5420 3522 5494 ἶ.
3548 5415 3592 5449 ⁸³
3615 5409 3702 5468 Job

451 5487 732 5560 xxvnAr,i4.
757 5487 806 5523 ³⁷
835 5489 938 5543 Job
969 5505 1043 5560 x1.
1067 5492 1156 5546 17.
1185 5491 1231 5527 ³⁸
1256 5492 1360 5546 Job
1389 5507 1523 5558 xxn,
1555 5487 1728 5550 24.79
1751 5487 1912 5549 Prov.
1939 5507 2030 5549 xx:

2122 5495 2190 5552 l7.
2223 5495 2270 5530 ³ο
2290 5487 2393 5550 Job
2419 5509 2612 5560 xxvm,
2644 5491 2733 5548 19.
2765 5492 2808 5528 ³¹
2841 5493 2986 5547 Psal.
3019 5505 3204 5557 cxvm,
3241 5489 3368 5548 127.
3397 5489 3446 5525 ³²
3466 5490 3618 5544 Cant.
3636 5497 3700 5548 τι,

452 5557 537 5616 11.
571 5558 617 5594 ³³
647 5559 754 5614 Isa.
787 5573 945 5626 LXIII,
980 5559 1031 5616 3.
1057 5561 1104 5596 ³⁴
1133 5561 1328 5627 Ezech.
1359 5577 1398 5629 ι,
1432 5557 1520 5620 26.
