  <div class='ocr_page' id='page_1' title='image "/cluster/home/n/w/nwhite01/storage/ocr_20150623/112/hvd.32044054759774/540.png"; bbox 0 0 3942 6158; ppageno 0'>
   <div class='ocr_carea' id='block_1_1' title="bbox 175 353 322 412">
    <p class='ocr_par' dir='ltr' id='par_1_1' title="bbox 175 353 322 412">
     <span class='ocr_line' id='line_1_1' title="bbox 175 353 322 412; baseline 0.014 -2"><span class='ocrx_word' id='word_1_1' title='bbox 175 353 322 412; x_wconf 77' lang='grc'>1069</span> 
     </span>
    </p>
   </div>
   <div class='ocr_carea' id='block_1_2' title="bbox 1116 349 2507 408">
    <p class='ocr_par' dir='ltr' id='par_1_2' title="bbox 1116 349 2507 408">
     <span class='ocr_line' id='line_1_2' title="bbox 1116 349 2507 408; baseline -0.002 -2"><span class='ocrx_word' id='word_1_2' title='bbox 1116 351 1548 407; x_wconf 73' lang='lat' dir='ltr'>ALLEGORIAE</span> <span class='ocrx_word' id='word_1_3' title='bbox 1585 353 1662 406; x_wconf 81' lang='lat' dir='ltr'><strong>IN</strong></span> <span class='ocrx_word' id='word_1_4' title='bbox 1703 352 1992 408; x_wconf 80' lang='lat' dir='ltr'>SACRAM</span> <span class='ocrx_word' id='word_1_5' title='bbox 2027 349 2507 408; x_wconf 80' lang='lat' dir='ltr'>SCRIPTURAM.</span> 
     </span>
    </p>
   </div>
   <div class='ocr_carea' id='block_1_3' title="bbox 3317 351 3456 410">
    <p class='ocr_par' dir='ltr' id='par_1_3' title="bbox 3317 351 3456 410">
     <span class='ocr_line' id='line_1_3' title="bbox 3317 351 3456 410; baseline 0.007 -1"><span class='ocrx_word' id='word_1_6' title='bbox 3317 352 3335 409; x_wconf 83' lang='lat'><strong>1</strong></span> <span class='ocrx_word' id='word_1_7' title='bbox 3349 351 3456 410; x_wconf 86' lang='lat'>070</span> 
     </span>
    </p>
   </div>
   <div class='ocr_carea' id='block_1_4' title="bbox 175 475 3455 552">
    <p class='ocr_par' dir='ltr' id='par_1_4' title="bbox 175 475 3455 552">
     <span class='ocr_line' id='line_1_4' title="bbox 175 475 3455 552; baseline -0.001 -17"><span class='ocrx_word' id='word_1_8' title='bbox 175 481 370 539; x_wconf 66' lang='lat' dir='ltr'>saeculi</span> <span class='ocrx_word' id='word_1_9' title='bbox 397 482 439 546; x_wconf 77' lang='grc' dir='ltr'>ί,</span> <span class='ocrx_word' id='word_1_10' title='bbox 473 498 500 532; x_wconf 71' lang='grc' dir='ltr'><strong><em>ι</em></strong></span> <span class='ocrx_word' id='word_1_11' title='bbox 524 480 669 552; x_wconf 90' lang='lat' dir='ltr'>quod</span> <span class='ocrx_word' id='word_1_12' title='bbox 705 485 900 534; x_wconf 88' lang='lat' dir='ltr'>sancta</span> <span class='ocrx_word' id='word_1_13' title='bbox 945 478 1189 533; x_wconf 83' lang='lat' dir='ltr'>Ecclesia</span> <span class='ocrx_word' id='word_1_14' title='bbox 1216 477 1442 532; x_wconf 88' lang='lat' dir='ltr'>durabit</span> <span class='ocrx_word' id='word_1_15' title='bbox 1471 478 1528 532; x_wconf 90' lang='lat' dir='ltr'>in</span> <span class='ocrx_word' id='word_1_16' title='bbox 1574 493 1772 548; x_wconf 87' lang='lat' dir='ltr'>perpe-</span> <span class='ocrx_word' id='word_1_17' title='bbox 1787 481 1836 537; x_wconf 78' lang='grc' dir='ltr'><strong>Α</strong></span> <span class='ocrx_word' id='word_1_18' title='bbox 1854 481 1942 530; x_wconf 86' lang='lat' dir='ltr'>tas</span> <span class='ocrx_word' id='word_1_19' title='bbox 1971 475 2086 531; x_wconf 92' lang='lat' dir='ltr'>Deo</span> <span class='ocrx_word' id='word_1_20' title='bbox 2116 475 2373 530; x_wconf 82' lang='lat' dir='ltr'>immolet</span> <span class='ocrx_word' id='word_1_21' title='bbox 2392 475 2773 546; x_wconf 86' lang='lat' dir='ltr'>lacrymarum</span> <span class='ocrx_word' id='word_1_22' title='bbox 2800 475 3274 547; x_wconf 88' lang='lat' dir='ltr'>compunctiones,</span> <span class='ocrx_word' id='word_1_23' title='bbox 3300 479 3322 502; x_wconf 83' lang='lat'><strong><em>&quot;</em></strong></span> <span class='ocrx_word' id='word_1_24' title='bbox 3352 495 3455 551; x_wconf 87' lang='lat' dir='ltr'>per</span> 
     </span>
    </p>
   </div>
   <div class='ocr_carea' id='block_1_5' title="bbox 171 566 1772 640">
    <p class='ocr_par' dir='ltr' id='par_1_5' title="bbox 171 566 1772 640">
     <span class='ocr_line' id='line_1_5' title="bbox 171 566 1772 640; baseline -0.005 -13"><span class='ocrx_word' id='word_1_25' title='bbox 171 576 360 627; x_wconf 84' lang='lat' dir='ltr'>tuum.</span> <span class='ocrx_word' id='word_1_26' title='bbox 390 569 616 636; x_wconf 79' lang='lat' dir='ltr'>Throni,</span> <span class='ocrx_word' id='word_1_27' title='bbox 645 569 826 623; x_wconf 86' lang='lat' dir='ltr'>sancti</span> <span class='ocrx_word' id='word_1_28' title='bbox 857 567 1275 640; x_wconf 80' lang='lat' dir='ltr'>praedicatores,</span> <span class='ocrx_word' id='word_1_29' title='bbox 1309 571 1376 620; x_wconf 92' lang='lat' dir='ltr'>ut</span> <span class='ocrx_word' id='word_1_30' title='bbox 1410 566 1467 621; x_wconf 92' lang='lat' dir='ltr'>in</span> <span class='ocrx_word' id='word_1_31' title='bbox 1499 567 1728 620; x_wconf 89' lang='lat' dir='ltr'>Daniele</span> <span class='ocrx_word' id='word_1_32' title='bbox 1763 584 1772 617; x_wconf 89' lang='lat'>:</span> 
     </span>
    </p>
   </div>
   <div class='ocr_carea' id='block_1_6' title="bbox 175 656 1778 728">
    <p class='ocr_par' dir='ltr' id='par_1_6' title="bbox 175 656 1778 728">
     <span class='ocr_line' id='line_1_6' title="bbox 175 656 1778 728; baseline -0.002 -14"><span class='ocrx_word' id='word_1_33' title='bbox 175 679 207 714; x_wconf 70' lang='grc' dir='ltr'><strong>α</strong></span> <span class='ocrx_word' id='word_1_34' title='bbox 236 660 501 716; x_wconf 89' lang='lat' dir='ltr'>Thranus</span> <span class='ocrx_word' id='word_1_35' title='bbox 533 664 666 714; x_wconf 89' lang='lat' dir='ltr'>tuus</span> <span class='ocrx_word' id='word_1_36' title='bbox 693 659 924 712; x_wconf 87' lang='lat' dir='ltr'>ﬂamma</span> <span class='ocrx_word' id='word_1_37' title='bbox 952 657 1100 728; x_wconf 83' lang='lat' dir='ltr'>ignis</span> <span class='ocrx_word' id='word_1_38' title='bbox 1127 657 1168 723; x_wconf 61' lang='lat'>9,</span> <span class='ocrx_word' id='word_1_39' title='bbox 1199 678 1220 707; x_wconf 78' lang='grc' dir='ltr'>ι</span> <span class='ocrx_word' id='word_1_40' title='bbox 1257 656 1406 728; x_wconf 91' lang='lat' dir='ltr'>quod</span> <span class='ocrx_word' id='word_1_41' title='bbox 1451 656 1778 727; x_wconf 80' lang='lat' dir='ltr'>praedicato-</span> 
     </span>
    </p>
   </div>
   <div class='ocr_carea' id='block_1_7' title="bbox 171 745 1780 819">
    <p class='ocr_par' dir='ltr' id='par_1_7' title="bbox 171 745 1780 819">
     <span class='ocr_line' id='line_1_7' title="bbox 171 745 1780 819; baseline -0.004 -13"><span class='ocrx_word' id='word_1_42' title='bbox 171 767 270 806; x_wconf 81' lang='lat' dir='ltr'>res</span> <span class='ocrx_word' id='word_1_43' title='bbox 293 756 356 806; x_wconf 88' lang='lat' dir='ltr'>et</span> <span class='ocrx_word' id='word_1_44' title='bbox 381 764 632 804; x_wconf 86' lang='lat' dir='ltr'>amorem</span> <span class='ocrx_word' id='word_1_45' title='bbox 660 750 682 772; x_wconf 80' lang='grc'>⁶</span> <span class='ocrx_word' id='word_1_46' title='bbox 713 748 936 803; x_wconf 87' lang='lat' dir='ltr'>virtutis</span> <span class='ocrx_word' id='word_1_47' title='bbox 948 747 1268 819; x_wconf 64' lang='lat' dir='ltr'>praedicant,</span> <span class='ocrx_word' id='word_1_48' title='bbox 1293 751 1352 800; x_wconf 92' lang='lat' dir='ltr'>et</span> <span class='ocrx_word' id='word_1_49' title='bbox 1365 746 1557 801; x_wconf 91' lang='lat' dir='ltr'>lumen</span> <span class='ocrx_word' id='word_1_50' title='bbox 1574 745 1780 800; x_wconf 87' lang='lat' dir='ltr'>verita-</span> 
     </span>
    </p>
   </div>
   <div class='ocr_carea' id='block_1_8' title="bbox 169 833 1781 906">
    <p class='ocr_par' dir='ltr' id='par_1_8' title="bbox 169 833 1781 906">
     <span class='ocr_line' id='line_1_8' title="bbox 169 833 1781 906; baseline -0.005 -10"><span class='ocrx_word' id='word_1_51' title='bbox 169 841 252 896; x_wconf 88' lang='lat' dir='ltr'>tis</span> <span class='ocrx_word' id='word_1_52' title='bbox 277 838 603 895; x_wconf 85' lang='lat' dir='ltr'>infundunt.</span> <span class='ocrx_word' id='word_1_53' title='bbox 643 839 911 904; x_wconf 77' lang='lat' dir='ltr'>Thronus,</span> <span class='ocrx_word' id='word_1_54' title='bbox 929 836 1177 892; x_wconf 78' lang='lat' dir='ltr'>tribunal</span> <span class='ocrx_word' id='word_1_55' title='bbox 1205 835 1382 890; x_wconf 90' lang='lat' dir='ltr'>futuri</span> <span class='ocrx_word' id='word_1_56' title='bbox 1405 834 1706 906; x_wconf 90' lang='lat' dir='ltr'>judicii,ut</span> <span class='ocrx_word' id='word_1_57' title='bbox 1721 833 1781 889; x_wconf 91' lang='lat' dir='ltr'>in</span> 
     </span>
    </p>
   </div>
   <div class='ocr_carea' id='block_1_9' title="bbox 172 924 1782 998">
    <p class='ocr_par' dir='ltr' id='par_1_9' title="bbox 172 924 1782 998">
     <span class='ocr_line' id='line_1_9' title="bbox 172 924 1782 998; baseline -0.003 -14"><span class='ocrx_word' id='word_1_58' title='bbox 172 929 420 984; x_wconf 84' lang='lat' dir='ltr'>Psalmis</span> <span class='ocrx_word' id='word_1_59' title='bbox 460 946 472 982; x_wconf 90' lang='lat'><strong>:</strong></span> <span class='ocrx_word' id='word_1_60' title='bbox 507 943 533 978; x_wconf 74' lang='grc' dir='ltr'><strong>ε</strong></span> <span class='ocrx_word' id='word_1_61' title='bbox 568 927 739 982; x_wconf 86' lang='lat' dir='ltr'>Sedes</span> <span class='ocrx_word' id='word_1_62' title='bbox 773 942 943 998; x_wconf 84' lang='lat' dir='ltr'>super</span> <span class='ocrx_word' id='word_1_63' title='bbox 960 924 1594 997; x_wconf 89' lang='lat' dir='ltr'>thranum,quijudicas</span> <span class='ocrx_word' id='word_1_64' title='bbox 1617 924 1782 994; x_wconf 87' lang='lat' dir='ltr'>justi-</span> 
     </span>
    </p>
   </div>
   <div class='ocr_carea' id='block_1_10' title="bbox 171 1011 1781 1087">
    <p class='ocr_par' dir='ltr' id='par_1_10' title="bbox 171 1011 1781 1087">
     <span class='ocr_line' id='line_1_10' title="bbox 171 1011 1781 1087; baseline -0.003 -16"><span class='ocrx_word' id='word_1_65' title='bbox 171 1015 375 1082; x_wconf 62' lang='lat' dir='ltr'>tiama,</span> <span class='ocrx_word' id='word_1_66' title='bbox 397 1034 420 1065; x_wconf 74' lang='grc' dir='ltr'>ι</span> <span class='ocrx_word' id='word_1_67' title='bbox 443 1014 592 1087; x_wconf 90' lang='lat' dir='ltr'>quod</span> <span class='ocrx_word' id='word_1_68' title='bbox 624 1015 683 1068; x_wconf 90' lang='lat' dir='ltr'>in</span> <span class='ocrx_word' id='word_1_69' title='bbox 710 1015 900 1069; x_wconf 87' lang='lat' dir='ltr'>futura</span> <span class='ocrx_word' id='word_1_70' title='bbox 924 1013 1135 1085; x_wconf 85' lang='lat' dir='ltr'>judicia</span> <span class='ocrx_word' id='word_1_71' title='bbox 1157 1013 1352 1068; x_wconf 84' lang='lat' dir='ltr'>reddet</span> <span class='ocrx_word' id='word_1_72' title='bbox 1369 1011 1672 1084; x_wconf 87' lang='lat' dir='ltr'>unicuique</span> <span class='ocrx_word' id='word_1_73' title='bbox 1697 1027 1781 1066; x_wconf 84' lang='lat' dir='ltr'>se-</span> 
     </span>
    </p>
   </div>
   <div class='ocr_carea' id='block_1_11' title="bbox 171 1105 778 1176">
    <p class='ocr_par' dir='ltr' id='par_1_11' title="bbox 171 1105 778 1176">
     <span class='ocr_line' id='line_1_11' title="bbox 171 1105 778 1176; baseline -0.007 -15"><span class='ocrx_word' id='word_1_74' title='bbox 171 1105 428 1161; x_wconf 85' lang='lat' dir='ltr'>cundum</span> <span class='ocrx_word' id='word_1_75' title='bbox 455 1120 629 1176; x_wconf 81' lang='lat' dir='ltr'><strong>opera</strong></span> <span class='ocrx_word' id='word_1_76' title='bbox 654 1119 778 1158; x_wconf 90' lang='lat' dir='ltr'>sua.</span> 
     </span>
    </p>
   </div>
   <div class='ocr_carea' id='block_1_12' title="bbox 252 1225 1780 1300">
    <p class='ocr_par' dir='ltr' id='par_1_12' title="bbox 252 1225 1780 1300">
     <span class='ocr_line' id='line_1_12' title="bbox 252 1225 1780 1300; baseline -0.003 -16"><span class='ocrx_word' id='word_1_77' title='bbox 252 1231 410 1285; x_wconf 87' lang='lat' dir='ltr'><strong><em>Tuba</em></strong></span> <span class='ocrx_word' id='word_1_78' title='bbox 447 1233 533 1284; x_wconf 89' lang='lat' dir='ltr'>est</span> <span class='ocrx_word' id='word_1_79' title='bbox 561 1244 731 1283; x_wconf 89' lang='lat' dir='ltr'>sonus</span> <span class='ocrx_word' id='word_1_80' title='bbox 761 1227 1192 1300; x_wconf 66' lang='lat' dir='ltr'>praedicationis,</span> <span class='ocrx_word' id='word_1_81' title='bbox 1225 1233 1288 1282; x_wconf 90' lang='lat' dir='ltr'>ut</span> <span class='ocrx_word' id='word_1_82' title='bbox 1320 1227 1379 1280; x_wconf 91' lang='lat' dir='ltr'>in</span> <span class='ocrx_word' id='word_1_83' title='bbox 1405 1225 1558 1280; x_wconf 87' lang='lat' dir='ltr'>Joele</span> <span class='ocrx_word' id='word_1_84' title='bbox 1589 1245 1602 1278; x_wconf 87' lang='lat'><strong>:</strong></span> <span class='ocrx_word' id='word_1_85' title='bbox 1629 1245 1654 1276; x_wconf 90' lang='lat'>«</span> <span class='ocrx_word' id='word_1_86' title='bbox 1679 1225 1780 1279; x_wconf 85' lang='lat' dir='ltr'>Ca-</span> 
     </span>
    </p>
   </div>
   <div class='ocr_carea' id='block_1_13' title="bbox 172 1313 1780 1385">
    <p class='ocr_par' dir='ltr' id='par_1_13' title="bbox 172 1313 1780 1385">
     <span class='ocr_line' id='line_1_13' title="bbox 172 1313 1780 1385; baseline -0.004 -13"><span class='ocrx_word' id='word_1_87' title='bbox 172 1317 295 1372; x_wconf 92' lang='lat' dir='ltr'>nite</span> <span class='ocrx_word' id='word_1_88' title='bbox 327 1316 468 1372; x_wconf 89' lang='lat' dir='ltr'>tuba</span> <span class='ocrx_word' id='word_1_89' title='bbox 491 1317 549 1370; x_wconf 92' lang='lat' dir='ltr'>in</span> <span class='ocrx_word' id='word_1_90' title='bbox 580 1316 713 1371; x_wconf 88' lang='lat' dir='ltr'>Sion</span> <span class='ocrx_word' id='word_1_91' title='bbox 732 1315 774 1381; x_wconf 72' lang='lat'>‘,</span> <span class='ocrx_word' id='word_1_92' title='bbox 801 1334 826 1367; x_wconf 82' lang='grc'>))</span> <span class='ocrx_word' id='word_1_93' title='bbox 859 1315 914 1369; x_wconf 90' lang='lat' dir='ltr'><strong>id</strong></span> <span class='ocrx_word' id='word_1_94' title='bbox 937 1321 1040 1382; x_wconf 91' lang='lat' dir='ltr'>est,</span> <span class='ocrx_word' id='word_1_95' title='bbox 1073 1315 1314 1369; x_wconf 87' lang='lat' dir='ltr'>clamate</span> <span class='ocrx_word' id='word_1_96' title='bbox 1353 1331 1542 1368; x_wconf 88' lang='lat' dir='ltr'>vocem</span> <span class='ocrx_word' id='word_1_97' title='bbox 1575 1313 1780 1385; x_wconf 70' lang='lat' dir='ltr'>prmdi-</span> 
     </span>
    </p>
   </div>
   <div class='ocr_carea' id='block_1_14' title="bbox 171 1403 1779 1475">
    <p class='ocr_par' dir='ltr' id='par_1_14' title="bbox 171 1403 1779 1475">
     <span class='ocr_line' id='line_1_14' title="bbox 171 1403 1779 1475; baseline -0.004 -13"><span class='ocrx_word' id='word_1_98' title='bbox 171 1405 417 1462; x_wconf 85' lang='lat' dir='ltr'>cationis</span> <span class='ocrx_word' id='word_1_99' title='bbox 437 1406 496 1460; x_wconf 92' lang='lat' dir='ltr'>in</span> <span class='ocrx_word' id='word_1_100' title='bbox 515 1405 780 1460; x_wconf 83' lang='lat' dir='ltr'>Ecclesia.</span> <span class='ocrx_word' id='word_1_101' title='bbox 813 1405 981 1470; x_wconf 84' lang='lat' dir='ltr'><strong><em>Tuba,</em></strong></span> <span class='ocrx_word' id='word_1_102' title='bbox 1011 1421 1112 1460; x_wconf 81' lang='lat' dir='ltr'>vox</span> <span class='ocrx_word' id='word_1_103' title='bbox 1143 1404 1425 1459; x_wconf 81' lang='lat' dir='ltr'>saecularis</span> <span class='ocrx_word' id='word_1_104' title='bbox 1463 1403 1779 1475; x_wconf 72' lang='lat' dir='ltr'>potestatis,</span> 
     </span>
    </p>
   </div>
   <div class='ocr_carea' id='block_1_15' title="bbox 172 1492 1778 1566">
    <p class='ocr_par' dir='ltr' id='par_1_15' title="bbox 172 1492 1778 1566">
     <span class='ocr_line' id='line_1_15' title="bbox 172 1492 1778 1566; baseline -0.004 -14"><span class='ocrx_word' id='word_1_105' title='bbox 172 1502 239 1552; x_wconf 85' lang='lat' dir='ltr'>ut</span> <span class='ocrx_word' id='word_1_106' title='bbox 264 1496 330 1552; x_wconf 87' lang='lat' dir='ltr'>in</span> <span class='ocrx_word' id='word_1_107' title='bbox 357 1495 462 1550; x_wconf 87' lang='lat' dir='ltr'>Job</span> <span class='ocrx_word' id='word_1_108' title='bbox 499 1515 511 1550; x_wconf 77' lang='grc' dir='ltr'><strong>ε</strong></span> <span class='ocrx_word' id='word_1_109' title='bbox 549 1512 579 1548; x_wconf 73' lang='grc' dir='ltr'><strong><em>α</em></strong></span> <span class='ocrx_word' id='word_1_110' title='bbox 607 1495 734 1549; x_wconf 87' lang='lat' dir='ltr'>Non</span> <span class='ocrx_word' id='word_1_111' title='bbox 751 1499 977 1566; x_wconf 81' lang='lat' dir='ltr'>reputat</span> <span class='ocrx_word' id='word_1_112' title='bbox 993 1493 1142 1548; x_wconf 60' lang='lat' dir='ltr'>tubae</span> <span class='ocrx_word' id='word_1_113' title='bbox 1171 1494 1492 1564; x_wconf 82' lang='lat' dir='ltr'>clangorem</span> <span class='ocrx_word' id='word_1_114' title='bbox 1513 1493 1555 1560; x_wconf 82' lang='grc'>⁵,</span> <span class='ocrx_word' id='word_1_115' title='bbox 1579 1513 1600 1544; x_wconf 74' lang='grc' dir='ltr'><strong><em>ι</em></strong></span> <span class='ocrx_word' id='word_1_116' title='bbox 1634 1492 1778 1564; x_wconf 87' lang='lat' dir='ltr'>quod</span> 
     </span>
    </p>
   </div>
   <div class='ocr_carea' id='block_1_16' title="bbox 173 1582 1786 1656">
    <p class='ocr_par' dir='ltr' id='par_1_16' title="bbox 173 1582 1786 1656">
     <span class='ocr_line' id='line_1_16' title="bbox 173 1582 1786 1656; baseline -0.003 -16"><span class='ocrx_word' id='word_1_117' title='bbox 173 1591 412 1640; x_wconf 89' lang='lat' dir='ltr'>sanctus</span> <span class='ocrx_word' id='word_1_118' title='bbox 433 1583 764 1656; x_wconf 71' lang='lat' dir='ltr'>praedicator</span> <span class='ocrx_word' id='word_1_119' title='bbox 786 1583 996 1638; x_wconf 87' lang='lat' dir='ltr'>nullius</span> <span class='ocrx_word' id='word_1_120' title='bbox 1012 1583 1294 1637; x_wconf 66' lang='lat' dir='ltr'>saecularis</span> <span class='ocrx_word' id='word_1_121' title='bbox 1316 1582 1611 1654; x_wconf 82' lang='lat' dir='ltr'>potestatis</span> <span class='ocrx_word' id='word_1_122' title='bbox 1640 1598 1786 1636; x_wconf 87' lang='lat' dir='ltr'>com-</span> 
     </span>
    </p>
   </div>
   <div class='ocr_carea' id='block_1_17' title="bbox 174 1673 1788 1746">
    <p class='ocr_par' dir='ltr' id='par_1_17' title="bbox 174 1673 1788 1746">
     <span class='ocr_line' id='line_1_17' title="bbox 174 1673 1788 1746; baseline -0.002 -18"><span class='ocrx_word' id='word_1_123' title='bbox 174 1674 520 1729; x_wconf 85' lang='lat' dir='ltr'>minationes</span> <span class='ocrx_word' id='word_1_124' title='bbox 560 1674 926 1746; x_wconf 86' lang='lat' dir='ltr'>pertimescit.</span> <span class='ocrx_word' id='word_1_125' title='bbox 975 1675 1142 1739; x_wconf 86' lang='lat' dir='ltr'>Tuba,</span> <span class='ocrx_word' id='word_1_126' title='bbox 1189 1673 1342 1727; x_wconf 84' lang='lat' dir='ltr'>favor</span> <span class='ocrx_word' id='word_1_127' title='bbox 1380 1673 1681 1738; x_wconf 89' lang='lat' dir='ltr'>humanus,</span> <span class='ocrx_word' id='word_1_128' title='bbox 1725 1676 1788 1725; x_wconf 92' lang='lat' dir='ltr'>ut</span> 
     </span>
    </p>
   </div>
   <div class='ocr_carea' id='block_1_18' title="bbox 175 1760 1784 1834">
    <p class='ocr_par' dir='ltr' id='par_1_18' title="bbox 175 1760 1784 1834">
     <span class='ocr_line' id='line_1_18' title="bbox 175 1760 1784 1834; baseline -0.004 -15"><span class='ocrx_word' id='word_1_129' title='bbox 175 1765 235 1819; x_wconf 88' lang='lat' dir='ltr'>in</span> <span class='ocrx_word' id='word_1_130' title='bbox 272 1762 579 1834; x_wconf 86' lang='lat' dir='ltr'>Evangelia</span> <span class='ocrx_word' id='word_1_131' title='bbox 615 1782 626 1817; x_wconf 91' lang='lat'>:</span> <span class='ocrx_word' id='word_1_132' title='bbox 663 1782 690 1815; x_wconf 85' lang='lat'><strong>«</strong></span> <span class='ocrx_word' id='word_1_133' title='bbox 723 1762 851 1817; x_wconf 87' lang='lat' dir='ltr'>Noli</span> <span class='ocrx_word' id='word_1_134' title='bbox 871 1761 1009 1817; x_wconf 87' lang='lat' dir='ltr'>tuba</span> <span class='ocrx_word' id='word_1_135' title='bbox 1037 1778 1238 1816; x_wconf 85' lang='lat' dir='ltr'>canere</span> <span class='ocrx_word' id='word_1_136' title='bbox 1266 1766 1396 1816; x_wconf 82' lang='lat' dir='ltr'>ante</span> <span class='ocrx_word' id='word_1_137' title='bbox 1419 1761 1526 1828; x_wconf 68' lang='lat' dir='ltr'>te“,</span> <span class='ocrx_word' id='word_1_138' title='bbox 1552 1779 1578 1814; x_wconf 75' lang='lat' dir='ltr'>n</span> <span class='ocrx_word' id='word_1_139' title='bbox 1603 1760 1658 1814; x_wconf 90' lang='lat' dir='ltr'><strong>id</strong></span> <span class='ocrx_word' id='word_1_140' title='bbox 1681 1765 1784 1827; x_wconf 90' lang='lat' dir='ltr'>est,</span> 
     </span>
    </p>
   </div>
   <div class='ocr_carea' id='block_1_19' title="bbox 174 1850 1788 1922">
    <p class='ocr_par' dir='ltr' id='par_1_19' title="bbox 174 1850 1788 1922">
     <span class='ocr_line' id='line_1_19' title="bbox 174 1850 1788 1922; baseline -0.002 -14"><span class='ocrx_word' id='word_1_141' title='bbox 174 1853 297 1908; x_wconf 90' lang='lat' dir='ltr'>noli</span> <span class='ocrx_word' id='word_1_142' title='bbox 323 1853 538 1908; x_wconf 88' lang='lat' dir='ltr'>intuitu</span> <span class='ocrx_word' id='word_1_143' title='bbox 567 1852 801 1908; x_wconf 88' lang='lat' dir='ltr'>humani</span> <span class='ocrx_word' id='word_1_144' title='bbox 824 1852 1029 1906; x_wconf 84' lang='lat' dir='ltr'>favoris</span> <span class='ocrx_word' id='word_1_145' title='bbox 1057 1851 1205 1906; x_wconf 88' lang='lat' dir='ltr'>bona</span> <span class='ocrx_word' id='word_1_146' title='bbox 1233 1850 1474 1922; x_wconf 87' lang='lat' dir='ltr'>operari.</span> <span class='ocrx_word' id='word_1_147' title='bbox 1498 1851 1606 1904; x_wconf 92' lang='lat' dir='ltr'>Per</span> <span class='ocrx_word' id='word_1_148' title='bbox 1632 1851 1788 1904; x_wconf 78' lang='lat' dir='ltr'>tubas</span> 
     </span>
    </p>
   </div>
   <div class='ocr_carea' id='block_1_20' title="bbox 177 1939 1788 2015">
    <p class='ocr_par' dir='ltr' id='par_1_20' title="bbox 177 1939 1788 2015">
     <span class='ocr_line' id='line_1_20' title="bbox 177 1939 1788 2015; baseline -0.003 -17"><span class='ocrx_word' id='word_1_149' title='bbox 177 1943 294 1998; x_wconf 92' lang='lat' dir='ltr'>duo</span> <span class='ocrx_word' id='word_1_150' title='bbox 319 1947 600 2015; x_wconf 68' lang='lat' dir='ltr'>praecepta</span> <span class='ocrx_word' id='word_1_151' title='bbox 626 1942 938 2007; x_wconf 88' lang='lat' dir='ltr'>charitatis,</span> <span class='ocrx_word' id='word_1_152' title='bbox 973 1947 1040 1996; x_wconf 92' lang='lat' dir='ltr'>ut</span> <span class='ocrx_word' id='word_1_153' title='bbox 1065 1941 1123 1996; x_wconf 93' lang='lat' dir='ltr'>in</span> <span class='ocrx_word' id='word_1_154' title='bbox 1157 1940 1300 1994; x_wconf 88' lang='lat' dir='ltr'>libro</span> <span class='ocrx_word' id='word_1_155' title='bbox 1329 1939 1564 1995; x_wconf 90' lang='lat' dir='ltr'>Numeri</span> <span class='ocrx_word' id='word_1_156' title='bbox 1589 1959 1598 1992; x_wconf 94' lang='lat'><strong>:</strong></span> <span class='ocrx_word' id='word_1_157' title='bbox 1631 1960 1655 1991; x_wconf 77' lang='grc' dir='ltr'><strong>α</strong></span> <span class='ocrx_word' id='word_1_158' title='bbox 1678 1939 1788 1993; x_wconf 87' lang='lat' dir='ltr'>Fac</span> 
     </span>
    </p>
   </div>
   <div class='ocr_carea' id='block_1_21' title="bbox 172 2029 1786 2102">
    <p class='ocr_par' dir='ltr' id='par_1_21' title="bbox 172 2029 1786 2102">
     <span class='ocr_line' id='line_1_21' title="bbox 172 2029 1786 2102; baseline -0.003 -15"><span class='ocrx_word' id='word_1_159' title='bbox 172 2031 276 2087; x_wconf 85' lang='lat' dir='ltr'>tibi</span> <span class='ocrx_word' id='word_1_160' title='bbox 335 2032 478 2087; x_wconf 90' lang='lat' dir='ltr'>duas</span> <span class='ocrx_word' id='word_1_161' title='bbox 507 2031 671 2087; x_wconf 88' lang='lat' dir='ltr'>tubas</span> <span class='ocrx_word' id='word_1_162' title='bbox 711 2037 1007 2102; x_wconf 89' lang='lat' dir='ltr'>argenteas</span> <span class='ocrx_word' id='word_1_163' title='bbox 1028 2031 1068 2097; x_wconf 81' lang='grc'><em>’⁷,</em></span> <span class='ocrx_word' id='word_1_164' title='bbox 1104 2051 1131 2083; x_wconf 70' lang='grc' dir='ltr'><strong><em>ι</em></strong></span> <span class='ocrx_word' id='word_1_165' title='bbox 1175 2030 1232 2083; x_wconf 92' lang='lat' dir='ltr'>id</span> <span class='ocrx_word' id='word_1_166' title='bbox 1279 2034 1384 2094; x_wconf 88' lang='lat' dir='ltr'>est,</span> <span class='ocrx_word' id='word_1_167' title='bbox 1429 2045 1558 2082; x_wconf 91' lang='lat' dir='ltr'>cum</span> <span class='ocrx_word' id='word_1_168' title='bbox 1603 2029 1786 2083; x_wconf 91' lang='lat' dir='ltr'>nitore</span> 
     </span>
    </p>
   </div>
   <div class='ocr_carea' id='block_1_22' title="bbox 175 2117 1788 2194">
    <p class='ocr_par' dir='ltr' id='par_1_22' title="bbox 175 2117 1788 2194">
     <span class='ocr_line' id='line_1_22' title="bbox 175 2117 1788 2194; baseline -0.003 -17"><span class='ocrx_word' id='word_1_169' title='bbox 175 2120 601 2194; x_wconf 70' lang='lat' dir='ltr'>praedicationis</span> <span class='ocrx_word' id='word_1_170' title='bbox 629 2121 874 2193; x_wconf 89' lang='lat' dir='ltr'>adimple</span> <span class='ocrx_word' id='word_1_171' title='bbox 895 2121 1006 2174; x_wconf 93' lang='lat' dir='ltr'>duo</span> <span class='ocrx_word' id='word_1_172' title='bbox 1037 2123 1316 2192; x_wconf 84' lang='lat' dir='ltr'>praecepta</span> <span class='ocrx_word' id='word_1_173' title='bbox 1336 2117 1646 2172; x_wconf 88' lang='lat' dir='ltr'>charitatis.</span> <span class='ocrx_word' id='word_1_174' title='bbox 1681 2118 1788 2172; x_wconf 89' lang='lat' dir='ltr'>Per</span> 
     </span>
    </p>
   </div>
   <div class='ocr_carea' id='block_1_23' title="bbox 179 2206 1788 2283">
    <p class='ocr_par' dir='ltr' id='par_1_23' title="bbox 179 2206 1788 2283">
     <span class='ocr_line' id='line_1_23' title="bbox 179 2206 1788 2283; baseline -0.004 -17"><span class='ocrx_word' id='word_1_175' title='bbox 179 2211 380 2266; x_wconf 82' lang='lat' dir='ltr'>tubam</span> <span class='ocrx_word' id='word_1_176' title='bbox 416 2210 854 2283; x_wconf 71' lang='lat' dir='ltr'>praedicationes,</span> <span class='ocrx_word' id='word_1_177' title='bbox 869 2215 934 2264; x_wconf 90' lang='lat' dir='ltr'>ut</span> <span class='ocrx_word' id='word_1_178' title='bbox 961 2206 1019 2264; x_wconf 89' lang='lat' dir='ltr'>in</span> <span class='ocrx_word' id='word_1_179' title='bbox 1040 2208 1182 2263; x_wconf 89' lang='lat' dir='ltr'>libro</span> <span class='ocrx_word' id='word_1_180' title='bbox 1202 2208 1464 2263; x_wconf 78' lang='lat' dir='ltr'>Iudicum</span> <span class='ocrx_word' id='word_1_181' title='bbox 1486 2226 1498 2262; x_wconf 91' lang='lat'><strong>:</strong></span> <span class='ocrx_word' id='word_1_182' title='bbox 1521 2225 1548 2260; x_wconf 71' lang='grc' dir='ltr'><strong>α</strong></span> <span class='ocrx_word' id='word_1_183' title='bbox 1573 2207 1788 2262; x_wconf 88' lang='lat' dir='ltr'>Tenue-</span> 
     </span>
    </p>
   </div>
   <div class='ocr_carea' id='block_1_24' title="bbox 175 2297 1786 2370">
    <p class='ocr_par' dir='ltr' id='par_1_24' title="bbox 175 2297 1786 2370">
     <span class='ocr_line' id='line_1_24' title="bbox 175 2297 1786 2370; baseline -0.004 -14"><span class='ocrx_word' id='word_1_184' title='bbox 175 2307 318 2356; x_wconf 88' lang='lat' dir='ltr'>runt</span> <span class='ocrx_word' id='word_1_185' title='bbox 347 2301 594 2356; x_wconf 85' lang='lat' dir='ltr'>sinistris</span> <span class='ocrx_word' id='word_1_186' title='bbox 623 2298 882 2354; x_wconf 90' lang='lat' dir='ltr'>manibus</span> <span class='ocrx_word' id='word_1_187' title='bbox 895 2299 1201 2370; x_wconf 87' lang='lat' dir='ltr'>lampades,</span> <span class='ocrx_word' id='word_1_188' title='bbox 1221 2301 1278 2352; x_wconf 91' lang='lat' dir='ltr'>et</span> <span class='ocrx_word' id='word_1_189' title='bbox 1292 2297 1502 2352; x_wconf 84' lang='lat' dir='ltr'>dextris</span> <span class='ocrx_word' id='word_1_190' title='bbox 1521 2300 1786 2352; x_wconf 88' lang='lat' dir='ltr'>sonantes</span> 
     </span>
    </p>
   </div>
   <div class='ocr_carea' id='block_1_25' title="bbox 177 2385 1784 2462">
    <p class='ocr_par' dir='ltr' id='par_1_25' title="bbox 177 2385 1784 2462">
     <span class='ocr_line' id='line_1_25' title="bbox 177 2385 1784 2462; baseline -0.002 -18"><span class='ocrx_word' id='word_1_191' title='bbox 177 2389 351 2445; x_wconf 85' lang='lat' dir='ltr'>tubas</span> <span class='ocrx_word' id='word_1_192' title='bbox 367 2389 411 2456; x_wconf 81' lang='grc'>⁸,</span> <span class='ocrx_word' id='word_1_193' title='bbox 455 2411 481 2442; x_wconf 74' lang='grc' dir='ltr'><strong>ι</strong></span> <span class='ocrx_word' id='word_1_194' title='bbox 517 2389 667 2461; x_wconf 92' lang='lat' dir='ltr'>quod</span> <span class='ocrx_word' id='word_1_195' title='bbox 716 2405 818 2462; x_wconf 85' lang='lat' dir='ltr'>pro</span> <span class='ocrx_word' id='word_1_196' title='bbox 859 2388 1077 2444; x_wconf 91' lang='lat' dir='ltr'>modica</span> <span class='ocrx_word' id='word_1_197' title='bbox 1123 2385 1336 2442; x_wconf 86' lang='lat' dir='ltr'>habent</span> <span class='ocrx_word' id='word_1_198' title='bbox 1372 2385 1552 2442; x_wconf 89' lang='lat' dir='ltr'>sancti</span> <span class='ocrx_word' id='word_1_199' title='bbox 1591 2385 1784 2441; x_wconf 90' lang='lat' dir='ltr'>docta-</span> 
     </span>
    </p>
   </div>
   <div class='ocr_carea' id='block_1_26' title="bbox 177 2477 1785 2552">
    <p class='ocr_par' dir='ltr' id='par_1_26' title="bbox 177 2477 1785 2552">
     <span class='ocr_line' id='line_1_26' title="bbox 177 2477 1785 2552; baseline -0.002 -18"><span class='ocrx_word' id='word_1_200' title='bbox 177 2495 266 2534; x_wconf 86' lang='lat' dir='ltr'>res</span> <span class='ocrx_word' id='word_1_201' title='bbox 343 2478 494 2552; x_wconf 90' lang='lat' dir='ltr'>quod</span> <span class='ocrx_word' id='word_1_202' title='bbox 565 2485 760 2549; x_wconf 84' lang='lat' dir='ltr'>agunt,</span> <span class='ocrx_word' id='word_1_203' title='bbox 820 2483 1077 2551; x_wconf 89' lang='lat' dir='ltr'>respectu</span> <span class='ocrx_word' id='word_1_204' title='bbox 1139 2477 1601 2550; x_wconf 83' lang='lat' dir='ltr'>praedicationum</span> <span class='ocrx_word' id='word_1_205' title='bbox 1659 2491 1785 2530; x_wconf 89' lang='lat' dir='ltr'>sua-</span> 
     </span>
    </p>
   </div>
   <div class='ocr_carea' id='block_1_27' title="bbox 176 2584 336 2636">
    <p class='ocr_par' dir='ltr' id='par_1_27' title="bbox 176 2584 336 2636">
     <span class='ocr_line' id='line_1_27' title="bbox 176 2584 336 2636; baseline 0 0"><span class='ocrx_word' id='word_1_206' title='bbox 176 2584 336 2636; x_wconf 62' lang='lat' dir='ltr'>mm,</span> 
     </span>
    </p>
   </div>
   <div class='ocr_carea' id='block_1_28' title="bbox 252 2673 1788 2742">
    <p class='ocr_par' dir='ltr' id='par_1_28' title="bbox 252 2673 1788 2742">
     <span class='ocr_line' id='line_1_28' title="bbox 252 2673 1788 2742; baseline -0.003 -12"><span class='ocrx_word' id='word_1_207' title='bbox 252 2677 478 2730; x_wconf 74' lang='lat' dir='ltr'>Tunica</span> <span class='ocrx_word' id='word_1_208' title='bbox 507 2681 594 2730; x_wconf 91' lang='lat' dir='ltr'>est</span> <span class='ocrx_word' id='word_1_209' title='bbox 613 2691 745 2732; x_wconf 91' lang='lat' dir='ltr'>caro</span> <span class='ocrx_word' id='word_1_210' title='bbox 767 2675 996 2742; x_wconf 85' lang='lat' dir='ltr'>Christi,</span> <span class='ocrx_word' id='word_1_211' title='bbox 1017 2680 1083 2730; x_wconf 92' lang='lat' dir='ltr'>ut</span> <span class='ocrx_word' id='word_1_212' title='bbox 1099 2675 1161 2730; x_wconf 90' lang='lat' dir='ltr'>in</span> <span class='ocrx_word' id='word_1_213' title='bbox 1183 2674 1426 2730; x_wconf 88' lang='lat' dir='ltr'>Levitico</span> <span class='ocrx_word' id='word_1_214' title='bbox 1451 2693 1462 2727; x_wconf 92' lang='lat'><strong>:</strong></span> <span class='ocrx_word' id='word_1_215' title='bbox 1490 2693 1518 2726; x_wconf 74' lang='grc' dir='ltr'><strong>α</strong></span> <span class='ocrx_word' id='word_1_216' title='bbox 1535 2673 1788 2728; x_wconf 88' lang='lat' dir='ltr'>Vestitur</span> 
     </span>
    </p>
   </div>
   <div class='ocr_carea' id='block_1_29' title="bbox 181 2762 1788 2832">
    <p class='ocr_par' dir='ltr' id='par_1_29' title="bbox 181 2762 1788 2832">
     <span class='ocr_line' id='line_1_29' title="bbox 181 2762 1788 2832; baseline -0.002 -12"><span class='ocrx_word' id='word_1_217' title='bbox 181 2764 462 2820; x_wconf 83' lang='lat' dir='ltr'>sacerdos</span> <span class='ocrx_word' id='word_1_218' title='bbox 487 2764 682 2819; x_wconf 89' lang='lat' dir='ltr'>tunica</span> <span class='ocrx_word' id='word_1_219' title='bbox 709 2765 860 2820; x_wconf 89' lang='lat' dir='ltr'>linea</span> <span class='ocrx_word' id='word_1_220' title='bbox 872 2764 914 2829; x_wconf 73' lang='lat'>9,</span> <span class='ocrx_word' id='word_1_221' title='bbox 954 2783 980 2816; x_wconf 73' lang='lat' dir='ltr'>n</span> <span class='ocrx_word' id='word_1_222' title='bbox 1013 2763 1072 2818; x_wconf 93' lang='lat' dir='ltr'><strong>id</strong></span> <span class='ocrx_word' id='word_1_223' title='bbox 1101 2769 1204 2832; x_wconf 91' lang='lat' dir='ltr'>est,</span> <span class='ocrx_word' id='word_1_224' title='bbox 1238 2763 1494 2818; x_wconf 87' lang='lat' dir='ltr'>Christus</span> <span class='ocrx_word' id='word_1_225' title='bbox 1519 2762 1788 2818; x_wconf 90' lang='lat' dir='ltr'>induetur</span> 
     </span>
    </p>
   </div>
   <div class='ocr_carea' id='block_1_30' title="bbox 185 2851 1787 2919">
    <p class='ocr_par' dir='ltr' id='par_1_30' title="bbox 185 2851 1787 2919">
     <span class='ocr_line' id='line_1_30' title="bbox 185 2851 1787 2919; baseline -0.001 -12"><span class='ocrx_word' id='word_1_226' title='bbox 185 2859 347 2909; x_wconf 81' lang='lat' dir='ltr'>veste</span> <span class='ocrx_word' id='word_1_227' title='bbox 405 2854 674 2909; x_wconf 87' lang='lat' dir='ltr'>humana.</span> <span class='ocrx_word' id='word_1_228' title='bbox 736 2855 968 2918; x_wconf 77' lang='lat' dir='ltr'>Tunica,</span> <span class='ocrx_word' id='word_1_229' title='bbox 1014 2852 1259 2908; x_wconf 88' lang='lat' dir='ltr'>Ecclesia</span> <span class='ocrx_word' id='word_1_230' title='bbox 1301 2851 1592 2919; x_wconf 90' lang='lat' dir='ltr'>catholica,</span> <span class='ocrx_word' id='word_1_231' title='bbox 1635 2857 1700 2906; x_wconf 91' lang='lat' dir='ltr'>ut</span> <span class='ocrx_word' id='word_1_232' title='bbox 1726 2851 1787 2906; x_wconf 92' lang='lat' dir='ltr'>in</span> 
     </span>
    </p>
   </div>
   <div class='ocr_carea' id='block_1_31' title="bbox 185 2940 1781 3015">
    <p class='ocr_par' dir='ltr' id='par_1_31' title="bbox 185 2940 1781 3015">
     <span class='ocr_line' id='line_1_31' title="bbox 185 2940 1781 3015; baseline -0.003 -17"><span class='ocrx_word' id='word_1_233' title='bbox 185 2941 499 3015; x_wconf 82' lang='lat' dir='ltr'>Evangelia</span> <span class='ocrx_word' id='word_1_234' title='bbox 535 2961 547 2997; x_wconf 88' lang='lat'><strong>:</strong></span> <span class='ocrx_word' id='word_1_235' title='bbox 591 2961 617 2995; x_wconf 73' lang='grc' dir='ltr'><strong><em>ι</em></strong></span> <span class='ocrx_word' id='word_1_236' title='bbox 649 2943 784 2998; x_wconf 88' lang='lat' dir='ltr'>Erat</span> <span class='ocrx_word' id='word_1_237' title='bbox 823 2949 1014 2998; x_wconf 89' lang='lat' dir='ltr'>autem</span> <span class='ocrx_word' id='word_1_238' title='bbox 1055 2943 1249 2997; x_wconf 90' lang='lat' dir='ltr'>tunica</span> <span class='ocrx_word' id='word_1_239' title='bbox 1292 2940 1718 3008; x_wconf 65' lang='lat' dir='ltr'>inconsutilis“,</span> <span class='ocrx_word' id='word_1_240' title='bbox 1753 2957 1781 2994; x_wconf 69' lang='grc' dir='ltr'><strong><em>ι</em></strong></span> 
     </span>
    </p>
   </div>
   <div class='ocr_carea' id='block_1_32' title="bbox 179 3030 1785 3105">
    <p class='ocr_par' dir='ltr' id='par_1_32' title="bbox 179 3030 1785 3105">
     <span class='ocr_line' id='line_1_32' title="bbox 179 3030 1785 3105; baseline -0.002 -17"><span class='ocrx_word' id='word_1_241' title='bbox 179 3033 332 3105; x_wconf 89' lang='lat' dir='ltr'>quod</span> <span class='ocrx_word' id='word_1_242' title='bbox 363 3038 562 3088; x_wconf 85' lang='lat' dir='ltr'>sancta</span> <span class='ocrx_word' id='word_1_243' title='bbox 589 3032 832 3090; x_wconf 82' lang='lat' dir='ltr'>Ecclesia</span> <span class='ocrx_word' id='word_1_244' title='bbox 846 3031 1051 3088; x_wconf 90' lang='lat' dir='ltr'>unitati</span> <span class='ocrx_word' id='word_1_245' title='bbox 1062 3049 1232 3104; x_wconf 90' lang='lat' dir='ltr'>super</span> <span class='ocrx_word' id='word_1_246' title='bbox 1260 3032 1450 3086; x_wconf 91' lang='lat' dir='ltr'>omnia</span> <span class='ocrx_word' id='word_1_247' title='bbox 1477 3030 1706 3097; x_wconf 90' lang='lat' dir='ltr'>insistit,</span> <span class='ocrx_word' id='word_1_248' title='bbox 1728 3035 1785 3085; x_wconf 90' lang='lat' dir='ltr'>et</span> 
     </span>
    </p>
   </div>
   <div class='ocr_carea' id='block_1_33' title="bbox 1861 563 3092 638">
    <p class='ocr_par' dir='ltr' id='par_1_33' title="bbox 1861 563 3092 638">
     <span class='ocr_line' id='line_1_33' title="bbox 1861 563 3092 638; baseline 0.001 -19"><span class='ocrx_word' id='word_1_249' title='bbox 1861 565 2010 638; x_wconf 92' lang='lat' dir='ltr'>quod</span> <span class='ocrx_word' id='word_1_250' title='bbox 2036 563 2267 619; x_wconf 85' lang='lat' dir='ltr'>admisit</span> <span class='ocrx_word' id='word_1_251' title='bbox 2295 564 2527 630; x_wconf 91' lang='lat' dir='ltr'>malum,</span> <span class='ocrx_word' id='word_1_252' title='bbox 2561 569 2620 619; x_wconf 90' lang='lat' dir='ltr'>et</span> <span class='ocrx_word' id='word_1_253' title='bbox 2644 564 2834 620; x_wconf 91' lang='lat' dir='ltr'>omisit</span> <span class='ocrx_word' id='word_1_254' title='bbox 2862 563 3092 621; x_wconf 89' lang='lat' dir='ltr'>bonum.</span> 
     </span>
    </p>
   </div>
   <div class='ocr_carea' id='block_1_34' title="bbox 1938 671 3454 743">
    <p class='ocr_par' dir='ltr' id='par_1_34' title="bbox 1938 671 3454 743">
     <span class='ocr_line' id='line_1_34' title="bbox 1938 671 3454 743; baseline 0.005 -17"><span class='ocrx_word' id='word_1_255' title='bbox 1938 673 2134 726; x_wconf 72' lang='lat' dir='ltr'>Turris</span> <span class='ocrx_word' id='word_1_256' title='bbox 2165 676 2252 726; x_wconf 91' lang='lat' dir='ltr'>est</span> <span class='ocrx_word' id='word_1_257' title='bbox 2279 671 2452 727; x_wconf 88' lang='lat' dir='ltr'>robur</span> <span class='ocrx_word' id='word_1_258' title='bbox 2496 671 2930 743; x_wconf 65' lang='lat' dir='ltr'>praedicationis,</span> <span class='ocrx_word' id='word_1_259' title='bbox 2979 679 3046 728; x_wconf 92' lang='lat' dir='ltr'>ut</span> <span class='ocrx_word' id='word_1_260' title='bbox 3085 673 3146 730; x_wconf 91' lang='lat' dir='ltr'>in</span> <span class='ocrx_word' id='word_1_261' title='bbox 3177 675 3408 732; x_wconf 81' lang='lat' dir='ltr'>Cantica</span> <span class='ocrx_word' id='word_1_262' title='bbox 3438 697 3454 734; x_wconf 89' lang='lat'><strong>:</strong></span> 
     </span>
    </p>
   </div>
   <div class='ocr_carea' id='block_1_35' title="bbox 1867 760 3460 836">
    <p class='ocr_par' dir='ltr' id='par_1_35' title="bbox 1867 760 3460 836">
     <span class='ocr_line' id='line_1_35' title="bbox 1867 760 3460 836; baseline 0.008 -24"><span class='ocrx_word' id='word_1_263' title='bbox 1867 779 1892 812; x_wconf 74' lang='grc' dir='ltr'>α</span> <span class='ocrx_word' id='word_1_264' title='bbox 1918 760 2134 816; x_wconf 87' lang='lat' dir='ltr'>Collum</span> <span class='ocrx_word' id='word_1_265' title='bbox 2163 766 2328 816; x_wconf 90' lang='lat' dir='ltr'>tuum</span> <span class='ocrx_word' id='word_1_266' title='bbox 2349 761 2496 816; x_wconf 89' lang='lat' dir='ltr'>sicut</span> <span class='ocrx_word' id='word_1_267' title='bbox 2506 761 2680 816; x_wconf 86' lang='lat' dir='ltr'>turris</span> <span class='ocrx_word' id='word_1_268' title='bbox 2704 761 2952 817; x_wconf 89' lang='lat' dir='ltr'>eburnea</span> <span class='ocrx_word' id='word_1_269' title='bbox 2975 761 3040 830; x_wconf 81' lang='grc'>¹⁰,</span> <span class='ocrx_word' id='word_1_270' title='bbox 3057 780 3086 816; x_wconf 70' lang='grc' dir='ltr'><strong><em>ι</em></strong></span> <span class='ocrx_word' id='word_1_271' title='bbox 3109 764 3260 836; x_wconf 88' lang='lat' dir='ltr'>quod</span> <span class='ocrx_word' id='word_1_272' title='bbox 3279 767 3460 823; x_wconf 80' lang='lat' dir='ltr'>sancti</span> 
     </span>
    </p>
   </div>
   <div class='ocr_carea' id='block_1_36' title="bbox 1863 849 3460 926">
    <p class='ocr_par' dir='ltr' id='par_1_36' title="bbox 1863 849 3460 926">
     <span class='ocr_line' id='line_1_36' title="bbox 1863 849 3460 926; baseline 0.005 -22"><span class='ocrx_word' id='word_1_273' title='bbox 1863 849 2258 922; x_wconf 67' lang='lat' dir='ltr'>praedicatores</span> <span class='ocrx_word' id='word_1_274' title='bbox 2279 855 2336 906; x_wconf 93' lang='lat' dir='ltr'>et</span> <span class='ocrx_word' id='word_1_275' title='bbox 2353 866 2454 922; x_wconf 91' lang='lat' dir='ltr'>per</span> <span class='ocrx_word' id='word_1_276' title='bbox 2481 849 2870 906; x_wconf 85' lang='lat' dir='ltr'>fortitudinem</span> <span class='ocrx_word' id='word_1_277' title='bbox 2899 850 3138 920; x_wconf 80' lang='lat' dir='ltr'>robusti,</span> <span class='ocrx_word' id='word_1_278' title='bbox 3161 859 3220 908; x_wconf 89' lang='lat' dir='ltr'>et</span> <span class='ocrx_word' id='word_1_279' title='bbox 3235 870 3338 926; x_wconf 90' lang='lat' dir='ltr'>per</span> <span class='ocrx_word' id='word_1_280' title='bbox 3364 871 3460 912; x_wconf 87' lang='lat' dir='ltr'>ca-</span> 
     </span>
    </p>
   </div>
   <div class='ocr_carea' id='block_1_37' title="bbox 1864 938 3462 1011">
    <p class='ocr_par' dir='ltr' id='par_1_37' title="bbox 1864 938 3462 1011">
     <span class='ocr_line' id='line_1_37' title="bbox 1864 938 3462 1011; baseline 0.005 -19"><span class='ocrx_word' id='word_1_281' title='bbox 1864 938 2114 994; x_wconf 86' lang='lat' dir='ltr'>stitatem</span> <span class='ocrx_word' id='word_1_282' title='bbox 2134 938 2300 994; x_wconf 91' lang='lat' dir='ltr'>nitidi</span> <span class='ocrx_word' id='word_1_283' title='bbox 2328 945 2480 994; x_wconf 88' lang='lat' dir='ltr'>sunt.</span> <span class='ocrx_word' id='word_1_284' title='bbox 2511 941 2731 1008; x_wconf 75' lang='lat' dir='ltr'>Turris,</span> <span class='ocrx_word' id='word_1_285' title='bbox 2753 940 2932 996; x_wconf 87' lang='lat' dir='ltr'>virtus</span> <span class='ocrx_word' id='word_1_286' title='bbox 2947 941 3376 1011; x_wconf 86' lang='lat' dir='ltr'>humilitatis,ut</span> <span class='ocrx_word' id='word_1_287' title='bbox 3399 945 3462 1001; x_wconf 87' lang='lat' dir='ltr'>in</span> 
     </span>
    </p>
   </div>
   <div class='ocr_carea' id='block_1_38' title="bbox 1863 1027 3463 1100">
    <p class='ocr_par' dir='ltr' id='par_1_38' title="bbox 1863 1027 3463 1100">
     <span class='ocr_line' id='line_1_38' title="bbox 1863 1027 3463 1100; baseline 0.004 -17"><span class='ocrx_word' id='word_1_288' title='bbox 1863 1027 2197 1100; x_wconf 86' lang='lat' dir='ltr'>Evangelia:</span> <span class='ocrx_word' id='word_1_289' title='bbox 2238 1052 2263 1078; x_wconf 77' lang='grc' dir='ltr'><strong>α</strong></span> <span class='ocrx_word' id='word_1_290' title='bbox 2289 1028 2426 1094; x_wconf 86' lang='lat' dir='ltr'>Quis</span> <span class='ocrx_word' id='word_1_291' title='bbox 2473 1046 2539 1084; x_wconf 81' lang='lat' dir='ltr'>ex</span> <span class='ocrx_word' id='word_1_292' title='bbox 2577 1029 2730 1084; x_wconf 90' lang='lat' dir='ltr'>vobis</span> <span class='ocrx_word' id='word_1_293' title='bbox 2768 1031 2959 1086; x_wconf 90' lang='lat' dir='ltr'>valens</span> <span class='ocrx_word' id='word_1_294' title='bbox 2991 1031 3196 1087; x_wconf 89' lang='lat' dir='ltr'>turrim</span> <span class='ocrx_word' id='word_1_295' title='bbox 3223 1032 3463 1089; x_wconf 76' lang='lat' dir='ltr'>aediﬁca-</span> 
     </span>
    </p>
   </div>
   <div class='ocr_carea' id='block_1_39' title="bbox 1863 1115 3462 1191">
    <p class='ocr_par' dir='ltr' id='par_1_39' title="bbox 1863 1115 3462 1191">
     <span class='ocr_line' id='line_1_39' title="bbox 1863 1115 3462 1191; baseline 0.004 -20"><span class='ocrx_word' id='word_1_296' title='bbox 1863 1133 1925 1171; x_wconf 87' lang='lat' dir='ltr'>re</span> <span class='ocrx_word' id='word_1_297' title='bbox 1942 1115 2009 1183; x_wconf 67' lang='lat'>”,</span> <span class='ocrx_word' id='word_1_298' title='bbox 2040 1134 2067 1169; x_wconf 81' lang='lat'><strong><em>»</em></strong></span> <span class='ocrx_word' id='word_1_299' title='bbox 2090 1115 2145 1171; x_wconf 91' lang='lat' dir='ltr'>id</span> <span class='ocrx_word' id='word_1_300' title='bbox 2177 1121 2282 1185; x_wconf 86' lang='lat' dir='ltr'>est,</span> <span class='ocrx_word' id='word_1_301' title='bbox 2299 1117 2677 1172; x_wconf 85' lang='lat' dir='ltr'>humilitatem</span> <span class='ocrx_word' id='word_1_302' title='bbox 2702 1119 2760 1174; x_wconf 91' lang='lat' dir='ltr'>in</span> <span class='ocrx_word' id='word_1_303' title='bbox 2789 1136 2850 1174; x_wconf 91' lang='lat' dir='ltr'>se</span> <span class='ocrx_word' id='word_1_304' title='bbox 2877 1125 3221 1176; x_wconf 85' lang='lat' dir='ltr'>construere.</span> <span class='ocrx_word' id='word_1_305' title='bbox 3245 1123 3462 1191; x_wconf 74' lang='lat' dir='ltr'>Turris,</span> 
     </span>
    </p>
   </div>
   <div class='ocr_carea' id='block_1_40' title="bbox 1862 1205 3463 1278">
    <p class='ocr_par' dir='ltr' id='par_1_40' title="bbox 1862 1205 3463 1278">
     <span class='ocr_line' id='line_1_40' title="bbox 1862 1205 3463 1278; baseline 0.006 -20"><span class='ocrx_word' id='word_1_306' title='bbox 1862 1205 2127 1276; x_wconf 86' lang='lat' dir='ltr'>superbia</span> <span class='ocrx_word' id='word_1_307' title='bbox 2145 1207 2341 1262; x_wconf 91' lang='lat' dir='ltr'>mundi</span> <span class='ocrx_word' id='word_1_308' title='bbox 2369 1207 2558 1278; x_wconf 89' lang='lat' dir='ltr'>hujus,</span> <span class='ocrx_word' id='word_1_309' title='bbox 2573 1212 2639 1263; x_wconf 91' lang='lat' dir='ltr'>ut</span> <span class='ocrx_word' id='word_1_310' title='bbox 2665 1209 2723 1262; x_wconf 92' lang='lat' dir='ltr'>in</span> <span class='ocrx_word' id='word_1_311' title='bbox 2752 1209 2957 1265; x_wconf 86' lang='lat' dir='ltr'>Genesi</span> <span class='ocrx_word' id='word_1_312' title='bbox 2981 1229 2993 1265; x_wconf 91' lang='lat'><strong>:</strong></span> <span class='ocrx_word' id='word_1_313' title='bbox 3027 1229 3056 1266; x_wconf 71' lang='grc' dir='ltr'>ι</span> <span class='ocrx_word' id='word_1_314' title='bbox 3088 1212 3159 1266; x_wconf 88' lang='lat' dir='ltr'>Et</span> <span class='ocrx_word' id='word_1_315' title='bbox 3185 1213 3412 1278; x_wconf 88' lang='lat' dir='ltr'>turrim,</span> <span class='ocrx_word' id='word_1_316' title='bbox 3439 1215 3463 1237; x_wconf 84' lang='lat'>&quot;</span> 
     </span>
    </p>
   </div>
   <div class='ocr_carea' id='block_1_41' title="bbox 1863 1295 3466 1374">
    <p class='ocr_par' dir='ltr' id='par_1_41' title="bbox 1863 1295 3466 1374">
     <span class='ocr_line' id='line_1_41' title="bbox 1863 1295 3466 1374; baseline 0.006 -25"><span class='ocrx_word' id='word_1_317' title='bbox 1863 1295 1986 1365; x_wconf 89' lang='lat' dir='ltr'>ejus</span> <span class='ocrx_word' id='word_1_318' title='bbox 2014 1295 2236 1350; x_wconf 87' lang='lat' dir='ltr'>culmen</span> <span class='ocrx_word' id='word_1_319' title='bbox 2265 1296 2551 1368; x_wconf 81' lang='lat' dir='ltr'>pertingat</span> <span class='ocrx_word' id='word_1_320' title='bbox 2575 1296 2640 1364; x_wconf 67' lang='lat'>9&#39;,</span> <span class='ocrx_word' id='word_1_321' title='bbox 2681 1317 2702 1348; x_wconf 72' lang='grc' dir='ltr'><strong>ι</strong></span> <span class='ocrx_word' id='word_1_322' title='bbox 2741 1298 2797 1352; x_wconf 92' lang='lat' dir='ltr'><strong>id</strong></span> <span class='ocrx_word' id='word_1_323' title='bbox 2836 1305 2943 1367; x_wconf 91' lang='lat' dir='ltr'>est,</span> <span class='ocrx_word' id='word_1_324' title='bbox 2986 1301 3268 1372; x_wconf 84' lang='lat' dir='ltr'>superbia,</span> <span class='ocrx_word' id='word_1_325' title='bbox 3303 1303 3466 1374; x_wconf 84' lang='lat' dir='ltr'>cujus</span> 
     </span>
    </p>
   </div>
   <div class='ocr_carea' id='block_1_42' title="bbox 1865 1383 2619 1442">
    <p class='ocr_par' dir='ltr' id='par_1_42' title="bbox 1865 1383 2619 1442">
     <span class='ocr_line' id='line_1_42' title="bbox 1865 1383 2619 1442; baseline 0.001 -4"><span class='ocrx_word' id='word_1_326' title='bbox 1865 1383 2015 1438; x_wconf 85' lang='lat' dir='ltr'>fama</span> <span class='ocrx_word' id='word_1_327' title='bbox 2042 1385 2192 1440; x_wconf 89' lang='lat' dir='ltr'>volet</span> <span class='ocrx_word' id='word_1_328' title='bbox 2215 1385 2283 1439; x_wconf 90' lang='lat' dir='ltr'>ad</span> <span class='ocrx_word' id='word_1_329' title='bbox 2316 1402 2619 1442; x_wconf 90' lang='lat' dir='ltr'>summum.</span> 
     </span>
    </p>
   </div>
   <div class='ocr_carea' id='block_1_43' title="bbox 1944 1493 3460 1562">
    <p class='ocr_par' dir='ltr' id='par_1_43' title="bbox 1944 1493 3460 1562">
     <span class='ocr_line' id='line_1_43' title="bbox 1944 1493 3460 1562; baseline 0.005 -16"><span class='ocrx_word' id='word_1_330' title='bbox 1944 1493 2316 1546; x_wconf 75' lang='lat' dir='ltr'>Thuribulum</span> <span class='ocrx_word' id='word_1_331' title='bbox 2347 1498 2432 1547; x_wconf 91' lang='lat' dir='ltr'>est</span> <span class='ocrx_word' id='word_1_332' title='bbox 2455 1510 2584 1548; x_wconf 91' lang='lat' dir='ltr'>caro</span> <span class='ocrx_word' id='word_1_333' title='bbox 2605 1493 2833 1562; x_wconf 89' lang='lat' dir='ltr'>Christi,</span> <span class='ocrx_word' id='word_1_334' title='bbox 2857 1501 2923 1549; x_wconf 92' lang='lat' dir='ltr'>ut</span> <span class='ocrx_word' id='word_1_335' title='bbox 2941 1495 3001 1550; x_wconf 92' lang='lat' dir='ltr'>in</span> <span class='ocrx_word' id='word_1_336' title='bbox 3021 1496 3164 1551; x_wconf 88' lang='lat' dir='ltr'>libro</span> <span class='ocrx_word' id='word_1_337' title='bbox 3191 1499 3423 1554; x_wconf 88' lang='lat' dir='ltr'>Numeri</span> <span class='ocrx_word' id='word_1_338' title='bbox 3448 1518 3460 1553; x_wconf 93' lang='lat'><strong>:</strong></span> 
     </span>
    </p>
   </div>
   <div class='ocr_carea' id='block_1_44' title="bbox 1873 1581 3466 1654">
    <p class='ocr_par' dir='ltr' id='par_1_44' title="bbox 1873 1581 3466 1654">
     <span class='ocr_line' id='line_1_44' title="bbox 1873 1581 3466 1654; baseline 0.006 -20"><span class='ocrx_word' id='word_1_339' title='bbox 1873 1599 1898 1634; x_wconf 76' lang='grc' dir='ltr'><strong>α</strong></span> <span class='ocrx_word' id='word_1_340' title='bbox 1932 1581 2087 1636; x_wconf 89' lang='lat' dir='ltr'>Tolle</span> <span class='ocrx_word' id='word_1_341' title='bbox 2111 1581 2483 1649; x_wconf 87' lang='lat' dir='ltr'>thuribulum,</span> <span class='ocrx_word' id='word_1_342' title='bbox 2503 1589 2560 1638; x_wconf 90' lang='lat' dir='ltr'>et</span> <span class='ocrx_word' id='word_1_343' title='bbox 2587 1584 2858 1639; x_wconf 86' lang='lat' dir='ltr'>exhausto</span> <span class='ocrx_word' id='word_1_344' title='bbox 2876 1585 3006 1654; x_wconf 83' lang='lat' dir='ltr'>igne</span> <span class='ocrx_word' id='word_1_345' title='bbox 3034 1585 3104 1640; x_wconf 91' lang='lat' dir='ltr'>de</span> <span class='ocrx_word' id='word_1_346' title='bbox 3119 1588 3285 1642; x_wconf 88' lang='lat' dir='ltr'>altari</span> <span class='ocrx_word' id='word_1_347' title='bbox 3303 1590 3466 1643; x_wconf 85' lang='lat' dir='ltr'>mitte</span> 
     </span>
    </p>
   </div>
   <div class='ocr_carea' id='block_1_45' title="bbox 1869 1670 3468 1743">
    <p class='ocr_par' dir='ltr' id='par_1_45' title="bbox 1869 1670 3468 1743">
     <span class='ocr_line' id='line_1_45' title="bbox 1869 1670 3468 1743; baseline 0.006 -20"><span class='ocrx_word' id='word_1_348' title='bbox 1869 1670 2156 1725; x_wconf 92' lang='lat' dir='ltr'>incensum</span> <span class='ocrx_word' id='word_1_349' title='bbox 2175 1670 2242 1736; x_wconf 63' lang='lat'>3’,</span> <span class='ocrx_word' id='word_1_350' title='bbox 2282 1691 2305 1722; x_wconf 72' lang='grc' dir='ltr'><strong><em>ι</em></strong></span> <span class='ocrx_word' id='word_1_351' title='bbox 2333 1673 2480 1742; x_wconf 86' lang='lat' dir='ltr'>quod</span> <span class='ocrx_word' id='word_1_352' title='bbox 2515 1674 2533 1695; x_wconf 81' lang='lat'>&#39;</span> <span class='ocrx_word' id='word_1_353' title='bbox 2561 1678 2720 1726; x_wconf 85' lang='lat' dir='ltr'>vetus</span> <span class='ocrx_word' id='word_1_354' title='bbox 2741 1680 2932 1729; x_wconf 79' lang='lat' dir='ltr'>noster</span> <span class='ocrx_word' id='word_1_355' title='bbox 2954 1676 3162 1743; x_wconf 85' lang='lat' dir='ltr'>Aaron,</span> <span class='ocrx_word' id='word_1_356' title='bbox 3195 1677 3468 1733; x_wconf 83' lang='lat' dir='ltr'>Dominus</span> 
     </span>
    </p>
   </div>
   <div class='ocr_carea' id='block_1_46' title="bbox 1870 1759 3468 1839">
    <p class='ocr_par' dir='ltr' id='par_1_46' title="bbox 1870 1759 3468 1839">
     <span class='ocr_line' id='line_1_46' title="bbox 1870 1759 3468 1839; baseline 0.006 -26"><span class='ocrx_word' id='word_1_357' title='bbox 1870 1759 1900 1814; x_wconf 90' lang='lat' dir='ltr'><strong>J</strong></span> <span class='ocrx_word' id='word_1_358' title='bbox 1905 1776 2052 1827; x_wconf 90' lang='lat' dir='ltr'>esus,</span> <span class='ocrx_word' id='word_1_359' title='bbox 2086 1759 2309 1832; x_wconf 88' lang='lat' dir='ltr'>quando</span> <span class='ocrx_word' id='word_1_360' title='bbox 2329 1761 2590 1816; x_wconf 90' lang='lat' dir='ltr'>ardorem</span> <span class='ocrx_word' id='word_1_361' title='bbox 2611 1762 2670 1817; x_wconf 91' lang='lat' dir='ltr'>in</span> <span class='ocrx_word' id='word_1_362' title='bbox 2699 1779 2866 1818; x_wconf 86' lang='lat' dir='ltr'>carne</span> <span class='ocrx_word' id='word_1_363' title='bbox 2886 1781 2990 1819; x_wconf 88' lang='lat' dir='ltr'>sua</span> <span class='ocrx_word' id='word_1_364' title='bbox 3016 1765 3295 1836; x_wconf 83' lang='lat' dir='ltr'>passionis</span> <span class='ocrx_word' id='word_1_365' title='bbox 3323 1783 3468 1839; x_wconf 64' lang='lat' dir='ltr'>prm-</span> 
     </span>
    </p>
   </div>
   <div class='ocr_carea' id='block_1_47' title="bbox 1869 1850 3468 1929">
    <p class='ocr_par' dir='ltr' id='par_1_47' title="bbox 1869 1850 3468 1929">
     <span class='ocr_line' id='line_1_47' title="bbox 1869 1850 3468 1929; baseline 0.006 -27"><span class='ocrx_word' id='word_1_366' title='bbox 1869 1854 2030 1920; x_wconf 90' lang='lat' dir='ltr'>cepto</span> <span class='ocrx_word' id='word_1_367' title='bbox 2061 1850 2244 1904; x_wconf 85' lang='lat' dir='ltr'>Patris</span> <span class='ocrx_word' id='word_1_368' title='bbox 2272 1851 2557 1918; x_wconf 88' lang='lat' dir='ltr'>sustinuit,</span> <span class='ocrx_word' id='word_1_369' title='bbox 2595 1869 2821 1907; x_wconf 87' lang='lat' dir='ltr'>suavem</span> <span class='ocrx_word' id='word_1_370' title='bbox 2847 1853 3029 1908; x_wconf 87' lang='lat' dir='ltr'>eidem</span> <span class='ocrx_word' id='word_1_371' title='bbox 3059 1853 3212 1910; x_wconf 88' lang='lat' dir='ltr'>Patri</span> <span class='ocrx_word' id='word_1_372' title='bbox 3235 1871 3337 1910; x_wconf 90' lang='lat' dir='ltr'>sua</span> <span class='ocrx_word' id='word_1_373' title='bbox 3365 1873 3468 1929; x_wconf 92' lang='lat' dir='ltr'>pro</span> 
     </span>
    </p>
   </div>
   <div class='ocr_carea' id='block_1_48' title="bbox 1871 1937 3463 2016">
    <p class='ocr_par' dir='ltr' id='par_1_48' title="bbox 1871 1937 3463 2016">
     <span class='ocr_line' id='line_1_48' title="bbox 1871 1937 3463 2016; baseline 0.006 -24"><span class='ocrx_word' id='word_1_374' title='bbox 1871 1937 2030 1992; x_wconf 91' lang='lat' dir='ltr'>nobis</span> <span class='ocrx_word' id='word_1_375' title='bbox 2049 1939 2278 1994; x_wconf 88' lang='lat' dir='ltr'>odorem</span> <span class='ocrx_word' id='word_1_376' title='bbox 2309 1939 2529 1994; x_wconf 90' lang='lat' dir='ltr'>obtulit.</span> <span class='ocrx_word' id='word_1_377' title='bbox 2557 1941 2868 1997; x_wconf 80' lang='lat' dir='ltr'>Thuribula</span> <span class='ocrx_word' id='word_1_378' title='bbox 2885 1948 3019 2001; x_wconf 87' lang='lat' dir='ltr'>sunt</span> <span class='ocrx_word' id='word_1_379' title='bbox 3038 1945 3282 2016; x_wconf 89' lang='lat' dir='ltr'>operarii</span> <span class='ocrx_word' id='word_1_380' title='bbox 3311 1945 3463 2015; x_wconf 90' lang='lat' dir='ltr'>boni,</span> 
     </span>
    </p>
   </div>
   <div class='ocr_carea' id='block_1_49' title="bbox 1871 2028 3464 2100">
    <p class='ocr_par' dir='ltr' id='par_1_49' title="bbox 1871 2028 3464 2100">
     <span class='ocr_line' id='line_1_49' title="bbox 1871 2028 3464 2100; baseline 0.006 -19"><span class='ocrx_word' id='word_1_381' title='bbox 1871 2033 1934 2082; x_wconf 92' lang='lat' dir='ltr'>ut</span> <span class='ocrx_word' id='word_1_382' title='bbox 1964 2028 2022 2082; x_wconf 92' lang='lat' dir='ltr'>in</span> <span class='ocrx_word' id='word_1_383' title='bbox 2061 2029 2249 2083; x_wconf 85' lang='lat' dir='ltr'>Exodo</span> <span class='ocrx_word' id='word_1_384' title='bbox 2280 2049 2292 2084; x_wconf 88' lang='lat'><strong>:</strong></span> <span class='ocrx_word' id='word_1_385' title='bbox 2331 2049 2355 2081; x_wconf 74' lang='grc' dir='ltr'>ι</span> <span class='ocrx_word' id='word_1_386' title='bbox 2381 2030 2450 2084; x_wconf 89' lang='lat' dir='ltr'>Et</span> <span class='ocrx_word' id='word_1_387' title='bbox 2473 2029 2712 2100; x_wconf 87' lang='lat' dir='ltr'>phialas,</span> <span class='ocrx_word' id='word_1_388' title='bbox 2743 2035 2802 2085; x_wconf 92' lang='lat' dir='ltr'>et</span> <span class='ocrx_word' id='word_1_389' title='bbox 2827 2033 3173 2099; x_wconf 88' lang='lat' dir='ltr'>mortariola,</span> <span class='ocrx_word' id='word_1_390' title='bbox 3193 2038 3252 2089; x_wconf 93' lang='lat' dir='ltr'>et</span> <span class='ocrx_word' id='word_1_391' title='bbox 3278 2035 3464 2090; x_wconf 87' lang='lat' dir='ltr'>thuri-</span> 
     </span>
    </p>
   </div>
   <div class='ocr_carea' id='block_1_50' title="bbox 1869 2115 3464 2194">
    <p class='ocr_par' dir='ltr' id='par_1_50' title="bbox 1869 2115 3464 2194">
     <span class='ocr_line' id='line_1_50' title="bbox 1869 2115 3464 2194; baseline 0.006 -24"><span class='ocrx_word' id='word_1_392' title='bbox 1869 2115 2001 2171; x_wconf 91' lang='lat' dir='ltr'>bula</span> <span class='ocrx_word' id='word_1_393' title='bbox 2017 2115 2083 2184; x_wconf 71' lang='grc'>³³,</span> <span class='ocrx_word' id='word_1_394' title='bbox 2117 2140 2145 2166; x_wconf 72' lang='grc' dir='ltr'><strong><em>ι</em></strong></span> <span class='ocrx_word' id='word_1_395' title='bbox 2170 2117 2228 2172; x_wconf 92' lang='lat' dir='ltr'>id</span> <span class='ocrx_word' id='word_1_396' title='bbox 2253 2124 2357 2186; x_wconf 91' lang='lat' dir='ltr'>est,</span> <span class='ocrx_word' id='word_1_397' title='bbox 2396 2118 2807 2190; x_wconf 71' lang='lat' dir='ltr'>praedicatores,</span> <span class='ocrx_word' id='word_1_398' title='bbox 2839 2125 2898 2174; x_wconf 89' lang='lat' dir='ltr'>et</span> <span class='ocrx_word' id='word_1_399' title='bbox 2934 2126 3233 2194; x_wconf 81' lang='lat' dir='ltr'>martyres,</span> <span class='ocrx_word' id='word_1_400' title='bbox 3279 2129 3338 2178; x_wconf 90' lang='lat' dir='ltr'>et</span> <span class='ocrx_word' id='word_1_401' title='bbox 3365 2125 3464 2194; x_wconf 88' lang='lat' dir='ltr'>ju-</span> 
     </span>
    </p>
   </div>
   <div class='ocr_carea' id='block_1_51' title="bbox 1868 2205 3466 2284">
    <p class='ocr_par' dir='ltr' id='par_1_51' title="bbox 1868 2205 3466 2284">
     <span class='ocr_line' id='line_1_51' title="bbox 1868 2205 3466 2284; baseline 0.006 -25"><span class='ocrx_word' id='word_1_402' title='bbox 1868 2205 2034 2260; x_wconf 88' lang='lat' dir='ltr'>stitiae</span> <span class='ocrx_word' id='word_1_403' title='bbox 2063 2211 2340 2262; x_wconf 88' lang='lat' dir='ltr'>auctores.</span> <span class='ocrx_word' id='word_1_404' title='bbox 2359 2208 2469 2264; x_wconf 89' lang='lat' dir='ltr'>Per</span> <span class='ocrx_word' id='word_1_405' title='bbox 2494 2209 2783 2264; x_wconf 76' lang='lat' dir='ltr'>thuribula</span> <span class='ocrx_word' id='word_1_406' title='bbox 2802 2209 3059 2280; x_wconf 88' lang='lat' dir='ltr'>apostoli,</span> <span class='ocrx_word' id='word_1_407' title='bbox 3083 2211 3216 2266; x_wconf 89' lang='lat' dir='ltr'>utin</span> <span class='ocrx_word' id='word_1_408' title='bbox 3246 2213 3466 2284; x_wconf 83' lang='lat' dir='ltr'>Apoca-</span> 
     </span>
    </p>
   </div>
   <div class='ocr_carea' id='block_1_52' title="bbox 1868 2294 3462 2370">
    <p class='ocr_par' dir='ltr' id='par_1_52' title="bbox 1868 2294 3462 2370">
     <span class='ocr_line' id='line_1_52' title="bbox 1868 2294 3462 2370; baseline 0.008 -23"><span class='ocrx_word' id='word_1_409' title='bbox 1868 2294 2012 2366; x_wconf 87' lang='lat' dir='ltr'>lypsi</span> <span class='ocrx_word' id='word_1_410' title='bbox 2044 2314 2058 2352; x_wconf 88' lang='lat'><strong>:</strong></span> <span class='ocrx_word' id='word_1_411' title='bbox 2097 2313 2125 2350; x_wconf 73' lang='grc' dir='ltr'>ι</span> <span class='ocrx_word' id='word_1_412' title='bbox 2157 2297 2224 2352; x_wconf 91' lang='lat' dir='ltr'>Et</span> <span class='ocrx_word' id='word_1_413' title='bbox 2271 2298 2486 2370; x_wconf 88' lang='lat' dir='ltr'>accepit</span> <span class='ocrx_word' id='word_1_414' title='bbox 2528 2297 2763 2368; x_wconf 81' lang='lat' dir='ltr'>angelus</span> <span class='ocrx_word' id='word_1_415' title='bbox 2796 2297 3149 2356; x_wconf 90' lang='lat' dir='ltr'>thuribulum</span> <span class='ocrx_word' id='word_1_416' title='bbox 3179 2301 3239 2355; x_wconf 90' lang='lat' dir='ltr'>in</span> <span class='ocrx_word' id='word_1_417' title='bbox 3289 2318 3462 2359; x_wconf 87' lang='lat' dir='ltr'>manu</span> 
     </span>
    </p>
   </div>
   <div class='ocr_carea' id='block_1_53' title="bbox 1867 2385 3453 2458">
    <p class='ocr_par' dir='ltr' id='par_1_53' title="bbox 1867 2385 3453 2458">
     <span class='ocr_line' id='line_1_53' title="bbox 1867 2385 3453 2458; baseline 0.005 -20"><span class='ocrx_word' id='word_1_418' title='bbox 1867 2401 1988 2451; x_wconf 91' lang='lat' dir='ltr'>sua,</span> <span class='ocrx_word' id='word_1_419' title='bbox 2023 2391 2081 2440; x_wconf 91' lang='lat' dir='ltr'>et</span> <span class='ocrx_word' id='word_1_420' title='bbox 2101 2385 2354 2458; x_wconf 91' lang='lat' dir='ltr'>implevit</span> <span class='ocrx_word' id='word_1_421' title='bbox 2380 2386 2519 2441; x_wconf 91' lang='lat' dir='ltr'>illud</span> <span class='ocrx_word' id='word_1_422' title='bbox 2540 2387 2609 2440; x_wconf 90' lang='lat' dir='ltr'>de</span> <span class='ocrx_word' id='word_1_423' title='bbox 2639 2386 2770 2458; x_wconf 89' lang='lat' dir='ltr'>igne</span> <span class='ocrx_word' id='word_1_424' title='bbox 2803 2387 3020 2456; x_wconf 75' lang='lat' dir='ltr'>altatis,</span> <span class='ocrx_word' id='word_1_425' title='bbox 3062 2394 3120 2444; x_wconf 90' lang='lat' dir='ltr'>et</span> <span class='ocrx_word' id='word_1_426' title='bbox 3152 2389 3310 2446; x_wconf 88' lang='lat' dir='ltr'>misit</span> <span class='ocrx_word' id='word_1_427' title='bbox 3338 2391 3398 2446; x_wconf 91' lang='lat' dir='ltr'>in</span> <span class='ocrx_word' id='word_1_428' title='bbox 3429 2394 3453 2418; x_wconf 67' lang='grc' dir='ltr'><strong>θ</strong></span> 
     </span>
    </p>
   </div>
   <div class='ocr_carea' id='block_1_54' title="bbox 1865 2473 3463 2552">
    <p class='ocr_par' dir='ltr' id='par_1_54' title="bbox 1865 2473 3463 2552">
     <span class='ocr_line' id='line_1_54' title="bbox 1865 2473 3463 2552; baseline 0.006 -23"><span class='ocrx_word' id='word_1_429' title='bbox 1865 2477 2018 2529; x_wconf 89' lang='lat' dir='ltr'>terra</span> <span class='ocrx_word' id='word_1_430' title='bbox 2032 2473 2097 2542; x_wconf 62' lang='grc'>³4,</span> <span class='ocrx_word' id='word_1_431' title='bbox 2115 2495 2140 2528; x_wconf 83' lang='grc'>››</span> <span class='ocrx_word' id='word_1_432' title='bbox 2172 2475 2322 2548; x_wconf 90' lang='lat' dir='ltr'>quod</span> <span class='ocrx_word' id='word_1_433' title='bbox 2349 2475 2604 2532; x_wconf 84' lang='lat' dir='ltr'>Christus</span> <span class='ocrx_word' id='word_1_434' title='bbox 2629 2477 2912 2548; x_wconf 89' lang='lat' dir='ltr'>apostolos</span> <span class='ocrx_word' id='word_1_435' title='bbox 2931 2485 3062 2533; x_wconf 84' lang='lat' dir='ltr'>suas</span> <span class='ocrx_word' id='word_1_436' title='bbox 3091 2495 3192 2551; x_wconf 89' lang='lat' dir='ltr'>per</span> <span class='ocrx_word' id='word_1_437' title='bbox 3217 2480 3463 2552; x_wconf 81' lang='lat' dir='ltr'>gratiam</span> 
     </span>
    </p>
   </div>
   <div class='ocr_carea' id='block_1_55' title="bbox 1865 2565 3464 2640">
    <p class='ocr_par' dir='ltr' id='par_1_55' title="bbox 1865 2565 3464 2640">
     <span class='ocr_line' id='line_1_55' title="bbox 1865 2565 3464 2640; baseline 0.007 -22"><span class='ocrx_word' id='word_1_438' title='bbox 1865 2579 2027 2619; x_wconf 88' lang='lat' dir='ltr'>suam</span> <span class='ocrx_word' id='word_1_439' title='bbox 2054 2565 2243 2636; x_wconf 83' lang='lat' dir='ltr'>elegit,</span> <span class='ocrx_word' id='word_1_440' title='bbox 2277 2582 2418 2637; x_wconf 89' lang='lat' dir='ltr'>quos</span> <span class='ocrx_word' id='word_1_441' title='bbox 2446 2565 2658 2638; x_wconf 86' lang='lat' dir='ltr'>Spiritu</span> <span class='ocrx_word' id='word_1_442' title='bbox 2685 2565 2869 2622; x_wconf 88' lang='lat' dir='ltr'>Patris</span> <span class='ocrx_word' id='word_1_443' title='bbox 2900 2567 3163 2640; x_wconf 89' lang='lat' dir='ltr'>impletos</span> <span class='ocrx_word' id='word_1_444' title='bbox 3207 2569 3364 2628; x_wconf 88' lang='lat' dir='ltr'>misit</span> <span class='ocrx_word' id='word_1_445' title='bbox 3403 2587 3464 2628; x_wconf 87' lang='lat' dir='ltr'>1n</span> 
     </span>
    </p>
   </div>
   <div class='ocr_carea' id='block_1_56' title="bbox 1869 2653 3298 2722">
    <p class='ocr_par' dir='ltr' id='par_1_56' title="bbox 1869 2653 3298 2722">
     <span class='ocr_line' id='line_1_56' title="bbox 1869 2653 3298 2722; baseline 0.01 -14"><span class='ocrx_word' id='word_1_446' title='bbox 1869 2653 2163 2709; x_wconf 88' lang='lat' dir='ltr'>mundum.</span> <span class='ocrx_word' id='word_1_447' title='bbox 3293 2715 3298 2722; x_wconf 95' lang='lat'>.</span> 
     </span>
    </p>
   </div>
   <div class='ocr_carea' id='block_1_57' title="bbox 1945 2762 3444 2833">
    <p class='ocr_par' dir='ltr' id='par_1_57' title="bbox 1945 2762 3444 2833">
     <span class='ocr_line' id='line_1_57' title="bbox 1945 2762 3444 2833; baseline 0.007 -18"><span class='ocrx_word' id='word_1_448' title='bbox 1945 2762 2195 2816; x_wconf 76' lang='lat' dir='ltr'>Truncus</span> <span class='ocrx_word' id='word_1_449' title='bbox 2225 2767 2312 2816; x_wconf 90' lang='lat' dir='ltr'>est</span> <span class='ocrx_word' id='word_1_450' title='bbox 2337 2775 2540 2833; x_wconf 87' lang='lat' dir='ltr'>corpus</span> <span class='ocrx_word' id='word_1_451' title='bbox 2567 2762 2832 2832; x_wconf 88' lang='lat' dir='ltr'>hominis,</span> <span class='ocrx_word' id='word_1_452' title='bbox 2863 2768 2928 2820; x_wconf 90' lang='lat' dir='ltr'>ut</span> <span class='ocrx_word' id='word_1_453' title='bbox 2961 2765 3022 2820; x_wconf 92' lang='lat' dir='ltr'>in</span> <span class='ocrx_word' id='word_1_454' title='bbox 3049 2765 3153 2823; x_wconf 86' lang='lat' dir='ltr'>Job</span> <span class='ocrx_word' id='word_1_455' title='bbox 3183 2785 3196 2822; x_wconf 91' lang='lat'><strong>:</strong></span> <span class='ocrx_word' id='word_1_456' title='bbox 3227 2785 3254 2821; x_wconf 80' lang='grc' dir='ltr'><strong>α</strong></span> <span class='ocrx_word' id='word_1_457' title='bbox 3287 2767 3356 2824; x_wconf 88' lang='lat' dir='ltr'>Et</span> <span class='ocrx_word' id='word_1_458' title='bbox 3383 2769 3444 2826; x_wconf 91' lang='lat' dir='ltr'>in</span> 
     </span>
    </p>
   </div>
   <div class='ocr_carea' id='block_1_58' title="bbox 1867 2849 3455 2927">
    <p class='ocr_par' dir='ltr' id='par_1_58' title="bbox 1867 2849 3455 2927">
     <span class='ocr_line' id='line_1_58' title="bbox 1867 2849 3455 2927; baseline 0.009 -23"><span class='ocrx_word' id='word_1_459' title='bbox 1867 2849 2153 2920; x_wconf 89' lang='lat' dir='ltr'>pulverem</span> <span class='ocrx_word' id='word_1_460' title='bbox 2171 2855 2461 2906; x_wconf 89' lang='lat' dir='ltr'>emortuus</span> <span class='ocrx_word' id='word_1_461' title='bbox 2487 2851 2660 2907; x_wconf 85' lang='lat' dir='ltr'>fuerit</span> <span class='ocrx_word' id='word_1_462' title='bbox 2686 2858 2919 2909; x_wconf 89' lang='lat' dir='ltr'>truncus</span> <span class='ocrx_word' id='word_1_463' title='bbox 2960 2855 3111 2911; x_wconf 89' lang='lat' dir='ltr'>illius</span> <span class='ocrx_word' id='word_1_464' title='bbox 3136 2854 3204 2923; x_wconf 72' lang='grc'>³⁵,</span> <span class='ocrx_word' id='word_1_465' title='bbox 3226 2875 3250 2908; x_wconf 75' lang='grc' dir='ltr'>ι</span> <span class='ocrx_word' id='word_1_466' title='bbox 3274 2857 3332 2913; x_wconf 92' lang='lat' dir='ltr'>id</span> <span class='ocrx_word' id='word_1_467' title='bbox 3351 2863 3455 2927; x_wconf 68' lang='lat' dir='ltr'>est.</span> 
     </span>
    </p>
   </div>
   <div class='ocr_carea' id='block_1_59' title="bbox 1867 2939 2809 3013">
    <p class='ocr_par' dir='ltr' id='par_1_59' title="bbox 1867 2939 2809 3013">
     <span class='ocr_line' id='line_1_59' title="bbox 1867 2939 2809 3013; baseline 0.002 -19"><span class='ocrx_word' id='word_1_468' title='bbox 1867 2939 1914 2994; x_wconf 88' lang='lat' dir='ltr'>si</span> <span class='ocrx_word' id='word_1_469' title='bbox 1940 2939 2185 2995; x_wconf 91' lang='lat' dir='ltr'>occisum</span> <span class='ocrx_word' id='word_1_470' title='bbox 2211 2940 2384 2996; x_wconf 91' lang='lat' dir='ltr'>fuerit</span> <span class='ocrx_word' id='word_1_471' title='bbox 2409 2957 2611 3013; x_wconf 91' lang='lat' dir='ltr'>corpus</span> <span class='ocrx_word' id='word_1_472' title='bbox 2639 2942 2809 2997; x_wconf 90' lang='lat' dir='ltr'>illius.</span> 
     </span>
    </p>
   </div>
   <div class='ocr_carea' id='block_1_60' title="bbox 1941 3047 3458 3119">
    <p class='ocr_par' dir='ltr' id='par_1_60' title="bbox 1941 3047 3458 3119">
     <span class='ocr_line' id='line_1_60' title="bbox 1941 3047 3458 3119; baseline 0.008 -19"><span class='ocrx_word' id='word_1_473' title='bbox 1941 3047 2136 3102; x_wconf 85' lang='lat' dir='ltr'>Trulla</span> <span class='ocrx_word' id='word_1_474' title='bbox 2164 3053 2249 3102; x_wconf 88' lang='lat' dir='ltr'>est</span> <span class='ocrx_word' id='word_1_475' title='bbox 2275 3049 2546 3119; x_wconf 88' lang='lat' dir='ltr'>protectio</span> <span class='ocrx_word' id='word_1_476' title='bbox 2575 3049 2780 3116; x_wconf 88' lang='lat' dir='ltr'>divina,</span> <span class='ocrx_word' id='word_1_477' title='bbox 2814 3055 2879 3104; x_wconf 91' lang='lat' dir='ltr'>ut</span> <span class='ocrx_word' id='word_1_478' title='bbox 2904 3049 2963 3106; x_wconf 87' lang='lat' dir='ltr'>in</span> <span class='ocrx_word' id='word_1_479' title='bbox 2989 3052 3162 3108; x_wconf 84' lang='lat' dir='ltr'>Amas</span> <span class='ocrx_word' id='word_1_480' title='bbox 3193 3071 3206 3108; x_wconf 86' lang='lat'><strong>:</strong></span> <span class='ocrx_word' id='word_1_481' title='bbox 3242 3071 3270 3108; x_wconf 74' lang='grc' dir='ltr'><strong>α</strong></span> <span class='ocrx_word' id='word_1_482' title='bbox 3301 3054 3372 3110; x_wconf 89' lang='lat' dir='ltr'>Et</span> <span class='ocrx_word' id='word_1_483' title='bbox 3397 3056 3458 3113; x_wconf 86' lang='lat' dir='ltr'>in</span> 
     </span>
    </p>
   </div>
   <div class='ocr_carea' id='block_1_61' title="bbox 179 3119 3456 3217">
    <p class='ocr_par' dir='ltr' id='par_1_61' title="bbox 179 3119 3456 3217">
     <span class='ocr_line' id='line_1_61' title="bbox 179 3119 3456 3217; baseline 0.003 -25"><span class='ocrx_word' id='word_1_484' title='bbox 179 3122 365 3178; x_wconf 56' lang='lat' dir='ltr'>“indi</span> <span class='ocrx_word' id='word_1_485' title='bbox 392 3139 497 3194; x_wconf 75' lang='lat' dir='ltr'>Per</span> <span class='ocrx_word' id='word_1_486' title='bbox 523 3122 788 3217; x_wconf 45' lang='lat' dir='ltr'>scandala</span> <span class='ocrx_word' id='word_1_487' title='bbox 825 3122 1054 3217; x_wconf 57' lang='grc' dir='ltr'>ςωηίιξο</span> <span class='ocrx_word' id='word_1_488' title='bbox 1096 3122 1324 3217; x_wconf 31' lang='lat' dir='ltr'>defit?-</span> <span class='ocrx_word' id='word_1_489' title='bbox 1378 3123 1420 3176; x_wconf 84' lang='grc' dir='ltr'><em>Τ</em></span> <span class='ocrx_word' id='word_1_490' title='bbox 1419 3123 1608 3217; x_wconf 46' lang='lat' dir='ltr'>“TW:</span> <span class='ocrx_word' id='word_1_491' title='bbox 1638 3119 2036 3217; x_wconf 46' lang='lat' dir='ltr'>FCtiOC&#39;manu</span> <span class='ocrx_word' id='word_1_492' title='bbox 2066 3137 2188 3208; x_wconf 90' lang='lat' dir='ltr'>ejus</span> <span class='ocrx_word' id='word_1_493' title='bbox 2225 3137 2395 3193; x_wconf 89' lang='lat' dir='ltr'>trulla</span> <span class='ocrx_word' id='word_1_494' title='bbox 2434 3137 2856 3205; x_wconf 68' lang='lat' dir='ltr'>caementarii”,</span> <span class='ocrx_word' id='word_1_495' title='bbox 2893 3159 2918 3192; x_wconf 77' lang='grc' dir='ltr'><strong><em>ι</em></strong></span> <span class='ocrx_word' id='word_1_496' title='bbox 2959 3139 3014 3194; x_wconf 91' lang='lat' dir='ltr'>id</span> <span class='ocrx_word' id='word_1_497' title='bbox 3061 3147 3166 3210; x_wconf 91' lang='lat' dir='ltr'>est,</span> <span class='ocrx_word' id='word_1_498' title='bbox 3197 3143 3256 3198; x_wconf 90' lang='lat' dir='ltr'>in</span> <span class='ocrx_word' id='word_1_499' title='bbox 3285 3161 3456 3217; x_wconf 85' lang='lat' dir='ltr'>apere</span> 
     </span>
    </p>
   </div>
   <div class='ocr_carea' id='block_1_62' title="bbox 177 3209 1783 3282">
    <p class='ocr_par' dir='ltr' id='par_1_62' title="bbox 177 3209 1783 3282">
     <span class='ocr_line' id='line_1_62' title="bbox 177 3209 1783 3282; baseline -0.002 -16"><span class='ocrx_word' id='word_1_500' title='bbox 177 3217 593 3280; x_wconf 88' lang='lat' dir='ltr'>consummata,</span> <span class='ocrx_word' id='word_1_501' title='bbox 624 3216 689 3267; x_wconf 91' lang='lat' dir='ltr'>ut</span> <span class='ocrx_word' id='word_1_502' title='bbox 727 3211 786 3266; x_wconf 92' lang='lat' dir='ltr'>in</span> <span class='ocrx_word' id='word_1_503' title='bbox 816 3211 1019 3266; x_wconf 89' lang='lat' dir='ltr'>Genesi</span> <span class='ocrx_word' id='word_1_504' title='bbox 1049 3230 1059 3264; x_wconf 89' lang='lat'>:</span> <span class='ocrx_word' id='word_1_505' title='bbox 1099 3230 1124 3262; x_wconf 87' lang='lat'><strong>«</strong></span> <span class='ocrx_word' id='word_1_506' title='bbox 1157 3211 1420 3282; x_wconf 86' lang='lat' dir='ltr'>Fecitque</span> <span class='ocrx_word' id='word_1_507' title='bbox 1442 3209 1494 3264; x_wconf 91' lang='lat' dir='ltr'>ei</span> <span class='ocrx_word' id='word_1_508' title='bbox 1535 3209 1783 3264; x_wconf 90' lang='lat' dir='ltr'>tunicam</span> 
     </span>
    </p>
   </div>
   <div class='ocr_carea' id='block_1_63' title="bbox 179 3299 1782 3370">
    <p class='ocr_par' dir='ltr' id='par_1_63' title="bbox 179 3299 1782 3370">
     <span class='ocr_line' id='line_1_63' title="bbox 179 3299 1782 3370; baseline -0.003 -14"><span class='ocrx_word' id='word_1_509' title='bbox 179 3301 429 3356; x_wconf 79' lang='lat' dir='ltr'>talarem</span> <span class='ocrx_word' id='word_1_510' title='bbox 445 3301 510 3366; x_wconf 70' lang='grc' dir='ltr'>υ,</span> <span class='ocrx_word' id='word_1_511' title='bbox 548 3320 573 3354; x_wconf 80' lang='grc'><strong>)›</strong></span> <span class='ocrx_word' id='word_1_512' title='bbox 607 3300 664 3355; x_wconf 90' lang='lat' dir='ltr'>id</span> <span class='ocrx_word' id='word_1_513' title='bbox 701 3305 808 3368; x_wconf 89' lang='lat' dir='ltr'>est,</span> <span class='ocrx_word' id='word_1_514' title='bbox 831 3300 1107 3355; x_wconf 87' lang='lat' dir='ltr'>actionem</span> <span class='ocrx_word' id='word_1_515' title='bbox 1137 3300 1195 3354; x_wconf 92' lang='lat' dir='ltr'>in</span> <span class='ocrx_word' id='word_1_516' title='bbox 1236 3299 1487 3354; x_wconf 89' lang='lat' dir='ltr'>bonitate</span> <span class='ocrx_word' id='word_1_517' title='bbox 1524 3314 1782 3370; x_wconf 87' lang='lat' dir='ltr'>perseve-</span> 
     </span>
    </p>
   </div>
   <div class='ocr_carea' id='block_1_64' title="bbox 183 3387 1780 3462">
    <p class='ocr_par' dir='ltr' id='par_1_64' title="bbox 183 3387 1780 3462">
     <span class='ocr_line' id='line_1_64' title="bbox 183 3387 1780 3462; baseline -0.003 -16"><span class='ocrx_word' id='word_1_518' title='bbox 183 3396 434 3446; x_wconf 88' lang='lat' dir='ltr'>rantem.</span> <span class='ocrx_word' id='word_1_519' title='bbox 475 3391 702 3458; x_wconf 80' lang='lat' dir='ltr'>Tunica,</span> <span class='ocrx_word' id='word_1_520' title='bbox 735 3389 1024 3462; x_wconf 88' lang='lat' dir='ltr'>occupatio</span> <span class='ocrx_word' id='word_1_521' title='bbox 1065 3389 1271 3455; x_wconf 74' lang='lat' dir='ltr'>saeculi,</span> <span class='ocrx_word' id='word_1_522' title='bbox 1302 3394 1367 3442; x_wconf 90' lang='lat' dir='ltr'>ut</span> <span class='ocrx_word' id='word_1_523' title='bbox 1411 3388 1470 3442; x_wconf 91' lang='lat' dir='ltr'>in</span> <span class='ocrx_word' id='word_1_524' title='bbox 1510 3387 1780 3442; x_wconf 90' lang='lat' dir='ltr'>Cantica:</span> 
     </span>
    </p>
   </div>
   <div class='ocr_carea' id='block_1_65' title="bbox 186 3476 1785 3548">
    <p class='ocr_par' dir='ltr' id='par_1_65' title="bbox 186 3476 1785 3548">
     <span class='ocr_line' id='line_1_65' title="bbox 186 3476 1785 3548; baseline 0 -18"><span class='ocrx_word' id='word_1_525' title='bbox 186 3497 211 3530; x_wconf 70' lang='grc' dir='ltr'>ι</span> <span class='ocrx_word' id='word_1_526' title='bbox 233 3478 384 3535; x_wconf 79' lang='lat' dir='ltr'>Exui</span> <span class='ocrx_word' id='word_1_527' title='bbox 404 3494 499 3533; x_wconf 90' lang='lat' dir='ltr'>me</span> <span class='ocrx_word' id='word_1_528' title='bbox 527 3479 714 3534; x_wconf 89' lang='lat' dir='ltr'>tunica</span> <span class='ocrx_word' id='word_1_529' title='bbox 743 3477 942 3545; x_wconf 65' lang='lat' dir='ltr'>mea&quot;,</span> <span class='ocrx_word' id='word_1_530' title='bbox 980 3499 1004 3532; x_wconf 85' lang='lat'><strong><em>»</em></strong></span> <span class='ocrx_word' id='word_1_531' title='bbox 1035 3478 1093 3532; x_wconf 91' lang='lat' dir='ltr'><strong>id</strong></span> <span class='ocrx_word' id='word_1_532' title='bbox 1124 3485 1226 3544; x_wconf 90' lang='lat' dir='ltr'>est,</span> <span class='ocrx_word' id='word_1_533' title='bbox 1263 3476 1438 3548; x_wconf 90' lang='lat' dir='ltr'>abjeci</span> <span class='ocrx_word' id='word_1_534' title='bbox 1467 3493 1502 3530; x_wconf 93' lang='lat' dir='ltr'>a</span> <span class='ocrx_word' id='word_1_535' title='bbox 1528 3493 1638 3542; x_wconf 91' lang='lat' dir='ltr'>me,</span> <span class='ocrx_word' id='word_1_536' title='bbox 1673 3492 1785 3546; x_wconf 89' lang='lat' dir='ltr'>qua</span> 
     </span>
    </p>
   </div>
   <div class='ocr_carea' id='block_1_66' title="bbox 180 3566 1784 3640">
    <p class='ocr_par' dir='ltr' id='par_1_66' title="bbox 180 3566 1784 3640">
     <span class='ocr_line' id='line_1_66' title="bbox 180 3566 1784 3640; baseline -0.004 -16"><span class='ocrx_word' id='word_1_537' title='bbox 180 3568 474 3640; x_wconf 88' lang='lat' dir='ltr'>quandam</span> <span class='ocrx_word' id='word_1_538' title='bbox 498 3567 840 3640; x_wconf 90' lang='lat' dir='ltr'>implicabat,</span> <span class='ocrx_word' id='word_1_539' title='bbox 866 3567 1287 3640; x_wconf 90' lang='lat' dir='ltr'>occupationem</span> <span class='ocrx_word' id='word_1_540' title='bbox 1304 3566 1646 3621; x_wconf 64' lang='lat' dir='ltr'>saecularem.</span> <span class='ocrx_word' id='word_1_541' title='bbox 1683 3566 1784 3619; x_wconf 87' lang='lat' dir='ltr'>Tu-</span> 
     </span>
    </p>
   </div>
   <div class='ocr_carea' id='block_1_67' title="bbox 180 3655 1778 3729">
    <p class='ocr_par' dir='ltr' id='par_1_67' title="bbox 180 3655 1778 3729">
     <span class='ocr_line' id='line_1_67' title="bbox 180 3655 1778 3729; baseline -0.003 -18"><span class='ocrx_word' id='word_1_542' title='bbox 180 3660 325 3725; x_wconf 72' lang='lat' dir='ltr'>nica,</span> <span class='ocrx_word' id='word_1_543' title='bbox 349 3673 558 3729; x_wconf 85' lang='lat' dir='ltr'>corpus</span> <span class='ocrx_word' id='word_1_544' title='bbox 586 3657 916 3723; x_wconf 89' lang='lat' dir='ltr'>humanum,</span> <span class='ocrx_word' id='word_1_545' title='bbox 935 3662 1000 3711; x_wconf 90' lang='lat' dir='ltr'>ut</span> <span class='ocrx_word' id='word_1_546' title='bbox 1015 3657 1072 3711; x_wconf 94' lang='lat' dir='ltr'>in</span> <span class='ocrx_word' id='word_1_547' title='bbox 1089 3657 1116 3711; x_wconf 91' lang='lat' dir='ltr'>J</span> <span class='ocrx_word' id='word_1_548' title='bbox 1123 3655 1234 3711; x_wconf 90' lang='lat' dir='ltr'>uda</span> <span class='ocrx_word' id='word_1_549' title='bbox 1261 3675 1320 3708; x_wconf 85' lang='lat'>:«</span> <span class='ocrx_word' id='word_1_550' title='bbox 1346 3655 1614 3710; x_wconf 87' lang='lat' dir='ltr'>Odientes</span> <span class='ocrx_word' id='word_1_551' title='bbox 1635 3671 1778 3720; x_wconf 90' lang='lat' dir='ltr'>eam,</span> 
     </span>
    </p>
   </div>
   <div class='ocr_carea' id='block_1_68' title="bbox 181 3744 1776 3818">
    <p class='ocr_par' dir='ltr' id='par_1_68' title="bbox 181 3744 1776 3818">
     <span class='ocr_line' id='line_1_68' title="bbox 181 3744 1776 3818; baseline -0.004 -15"><span class='ocrx_word' id='word_1_552' title='bbox 181 3763 302 3818; x_wconf 63' lang='lat' dir='ltr'>quae</span> <span class='ocrx_word' id='word_1_553' title='bbox 351 3747 598 3801; x_wconf 84' lang='lat' dir='ltr'>carnalis</span> <span class='ocrx_word' id='word_1_554' title='bbox 639 3753 742 3812; x_wconf 89' lang='lat' dir='ltr'>est,</span> <span class='ocrx_word' id='word_1_555' title='bbox 778 3749 797 3770; x_wconf 78' lang='grc'><strong><em>⁶</em></strong></span> <span class='ocrx_word' id='word_1_556' title='bbox 841 3747 1118 3801; x_wconf 84' lang='lat' dir='ltr'>maculam</span> <span class='ocrx_word' id='word_1_557' title='bbox 1147 3745 1395 3800; x_wconf 87' lang='lat' dir='ltr'>tunicam</span> <span class='ocrx_word' id='word_1_558' title='bbox 1419 3745 1481 3810; x_wconf 70' lang='grc' dir='ltr'>ιθ,</span> <span class='ocrx_word' id='word_1_559' title='bbox 1527 3764 1548 3794; x_wconf 68' lang='grc' dir='ltr'><strong>ι</strong></span> <span class='ocrx_word' id='word_1_560' title='bbox 1588 3744 1646 3798; x_wconf 90' lang='lat' dir='ltr'><strong>id</strong></span> <span class='ocrx_word' id='word_1_561' title='bbox 1674 3749 1776 3809; x_wconf 91' lang='lat' dir='ltr'>est,</span> 
     </span>
    </p>
   </div>
   <div class='ocr_carea' id='block_1_69' title="bbox 182 3831 1783 3906">
    <p class='ocr_par' dir='ltr' id='par_1_69' title="bbox 182 3831 1783 3906">
     <span class='ocr_line' id='line_1_69' title="bbox 182 3831 1783 3906; baseline -0.002 -18"><span class='ocrx_word' id='word_1_562' title='bbox 182 3835 560 3890; x_wconf 82' lang='lat' dir='ltr'>abhorrentes</span> <span class='ocrx_word' id='word_1_563' title='bbox 581 3833 737 3898; x_wconf 88' lang='lat' dir='ltr'>illud,</span> <span class='ocrx_word' id='word_1_564' title='bbox 770 3835 918 3906; x_wconf 92' lang='lat' dir='ltr'>quod</span> <span class='ocrx_word' id='word_1_565' title='bbox 945 3834 1261 3888; x_wconf 89' lang='lat' dir='ltr'>carnalibus</span> <span class='ocrx_word' id='word_1_566' title='bbox 1291 3833 1584 3888; x_wconf 84' lang='lat' dir='ltr'>desideriis</span> <span class='ocrx_word' id='word_1_567' title='bbox 1600 3831 1783 3902; x_wconf 79' lang='lat' dir='ltr'>subju-</span> 
     </span>
    </p>
   </div>
   <div class='ocr_carea' id='block_1_70' title="bbox 181 3922 1778 3995">
    <p class='ocr_par' dir='ltr' id='par_1_70' title="bbox 181 3922 1778 3995">
     <span class='ocr_line' id='line_1_70' title="bbox 181 3922 1778 3995; baseline -0.003 -16"><span class='ocrx_word' id='word_1_568' title='bbox 181 3931 266 3979; x_wconf 89' lang='lat' dir='ltr'>cet</span> <span class='ocrx_word' id='word_1_569' title='bbox 310 3923 680 3994; x_wconf 89' lang='lat' dir='ltr'>inquinatum</span> <span class='ocrx_word' id='word_1_570' title='bbox 709 3941 942 3995; x_wconf 53' lang='lat' dir='ltr'>corpus,</span> <span class='ocrx_word' id='word_1_571' title='bbox 971 3926 1198 3990; x_wconf 78' lang='lat' dir='ltr'>Tunica,</span> <span class='ocrx_word' id='word_1_572' title='bbox 1243 3923 1512 3977; x_wconf 86' lang='lat' dir='ltr'>interiora</span> <span class='ocrx_word' id='word_1_573' title='bbox 1557 3922 1778 3987; x_wconf 81' lang='lat' dir='ltr'>delicta,</span> 
     </span>
    </p>
   </div>
   <div class='ocr_carea' id='block_1_71' title="bbox 182 4011 1784 4084">
    <p class='ocr_par' dir='ltr' id='par_1_71' title="bbox 182 4011 1784 4084">
     <span class='ocr_line' id='line_1_71' title="bbox 182 4011 1784 4084; baseline -0.003 -16"><span class='ocrx_word' id='word_1_574' title='bbox 182 4019 244 4069; x_wconf 87' lang='lat' dir='ltr'>ut</span> <span class='ocrx_word' id='word_1_575' title='bbox 267 4016 328 4069; x_wconf 88' lang='lat' dir='ltr'>in</span> <span class='ocrx_word' id='word_1_576' title='bbox 365 4014 700 4084; x_wconf 86' lang='lat' dir='ltr'>Evangelia:</span> <span class='ocrx_word' id='word_1_577' title='bbox 729 4032 752 4064; x_wconf 76' lang='grc' dir='ltr'>ι</span> <span class='ocrx_word' id='word_1_578' title='bbox 787 4014 854 4067; x_wconf 89' lang='lat' dir='ltr'>Et</span> <span class='ocrx_word' id='word_1_579' title='bbox 868 4013 1114 4068; x_wconf 81' lang='lat' dir='ltr'>tunicam</span> <span class='ocrx_word' id='word_1_580' title='bbox 1146 4019 1300 4067; x_wconf 87' lang='lat' dir='ltr'>tuam</span> <span class='ocrx_word' id='word_1_581' title='bbox 1331 4011 1784 4077; x_wconf 84' lang='lat' dir='ltr'>tollere,dimitte</span> 
     </span>
    </p>
   </div>
   <div class='ocr_carea' id='block_1_72' title="bbox 185 4101 1785 4174">
    <p class='ocr_par' dir='ltr' id='par_1_72' title="bbox 185 4101 1785 4174">
     <span class='ocr_line' id='line_1_72' title="bbox 185 4101 1785 4174; baseline -0.001 -18"><span class='ocrx_word' id='word_1_582' title='bbox 185 4103 232 4156; x_wconf 89' lang='lat' dir='ltr'>ei</span> <span class='ocrx_word' id='word_1_583' title='bbox 261 4110 318 4158; x_wconf 91' lang='lat' dir='ltr'>et</span> <span class='ocrx_word' id='word_1_584' title='bbox 351 4103 590 4174; x_wconf 85' lang='lat' dir='ltr'>pallium</span> <span class='ocrx_word' id='word_1_585' title='bbox 612 4103 674 4168; x_wconf 64' lang='grc' dir='ltr'>Ν,</span> <span class='ocrx_word' id='word_1_586' title='bbox 711 4122 736 4154; x_wconf 86' lang='grc'><strong>››</strong></span> <span class='ocrx_word' id='word_1_587' title='bbox 773 4103 824 4156; x_wconf 88' lang='lat' dir='ltr'><strong>id</strong></span> <span class='ocrx_word' id='word_1_588' title='bbox 857 4110 958 4168; x_wconf 88' lang='lat' dir='ltr'>est,</span> <span class='ocrx_word' id='word_1_589' title='bbox 989 4104 1034 4156; x_wconf 90' lang='lat' dir='ltr'>si</span> <span class='ocrx_word' id='word_1_590' title='bbox 1061 4103 1186 4173; x_wconf 90' lang='lat' dir='ltr'>quis</span> <span class='ocrx_word' id='word_1_591' title='bbox 1216 4108 1270 4155; x_wconf 88' lang='lat' dir='ltr'>te</span> <span class='ocrx_word' id='word_1_592' title='bbox 1309 4102 1576 4154; x_wconf 88' lang='lat' dir='ltr'>admonet</span> <span class='ocrx_word' id='word_1_593' title='bbox 1605 4107 1668 4154; x_wconf 90' lang='lat' dir='ltr'>ut</span> <span class='ocrx_word' id='word_1_594' title='bbox 1693 4101 1785 4154; x_wconf 88' lang='lat' dir='ltr'>de-</span> 
     </span>
    </p>
   </div>
   <div class='ocr_carea' id='block_1_73' title="bbox 183 4189 1673 4260">
    <p class='ocr_par' dir='ltr' id='par_1_73' title="bbox 183 4189 1673 4260">
     <span class='ocr_line' id='line_1_73' title="bbox 183 4189 1673 4260; baseline -0.001 -17"><span class='ocrx_word' id='word_1_595' title='bbox 183 4191 315 4246; x_wconf 89' lang='lat' dir='ltr'>licta</span> <span class='ocrx_word' id='word_1_596' title='bbox 342 4197 450 4244; x_wconf 87' lang='lat' dir='ltr'>tua</span> <span class='ocrx_word' id='word_1_597' title='bbox 481 4190 752 4244; x_wconf 87' lang='lat' dir='ltr'>interiora</span> <span class='ocrx_word' id='word_1_598' title='bbox 775 4195 794 4213; x_wconf 81' lang='lat'>&#39;</span> <span class='ocrx_word' id='word_1_599' title='bbox 827 4190 1074 4260; x_wconf 85' lang='lat' dir='ltr'>abjicias,</span> <span class='ocrx_word' id='word_1_600' title='bbox 1109 4190 1286 4260; x_wconf 88' lang='lat' dir='ltr'>abjice</span> <span class='ocrx_word' id='word_1_601' title='bbox 1303 4196 1360 4243; x_wconf 90' lang='lat' dir='ltr'>et</span> <span class='ocrx_word' id='word_1_602' title='bbox 1379 4189 1673 4243; x_wconf 85' lang='lat' dir='ltr'>exteriora.</span> 
     </span>
    </p>
   </div>
   <div class='ocr_carea' id='block_1_74' title="bbox 257 4313 1786 4380">
    <p class='ocr_par' dir='ltr' id='par_1_74' title="bbox 257 4313 1786 4380">
     <span class='ocr_line' id='line_1_74' title="bbox 257 4313 1786 4380; baseline -0.003 -9"><span class='ocrx_word' id='word_1_603' title='bbox 257 4318 483 4371; x_wconf 79' lang='lat' dir='ltr'>Turtur</span> <span class='ocrx_word' id='word_1_604' title='bbox 511 4321 598 4370; x_wconf 88' lang='lat' dir='ltr'>est</span> <span class='ocrx_word' id='word_1_605' title='bbox 615 4321 812 4370; x_wconf 88' lang='lat' dir='ltr'>sancta</span> <span class='ocrx_word' id='word_1_606' title='bbox 837 4315 1098 4380; x_wconf 89' lang='lat' dir='ltr'>Ecclesia,</span> <span class='ocrx_word' id='word_1_607' title='bbox 1125 4320 1188 4369; x_wconf 93' lang='lat' dir='ltr'>ut</span> <span class='ocrx_word' id='word_1_608' title='bbox 1215 4315 1273 4369; x_wconf 93' lang='lat' dir='ltr'>in</span> <span class='ocrx_word' id='word_1_609' title='bbox 1305 4315 1536 4370; x_wconf 89' lang='lat' dir='ltr'>Cantica</span> <span class='ocrx_word' id='word_1_610' title='bbox 1571 4332 1580 4366; x_wconf 94' lang='lat'>:</span> <span class='ocrx_word' id='word_1_611' title='bbox 1610 4332 1637 4368; x_wconf 77' lang='grc' dir='ltr'><strong><em>α</em></strong></span> <span class='ocrx_word' id='word_1_612' title='bbox 1668 4313 1786 4367; x_wconf 83' lang='lat' dir='ltr'>Vox</span> 
     </span>
    </p>
   </div>
   <div class='ocr_carea' id='block_1_75' title="bbox 183 4402 1790 4471">
    <p class='ocr_par' dir='ltr' id='par_1_75' title="bbox 183 4402 1790 4471">
     <span class='ocr_line' id='line_1_75' title="bbox 183 4402 1790 4471; baseline -0.002 -9"><span class='ocrx_word' id='word_1_613' title='bbox 183 4406 430 4462; x_wconf 83' lang='lat' dir='ltr'>turturis</span> <span class='ocrx_word' id='word_1_614' title='bbox 458 4405 656 4460; x_wconf 89' lang='lat' dir='ltr'>audita</span> <span class='ocrx_word' id='word_1_615' title='bbox 682 4410 768 4460; x_wconf 91' lang='lat' dir='ltr'>est</span> <span class='ocrx_word' id='word_1_616' title='bbox 790 4405 851 4459; x_wconf 89' lang='lat' dir='ltr'>in</span> <span class='ocrx_word' id='word_1_617' title='bbox 870 4411 1025 4458; x_wconf 88' lang='lat' dir='ltr'>terra</span> <span class='ocrx_word' id='word_1_618' title='bbox 1047 4410 1242 4458; x_wconf 89' lang='lat' dir='ltr'>nostra</span> <span class='ocrx_word' id='word_1_619' title='bbox 1256 4404 1318 4471; x_wconf 68' lang='grc' dir='ltr'>ιδ,</span> <span class='ocrx_word' id='word_1_620' title='bbox 1351 4405 1408 4458; x_wconf 91' lang='lat' dir='ltr'><strong>id</strong></span> <span class='ocrx_word' id='word_1_621' title='bbox 1437 4409 1543 4469; x_wconf 90' lang='lat' dir='ltr'>est,</span> <span class='ocrx_word' id='word_1_622' title='bbox 1575 4402 1790 4458; x_wconf 90' lang='lat' dir='ltr'>deside-</span> 
     </span>
    </p>
   </div>
   <div class='ocr_carea' id='block_1_76' title="bbox 1866 3225 2545 3296">
    <p class='ocr_par' dir='ltr' id='par_1_76' title="bbox 1866 3225 2545 3296">
     <span class='ocr_line' id='line_1_76' title="bbox 1866 3225 2545 3296; baseline 0.006 -17"><span class='ocrx_word' id='word_1_623' title='bbox 1866 3225 1990 3295; x_wconf 90' lang='lat' dir='ltr'>ejus</span> <span class='ocrx_word' id='word_1_624' title='bbox 2015 3226 2289 3296; x_wconf 91' lang='lat' dir='ltr'>protectio</span> <span class='ocrx_word' id='word_1_625' title='bbox 2317 3227 2545 3282; x_wconf 86' lang='lat' dir='ltr'>Christi.</span> 
     </span>
    </p>
   </div>
   <div class='ocr_carea' id='block_1_77' title="bbox 1944 3331 3454 3410">
    <p class='ocr_par' dir='ltr' id='par_1_77' title="bbox 1944 3331 3454 3410">
     <span class='ocr_line' id='line_1_77' title="bbox 1944 3331 3454 3410; baseline 0.009 -25"><span class='ocrx_word' id='word_1_626' title='bbox 1944 3331 2087 3387; x_wconf 76' lang='lat' dir='ltr'>Thus</span> <span class='ocrx_word' id='word_1_627' title='bbox 2099 3339 2187 3388; x_wconf 90' lang='lat' dir='ltr'>est</span> <span class='ocrx_word' id='word_1_628' title='bbox 2211 3333 2430 3388; x_wconf 88' lang='lat' dir='ltr'>devotio</span> <span class='ocrx_word' id='word_1_629' title='bbox 2448 3333 2737 3402; x_wconf 88' lang='lat' dir='ltr'>orationis,</span> <span class='ocrx_word' id='word_1_630' title='bbox 2754 3339 2819 3390; x_wconf 93' lang='lat' dir='ltr'>ut</span> <span class='ocrx_word' id='word_1_631' title='bbox 2846 3335 2905 3391; x_wconf 91' lang='lat' dir='ltr'>in</span> <span class='ocrx_word' id='word_1_632' title='bbox 2933 3333 3262 3410; x_wconf 80' lang='lat' dir='ltr'>Evangelia:</span> <span class='ocrx_word' id='word_1_633' title='bbox 3287 3358 3315 3394; x_wconf 79' lang='grc' dir='ltr'><strong><em>α</em></strong></span> <span class='ocrx_word' id='word_1_634' title='bbox 3335 3341 3454 3399; x_wconf 88' lang='lat' dir='ltr'>Au-</span> 
     </span>
    </p>
   </div>
   <div class='ocr_carea' id='block_1_78' title="bbox 1868 3421 3459 3498">
    <p class='ocr_par' dir='ltr' id='par_1_78' title="bbox 1868 3421 3459 3498">
     <span class='ocr_line' id='line_1_78' title="bbox 1868 3421 3459 3498; baseline 0.009 -25"><span class='ocrx_word' id='word_1_635' title='bbox 1868 3434 2015 3486; x_wconf 90' lang='lat' dir='ltr'>rum,</span> <span class='ocrx_word' id='word_1_636' title='bbox 2047 3421 2178 3476; x_wconf 86' lang='lat' dir='ltr'>thus</span> <span class='ocrx_word' id='word_1_637' title='bbox 2208 3427 2266 3476; x_wconf 91' lang='lat' dir='ltr'>et</span> <span class='ocrx_word' id='word_1_638' title='bbox 2292 3422 2584 3494; x_wconf 87' lang='lat' dir='ltr'>myrrham</span> <span class='ocrx_word' id='word_1_639' title='bbox 2603 3421 2669 3491; x_wconf 73' lang='lat'>’7,</span> <span class='ocrx_word' id='word_1_640' title='bbox 2691 3443 2714 3474; x_wconf 71' lang='grc' dir='ltr'><strong>ι</strong></span> <span class='ocrx_word' id='word_1_641' title='bbox 2746 3423 2804 3498; x_wconf 90' lang='lat' dir='ltr'>id</span> <span class='ocrx_word' id='word_1_642' title='bbox 2827 3429 2931 3492; x_wconf 89' lang='lat' dir='ltr'>est,</span> <span class='ocrx_word' id='word_1_643' title='bbox 2945 3426 3281 3498; x_wconf 88' lang='lat' dir='ltr'>sapientiam</span> <span class='ocrx_word' id='word_1_644' title='bbox 3300 3427 3459 3489; x_wconf 85' lang='lat' dir='ltr'>men-</span> 
     </span>
    </p>
   </div>
   <div class='ocr_carea' id='block_1_79' title="bbox 1865 3507 3459 3576">
    <p class='ocr_par' dir='ltr' id='par_1_79' title="bbox 1865 3507 3459 3576">
     <span class='ocr_line' id='line_1_79' title="bbox 1865 3507 3459 3576; baseline 0.01 -15"><span class='ocrx_word' id='word_1_645' title='bbox 1865 3507 1940 3562; x_wconf 89' lang='lat' dir='ltr'>tis</span> <span class='ocrx_word' id='word_1_646' title='bbox 1967 3515 2024 3562; x_wconf 90' lang='lat' dir='ltr'>et</span> <span class='ocrx_word' id='word_1_647' title='bbox 2050 3511 2383 3566; x_wconf 85' lang='lat' dir='ltr'>suavitatem</span> <span class='ocrx_word' id='word_1_648' title='bbox 2413 3512 2682 3568; x_wconf 89' lang='lat' dir='ltr'>arationis</span> <span class='ocrx_word' id='word_1_649' title='bbox 2718 3518 2778 3568; x_wconf 89' lang='lat' dir='ltr'>et</span> <span class='ocrx_word' id='word_1_650' title='bbox 2807 3515 3299 3574; x_wconf 82' lang='lat' dir='ltr'>mortiﬁcationem</span> <span class='ocrx_word' id='word_1_651' title='bbox 3328 3536 3459 3576; x_wconf 87' lang='lat' dir='ltr'>car-</span> 
     </span>
    </p>
   </div>
   <div class='ocr_carea' id='block_1_80' title="bbox 1865 3613 1974 3652">
    <p class='ocr_par' dir='ltr' id='par_1_80' title="bbox 1865 3613 1974 3652">
     <span class='ocr_line' id='line_1_80' title="bbox 1865 3613 1974 3652; baseline 0 -2"><span class='ocrx_word' id='word_1_652' title='bbox 1865 3613 1974 3652; x_wconf 79' lang='lat' dir='ltr'>IIIS.</span> 
     </span>
    </p>
   </div>
   <div class='ocr_carea' id='block_1_81' title="bbox 1935 3686 3460 3769">
    <p class='ocr_par' dir='ltr' id='par_1_81' title="bbox 1935 3686 3460 3769">
     <span class='ocr_line' id='line_1_81' title="bbox 1935 3686 3460 3769; baseline 0.01 -29"><span class='ocrx_word' id='word_1_653' title='bbox 1935 3697 1960 3726; x_wconf 71' lang='grc' dir='ltr'>ι</span> <span class='ocrx_word' id='word_1_654' title='bbox 1979 3686 2114 3742; x_wconf 90' lang='lat' dir='ltr'>Tres</span> <span class='ocrx_word' id='word_1_655' title='bbox 2143 3694 2277 3743; x_wconf 91' lang='lat' dir='ltr'>sunt</span> <span class='ocrx_word' id='word_1_656' title='bbox 2303 3689 2514 3762; x_wconf 89' lang='lat' dir='ltr'>species</span> <span class='ocrx_word' id='word_1_657' title='bbox 2543 3691 2903 3762; x_wconf 68' lang='lat' dir='ltr'>poenitentiae,</span> <span class='ocrx_word' id='word_1_658' title='bbox 2936 3695 3174 3749; x_wconf 73' lang='lat' dir='ltr'>crudelis</span> <span class='ocrx_word' id='word_1_659' title='bbox 3201 3700 3261 3751; x_wconf 89' lang='lat' dir='ltr'>et</span> <span class='ocrx_word' id='word_1_660' title='bbox 3281 3697 3460 3769; x_wconf 72' lang='lat' dir='ltr'>despe-</span> 
     </span>
    </p>
   </div>
   <div class='ocr_carea' id='block_1_82' title="bbox 1865 3777 3456 3856">
    <p class='ocr_par' dir='ltr' id='par_1_82' title="bbox 1865 3777 3456 3856">
     <span class='ocr_line' id='line_1_82' title="bbox 1865 3777 3456 3856; baseline 0.011 -28"><span class='ocrx_word' id='word_1_661' title='bbox 1865 3790 2019 3841; x_wconf 81' lang='lat' dir='ltr'>rans,</span> <span class='ocrx_word' id='word_1_662' title='bbox 2044 3783 2107 3830; x_wconf 90' lang='lat' dir='ltr'>ut</span> <span class='ocrx_word' id='word_1_663' title='bbox 2128 3777 2184 3831; x_wconf 91' lang='lat' dir='ltr'>in</span> <span class='ocrx_word' id='word_1_664' title='bbox 2206 3779 2344 3834; x_wconf 87' lang='lat' dir='ltr'>Cain</span> <span class='ocrx_word' id='word_1_665' title='bbox 2373 3785 2432 3834; x_wconf 88' lang='lat' dir='ltr'>et</span> <span class='ocrx_word' id='word_1_666' title='bbox 2455 3781 2484 3834; x_wconf 90' lang='lat' dir='ltr'><strong>J</strong></span> <span class='ocrx_word' id='word_1_667' title='bbox 2489 3780 2632 3849; x_wconf 89' lang='lat' dir='ltr'>uda;</span> <span class='ocrx_word' id='word_1_668' title='bbox 2665 3784 3023 3837; x_wconf 78' lang='lat' dir='ltr'>simulatoria</span> <span class='ocrx_word' id='word_1_669' title='bbox 3051 3789 3109 3838; x_wconf 92' lang='lat' dir='ltr'>et</span> <span class='ocrx_word' id='word_1_670' title='bbox 3135 3787 3456 3856; x_wconf 72' lang='lat' dir='ltr'>immunda,</span> 
     </span>
    </p>
   </div>
   <div class='ocr_carea' id='block_1_83' title="bbox 1867 3865 3458 3940">
    <p class='ocr_par' dir='ltr' id='par_1_83' title="bbox 1867 3865 3458 3940">
     <span class='ocr_line' id='line_1_83' title="bbox 1867 3865 3458 3940; baseline 0.011 -24"><span class='ocrx_word' id='word_1_671' title='bbox 1867 3870 1929 3917; x_wconf 91' lang='lat' dir='ltr'>ut</span> <span class='ocrx_word' id='word_1_672' title='bbox 1955 3865 2012 3918; x_wconf 91' lang='lat' dir='ltr'>in</span> <span class='ocrx_word' id='word_1_673' title='bbox 2051 3865 2217 3921; x_wconf 87' lang='lat' dir='ltr'>Saule</span> <span class='ocrx_word' id='word_1_674' title='bbox 2258 3874 2315 3922; x_wconf 92' lang='lat' dir='ltr'>et</span> <span class='ocrx_word' id='word_1_675' title='bbox 2371 3869 2545 3934; x_wconf 87' lang='lat' dir='ltr'>Esau;</span> <span class='ocrx_word' id='word_1_676' title='bbox 2581 3872 2739 3924; x_wconf 71' lang='lat' dir='ltr'>utilis</span> <span class='ocrx_word' id='word_1_677' title='bbox 2769 3876 2828 3924; x_wconf 92' lang='lat' dir='ltr'>et</span> <span class='ocrx_word' id='word_1_678' title='bbox 2852 3881 3253 3940; x_wconf 75' lang='lat' dir='ltr'>consummata,</span> <span class='ocrx_word' id='word_1_679' title='bbox 3297 3882 3364 3932; x_wconf 88' lang='lat' dir='ltr'>ut</span> <span class='ocrx_word' id='word_1_680' title='bbox 3396 3876 3458 3933; x_wconf 88' lang='lat' dir='ltr'>in</span> 
     </span>
    </p>
   </div>
   <div class='ocr_carea' id='block_1_84' title="bbox 1865 3952 3463 4031">
    <p class='ocr_par' dir='ltr' id='par_1_84' title="bbox 1865 3952 3463 4031">
     <span class='ocr_line' id='line_1_84' title="bbox 1865 3952 3463 4031; baseline 0.008 -25"><span class='ocrx_word' id='word_1_681' title='bbox 1865 3952 2120 4009; x_wconf 82' lang='lat' dir='ltr'>Zacchaeo</span> <span class='ocrx_word' id='word_1_682' title='bbox 2152 3962 2209 4010; x_wconf 87' lang='lat' dir='ltr'>et</span> <span class='ocrx_word' id='word_1_683' title='bbox 2228 3957 2423 4022; x_wconf 86' lang='lat' dir='ltr'>Maria,</span> <span class='ocrx_word' id='word_1_684' title='bbox 2458 3959 2546 4012; x_wconf 91' lang='lat' dir='ltr'>cui</span> <span class='ocrx_word' id='word_1_685' title='bbox 2567 3959 2684 4014; x_wconf 63' lang='lat' dir='ltr'>haec</span> <span class='ocrx_word' id='word_1_686' title='bbox 2706 3959 2954 4031; x_wconf 89' lang='lat' dir='ltr'>quinque</span> <span class='ocrx_word' id='word_1_687' title='bbox 2984 3961 3178 4018; x_wconf 84' lang='lat' dir='ltr'>insunt</span> <span class='ocrx_word' id='word_1_688' title='bbox 3207 3982 3218 4018; x_wconf 92' lang='lat'><strong>:</strong></span> <span class='ocrx_word' id='word_1_689' title='bbox 3244 3966 3463 4022; x_wconf 86' lang='lat' dir='ltr'>cantri-.</span> 
     </span>
    </p>
   </div>
   <div class='ocr_carea' id='block_1_85' title="bbox 1867 4042 3462 4124">
    <p class='ocr_par' dir='ltr' id='par_1_85' title="bbox 1867 4042 3462 4124">
     <span class='ocr_line' id='line_1_85' title="bbox 1867 4042 3462 4124; baseline 0.013 -30"><span class='ocrx_word' id='word_1_690' title='bbox 1867 4042 1966 4108; x_wconf 87' lang='lat' dir='ltr'>tio,</span> <span class='ocrx_word' id='word_1_691' title='bbox 1997 4046 2289 4111; x_wconf 83' lang='lat' dir='ltr'>confessio,</span> <span class='ocrx_word' id='word_1_692' title='bbox 2341 4049 2664 4114; x_wconf 90' lang='lat' dir='ltr'>maturatio,</span> <span class='ocrx_word' id='word_1_693' title='bbox 2701 4051 2720 4071; x_wconf 79' lang='grc'><strong><em>⁶</em></strong></span> <span class='ocrx_word' id='word_1_694' title='bbox 2761 4051 3060 4122; x_wconf 90' lang='lat' dir='ltr'>correptio,</span> <span class='ocrx_word' id='word_1_695' title='bbox 3101 4069 3462 4124; x_wconf 81' lang='lat' dir='ltr'>perseveran-</span> 
     </span>
    </p>
   </div>
   <div class='ocr_carea' id='block_1_86' title="bbox 1866 4130 3459 4213">
    <p class='ocr_par' dir='ltr' id='par_1_86' title="bbox 1866 4130 3459 4213">
     <span class='ocr_line' id='line_1_86' title="bbox 1866 4130 3459 4213; baseline 0.012 -30"><span class='ocrx_word' id='word_1_696' title='bbox 1866 4130 1963 4184; x_wconf 88' lang='lat' dir='ltr'>tia.</span> <span class='ocrx_word' id='word_1_697' title='bbox 1990 4132 2182 4189; x_wconf 87' lang='lat' dir='ltr'>Prima</span> <span class='ocrx_word' id='word_1_698' title='bbox 2211 4135 2268 4189; x_wconf 86' lang='lat' dir='ltr'>in</span> <span class='ocrx_word' id='word_1_699' title='bbox 2297 4137 2482 4203; x_wconf 93' lang='lat' dir='ltr'>corde,</span> <span class='ocrx_word' id='word_1_700' title='bbox 2503 4137 2748 4192; x_wconf 89' lang='lat' dir='ltr'>secunda</span> <span class='ocrx_word' id='word_1_701' title='bbox 2777 4139 2834 4194; x_wconf 91' lang='lat' dir='ltr'>in</span> <span class='ocrx_word' id='word_1_702' title='bbox 2863 4142 3166 4206; x_wconf 89' lang='lat' dir='ltr'>ore,tertia</span> <span class='ocrx_word' id='word_1_703' title='bbox 3193 4143 3252 4199; x_wconf 90' lang='lat' dir='ltr'>in</span> <span class='ocrx_word' id='word_1_704' title='bbox 3269 4161 3459 4213; x_wconf 85' lang='lat' dir='ltr'>carne,</span> 
     </span>
    </p>
   </div>
   <div class='ocr_carea' id='block_1_87' title="bbox 1867 4223 2928 4297">
    <p class='ocr_par' dir='ltr' id='par_1_87' title="bbox 1867 4223 2928 4297">
     <span class='ocr_line' id='line_1_87' title="bbox 1867 4223 2928 4297; baseline 0.008 -24"><span class='ocrx_word' id='word_1_705' title='bbox 1867 4227 2070 4290; x_wconf 87' lang='lat' dir='ltr'>quarta</span> <span class='ocrx_word' id='word_1_706' title='bbox 2087 4223 2145 4278; x_wconf 89' lang='lat' dir='ltr'>in</span> <span class='ocrx_word' id='word_1_707' title='bbox 2174 4241 2360 4296; x_wconf 88' lang='lat' dir='ltr'>opere,</span> <span class='ocrx_word' id='word_1_708' title='bbox 2394 4226 2590 4297; x_wconf 87' lang='lat' dir='ltr'>quinta</span> <span class='ocrx_word' id='word_1_709' title='bbox 2616 4227 2674 4281; x_wconf 93' lang='lat' dir='ltr'>in</span> <span class='ocrx_word' id='word_1_710' title='bbox 2705 4229 2928 4284; x_wconf 88' lang='lat' dir='ltr'>virtute.</span> 
     </span>
    </p>
   </div>
   <div class='ocr_carea' id='block_1_88' title="bbox 1947 4311 3460 4393">
    <p class='ocr_par' dir='ltr' id='par_1_88' title="bbox 1947 4311 3460 4393">
     <span class='ocr_line' id='line_1_88' title="bbox 1947 4311 3460 4393; baseline 0.009 -27"><span class='ocrx_word' id='word_1_711' title='bbox 1947 4311 2078 4367; x_wconf 89' lang='lat' dir='ltr'>Tria</span> <span class='ocrx_word' id='word_1_712' title='bbox 2096 4313 2256 4368; x_wconf 89' lang='lat' dir='ltr'>nobis</span> <span class='ocrx_word' id='word_1_713' title='bbox 2267 4313 2494 4370; x_wconf 76' lang='lat' dir='ltr'>obstant</span> <span class='ocrx_word' id='word_1_714' title='bbox 2510 4317 2743 4372; x_wconf 78' lang='lat' dir='ltr'>flumina</span> <span class='ocrx_word' id='word_1_715' title='bbox 2758 4333 2772 4372; x_wconf 89' lang='lat'>:</span> <span class='ocrx_word' id='word_1_716' title='bbox 2789 4317 3054 4374; x_wconf 86' lang='lat' dir='ltr'>stimulus</span> <span class='ocrx_word' id='word_1_717' title='bbox 3067 4320 3460 4393; x_wconf 81' lang='lat' dir='ltr'>cupiditatum,</span> 
     </span>
    </p>
   </div>
   <div class='ocr_carea' id='block_1_89' title="bbox 1871 4404 3469 4480">
    <p class='ocr_par' dir='ltr' id='par_1_89' title="bbox 1871 4404 3469 4480">
     <span class='ocr_line' id='line_1_89' title="bbox 1871 4404 3469 4480; baseline 0.003 -20"><span class='ocrx_word' id='word_1_718' title='bbox 1871 4406 1966 4478; x_wconf 90' lang='lat' dir='ltr'>qui</span> <span class='ocrx_word' id='word_1_719' title='bbox 1985 4404 2179 4470; x_wconf 84' lang='lat' dir='ltr'>alluit;</span> <span class='ocrx_word' id='word_1_720' title='bbox 2212 4404 2470 4458; x_wconf 91' lang='lat' dir='ltr'>cumulus</span> <span class='ocrx_word' id='word_1_721' title='bbox 2489 4405 2887 4472; x_wconf 90' lang='lat' dir='ltr'>tentationum,</span> <span class='ocrx_word' id='word_1_722' title='bbox 2905 4407 3002 4478; x_wconf 83' lang='lat' dir='ltr'>qui</span> <span class='ocrx_word' id='word_1_723' title='bbox 3030 4409 3310 4480; x_wconf 83' lang='lat' dir='ltr'>suggerit;</span> <span class='ocrx_word' id='word_1_724' title='bbox 3339 4426 3469 4468; x_wconf 84' lang='lat' dir='ltr'>acu-</span> 
     </span>
    </p>
   </div>
   <div class='ocr_carea' id='block_1_90' title="bbox 183 4493 3467 4565">
    <p class='ocr_par' dir='ltr' id='par_1_90' title="bbox 183 4493 3467 4565">
     <span class='ocr_line' id='line_1_90' title="bbox 183 4493 3467 4565; baseline 0.002 -15"><span class='ocrx_word' id='word_1_725' title='bbox 183 4496 331 4550; x_wconf 85' lang='lat' dir='ltr'>rium</span> <span class='ocrx_word' id='word_1_726' title='bbox 362 4499 574 4550; x_wconf 66' lang='lat' dir='ltr'>sanctae</span> <span class='ocrx_word' id='word_1_727' title='bbox 604 4494 862 4549; x_wconf 71' lang='lat' dir='ltr'>Ecclesiae</span> <span class='ocrx_word' id='word_1_728' title='bbox 875 4493 1180 4549; x_wconf 90' lang='lat' dir='ltr'>auditurin</span> <span class='ocrx_word' id='word_1_729' title='bbox 1201 4494 1412 4548; x_wconf 68' lang='lat' dir='ltr'>caelesti</span> <span class='ocrx_word' id='word_1_730' title='bbox 1426 4493 1628 4565; x_wconf 87' lang='lat' dir='ltr'>patria.</span> <span class='ocrx_word' id='word_1_731' title='bbox 1658 4495 1856 4558; x_wconf 88' lang='lat' dir='ltr'>Tur-D</span> <span class='ocrx_word' id='word_1_732' title='bbox 1874 4497 1994 4549; x_wconf 92' lang='lat' dir='ltr'>leus</span> <span class='ocrx_word' id='word_1_733' title='bbox 2023 4493 2431 4559; x_wconf 87' lang='lat' dir='ltr'>molestiarum,</span> <span class='ocrx_word' id='word_1_734' title='bbox 2465 4493 2560 4564; x_wconf 90' lang='lat' dir='ltr'>qui</span> <span class='ocrx_word' id='word_1_735' title='bbox 2582 4495 2798 4565; x_wconf 84' lang='lat' dir='ltr'>pungit.</span> <span class='ocrx_word' id='word_1_736' title='bbox 2833 4493 3106 4562; x_wconf 87' lang='lat' dir='ltr'>Primum,</span> <span class='ocrx_word' id='word_1_737' title='bbox 3130 4497 3284 4553; x_wconf 90' lang='lat' dir='ltr'>velut</span> <span class='ocrx_word' id='word_1_738' title='bbox 3310 4515 3467 4556; x_wconf 88' lang='lat' dir='ltr'>mare</span> 
     </span>
    </p>
   </div>
   <div class='ocr_carea' id='block_1_91' title="bbox 187 4583 1784 4654">
    <p class='ocr_par' dir='ltr' id='par_1_91' title="bbox 187 4583 1784 4654">
     <span class='ocr_line' id='line_1_91' title="bbox 187 4583 1784 4654; baseline 0 -18"><span class='ocrx_word' id='word_1_739' title='bbox 187 4589 301 4652; x_wconf 83' lang='lat' dir='ltr'>tur,</span> <span class='ocrx_word' id='word_1_740' title='bbox 324 4584 558 4640; x_wconf 87' lang='lat' dir='ltr'>dilectio</span> <span class='ocrx_word' id='word_1_741' title='bbox 575 4584 694 4648; x_wconf 87' lang='lat' dir='ltr'>Dei,</span> <span class='ocrx_word' id='word_1_742' title='bbox 725 4589 788 4640; x_wconf 93' lang='lat' dir='ltr'>ut</span> <span class='ocrx_word' id='word_1_743' title='bbox 806 4584 865 4638; x_wconf 91' lang='lat' dir='ltr'>in</span> <span class='ocrx_word' id='word_1_744' title='bbox 895 4583 1100 4638; x_wconf 87' lang='lat' dir='ltr'>Genesi</span> <span class='ocrx_word' id='word_1_745' title='bbox 1131 4601 1146 4637; x_wconf 87' lang='lat'><strong>:</strong></span> <span class='ocrx_word' id='word_1_746' title='bbox 1184 4604 1206 4634; x_wconf 74' lang='grc' dir='ltr'><strong><em>ι</em></strong></span> <span class='ocrx_word' id='word_1_747' title='bbox 1235 4584 1534 4638; x_wconf 87' lang='lat' dir='ltr'>Turturem</span> <span class='ocrx_word' id='word_1_748' title='bbox 1562 4598 1784 4654; x_wconf 90' lang='lat' dir='ltr'>quoque</span> 
     </span>
    </p>
   </div>
   <div class='ocr_carea' id='block_1_92' title="bbox 187 4670 1782 4743">
    <p class='ocr_par' dir='ltr' id='par_1_92' title="bbox 187 4670 1782 4743">
     <span class='ocr_line' id='line_1_92' title="bbox 187 4670 1782 4743; baseline -0.003 -15"><span class='ocrx_word' id='word_1_749' title='bbox 187 4681 243 4728; x_wconf 91' lang='lat' dir='ltr'>et</span> <span class='ocrx_word' id='word_1_750' title='bbox 266 4672 596 4728; x_wconf 87' lang='lat' dir='ltr'>columbam</span> <span class='ocrx_word' id='word_1_751' title='bbox 609 4673 673 4740; x_wconf 66' lang='lat'>‘3,</span> <span class='ocrx_word' id='word_1_752' title='bbox 704 4693 730 4726; x_wconf 64' lang='grc' dir='ltr'>υ</span> <span class='ocrx_word' id='word_1_753' title='bbox 753 4673 810 4727; x_wconf 92' lang='lat' dir='ltr'><strong>id</strong></span> <span class='ocrx_word' id='word_1_754' title='bbox 829 4679 930 4737; x_wconf 91' lang='lat' dir='ltr'>est,</span> <span class='ocrx_word' id='word_1_755' title='bbox 946 4673 1302 4728; x_wconf 85' lang='lat' dir='ltr'>dilectionem</span> <span class='ocrx_word' id='word_1_756' title='bbox 1322 4673 1424 4727; x_wconf 90' lang='lat' dir='ltr'>Dei</span> <span class='ocrx_word' id='word_1_757' title='bbox 1444 4678 1502 4726; x_wconf 92' lang='lat' dir='ltr'>et</span> <span class='ocrx_word' id='word_1_758' title='bbox 1526 4670 1782 4743; x_wconf 85' lang='lat' dir='ltr'>proximi.</span> 
     </span>
    </p>
   </div>
   <div class='ocr_carea' id='block_1_93' title="bbox 194 4761 1786 4829">
    <p class='ocr_par' dir='ltr' id='par_1_93' title="bbox 194 4761 1786 4829">
     <span class='ocr_line' id='line_1_93' title="bbox 194 4761 1786 4829; baseline -0.003 -11"><span class='ocrx_word' id='word_1_759' title='bbox 194 4764 432 4829; x_wconf 76' lang='lat' dir='ltr'>Turtur,</span> <span class='ocrx_word' id='word_1_760' title='bbox 453 4779 584 4818; x_wconf 87' lang='lat' dir='ltr'>caro</span> <span class='ocrx_word' id='word_1_761' title='bbox 601 4763 865 4828; x_wconf 88' lang='lat' dir='ltr'>hominis,</span> <span class='ocrx_word' id='word_1_762' title='bbox 891 4767 956 4817; x_wconf 91' lang='lat' dir='ltr'>ut</span> <span class='ocrx_word' id='word_1_763' title='bbox 968 4780 1028 4817; x_wconf 83' lang='lat' dir='ltr'>in</span> <span class='ocrx_word' id='word_1_764' title='bbox 1057 4762 1299 4817; x_wconf 87' lang='lat' dir='ltr'>Psalmis</span> <span class='ocrx_word' id='word_1_765' title='bbox 1322 4781 1333 4816; x_wconf 92' lang='lat'><strong>:</strong></span> <span class='ocrx_word' id='word_1_766' title='bbox 1363 4781 1386 4814; x_wconf 71' lang='grc' dir='ltr'>ι</span> <span class='ocrx_word' id='word_1_767' title='bbox 1407 4762 1476 4816; x_wconf 90' lang='lat' dir='ltr'>Et</span> <span class='ocrx_word' id='word_1_768' title='bbox 1493 4765 1684 4815; x_wconf 86' lang='lat' dir='ltr'>turtur</span> <span class='ocrx_word' id='word_1_769' title='bbox 1697 4761 1786 4814; x_wconf 91' lang='lat' dir='ltr'>ni-</span> 
     </span>
    </p>
   </div>
   <div class='ocr_carea' id='block_1_94' title="bbox 189 4849 1787 4922">
    <p class='ocr_par' dir='ltr' id='par_1_94' title="bbox 189 4849 1787 4922">
     <span class='ocr_line' id='line_1_94' title="bbox 189 4849 1787 4922; baseline 0 -17"><span class='ocrx_word' id='word_1_770' title='bbox 189 4851 320 4908; x_wconf 89' lang='lat' dir='ltr'>dum</span> <span class='ocrx_word' id='word_1_771' title='bbox 351 4852 464 4908; x_wconf 88' lang='lat' dir='ltr'>sibi</span> <span class='ocrx_word' id='word_1_772' title='bbox 483 4852 547 4917; x_wconf 72' lang='grc' dir='ltr'>ίτ,</span> <span class='ocrx_word' id='word_1_773' title='bbox 584 4871 610 4904; x_wconf 73' lang='grc' dir='ltr'><strong>ι)</strong></span> <span class='ocrx_word' id='word_1_774' title='bbox 640 4852 698 4906; x_wconf 92' lang='lat' dir='ltr'><strong>id</strong></span> <span class='ocrx_word' id='word_1_775' title='bbox 739 4857 843 4916; x_wconf 91' lang='lat' dir='ltr'>est,</span> <span class='ocrx_word' id='word_1_776' title='bbox 875 4869 1005 4908; x_wconf 89' lang='lat' dir='ltr'>caro</span> <span class='ocrx_word' id='word_1_777' title='bbox 1041 4857 1235 4906; x_wconf 87' lang='lat' dir='ltr'>nostra</span> <span class='ocrx_word' id='word_1_778' title='bbox 1271 4868 1426 4922; x_wconf 86' lang='lat' dir='ltr'>spem</span> <span class='ocrx_word' id='word_1_779' title='bbox 1467 4850 1696 4916; x_wconf 84' lang='lat' dir='ltr'>invenit,</span> <span class='ocrx_word' id='word_1_780' title='bbox 1727 4849 1787 4905; x_wconf 88' lang='lat' dir='ltr'>in</span> 
     </span>
    </p>
   </div>
   <div class='ocr_carea' id='block_1_95' title="bbox 193 4938 1793 5013">
    <p class='ocr_par' dir='ltr' id='par_1_95' title="bbox 193 4938 1793 5013">
     <span class='ocr_line' id='line_1_95' title="bbox 193 4938 1793 5013; baseline -0.002 -17"><span class='ocrx_word' id='word_1_781' title='bbox 193 4955 299 5013; x_wconf 81' lang='lat' dir='ltr'>qua</span> <span class='ocrx_word' id='word_1_782' title='bbox 325 4941 518 4996; x_wconf 88' lang='lat' dir='ltr'>foveat</span> <span class='ocrx_word' id='word_1_783' title='bbox 536 4947 694 4996; x_wconf 88' lang='lat' dir='ltr'>actus</span> <span class='ocrx_word' id='word_1_784' title='bbox 721 4955 871 4996; x_wconf 89' lang='lat' dir='ltr'>suos.</span> <span class='ocrx_word' id='word_1_785' title='bbox 907 4943 1139 5007; x_wconf 86' lang='lat' dir='ltr'>Turtur,</span> <span class='ocrx_word' id='word_1_786' title='bbox 1153 4946 1396 4995; x_wconf 87' lang='lat' dir='ltr'>secretas</span> <span class='ocrx_word' id='word_1_787' title='bbox 1415 4938 1793 5010; x_wconf 87' lang='lat' dir='ltr'>campunctio-</span> 
     </span>
    </p>
   </div>
   <div class='ocr_carea' id='block_1_96' title="bbox 191 5029 1792 5098">
    <p class='ocr_par' dir='ltr' id='par_1_96' title="bbox 191 5029 1792 5098">
     <span class='ocr_line' id='line_1_96' title="bbox 191 5029 1792 5098; baseline -0.001 -14"><span class='ocrx_word' id='word_1_788' title='bbox 191 5045 308 5098; x_wconf 85' lang='lat' dir='ltr'>nes,</span> <span class='ocrx_word' id='word_1_789' title='bbox 335 5035 406 5086; x_wconf 85' lang='lat' dir='ltr'>ut</span> <span class='ocrx_word' id='word_1_790' title='bbox 425 5029 745 5085; x_wconf 87' lang='lat' dir='ltr'>inLevitico</span> <span class='ocrx_word' id='word_1_791' title='bbox 778 5047 791 5083; x_wconf 94' lang='lat'>:</span> <span class='ocrx_word' id='word_1_792' title='bbox 829 5050 852 5082; x_wconf 79' lang='grc' dir='ltr'>ι</span> <span class='ocrx_word' id='word_1_793' title='bbox 889 5030 1103 5086; x_wconf 84' lang='lat' dir='ltr'>Otl&#39;erat</span> <span class='ocrx_word' id='word_1_794' title='bbox 1131 5030 1272 5084; x_wconf 92' lang='lat' dir='ltr'>duos</span> <span class='ocrx_word' id='word_1_795' title='bbox 1313 5034 1582 5096; x_wconf 86' lang='lat' dir='ltr'>turtures,</span> <span class='ocrx_word' id='word_1_796' title='bbox 1614 5045 1792 5083; x_wconf 92' lang='lat' dir='ltr'>unum</span> 
     </span>
    </p>
   </div>
   <div class='ocr_carea' id='block_1_97' title="bbox 193 5119 1794 5192">
    <p class='ocr_par' dir='ltr' id='par_1_97' title="bbox 193 5119 1794 5192">
     <span class='ocr_line' id='line_1_97' title="bbox 193 5119 1794 5192; baseline -0.001 -19"><span class='ocrx_word' id='word_1_797' title='bbox 193 5134 292 5190; x_wconf 91' lang='lat' dir='ltr'>pro</span> <span class='ocrx_word' id='word_1_798' title='bbox 317 5124 572 5192; x_wconf 87' lang='lat' dir='ltr'>peccato,</span> <span class='ocrx_word' id='word_1_799' title='bbox 605 5119 844 5175; x_wconf 82' lang='lat' dir='ltr'>alterum</span> <span class='ocrx_word' id='word_1_800' title='bbox 875 5135 976 5190; x_wconf 88' lang='lat' dir='ltr'>pro</span> <span class='ocrx_word' id='word_1_801' title='bbox 1007 5119 1210 5174; x_wconf 91' lang='lat' dir='ltr'>dilecto</span> <span class='ocrx_word' id='word_1_802' title='bbox 1228 5119 1293 5185; x_wconf 64' lang='grc'>1⁸,</span> <span class='ocrx_word' id='word_1_803' title='bbox 1320 5136 1347 5172; x_wconf 73' lang='grc' dir='ltr'><strong>ι</strong></span> <span class='ocrx_word' id='word_1_804' title='bbox 1387 5119 1444 5173; x_wconf 91' lang='lat' dir='ltr'>id</span> <span class='ocrx_word' id='word_1_805' title='bbox 1475 5123 1578 5185; x_wconf 91' lang='lat' dir='ltr'>est,</span> <span class='ocrx_word' id='word_1_806' title='bbox 1613 5119 1794 5174; x_wconf 89' lang='lat' dir='ltr'>occul-</span> 
     </span>
    </p>
   </div>
   <div class='ocr_carea' id='block_1_98' title="bbox 1869 4582 3470 4657">
    <p class='ocr_par' dir='ltr' id='par_1_98' title="bbox 1869 4582 3470 4657">
     <span class='ocr_line' id='line_1_98' title="bbox 1869 4582 3470 4657; baseline 0.004 -19"><span class='ocrx_word' id='word_1_807' title='bbox 1869 4588 1927 4638; x_wconf 91' lang='lat' dir='ltr'>et</span> <span class='ocrx_word' id='word_1_808' title='bbox 1953 4585 2336 4652; x_wconf 86' lang='lat' dir='ltr'>tempestuose</span> <span class='ocrx_word' id='word_1_809' title='bbox 2380 4582 2732 4637; x_wconf 89' lang='lat' dir='ltr'>tumultuans</span> <span class='ocrx_word' id='word_1_810' title='bbox 2781 4584 3013 4638; x_wconf 88' lang='lat' dir='ltr'>tumidis</span> <span class='ocrx_word' id='word_1_811' title='bbox 3042 4589 3101 4639; x_wconf 90' lang='lat' dir='ltr'>et</span> <span class='ocrx_word' id='word_1_812' title='bbox 3145 4587 3470 4657; x_wconf 84' lang='lat' dir='ltr'>procellosis</span> 
     </span>
    </p>
   </div>
   <div class='ocr_carea' id='block_1_99' title="bbox 1868 4669 3469 4744">
    <p class='ocr_par' dir='ltr' id='par_1_99' title="bbox 1868 4669 3469 4744">
     <span class='ocr_line' id='line_1_99' title="bbox 1868 4669 3469 4744; baseline 0.005 -18"><span class='ocrx_word' id='word_1_813' title='bbox 1868 4671 2274 4741; x_wconf 87' lang='lat' dir='ltr'>cogitationum</span> <span class='ocrx_word' id='word_1_814' title='bbox 2311 4669 2479 4724; x_wconf 87' lang='lat' dir='ltr'>undis</span> <span class='ocrx_word' id='word_1_815' title='bbox 2508 4670 2936 4740; x_wconf 84' lang='lat' dir='ltr'>circumfluens;</span> <span class='ocrx_word' id='word_1_816' title='bbox 2970 4674 3320 4744; x_wconf 57' lang='lat' dir='ltr'>secundum,</span> <span class='ocrx_word' id='word_1_817' title='bbox 3339 4682 3469 4734; x_wconf 82' lang='lat' dir='ltr'>tau-</span> 
     </span>
    </p>
   </div>
   <div class='ocr_carea' id='block_1_100' title="bbox 1869 4757 3472 4832">
    <p class='ocr_par' dir='ltr' id='par_1_100' title="bbox 1869 4757 3472 4832">
     <span class='ocr_line' id='line_1_100' title="bbox 1869 4757 3472 4832; baseline 0.006 -18"><span class='ocrx_word' id='word_1_818' title='bbox 1869 4777 2038 4832; x_wconf 89' lang='lat' dir='ltr'>quam</span> <span class='ocrx_word' id='word_1_819' title='bbox 2067 4757 2327 4814; x_wconf 86' lang='lat' dir='ltr'>Jordanis</span> <span class='ocrx_word' id='word_1_820' title='bbox 2349 4759 2491 4814; x_wconf 83' lang='lat' dir='ltr'>alvei</span> <span class='ocrx_word' id='word_1_821' title='bbox 2524 4760 2612 4814; x_wconf 90' lang='lat' dir='ltr'>sui</span> <span class='ocrx_word' id='word_1_822' title='bbox 2641 4767 2820 4816; x_wconf 89' lang='lat' dir='ltr'>metas</span> <span class='ocrx_word' id='word_1_823' title='bbox 2849 4762 3138 4832; x_wconf 86' lang='lat' dir='ltr'>excedens,</span> <span class='ocrx_word' id='word_1_824' title='bbox 3176 4770 3234 4820; x_wconf 89' lang='lat' dir='ltr'>et</span> <span class='ocrx_word' id='word_1_825' title='bbox 3259 4772 3472 4824; x_wconf 70' lang='lat' dir='ltr'>terram</span> 
     </span>
    </p>
   </div>
   <div class='ocr_carea' id='block_1_101' title="bbox 1869 4848 3508 4925">
    <p class='ocr_par' dir='ltr' id='par_1_101' title="bbox 1869 4848 3508 4925">
     <span class='ocr_line' id='line_1_101' title="bbox 1869 4848 3508 4925; baseline 0.007 -23"><span class='ocrx_word' id='word_1_826' title='bbox 1869 4849 2052 4904; x_wconf 86' lang='lat' dir='ltr'>cordis</span> <span class='ocrx_word' id='word_1_827' title='bbox 2097 4848 2277 4904; x_wconf 90' lang='lat' dir='ltr'>nostri</span> <span class='ocrx_word' id='word_1_828' title='bbox 2331 4849 2632 4904; x_wconf 91' lang='lat' dir='ltr'>transitum</span> <span class='ocrx_word' id='word_1_829' title='bbox 2672 4851 2929 4921; x_wconf 86' lang='lat' dir='ltr'>neganda</span> <span class='ocrx_word' id='word_1_830' title='bbox 2975 4853 3212 4911; x_wconf 89' lang='lat' dir='ltr'>obruere</span> <span class='ocrx_word' id='word_1_831' title='bbox 3244 4857 3470 4925; x_wconf 86' lang='lat' dir='ltr'>volens;</span> <span class='ocrx_word' id='word_1_832' title='bbox 3501 4904 3508 4912; x_wconf 94' lang='lat'>.</span> 
     </span>
    </p>
   </div>
   <div class='ocr_carea' id='block_1_102' title="bbox 1875 4937 3478 5018">
    <p class='ocr_par' dir='ltr' id='par_1_102' title="bbox 1875 4937 3478 5018">
     <span class='ocr_line' id='line_1_102' title="bbox 1875 4937 3478 5018; baseline 0.006 -25"><span class='ocrx_word' id='word_1_833' title='bbox 1875 4938 2128 5004; x_wconf 89' lang='lat' dir='ltr'>tertium,</span> <span class='ocrx_word' id='word_1_834' title='bbox 2161 4943 2226 4991; x_wconf 90' lang='lat' dir='ltr'>ut</span> <span class='ocrx_word' id='word_1_835' title='bbox 2273 4937 2383 4992; x_wconf 85' lang='lat' dir='ltr'>iter</span> <span class='ocrx_word' id='word_1_836' title='bbox 2423 4939 2683 4995; x_wconf 90' lang='lat' dir='ltr'>Jordanis</span> <span class='ocrx_word' id='word_1_837' title='bbox 2725 4941 2923 4996; x_wconf 76' lang='lat' dir='ltr'>Elissac</span> <span class='ocrx_word' id='word_1_838' title='bbox 2978 4959 3273 5001; x_wconf 90' lang='lat' dir='ltr'>occurrens</span> <span class='ocrx_word' id='word_1_839' title='bbox 3310 4945 3478 5018; x_wconf 87' lang='lat' dir='ltr'>eique</span> 
     </span>
    </p>
   </div>
   <div class='ocr_carea' id='block_1_103' title="bbox 1874 5025 3474 5106">
    <p class='ocr_par' dir='ltr' id='par_1_103' title="bbox 1874 5025 3474 5106">
     <span class='ocr_line' id='line_1_103' title="bbox 1874 5025 3474 5106; baseline 0.004 -24"><span class='ocrx_word' id='word_1_840' title='bbox 1874 5026 2177 5082; x_wconf 71' lang='lat' dir='ltr'>transitum</span> <span class='ocrx_word' id='word_1_841' title='bbox 2193 5025 2498 5097; x_wconf 88' lang='lat' dir='ltr'>abnegans.</span> <span class='ocrx_word' id='word_1_842' title='bbox 2513 5027 2688 5084; x_wconf 91' lang='lat' dir='ltr'>Primi</span> <span class='ocrx_word' id='word_1_843' title='bbox 2707 5047 2883 5102; x_wconf 90' lang='lat' dir='ltr'>aquas</span> <span class='ocrx_word' id='word_1_844' title='bbox 2897 5031 3085 5088; x_wconf 86' lang='lat' dir='ltr'>divisit</span> <span class='ocrx_word' id='word_1_845' title='bbox 3097 5033 3255 5105; x_wconf 89' lang='lat' dir='ltr'>virga</span> <span class='ocrx_word' id='word_1_846' title='bbox 3273 5034 3474 5106; x_wconf 81' lang='lat' dir='ltr'>Moysi,</span> 
     </span>
    </p>
   </div>
   <div class='ocr_carea' id='block_1_104' title="bbox 1876 5114 3472 5192">
    <p class='ocr_par' dir='ltr' id='par_1_104' title="bbox 1876 5114 3472 5192">
     <span class='ocr_line' id='line_1_104' title="bbox 1876 5114 3472 5192; baseline 0.006 -21"><span class='ocrx_word' id='word_1_847' title='bbox 1876 5117 2139 5173; x_wconf 80' lang='lat' dir='ltr'>discretio</span> <span class='ocrx_word' id='word_1_848' title='bbox 2164 5114 2423 5171; x_wconf 90' lang='lat' dir='ltr'>videlicet</span> <span class='ocrx_word' id='word_1_849' title='bbox 2443 5117 2645 5187; x_wconf 89' lang='lat' dir='ltr'>judicii</span> <span class='ocrx_word' id='word_1_850' title='bbox 2665 5138 2679 5187; x_wconf 86' lang='lat'>;</span> <span class='ocrx_word' id='word_1_851' title='bbox 2699 5121 2950 5187; x_wconf 88' lang='lat' dir='ltr'>secundi,</span> <span class='ocrx_word' id='word_1_852' title='bbox 2968 5137 3099 5177; x_wconf 87' lang='lat' dir='ltr'>arca</span> <span class='ocrx_word' id='word_1_853' title='bbox 3119 5123 3472 5192; x_wconf 70' lang='lat' dir='ltr'>testamenti,</span> 
     </span>
    </p>
   </div>
   <div class='ocr_carea' id='block_1_105' title="bbox 262 5241 3474 5316">
    <p class='ocr_par' dir='ltr' id='par_1_105' title="bbox 262 5241 3474 5316">
     <span class='ocr_line' id='line_1_105' title="bbox 262 5241 3474 5316; baseline 0.001 -16"><span class='ocrx_word' id='word_1_854' title='bbox 262 5245 280 5279; x_wconf 83' lang='grc'>¹</span> <span class='ocrx_word' id='word_1_855' title='bbox 307 5245 462 5300; x_wconf 88' lang='lat' dir='ltr'>Psal.</span> <span class='ocrx_word' id='word_1_856' title='bbox 496 5259 647 5316; x_wconf 71' lang='lat' dir='ltr'>xmy,</span> <span class='ocrx_word' id='word_1_857' title='bbox 676 5244 730 5298; x_wconf 87' lang='lat'>7.</span> <span class='ocrx_word' id='word_1_858' title='bbox 753 5243 776 5278; x_wconf 85' lang='grc'>²</span> <span class='ocrx_word' id='word_1_859' title='bbox 799 5245 942 5300; x_wconf 84' lang='lat' dir='ltr'>Dan.</span> <span class='ocrx_word' id='word_1_860' title='bbox 967 5260 1066 5312; x_wconf 86' lang='lat' dir='ltr'>v11,</span> <span class='ocrx_word' id='word_1_861' title='bbox 1091 5246 1145 5301; x_wconf 93' lang='lat'>9.</span> <span class='ocrx_word' id='word_1_862' title='bbox 1173 5243 1198 5279; x_wconf 78' lang='grc'>³</span> <span class='ocrx_word' id='word_1_863' title='bbox 1227 5245 1373 5300; x_wconf 88' lang='lat' dir='ltr'>Psal.</span> <span class='ocrx_word' id='word_1_864' title='bbox 1400 5259 1474 5310; x_wconf 80' lang='lat' dir='ltr'>Ix,</span> <span class='ocrx_word' id='word_1_865' title='bbox 1505 5243 1611 5316; x_wconf 15' lang='lat'>5.7‘</span> <span class='ocrx_word' id='word_1_866' title='bbox 1635 5244 1775 5299; x_wconf 87' lang='lat' dir='ltr'>Joel.</span> <span class='ocrx_word' id='word_1_867' title='bbox 1811 5258 1872 5311; x_wconf 80' lang='grc' dir='ltr'>ιι,</span> <span class='ocrx_word' id='word_1_868' title='bbox 1895 5245 1950 5310; x_wconf 84' lang='grc'>1,</span> <span class='ocrx_word' id='word_1_869' title='bbox 1981 5243 2070 5300; x_wconf 80' lang='grc'>15.</span> <span class='ocrx_word' id='word_1_870' title='bbox 2101 5242 2125 5276; x_wconf 81' lang='grc'>⁵</span> <span class='ocrx_word' id='word_1_871' title='bbox 2155 5243 2472 5316; x_wconf 59' lang='lat' dir='ltr'>lobxxxrx,</span> <span class='ocrx_word' id='word_1_872' title='bbox 2501 5241 2646 5316; x_wconf 22' lang='lat'>27.76</span> <span class='ocrx_word' id='word_1_873' title='bbox 2671 5243 2871 5316; x_wconf 74' lang='lat' dir='ltr'>Matth.</span> <span class='ocrx_word' id='word_1_874' title='bbox 2907 5258 2984 5311; x_wconf 79' lang='lat' dir='ltr'>v1,</span> <span class='ocrx_word' id='word_1_875' title='bbox 3017 5243 3070 5316; x_wconf 86' lang='lat'>2.</span> <span class='ocrx_word' id='word_1_876' title='bbox 3102 5245 3124 5281; x_wconf 79' lang='grc'>⁷</span> <span class='ocrx_word' id='word_1_877' title='bbox 3147 5245 3318 5316; x_wconf 84' lang='lat' dir='ltr'>Num.</span> <span class='ocrx_word' id='word_1_878' title='bbox 3346 5245 3474 5316; x_wconf 83' lang='lat' dir='ltr'>x,2.</span> 
     </span>
    </p>
   </div>
   <div class='ocr_carea' id='block_1_106' title="bbox 196 5313 1781 5388">
    <p class='ocr_par' dir='ltr' id='par_1_106' title="bbox 196 5314 1781 5388">
     <span class='ocr_line' id='line_1_106' title="bbox 196 5314 1781 5388; baseline -0.015 1"><span class='ocrx_word' id='word_1_879' title='bbox 196 5314 427 5388; x_wconf 30' lang='lat' dir='ltr'>{Iudic-</span> <span class='ocrx_word' id='word_1_880' title='bbox 454 5330 557 5383; x_wconf 65' lang='grc' dir='ltr'>νη,</span> <span class='ocrx_word' id='word_1_881' title='bbox 582 5314 677 5388; x_wconf 64' lang='grc'>29;</span> <span class='ocrx_word' id='word_1_882' title='bbox 699 5316 723 5350; x_wconf 81' lang='grc'>⁹</span> <span class='ocrx_word' id='word_1_883' title='bbox 749 5317 878 5372; x_wconf 88' lang='lat' dir='ltr'>Lev.</span> <span class='ocrx_word' id='word_1_884' title='bbox 913 5331 1024 5384; x_wconf 79' lang='lat' dir='ltr'>XVI,</span> <span class='ocrx_word' id='word_1_885' title='bbox 1057 5317 1110 5371; x_wconf 78' lang='grc'><strong>4.</strong></span> <span class='ocrx_word' id='word_1_886' title='bbox 1143 5317 1189 5352; x_wconf 86' lang='grc'>¹⁰</span> <span class='ocrx_word' id='word_1_887' title='bbox 1215 5319 1374 5371; x_wconf 86' lang='lat' dir='ltr'>Joan.</span> <span class='ocrx_word' id='word_1_888' title='bbox 1409 5329 1521 5382; x_wconf 75' lang='lat' dir='ltr'>XIX,</span> <span class='ocrx_word' id='word_1_889' title='bbox 1553 5315 1642 5388; x_wconf 72' lang='lat'>23.</span> <span class='ocrx_word' id='word_1_890' title='bbox 1669 5316 1711 5351; x_wconf 86' lang='grc'>¹¹</span> <span class='ocrx_word' id='word_1_891' title='bbox 1732 5316 1781 5388; x_wconf 20' lang='lat' dir='ltr'>iG</span> 
     </span>
    </p>
   </div>
   <div class='ocr_carea' id='block_1_107' title="bbox 1880 5313 3469 5388">
    <p class='ocr_par' dir='ltr' id='par_1_107' title="bbox 1880 5313 3469 5388">
     <span class='ocr_line' id='line_1_107' title="bbox 1880 5313 3469 5388; baseline 0.005 -20"><span class='ocrx_word' id='word_1_892' title='bbox 1880 5329 2121 5388; x_wconf 15' lang='lat' dir='ltr'>.rxxxvn,</span> <span class='ocrx_word' id='word_1_893' title='bbox 2153 5313 2206 5369; x_wconf 90' lang='lat'>3.</span> <span class='ocrx_word' id='word_1_894' title='bbox 2231 5314 2277 5388; x_wconf 56' lang='grc' dir='ltr'>ξ’</span> <span class='ocrx_word' id='word_1_895' title='bbox 2305 5316 2467 5388; x_wconf 77' lang='lat' dir='ltr'>Cant.</span> <span class='ocrx_word' id='word_1_896' title='bbox 2496 5329 2550 5381; x_wconf 91' lang='lat' dir='ltr'>v,</span> <span class='ocrx_word' id='word_1_897' title='bbox 2580 5315 2714 5388; x_wconf 54' lang='lat'>3.}3</span> <span class='ocrx_word' id='word_1_898' title='bbox 2743 5317 2873 5388; x_wconf 70' lang='lat' dir='ltr'>.Iud.</span> <span class='ocrx_word' id='word_1_899' title='bbox 2906 5333 2956 5371; x_wconf 88' lang='grc' dir='ltr'><strong>υ.</strong></span> <span class='ocrx_word' id='word_1_900' title='bbox 2989 5314 3081 5372; x_wconf 85' lang='lat'>23.</span> <span class='ocrx_word' id='word_1_901' title='bbox 3114 5315 3159 5353; x_wconf 84' lang='grc'>¹⁴</span> <span class='ocrx_word' id='word_1_902' title='bbox 3183 5313 3469 5388; x_wconf 57' lang='lat' dir='ltr'>Mettium</span> 
     </span>
    </p>
   </div>
   <div class='ocr_carea' id='block_1_108' title="bbox 195 5384 1781 5455">
    <p class='ocr_par' dir='ltr' id='par_1_108' title="bbox 195 5384 1781 5454">
     <span class='ocr_line' id='line_1_108' title="bbox 195 5384 1781 5454; baseline 0 -14"><span class='ocrx_word' id='word_1_903' title='bbox 195 5385 264 5440; x_wconf 74' lang='grc'>49</span> <span class='ocrx_word' id='word_1_904' title='bbox 291 5406 305 5454; x_wconf 85' lang='lat'>;</span> <span class='ocrx_word' id='word_1_905' title='bbox 334 5388 468 5444; x_wconf 88' lang='lat' dir='ltr'>Luc.</span> <span class='ocrx_word' id='word_1_906' title='bbox 502 5401 581 5453; x_wconf 80' lang='lat' dir='ltr'>v1,</span> <span class='ocrx_word' id='word_1_907' title='bbox 613 5384 703 5443; x_wconf 87' lang='lat'>29.</span> <span class='ocrx_word' id='word_1_908' title='bbox 739 5387 782 5423; x_wconf 86' lang='grc'>¹⁵</span> <span class='ocrx_word' id='word_1_909' title='bbox 822 5390 984 5443; x_wconf 91' lang='lat' dir='ltr'>Cant.</span> <span class='ocrx_word' id='word_1_910' title='bbox 1014 5403 1075 5454; x_wconf 84' lang='lat' dir='ltr'>Il,</span> <span class='ocrx_word' id='word_1_911' title='bbox 1108 5389 1197 5443; x_wconf 80' lang='grc'>12.</span> <span class='ocrx_word' id='word_1_912' title='bbox 1226 5388 1271 5422; x_wconf 76' lang='grc'>¹⁶</span> <span class='ocrx_word' id='word_1_913' title='bbox 1303 5389 1442 5442; x_wconf 91' lang='lat' dir='ltr'>Gen.</span> <span class='ocrx_word' id='word_1_914' title='bbox 1477 5403 1566 5450; x_wconf 83' lang='lat' dir='ltr'>xv,</span> <span class='ocrx_word' id='word_1_915' title='bbox 1601 5387 1652 5441; x_wconf 90' lang='lat'>9.</span> <span class='ocrx_word' id='word_1_916' title='bbox 1703 5387 1748 5421; x_wconf 82' lang='grc'>¹⁷</span> <span class='ocrx_word' id='word_1_917' title='bbox 1779 5388 1781 5440; x_wconf 75' lang='grc' dir='ltr'><strong>ἶ</strong></span> 
     </span>
    </p>
   </div>
   <div class='ocr_carea' id='block_1_109' title="bbox 1880 5384 3467 5455">
    <p class='ocr_par' dir='ltr' id='par_1_109' title="bbox 1880 5384 3467 5455">
     <span class='ocr_line' id='line_1_109' title="bbox 1880 5384 3467 5455; baseline 0.004 -15"><span class='ocrx_word' id='word_1_918' title='bbox 1880 5387 1928 5441; x_wconf 66' lang='lat' dir='ltr'>il.</span> <span class='ocrx_word' id='word_1_919' title='bbox 1963 5400 2190 5452; x_wconf 73' lang='lat' dir='ltr'>LXXXIII,</span> <span class='ocrx_word' id='word_1_920' title='bbox 2224 5384 2276 5442; x_wconf 78' lang='grc'><strong>4.</strong></span> <span class='ocrx_word' id='word_1_921' title='bbox 2307 5385 2353 5420; x_wconf 81' lang='grc'>¹⁸</span> <span class='ocrx_word' id='word_1_922' title='bbox 2376 5387 2506 5440; x_wconf 90' lang='lat' dir='ltr'>Lev.</span> <span class='ocrx_word' id='word_1_923' title='bbox 2550 5399 2604 5452; x_wconf 91' lang='lat' dir='ltr'>v,</span> <span class='ocrx_word' id='word_1_924' title='bbox 2640 5385 2693 5440; x_wconf 90' lang='lat'>7.</span> <span class='ocrx_word' id='word_1_925' title='bbox 2736 5387 2783 5421; x_wconf 79' lang='grc'>¹⁰</span> <span class='ocrx_word' id='word_1_926' title='bbox 2826 5389 2990 5443; x_wconf 90' lang='lat' dir='ltr'>Cant.</span> <span class='ocrx_word' id='word_1_927' title='bbox 3024 5402 3124 5455; x_wconf 85' lang='lat' dir='ltr'>vn,</span> <span class='ocrx_word' id='word_1_928' title='bbox 3165 5389 3218 5447; x_wconf 84' lang='grc'><strong>4.</strong></span> <span class='ocrx_word' id='word_1_929' title='bbox 3259 5389 3309 5426; x_wconf 84' lang='grc'>²⁰</span> <span class='ocrx_word' id='word_1_930' title='bbox 3331 5384 3467 5455; x_wconf 72' lang='lat' dir='ltr'>Luc.</span> 
     </span>
    </p>
   </div>
   <div class='ocr_carea' id='block_1_110' title="bbox 198 5453 1781 5531">
    <p class='ocr_par' dir='ltr' id='par_1_110' title="bbox 198 5453 1781 5531">
     <span class='ocr_line' id='line_1_110' title="bbox 198 5453 1781 5531; baseline 0.001 -20"><span class='ocrx_word' id='word_1_931' title='bbox 198 5453 430 5531; x_wconf 40' lang='grc' dir='ltr'>ἐπῇ-28.</span> <span class='ocrx_word' id='word_1_932' title='bbox 457 5459 502 5494; x_wconf 77' lang='grc'>²¹</span> <span class='ocrx_word' id='word_1_933' title='bbox 529 5459 672 5531; x_wconf 86' lang='lat' dir='ltr'>Gen.</span> <span class='ocrx_word' id='word_1_934' title='bbox 700 5474 775 5528; x_wconf 76' lang='lat' dir='ltr'>x1,</span> <span class='ocrx_word' id='word_1_935' title='bbox 802 5465 854 5516; x_wconf 74' lang='grc'><strong>4.</strong></span> <span class='ocrx_word' id='word_1_936' title='bbox 898 5459 944 5494; x_wconf 65' lang='grc'><strong>³⁵</strong></span> <span class='ocrx_word' id='word_1_937' title='bbox 972 5461 1140 5515; x_wconf 90' lang='lat' dir='ltr'>Num.</span> <span class='ocrx_word' id='word_1_938' title='bbox 1177 5474 1290 5526; x_wconf 74' lang='lat' dir='ltr'>xw,</span> <span class='ocrx_word' id='word_1_939' title='bbox 1326 5459 1416 5514; x_wconf 81' lang='grc'><strong>46.</strong></span> <span class='ocrx_word' id='word_1_940' title='bbox 1448 5457 1494 5493; x_wconf 67' lang='grc'>³³</span> <span class='ocrx_word' id='word_1_941' title='bbox 1529 5458 1699 5514; x_wconf 84' lang='lat' dir='ltr'>Exod.</span> 
     </span>
    </p>
   </div>
   <div class='ocr_carea' id='block_1_111' title="bbox 1880 5453 3477 5531">
    <p class='ocr_par' dir='ltr' id='par_1_111' title="bbox 1889 5453 3477 5531">
     <span class='ocr_line' id='line_1_111' title="bbox 1889 5453 3477 5531; baseline 0.004 -19"><span class='ocrx_word' id='word_1_942' title='bbox 1889 5457 1978 5514; x_wconf 88' lang='lat'>29.</span> <span class='ocrx_word' id='word_1_943' title='bbox 2025 5456 2072 5492; x_wconf 78' lang='grc'>²⁴</span> <span class='ocrx_word' id='word_1_944' title='bbox 2095 5459 2266 5529; x_wconf 85' lang='lat' dir='ltr'>Apoc.</span> <span class='ocrx_word' id='word_1_945' title='bbox 2299 5470 2419 5521; x_wconf 78' lang='lat' dir='ltr'>vni,</span> <span class='ocrx_word' id='word_1_946' title='bbox 2445 5455 2497 5512; x_wconf 94' lang='lat'>7.</span> <span class='ocrx_word' id='word_1_947' title='bbox 2545 5455 2592 5490; x_wconf 74' lang='grc'>’⁵</span> <span class='ocrx_word' id='word_1_948' title='bbox 2619 5455 2724 5512; x_wconf 87' lang='lat' dir='ltr'>Job</span> <span class='ocrx_word' id='word_1_949' title='bbox 2748 5472 2860 5526; x_wconf 81' lang='lat' dir='ltr'>x1v,</span> <span class='ocrx_word' id='word_1_950' title='bbox 2894 5460 2946 5515; x_wconf 91' lang='lat'>8.</span> <span class='ocrx_word' id='word_1_951' title='bbox 2977 5457 3027 5496; x_wconf 76' lang='grc' dir='ltr'>³ο</span> <span class='ocrx_word' id='word_1_952' title='bbox 3052 5453 3246 5517; x_wconf 68' lang='lat' dir='ltr'>Alnos.</span> <span class='ocrx_word' id='word_1_953' title='bbox 3289 5475 3390 5531; x_wconf 86' lang='lat' dir='ltr'>vn,</span> <span class='ocrx_word' id='word_1_954' title='bbox 3421 5453 3477 5519; x_wconf 86' lang='lat'>7.</span> 
     </span>
    </p>
   </div>
   <div class='ocr_carea' id='block_1_112' title="bbox 197 5525 686 5592">
    <p class='ocr_par' dir='ltr' id='par_1_112' title="bbox 197 5525 686 5592">
     <span class='ocr_line' id='line_1_112' title="bbox 197 5525 686 5592; baseline -0.002 -7"><span class='ocrx_word' id='word_1_955' title='bbox 197 5525 239 5562; x_wconf 77' lang='grc'><strong>³⁷</strong></span> <span class='ocrx_word' id='word_1_956' title='bbox 268 5529 472 5586; x_wconf 78' lang='lat' dir='ltr'>Matth.</span> <span class='ocrx_word' id='word_1_957' title='bbox 505 5544 570 5592; x_wconf 82' lang='lat' dir='ltr'>II,</span> <span class='ocrx_word' id='word_1_958' title='bbox 597 5528 686 5586; x_wconf 84' lang='lat' dir='ltr'>‘ll.</span> 
     </span>
    </p>
   </div>
   <div class='ocr_carea' id='block_1_113' title="bbox 271 5652 2217 5726">
    <p class='ocr_par' dir='ltr' id='par_1_113' title="bbox 271 5652 2217 5726">
     <span class='ocr_line' id='line_1_113' title="bbox 271 5652 2217 5726; baseline -0.002 -18"><span class='ocrx_word' id='word_1_959' title='bbox 271 5663 298 5693; x_wconf 73' lang='grc'>³</span> <span class='ocrx_word' id='word_1_960' title='bbox 327 5653 460 5709; x_wconf 70' lang='lat' dir='ltr'>Haec</span> <span class='ocrx_word' id='word_1_961' title='bbox 479 5654 552 5710; x_wconf 90' lang='lat' dir='ltr'>ad</span> <span class='ocrx_word' id='word_1_962' title='bbox 572 5657 958 5724; x_wconf 72' lang='lat' dir='ltr'>paenitentiam</span> <span class='ocrx_word' id='word_1_963' title='bbox 988 5654 1175 5726; x_wconf 91' lang='lat' dir='ltr'>potius</span> <span class='ocrx_word' id='word_1_964' title='bbox 1204 5653 1498 5710; x_wconf 86' lang='lat' dir='ltr'>referenda</span> <span class='ocrx_word' id='word_1_965' title='bbox 1518 5652 1779 5710; x_wconf 90' lang='lat' dir='ltr'>videntur</span> <span class='ocrx_word' id='word_1_966' title='bbox 1806 5653 1864 5710; x_wconf 91' lang='lat' dir='ltr'>in</span> <span class='ocrx_word' id='word_1_967' title='bbox 1889 5653 2137 5709; x_wconf 86' lang='lat' dir='ltr'>litteram</span> <span class='ocrx_word' id='word_1_968' title='bbox 2157 5654 2217 5706; x_wconf 89' lang='lat' dir='ltr'>P.</span> 
     </span>
    </p>
   </div>
  </div>
