3824 6152
3297 274 3439 333 1074

229 424 383 465 veram
415 404 560 461 electi
587 401 791 457 habent
836 402 1077 473 gloriam
1125 403 1184 458 in
1231 403 1585 459 conscientiis
1619 404 1754 459 suis.
1774 406 1825 464 Α
1841 402 2134 473 praesentis
2153 402 2280 456 vita:
2308 399 2648 456 instabilitas
2667 400 2853 458 aufert
2878 417 2915 457 a
2936 400 3070 457 viris
3100 400 3308 458 sanctis
3336 418 3434 457 vo-

223 498 314 553 Per
334 511 445 550 vasa
471 507 694 564 corpora
719 497 929 559 nostra,
962 499 1027 547 ut
1056 492 1113 546 in
1154 491 1310 547 libris
1322 493 1556 565 ﬂegum
1588 512 1600 547 :
1638 510 1666 546 α
1692 492 1763 548 Et
1843 490 2119 546 luntatem
2144 490 2237 546 hic
2264 490 2360 545 diu
2409 489 2810 546 commorandi.
2854 492 3065 557 Ventus,
3096 490 3432 562 persecutio,

224 599 484 659 puerorum
510 598 635 636 vasa
674 587 807 636 sunt
847 597 1005 636 sacra
1026 581 1067 647 ¹,
1099 600 1124 634 ι
1157 581 1304 652 quod
1354 588 1487 637 sunt
1527 597 1763 653 corpora
1841 584 1907 635 ut
1952 579 2011 634 in
2066 579 2304 635 Psalmis
2337 597 2348 632 :
2386 597 2413 633 ι
2445 578 2515 635 Et
2561 579 2707 634 sicut
2749 579 3015 652 stipulam
3060 586 3193 635 ante
3236 580 3436 636 faciem

221 678 593 729 mansuetorum
622 675 678 724 et
708 670 1006 724 humilium
1036 671 1263 725 munda.
1292 670 1400 725 Per
1426 687 1554 725 vasa
1582 671 1761 726 hami—
1842 669 1994 724 venti
2019 668 2082 722 1⁸.
2130 691 2153 721 ι
2216 670 2429 735 Ventus,
2476 667 2765 723 tribulatio
2815 685 3039 740 magna,
3084 675 3151 725 ut
3193 669 3251 724 in
3308 670 3438 726 Eze-

220 780 317 828 nes,
342 767 399 816 ut
421 762 475 815 in
502 759 651 813 libris
681 760 896 831 Regum
932 779 942 813 :
980 778 1005 811 ‹‹
1036 760 1104 814 Et
1142 759 1300 814 mitte
1329 760 1460 814 inde
1487 760 1545 814 in
1572 760 1762 813 omnia
1844 758 2019 814 chiele
2052 776 2063 811 :
2102 776 2130 810 α
2159 757 2373 813 Ventus
2401 756 2644 812 turbinis
2671 757 2929 813 veniebat
2955 757 3026 813 ab
3044 759 3320 831 Aquilone
3333 758 3433 826 ‘9,»

219 868 329 906 vasa
367 851 473 903 haec
486 848 524 915 ’,
564 869 586 900 ι
620 849 767 920 quod
800 855 993 903 sancta
1026 854 1223 915 mater,
1259 849 1522 917 Ecclesia,
1554 849 1763 904 vocatis
1844 846 1902 901 id
1950 851 2053 913 est,
2082 844 2372 901 tribulatio
2415 847 2819 917 persecutionis
2865 847 3130 902 immanis
3170 848 3440 919 processit

217 941 275 996 ad
298 940 447 994 ﬁdem
472 938 783 993 hominibus
814 939 1092 1010 liquorem
1138 938 1497 992 administrat
1541 939 1759 1009 gratiae.
1846 952 1879 989 a
1908 951 2208 1006 pravorum
2238 934 2589 990 inﬁdelitate.
2633 937 2848 1003 Ventus,
2895 936 3133 992 interior
3176 937 3435 1004 tentatia,

220 1030 311 1084 Per
333 1043 467 1093 vasa,
497 1026 734 1098 reprobi,
763 1032 827 1081 ut
852 1027 909 1081 in
941 1027 1089 1082 Isaia
1113 1045 1124 1080 :
1165 1047 1186 1078 ι
1221 1028 1291 1081 Et
1305 1028 1364 1081 in
1390 1027 1537 1082 vasis
1566 1029 1764 1101 papyri
1846 1028 1910 1079 ut
1927 1024 1987 1078 in
2008 1024 2281 1079 Psalmis:
2310 1045 2332 1075 ι
2356 1024 2648 1095 Tanquam
2668 1025 2850 1096 pulvis
2875 1041 3042 1096 quem
3068 1026 3294 1097 projicit
3312 1041 3441 1081 ven-

218 1132 360 1188 super
384 1131 546 1187 aquas
564 1114 588 1149 ³
613 1134 626 1183 ;
664 1134 689 1168 »
721 1116 868 1187 quod
898 1132 963 1170 ex
990 1116 1241 1188 reprobis
1281 1116 1604 1173 hominibus
1631 1134 1763 1172 con-
1846 1118 1937 1169 tus
1952 1111 2017 1181 ³ο,
2038 1132 2059 1164 ι
2091 1113 2149 1167 id
2176 1117 2279 1179 est,
2305 1113 2452 1169 sicut
2477 1113 2637 1169 laetus
2668 1113 2908 1181 animus,
2930 1131 3096 1186 quem
3112 1114 3440 1170 tentationis

219 1205 385 1260 stituet
405 1203 504 1260 sibi
531 1205 908 1259 Antichristus
937 1205 1346 1277 praedicatores,
1373 1220 1513 1277 quos
1541 1207 1663 1261 aliis
1692 1207 1764 1262 ad
1845 1207 2157 1257 commovet
2184 1202 2372 1258 flatus.
2417 1203 2629 1269 Ventus,
2676 1202 2909 1274 spiritus
2954 1204 3257 1276 malignus,
3289 1209 3356 1259 ut
3376 1204 3441 1261 in

217 1299 421 1349 mortem
447 1293 817 1348 deﬂuentibus
844 1294 1012 1348 faciet
1038 1311 1160 1349 esse
1192 1295 1469 1366 praelatos.
1847 1291 2176 1346 Ecclesiaste
2226 1310 2236 1345 :
2277 1310 2299 1343 ι
2354 1290 2463 1355 Qui
2510 1289 2769 1346 observat
2811 1299 3060 1361 ventum,
3108 1309 3223 1349 non
3267 1294 3441 1349 semi-

284 1384 424 1438 νοσεῖς
472 1389 554 1437 est
589 1399 723 1438 crux
772 1384 998 1450 Christi,
1059 1390 1124 1439 ut
1179 1386 1239 1440 in
1294 1384 1435 1441 libro
1480 1386 1713 1441 Numeri
1748 1403 1759 1439 :
1846 1385 1947 1434 nat
1972 1379 2039 1446 ²¹,
2071 1399 2096 1432 ι)
2131 1379 2280 1452 quod
2329 1380 2426 1451 qui
2466 1379 2635 1435 nimis
2680 1380 3013 1437 diabolicam
3045 1382 3440 1439 adversitatem
3482 1386 3485 1391 ”

220 1491 243 1524 ι
267 1472 424 1536 Quam
451 1478 812 1544 portaverant
840 1474 898 1527 in
926 1478 1081 1528 vecta
1108 1474 1220 1528 duo
1262 1474 1433 1540 viri4;
1473 1494 1495 1526 ι
1524 1474 1582 1529 id
1605 1480 1707 1541 est,
1741 1476 1762 1500 θ
1845 1469 2067 1536 metuit,
2098 1468 2244 1525 bono
2274 1469 2430 1541 operi
2467 1485 2582 1526 non
2620 1468 2852 1527 insistit.
2884 1473 2993 1527 Per
3028 1477 3257 1530 sentum
3295 1473 3445 1528 dona

216 1558 461 1614 Christum
490 1559 546 1613 in
574 1576 738 1614 cruce
771 1560 1131 1617 crediderunt
1172 1562 1283 1617 duo
1322 1562 1534 1635 populi.
1576 1564 1756 1628 Veetis,
1845 1558 2089 1630 Spiritus
2110 1560 2288 1615 sancti
2322 1600 2336 1627 ,
2372 1564 2438 1616 ut
2463 1560 2522 1615 in
2554 1560 2827 1617 Psalmis:
2857 1581 2879 1613 ι
2905 1561 3014 1626 Qui
3032 1562 3292 1634 producit
3316 1579 3445 1619 ven-

213 1647 494 1703 humanitas
524 1649 755 1717 Christi,
784 1655 849 1705 ut
874 1651 933 1706 in
962 1650 1065 1706 Job
1098 1670 1155 1704 ει
1181 1652 1251 1706 Et
1277 1653 1440 1724 posui
1468 1657 1680 1706 vectem
1705 1658 1763 1707 et
1843 1651 1930 1701 tos
1975 1647 2046 1702 de
2089 1648 2370 1703 thesauris
2394 1648 2511 1703 suis
2528 1646 2596 1715 ”,
2620 1666 2648 1701 ιι
2679 1650 2829 1721 quod
2862 1650 3010 1705 dona
3029 1650 3346 1723 spiritualia
3372 1652 3443 1707 de

213 1737 330 1792 ostia
345 1736 382 1803 ⁵,
408 1756 432 1790 ι
463 1738 612 1809 quod
641 1738 871 1793 malitiae
900 1740 1068 1810 hujus
1090 1740 1273 1795 saeculi
1305 1740 1562 1796 Christus
1585 1741 1764 1796 incar-
1784 1724 1830 1783 Β
1847 1735 2107 1791 cordibus
2126 1738 2429 1793 electorum
2446 1754 2681 1793 suorum
2702 1739 2975 1794 Dominus
2994 1740 3054 1795 in
3076 1738 3222 1795 bono
3241 1741 3447 1812 produ-

210 1832 348 1882 natus
372 1832 426 1880 et
449 1828 687 1898 apostoli
713 1830 835 1899 ejus
865 1831 884 1852 ⁹
920 1830 1307 1885 restituerunt.
1359 1832 1537 1896 Vectis,
1570 1828 1765 1883 diabo-
1848 1825 1942 1879 cit.
1968 1825 2077 1880 Per
2088 1831 2269 1881 ventos
2297 1827 2500 1882 animae
2520 1833 2745 1894 sanctae,
2779 1833 2845 1883 ut
2870 1828 2930 1884 in
2958 1828 3062 1884 Job
3090 1846 3103 1885 :
3133 1849 3157 1882 ι
3182 1830 3289 1895 Qui
3317 1830 3448 1887 fecit

210 1913 297 1979 lus,
323 1919 381 1968 ut
404 1915 460 1969 in
490 1916 643 1970 Isaia
672 1936 683 1970 :
724 1936 750 1970 α
782 1918 964 1989 Super
990 1919 1299 1973 Leviathan
1330 1923 1649 1990 serpentem
1670 1934 1766 1972 ve-
1847 1915 2027 1969 ventis
2055 1914 2272 1985 pondus
2291 1913 2356 1981 ³³,
2397 1934 2419 1966 ι
2454 1915 2511 1970 id
2555 1920 2661 1983 est,
2692 1916 3081 1972 maturitatem
3131 1918 3445 1977 sanctitatis

206 2004 357 2057 ciem“
377 2023 398 2054 ι
430 2004 484 2058 id
508 2011 618 2072 est,
653 2023 824 2077 super
861 2006 1145 2062 diabolum
1188 2024 1549 2062 venenosum.
1584 2008 1653 2062 Et
1679 2008 1765 2062 di-
1847 2002 2155 2057 electorum
2185 2003 2423 2059 contth
2449 2005 2751 2061 mentibus.
2772 2006 2883 2061 Per
2908 2012 3091 2061 ventos
3112 2007 3360 2074 malitiae,
3380 2013 3445 2064 ut

204 2097 377 2146 cuntur
399 2109 494 2164 per
523 2100 714 2160 vectes,
742 2095 847 2149 viri
876 2096 1074 2163 sancti,
1098 2102 1164 2150 ut
1186 2097 1246 2151 in
1277 2097 1495 2151 Exodo:
1524 2117 1548 2149 ι
1574 2097 1766 2151 Facies
1847 2092 1906 2147 in
1937 2092 2212 2147 Ieremia:
2242 2110 2269 2146 ι
2301 2093 2620 2150 Traxerunt
2645 2100 2842 2150 ventos
2871 2095 3030 2166 quasi
3059 2095 3438 2163 dracones’h

205 2187 252 2235 et
286 2187 448 2237 vectes
493 2184 565 2238 de
612 2184 779 2255 lignis
828 2186 1043 2241 Sethim
1063 2185 1103 2251 ⁷,
1152 2204 1182 2239 ι
1211 2186 1268 2240 id
1314 2190 1419 2251 est,
1466 2185 1766 2241 virtutibus
1849 2181 1998 2253 quod
2024 2181 2095 2236 ad
2116 2199 2256 2254 opus
2272 2199 2508 2255 pravum
2529 2184 2777 2240 malitias
2796 2185 3183 2256 produxerunt
3198 2185 3303 2241 viri
3320 2200 3444 2241 cru-

203 2270 406 2326 fortibus
418 2273 564 2328 viros
588 2279 905 2329 exornatas.
928 2275 1036 2329 Per
1054 2280 1236 2341 vectes,
1259 2274 1491 2346 spiritus
1510 2274 1761 2347 maligni,
1847 2267 2018 2325 deles.

203 2365 256 2413 ut
293 2359 345 2413 in
385 2360 621 2416 Psalmis
650 2382 660 2417 :
699 2382 723 2413 ι
760 2363 831 2417 Et
878 2368 1060 2418 vectes
1105 2363 1316 2418 ferreos
1357 2362 1631 2434 confregit
1656 2363 1698 2430 ⁸,
1737 2382 1760 2414 ι
1931 2358 2117 2412 Venter
2163 2364 2251 2414 est
2291 2360 2614 2417 humanitas
2662 2361 2893 2429 Christi,
2941 2366 3007 2417 ut
3054 2362 3115 2419 in
3161 2363 3392 2420 Cantica
3424 2382 3437 2419 :

204 2446 251 2501 id
273 2453 363 2514 est,
392 2450 622 2521 spiritus
650 2452 926 2522 malignos
953 2469 1055 2524 per
1081 2451 1356 2507 malitiam
1398 2452 1568 2507 duros
1596 2468 1763 2524 supe-
1852 2463 1875 2496 ι
1904 2444 2117 2500 Venter
2145 2448 2267 2518 ejus
2298 2449 2577 2506 eburneus
2597 2449 2663 2518 ³⁵,
2695 2469 2719 2501 ι
2745 2450 2895 2522 quod
2924 2450 3214 2507 humilitas
3232 2452 3443 2508 Christi

205 2536 339 2591 ravit.
1845 2532 1917 2587 ab
1945 2535 2098 2590 omni
2126 2542 2250 2591 erat
2276 2538 2487 2609 peccati
2514 2538 2823 2611 pollutione
2854 2538 3060 2595 aliena.
3105 2542 3313 2608 Venter,
3347 2542 3444 2596 Ec-

269 2627 429 2682 Vetum
455 2635 541 2683 est
584 2629 895 2686 obscuritas
940 2630 1161 2699 litterae,
1207 2637 1273 2686 ut
1314 2632 1373 2686 in
1403 2631 1703 2702 Evangelia
1738 2632 1764 2685 ?
1845 2622 2032 2691 οιθείὸν
2060 2631 2125 2680 ut
2153 2624 2212 2679 in
2242 2625 2483 2683 Psalmis
2511 2646 2523 2682 ε
2563 2647 2587 2680 ι
2621 2629 2686 2683 In
2713 2628 2901 2684 medio
2929 2629 3140 2684 Ventris
3166 2630 3279 2685 mei
3311 2629 3377 2698 ³⁸,
3415 2651 3439 2681 ι

204 2732 223 2763 ι
246 2713 419 2771 Velum
449 2719 651 2791 templi
671 2721 907 2775 scissum
937 2726 1023 2775 est
1041 2721 1082 2774 ο.
1116 2723 1137 2744 ⁶
1167 2739 1194 2774 ι
1231 2723 1433 2787 Vetmn,
1452 2721 1675 2789 caelum,
1700 2725 1767 2775 ut

1930 2717 2034 2780 est,
2065 2713 2125 2768 in
2147 2715 2332 2770 medio
2356 2716 2613 2772 Ecclesiae
2648 2733 2808 2773 meae.
2852 2719 3060 2786 Venter,
3088 2718 3213 2773 fons
3258 2718 3443 2792 bapti-

197 2801 245 2857 ιιι
268 2803 489 2861 Levitico
522 2826 533 2861 :
578 2826 604 2861 ι
658 2810 924 2864 Summus
972 2810 1217 2880 pontifex
1262 2809 1519 2864 introibit
1563 2809 1715 2864 intra
1743 2812 1764 2833 ¹
1847 2800 1975 2867 ειιιί,
2000 2806 2065 2857 ut
2079 2802 2139 2857 in
2168 2802 2432 2859 Cantica:
2462 2823 2489 2858 α
2510 2805 2723 2861 Venter
2749 2810 2884 2862 tuus
2913 2805 3059 2861 sicut
3079 2822 3313 2863 acervus
3344 2808 3444 2865 ινί-

200 2892 372 2961 velum,
405 2914 427 2946 ι
459 2895 516 2950 id
547 2901 656 2964 est,
691 2899 948 2953 Christus
979 2899 1294 2971 penetravit
1319 2899 1540 2953 coelum.
1847 2888 2022 2957 tici”,
2054 2909 2080 2944 ιι
2114 2892 2263 2964 quod
2305 2892 2521 2950 fructus
2549 2894 2816 2968 baptismi
2861 2896 2964 2952 Dei
2998 2897 3166 2954 verba
3193 2899 3444 2955 sanctiﬁ-

265 2982 420 3038 Vettus
449 2991 533 3041 est
560 2986 718 3058 virgo
742 2988 939 3055 Maria,
963 2993 1028 3043 ut
1052 2988 1110 3043 in
1130 2987 1405 3043 Psalmis:
1429 2989 1450 3012 θ
1480 3007 1502 3039 ι
1529 2987 1766 3042 Descen-

1909 2982 2026 3033 .tur.
2064 2981 2269 3049 Venter,
2287 2997 2447 3038 mens
2470 2983 2740 3053 humana,
2763 2991 2830 3041 ut
2845 2986 2904 3041 in
2926 2985 3216 3042 Parabolis
3241 3006 3252 3041 :
3282 3005 3310 3042 α
3335 2987 3444 3053 Qui

196 3067 264 3124 dit
285 3072 415 3127 sicut
438 3043 720 3147 pluviain
745 3043 1005 3143 vellus”,
1044 3097 1067 3129 ι
1102 3077 1159 3131 id
1205 3083 1308 3144 est,
1349 3093 1448 3147 per
1492 3076 1765 3147 Spiritum
1786 3043 1828 3103 Ο
1846 3064 2149 3138 investigat
2175 3043 2365 3125 omnia
2392 3077 2609 3127 secreta
2635 3043 2847 3130 ventris
2868 3073 2933 3141 ³³,
2972 3093 2996 3128 ι
3030 3075 3181 3148 quod
3202 3043 3442 3131 irradia-

195 3165 419 3217 sanctum
447 3165 641 3220 veniet
668 3166 925 3221 Christus
955 3166 1013 3221 in
1043 3171 1267 3221 uterum
1298 3165 1549 3236 virginis.
1847 3153 1928 3210 tio
1955 3155 2190 3213 interna
2221 3158 2361 3214 lucis
2399 3165 2684 3218 scrutatur
2732 3163 2920 3218 omnia
2958 3165 3175 3220 occulta
3214 3165 3441 3221 mentis.

262 3249 387 3305 Vena
415 3258 501 3308 est
531 3254 797 3310 Christus
813 3255 1104 3321 Dominus,
1128 3260 1194 3309 ut
1217 3253 1537 3308 inJeremia
1560 3272 1571 3307 :
1601 3269 1628 3306 α
1654 3253 1765 3309 Ve-

1909 3250 2067 3313 :nter,
2098 3248 2444 3304 conversatio
2472 3255 2684 3319 nostra,
2716 3256 2782 3307 ut
2818 3252 2876 3309 in
2901 3254 3238 3327 Apocalypsi
3270 3273 3283 3308 :
3317 3272 3345 3307 ai
3379 3255 3450 3311 Et

235 281 347 343 1073
1101 278 1534 334 ALLEGORIIE
1572 281 1651 335 IN
1690 280 1769 335 SA

1909 279 1983 333 LM
2020 274 2499 334 SCRIP'I‘URAM.

196 3351 306 3392 nam
329 3355 603 3413 aquarum
629 3344 956 3411 viventium,
984 3342 1362 3409 Dominum“,
1385 3361 1412 3395 ι›
1436 3342 1492 3397 id
1521 3348 1624 3410 est,
1656 3343 1767 3397 ori-
1848 3334 2015 3390 faciet
2042 3336 2338 3392 amaricari
2365 3344 2619 3395 ventrem
2657 3346 2840 3409 tuum,
2873 3343 2971 3397 sed
2998 3342 3060 3397 in
3086 3359 3183 3398 ore
3209 3347 3309 3398 tuo
3338 3343 3449 3398 erit

194 3426 356 3495 ginem
383 3432 661 3488 virtutum
690 3433 1150 3499 indeficientium,
1182 3432 1505 3487 Dominum.
1536 3432 1645 3487 Per
1675 3448 1762 3487 ve-
1847 3423 2043 3490 dulcis,
2075 3430 2347 3497 tanquam
2377 3428 2490 3482 mel
2510 3427 2589 3483 ’9:
2626 3444 2652 3483 ι
2683 3429 2832 3501 quod
2877 3446 2990 3501 quo
3025 3430 3243 3486 dulcius
3284 3430 3448 3486 nobis

196 3531 283 3570 nas
302 3519 421 3575 libri
449 3522 653 3577 divina:
684 3523 921 3594 paginae,
958 3528 1022 3576 ut
1045 3522 1102 3575 in
1127 3521 1230 3576 Job
1257 3540 1268 3575 :
1299 3540 1326 3573 α
1358 3520 1541 3575 Habet
1569 3538 1768 3592 argen-
1848 3511 1997 3581 sapit
2020 3528 2179 3567 880m
2207 3514 2495 3586 Scriptura
2521 3517 2581 3572 in
2620 3518 2809 3590 palato
2833 3519 3035 3586 cordiS,
3073 3535 3139 3573 eo
3168 3519 3446 3575 austerio-

196 3610 299 3660 tum
327 3626 594 3666 venarum
639 3628 869 3667 suarum
920 3611 1193 3683 principia
1223 3609 1287 3677 1’,
1326 3629 1349 3662 ι
1387 3610 1535 3681 quod
1582 3610 1769 3664 divina

196 3697 378 3766 pagina
404 3700 582 3756 libros
598 3706 819 3755 sanctos
840 3701 1106 3757 continet.
1131 3701 1241 3755 Per
1269 3715 1432 3754 venas
1453 3698 1768 3754 sublimita-

194 3788 265 3838 tes
288 3786 516 3845 internae
550 3790 866 3857 locutionis,
903 3796 967 3845 ut
994 3790 1052 3844 in
1080 3789 1183 3844 Job
1216 3807 1226 3842 :
1253 3807 1283 3840 ι
1305 3789 1491 3843 Venas
1513 3790 1534 3811 ⁴”
1556 3788 1772 3843 susurri

194 3873 299 3943 ejus
315 3876 373 3944 ‘3,
407 3897 433 3931 ι
473 3880 531 3934 id
567 3884 671 3946 est,
695 3878 1032 3933 subtilitates
1055 3878 1291 3934 internae
1324 3877 1638 3931 locutionis.
1664 3878 1773 3931 Per

193 3978 337 4019 venas
363 3974 615 4038 peccata,
648 3973 714 4023 ut
738 3968 796 4022 in
817 3969 964 4024 Osea
987 3987 997 4021 :
1023 3988 1053 4021 ι
1082 3968 1150 4022 Et
1175 3965 1405 4021 siccabit
1429 3982 1597 4020 venas
1624 3967 1766 4037 ejus,

192 4054 323 4122 quod
349 4057 608 4113 Christus
633 4063 801 4114 natus
832 4075 897 4113 ex
927 4058 1141 4129 virgine
1170 4061 1401 4129 peccata
1426 4055 1622 4111 mundi
1650 4055 1771 4111 abs-

190 4141 320 4197 tulit.

262 4233 529 4289 Venenum
562 4242 648 4291 est
674 4236 911 4302 malitia,
934 4240 1000 4291 ut
1026 4236 1086 4291 in
1110 4234 1351 4291 Psalmis
1383 4253 1393 4289 :
1427 4253 1450 4287 ι
1478 4234 1769 4289 Venenum

1852 3615 1973 3653 rem
2004 3599 2224 3672 abjecta
2254 3605 2406 3659 omni
2435 3605 2708 3662 suavitate
2734 3607 2943 3662 carnali
2966 3608 3446 3681 conversationem

1854 3705 2193 3745 exercemus.
2240 3693 2440 3761 Venter,
2491 3711 2587 3750 cor
2625 3700 3043 3767 compunctum,
3087 3701 3153 3751 ut
3190 3695 3251 3751 in
3295 3697 3447 3753 Jere-

1855 3777 1972 3831 mia
2003 3796 2015 3831 :
2054 3797 2080 3831 (ι
2112 3780 2379 3837 Ventrem
2406 3798 2596 3839 meum
2624 3784 2783 3839 doleo
2800 3783 2869 3852 ³ο,
2906 3803 2929 3836 ι
2962 3784 3020 3839 id
3048 3789 3152 3853 est,
3176 3801 3263 3852 eo,
3296 3785 3445 3857 quod

1853 3866 2065 3923 bonum
2096 3868 2279 3937 omisi,
2312 3876 2370 3925 et
2410 3873 2622 3928 malum
2671 3873 2892 3941 admisi,
2926 3873 3134 3946 duplici
3175 3873 3235 3928 in
3280 3873 3445 3929 corde

1852 3956 2044 4011 dolore
2072 3973 2436 4031 compungor.
2480 3963 2668 4017 Venter
2694 3962 2948 4031 avaritia,
2965 3962 3108 4018 utin
3127 3961 3231 4018 Job
3253 3978 3313 4019 τι
3330 3963 3447 4019 Nec

1852 4051 1939 4100 est
1963 4046 2201 4102 satiatus
2228 4053 2424 4104 venter
2451 4051 2574 4121 ejus
2586 4050 2654 4119 ³³,
2685 4071 2710 4105 »
2739 4051 2797 4106 id
2825 4056 2929 4119 est,
2962 4069 3076 4107 non
3100 4056 3187 4107 est
3214 4052 3448 4124 impleta

1852 4134 2089 4190 avaritia
2107 4137 2248 4207 ejus.
2291 4139 2498 4208 Venter,
2521 4140 2791 4196 memoria
2820 4140 3084 4209 hominis,
3117 4146 3182 4198 ut
3206 4141 3267 4197 in
3293 4140 3397 4198 Job
3429 4159 3441 4197 :

1857 4241 1883 4276 ι
1920 4223 1989 4278 Et
2017 4224 2087 4278 de
2133 4231 2327 4282 ventre
2373 4229 2495 4300 ejus
2542 4230 2800 4286 extrahet
2843 4246 2937 4285 eas
2972 4231 3124 4286 Deus
3136 4229 3204 4299 3’,
3241 4250 3265 4284 ι
3299 4231 3447 4304 quod

189 4319 429 4390 aspidum
456 4324 563 4379 sub
592 4325 791 4395 (labiis)
823 4341 1017 4380 eorum
1038 4325 1102 4392 Ν,
1138 4342 1165 4379 ι
1198 4326 1256 4380 id
1286 4330 1389 4392 est,
1421 4323 1639 4378 malitia
1666 4324 1773 4379 ἀω-
1789 4313 2003 4383 Djusto
2021 4314 2233 4384 judicio
2254 4317 2378 4388 ejus
2401 4317 2568 4373 verba
2581 4324 2776 4374 sancta
2809 4318 2879 4375 ab
2908 4318 3069 4391 impii
3088 4320 3239 4376 Deus
3266 4319 3448 4375 aufert

190 4421 403 4467 manum
432 4413 493 4467 in
524 4414 806 4469 mentibus
834 4431 1050 4470 eorum.

261 4499 447 4555 Ventus
477 4507 569 4557 est
594 4503 883 4570 Dominus,
917 4508 982 4559 ut
1010 4503 1070 4557 in
1100 4504 1247 4558 Osea
1280 4520 1291 4554 :
1323 4521 1350 4555 (ι
1371 4504 1629 4559 Adducet
1644 4521 1772 4559 ven-

184 4587 293 4639 tum
314 4590 333 4610 ⁶
354 4596 616 4645 urentem
646 4591 918 4646 Dominus
939 4592 1003 4658 1⁵,
1044 4610 1067 4642 ι
1102 4590 1160 4645 id
1191 4595 1295 4657 est,
1330 4591 1575 4660 proferet
1602 4592 1768 4648 Chri-

183 4677 321 4731 stum
354 4681 633 4737 mundum
667 4681 1061 4752 corripientem
1088 4678 1381 4735 Dominus.
1414 4680 1523 4734 Per
1551 4686 1771 4736 ventum

183 4760 440 4837 iniquitas
470 4769 696 4837 mentis,
730 4774 795 4825 ut
820 4769 879 4824 in
914 4768 1017 4825 Job
1048 4787 1059 4825 :
1098 4789 1120 4821 ι
1153 4769 1363 4825 Contra
1402 4768 1597 4824 folium
1626 4770 1772 4841 quod

1854 4403 2147 4472 memoria,
2182 4422 2304 4477 quae
2333 4423 2463 4462 eum
2490 4407 2643 4464 videt
2669 4408 2816 4464 nolle
2840 4424 3063 4465 servare
3090 4408 3150 4463 in
3169 4408 3303 4463 vita.

1936 4493 2313 4550 Vcntitabrum
2343 4500 2430 4551 est
2454 4497 2752 4553 discrimen
2776 4497 2994 4570 judicii,
3018 4502 3086 4552 ut
3110 4497 3169 4553 in
3197 4497 3448 4568 Evange-

1854 4580 1930 4635 lio
1963 4600 1975 4636 :
2009 4600 2036 4635 ι
2066 4584 2240 4655 Cujus
2267 4586 2643 4643 ventilabrum
2672 4592 2759 4642 est
2800 4586 2860 4642 in
2899 4603 3073 4644 manu
3103 4588 3227 4658 ejus
3241 4585 3308 4655 ³³,
3334 4604 3362 4640 ι
3393 4585 3452 4641 id

1858 4676 1961 4738 est,
1998 4672 2302 4729 discrimen
2324 4675 2523 4746 judicii
2545 4677 2604 4731 in
2630 4680 2907 4748 potestate
2936 4678 3078 4749 ejus.

1939 4761 2129 4829 Vepres
2169 4768 2305 4818 sunt
2342 4765 2673 4837 punctiones
2716 4765 3003 4834 vitiorum,
3046 4770 3113 4821 ut
3157 4764 3217 4821 in
3260 4766 3448 4822 Isaia:

184 4859 337 4911 vento
379 4859 602 4931 rapitur
615 4859 679 4927 ιθ,
716 4878 739 4910 ι
770 4858 825 4912 id
875 4864 978 4925 est,
1028 4863 1224 4913 contra
1268 4863 1517 4914 mentem
1567 4874 1688 4930 quae
1716 4858 1775 4913 in
1860 4864 1887 4901 α
1923 4847 2103 4921 Super
2134 4853 2155 4874 '
2184 4852 2485 4910 humerum
2512 4854 2704 4929 papuli
2724 4855 2854 4924 mei,
2882 4855 3055 4929 spinae
3076 4861 3134 4912 et
3151 4852 3445 4928 vepres“,n

184 4938 471 5015 iniquitate
501 4964 605 5003 sua
624 4947 961 5004 continetur,
1005 4950 1216 5014 Ventus,
1252 4947 1369 5002 vita
1416 4963 1680 5019 prasens,
1713 4952 1778 5003 ut,
1860 4937 2008 5009 quod
2038 4939 2210 4996 etiam
2241 4943 2447 5001 electos
2481 4944 2821 5001 tentationes
2853 4945 3117 5001 vitiorum
3153 4944 3457 5000 molestant

187 5027 241 5085 in
282 5033 384 5089 Job
413 5054 426 5088 :
464 5056 491 5088 ιι
522 5038 738 5093 Ventus
783 5037 1063 5094 transiens
1102 5035 1319 5109 fugabit
1364 5037 1535 5102 eos",
1571 5056 1595 5089 ι
1628 5037 1778 5109 quod
1860 5030 1918 5081 et
1953 5034 2303 5103 punctiones.
2366 5035 2568 5105 Vepres,
2618 5040 3016 5108 persequentes
3060 5033 3258 5103 Judaei,
3289 5038 3355 5091 ut
3396 5033 3455 5091 in

247 5210 317 5268 ‘I

180 5294 296 5347 xxv,
322 5283 412 5341 13.

475 5216 868 5282 .ιιιιι,5.²1ν

492 5287 636 5341 Psal.
670 5304 782 5353 xw,
820 5288 909 5343 16.
938 5289 962 5322 9

1020 5230 1129 5281 .IV,
1163 5212 1217 5268 4.
1248 5213 1273 5249 ³
1301 5215 1410 5269 Isa.
1440 5230 1598 5281 xvm,
1626 5213 1680 5269 2.
1726 5215 1749 5249 ⁴

1909 5231 1946 5268 ι.
1980 5229 2102 5280 χιιι,
2130 5213 2219 5271 24.
2264 5214 2287 5249 ⁵
2310 5214 2415 5271 Job
2451 5229 2683 5283 xxxvni,
2720 5213 2806 5274 10.
2837 5215 2861 5251 ⁸
2894 5216 3003 5273 Isa.
3038 5229 3172 5282 xvu,
3201 5214 3257 5271 1.
3298 5216 3322 5251 ⁷
3353 5216 3450 5272 Ex.

1047 5287 1186 5342 atth.
1217 5301 1387 5353 xxvn,
1419 5286 1480 5343 51
1515 5306 1527 5354 ;
1562 5288 1731 5341 Marc.
1765 5301 1854 5349 xv,
1885 5284 1953 5343 38
1978 5306 1990 5353 ;
2020 5288 2151 5341 Luc.
2184 5301 2342 5353 xxm,
2374 5285 2465 5343 45.
2493 5286 2539 5322 ¹⁰
2568 5288 2714 5342 Psal.
2750 5303 2898 5355 1.xx1,
2917 5288 2972 5344 6.
3004 5287 3045 5323 ¹¹
3068 5288 3183 5342 Jer.
3212 5285 3451 5352 xvn,13.

179 5350 222 5385 ¹²
249 5354 348 5409 Job
366 5371 561 5424 xxvm,
591 5358 640 5415 1.
673 5360 716 5394 ¹³
738 5350 842 5414 Job
868 5374 942 5425 1v,
979 5358 1064 5415 l2.
1090 5358 1133 5393 “
1158 5358 1302 5412 Psal.
1339 5350 1562 5425 mm,
1589 5358 1641 5411 4.
1676 5358 1719 5391 ¹⁵
1746 5358 1769 5411 (

1909 5350 2024 5422 xui,
2052 5357 2139 5413 15.
2173 5358 2217 5391 ¹⁶
2237 5350 2359 5413 Job.
2398 5373 2518 5424 xm,
2552 5357 2641 5415 25.
2678 5360 2721 5394 ¹⁷
2743 5360 2847 5415 Job
2878 5350 3086 5426 svxvu,
3113 5357 3205 5416 21.
3230 5359 3276 5394 ¹⁸
3304 5350 3451 5413 Psal.

180 5435 378 5498 gxxxn,
411 5428 575 5483 14.19
602 5431 795 5485 Ezech.
830 5429 1021 5498 1,4.”
1048 5430 1195 5485 Psal.
1228 5445 1267 5493 ι,
1307 5428 1360 5485 4.
1406 5429 1449 5464 αι
1481 5430 1761 5491 Eccle.x1,

1909 5428 1930 5461 ²
1958 5429 2105 5482 Psal.
2137 5442 2358 5496 cxxxrv,
2385 5430 2436 5485 8.
2469 5429 2516 5464 ³³
2544 5430 2647 5485 Job
2673 5446 2869 5497 xxvm,
2895 5430 2985 5488 25.
3019 5430 3066 5466 ³4
3095 5431 3209 5487 Jer.
3241 5445 3355 5494 xxv,
3399 5430 3451 5484 6.

177 5492 221 5572 ff
246 5492 406 5572 Cant.
440 5515 495 5567 v,
526 5501 615 5556 14.
647 5500 695 5537 ’θ
723 5492 870 5557 Psal.
898 5516 1010 5569 χχι,
1043 5502 1134 5572 15.
1164 5500 1208 5535 ²⁷
1239 5492 1401 5556 Cant.
1421 5499 1615 5572 vine.
1644 5498 1690 5535 ³⁸
1714 5500 1769 5555 Ρ]

1909 5498 2114 5572 xx_,_27.
2139 5498 2187 5536 ³⁸
2214 5492 2384 5572 Apoc.
2414 5515 2469 5568 x,
2497 5500 2550 5558 9.
2583 5500 2632 5538 ³ο
2654 5503 2766 5559 Jer.
2800 5492 2876 5571 iv,
2910 5500 2992 5560 l9.
3015 5502 3057 5538 ⁸¹
3081 5501 3205 5559 Job.
3237 5517 3327 5569 xx,
3347 5492 3452 5559 '20.

178 5563 221 5601 ³³
247 5567 384 5627 Ibid.
414 5563 550 5629 v.1.
581 5572 847 5631 33Matth.
881 5587 964 5641 ιιι,
992 5563 1094 5641 12ς
1130 5573 1263 5630 Luc.
1292 5587 1374 5639 ιιι,
1413 5571 1496 5631 17.
1522 5563 1577 5609 ⁷³⁴
1608 5572 1715 5630 Isa.
1749 5585 1769 5627 ι

1909 5611 1920 5638 ,
1962 5563 2043 5629 13.
