3942 6158
488 297 630 358 1075

1084 311 1146 364 Β.
1189 311 1461 366 RABANI
1499 309 1730 366 MAURI
1767 309 2102 364 ARCHIEP.
2145 307 2468 364 MOGUNT.
2510 307 2806 362 OPERUM
2843 306 3027 361 PARS
3065 307 3160 361 Ill.

3577 311 3684 372 [076

490 412 694 484 Genesi
745 448 758 484 :
795 451 818 481 ι
868 433 1024 488 Inter
1067 450 1264 513 vepres
1318 436 1626 491 hmrentem
1671 435 1932 490 cornibus
1958 436 2000 500 1,
2053 453 2082 488 ν
2103 439 2146 494 Λ
2169 433 2519 500 nostri,utin
2537 432 2870 490 Ecclesiaste
2908 449 2977 486 τα
3007 431 3174 487 Omni
3187 436 3422 504 tempore
3435 435 3537 492 sint
3553 439 3688 496 vesti.

489 517 640 587 quod
669 518 924 576 Christus
951 524 1416 596 persequentibus
1433 524 1638 580 Judaeis
1664 525 1960 580 cruciﬁxus
1978 531 2082 579 est.

571 606 773 662 Vermis
801 615 891 664 est
919 611 1196 681 Christus,
1227 620 1294 670 ut
1321 613 1380 670 in
1408 613 1648 670 Psalmis
1675 629 1688 669 :
1713 632 1741 667 α
1764 615 1879 686 Ego
1897 619 2086 669 autem

487 708 614 748 sum
642 697 867 766 vermis,
898 706 957 756 et
980 717 1096 758 non
1123 703 1292 759 homo
1311 702 1353 771 ε,
1390 723 1418 757 »
1452 704 1510 758 id
1539 709 1642 772 est,
1676 703 1824 774 quod
1853 703 2083 775 quibus-

485 781 617 840 dam
641 800 756 842 non
783 787 969 858 homo,
1001 791 1098 846 sed
1127 798 1248 848 tam
1278 793 1422 859 vilis,
1455 799 1520 848 ut
1557 793 1762 847 vermis
1790 797 2083 864 reputatus

485 886 632 927 sum.
669 876 890 944 Vermis,
930 880 1171 949 luxuria,
1203 888 1268 937 ut
1304 883 1364 936 in
1391 882 1494 938 Job
1529 902 1540 936 :
1570 901 1598 934 «
1623 882 1870 937 Dulcedo
1907 882 2075 949 illius,

485 976 704 1019 vermes
721 961 762 1032 ³,
799 983 825 1020 ››
851 967 1000 1038 quod
1023 969 1329 1026 immundae
1355 971 1562 1026 mentis
1589 970 1841 1035 dulcedo,
1859 971 2082 1024 luxuria

483 1055 589 1105 est.
619 1053 844 1123 Vermis,
868 1059 1210 1115 conscientia
1234 1061 1650 1127 damnatorum,
1676 1063 1698 1084 θ
1713 1038 2080 1131 Γέρνοδοιοιιω

484 1141 826 1200 conscientia
854 1145 915 1201 in
953 1152 1227 1204 aeternum
1273 1166 1370 1205 eos
1408 1151 1684 1205 corrodet.
1727 1151 1836 1204 Per
1873 1165 2080 1204 vermes

474 1233 870 1304 comptiones
897 1237 1146 1310 corporis
1171 1239 1370 1306 nostri,
1402 1245 1468 1294 ut
1495 1239 1553 1294 in
1582 1239 1686 1295 Job
1719 1258 1732 1302 ;
1768 1259 1792 1291 ε
1823 1239 1892 1293 Et
1919 1255 2080 1293 soror

481 1333 629 1388 mea,
661 1323 944 1380 vermibus
963 1325 1006 1393 ⁴,
1041 1344 1069 1380 ν
1099 1327 1248 1399 quod
1294 1327 1356 1382 in
1392 1327 1844 1399 corruptionibus
1882 1343 2082 1398 corpus

481 1415 738 1466 nostrum
766 1413 918 1483 vivit,
952 1421 1011 1470 et
1033 1416 1105 1472 ad
1135 1418 1522 1490 corruptiones
1567 1417 1766 1473 tendit.
1810 1418 1917 1472 Per
1959 1433 2080 1471 ver-

482 1514 594 1554 mes
618 1501 956 1560 vestimenta
991 1503 1217 1574 inferni,
1243 1513 1310 1562 ut
1327 1506 1386 1561 in
1409 1507 1556 1562 Isaia
1587 1527 1598 1562 :
1631 1527 1654 1558 ¢
1676 1508 1746 1561 Et
1771 1506 2083 1578 operimen-

473 1591 604 1644 tum
625 1593 792 1646 tuum
818 1609 1037 1649 vermes
1067 1595 1286 1664 erunt“,
1319 1613 1344 1648 ι
1389 1596 1538 1668 quod
1577 1595 1862 1651 diabolum
1899 1601 1958 1651 et
1991 1611 2077 1650 res

480 1677 685 1748 probos
705 1681 1036 1738 cruciabunt
1063 1683 1384 1740 infernales.

2168 527 2363 578 menta
2385 529 2487 578 tua
2512 522 2750 577 candida
2765 521 2829 589 ‘7,
2857 543 2883 572 3
2903 521 2962 576 id
2990 526 3094 588 est,
3124 521 3365 578 membra
3386 526 3686 596 corporislni

2167 628 2203 667 a
2222 611 2387 668 sorde
2404 611 2654 666 libidinis
2673 611 2901 666 munda.
2925 611 3032 666 Per
3051 614 3373 679 vestimenta,
3387 612 3520 669 bona
3535 632 3690 673 exem-

2167 702 2278 773 pla,
2311 707 2376 756 ut
2404 701 2463 756 in
2493 701 2790 771 Evangelio
2825 718 2837 756 :
2869 718 2894 752 α
2929 700 2998 754 Et
3025 699 3398 770 imposuerunt
3417 719 3534 758 eum
3555 721 3693 778 super

2165 790 2496 845 vestimenta
2544 806 2664 856 sua,
2715 791 2736 813 θ
2772 805 2843 844 ne
2885 789 3070 844 nudus
3121 789 3363 846 ambulet
3379 791 3438 858 ‘3,
3473 812 3494 842 3
3519 793 3571 848 id
3606 802 3690 863 est,

2165 881 2273 935 nisi
2303 885 2596 935 conservet
2623 879 2770 934 dona
2800 879 2997 949 gratiae
3037 877 3143 932 sibi
3185 879 3394 948 collata,
3423 887 3484 936 ut
3508 882 3579 938 eis
3601 885 3694 956 pri-

2162 974 2324 1024 vatus
2353 972 2640 1040 appareat.

2247 1059 2406 1113 Vestis
2449 1063 2535 1111 est
2567 1073 2698 1112 caro
2745 1056 2974 1124 Christi,
3010 1061 3076 1112 ut
3123 1057 3182 1111 in
3220 1057 3530 1130 Apocalypsi
3557 1077 3567 1112 :
3597 1079 3616 1112 ι
3641 1061 3698 1119 Et

2151 1147 2394 1201 Vestitus
2424 1152 2548 1200 erat
2572 1151 2722 1200 veste
2749 1162 2978 1217 aspersa
2997 1145 3269 1217 sanguine
3285 1145 3348 1212 ‘9,
3374 1164 3398 1199 ››
3418 1147 3552 1218 quod
3573 1148 3698 1204 Chri-

2159 1242 2281 1291 stus
2303 1236 2564 1308 apparuit
2588 1235 2648 1290 in
2677 1235 3045 1290 similitudine
3091 1234 3273 1290 carnis
3307 1236 3521 1308 peccati.
3551 1237 3695 1306 Vestis,

2165 1326 2431 1391 charitas,
2463 1329 2528 1380 ut
2554 1324 2614 1379 in
2645 1325 2942 1395 Evangelio
2973 1343 2984 1378 :
3024 1342 3050 1377 (ι
3085 1325 3156 1378 Et
3181 1341 3348 1396 super
3374 1327 3396 1349 '
3421 1326 3700 1382 vestimenta

2163 1427 2292 1467 mea
2311 1412 2590 1468 miserunt
2610 1418 2820 1468 sortem
2837 1411 2904 1479 2°,
2939 1431 2966 1465 3)
3001 1413 3151 1484 quod
3172 1417 3331 1472 tanta
3373 1429 3457 1468 res
3495 1413 3696 1470 clientas

2164 1509 2267 1567 est,
2301 1508 2367 1558 ut
2393 1503 2584 1556 nullus
2611 1518 2738 1556 eam
2760 1501 2869 1556 nisi
2895 1501 3176 1572 integram
3205 1508 3264 1557 et
3311 1519 3409 1574 per
3438 1508 3638 1571 sortem,
3654 1503 3698 1559 id

2161 1596 2264 1658 est,
2309 1608 2412 1662 per
2457 1591 2708 1646 divinam
2751 1591 2995 1662 gratiam
3049 1591 3230 1662 possit
3285 1590 3498 1646 habere.
3555 1593 3698 1659 Vestis,

2157 1684 2351 1735 sancta
2379 1680 2641 1748 Ecclesia,
2684 1686 2747 1735 ut
2788 1681 2848 1734 in
2897 1679 3075 1735 Paulo
3109 1697 3120 1734 :
3156 1698 3186 1734 ι
3210 1679 3508 1736 Gloriosam
3549 1681 3702 1736 Eccle-

563 1768 660 1822 Ver
677 1769 1002 1827 estinitium
1023 1772 1155 1828 boni
1173 1775 1378 1846 operis,
1397 1778 1463 1830 ut
1480 1773 1539 1828 in
1554 1774 1790 1829 Psalmis
1814 1793 1825 1827 :
1855 1797 1873 1825 ι
1897 1763 2134 1830 rEsta-B
2156 1770 2321 1837 siam,
2355 1786 2468 1826 non
2497 1769 2796 1825 habentem
2847 1769 3128 1825 maculam
3172 1786 3354 1840 neque
3393 1785 3575 1840 rugam
3585 1768 3655 1838 '1;
3680 1788 3699 1821 3

435 1869 438 1875 ‘
479 1857 596 1910 tem
625 1861 684 1912 et
708 1874 806 1913 ver
831 1865 896 1915 tu
925 1861 1216 1932 plasmasti
1244 1863 1364 1931 ea“,
1424 1883 1447 1915 3
1502 1864 1651 1934 quod
1699 1863 1973 1936 perfectos
2017 1869 2074 1919 et

477 1943 809 2016 insipientes
839 1949 1118 2006 Dominus
1139 1951 1483 2007 formaverit.

561 2034 746 2090 Vertea:
772 2043 860 2094 est
883 2041 1030 2095 ratio
1071 2041 1298 2108 mentis,
1331 2047 1396 2096 ut
1433 2041 1492 2096 in
1520 2041 1759 2096 Psalmis
1791 2059 1803 2094 :
1841 2059 1869 2095 α
1907 2041 1978 2097 Et
2014 2043 2072 2096 in

475 2123 742 2180 verticem
789 2126 1012 2200 [ipsius]
1053 2129 1324 2202 iniquitas
1369 2131 1493 2202 ejus
1532 2130 1833 2186 descendet
1867 2131 1908 2198 ⁷,
1955 2149 1984 2186 3
2016 2131 2072 2186 id

471 2216 581 2279 est,
625 2214 907 2272 rationem
963 2219 1086 2290 ejus
1135 2219 1450 2292 iniquitatis
1510 2219 1806 2274 exercebit.
1871 2221 2069 2286 Ver-tem,

475 2302 766 2372 sanctitas,
797 2311 864 2360 ut
889 2306 950 2360 in
977 2307 1414 2363 Deuteronomio
1445 2328 1460 2362 :
1499 2327 1522 2360 α
1557 2309 1637 2364 De
1685 2309 1890 2364 vertice
1933 2309 2075 2364 anti-

475 2405 717 2462 quorum
740 2395 1019 2450 montium
1035 2397 1078 2464 ⁸,
1115 2417 1136 2448 3
1168 2397 1228 2453 id
1255 2403 1360 2465 est,
1390 2397 1462 2452 de
1507 2396 1732 2453 sublimi
1779 2399 2076 2454 sanctitate

473 2479 785 2550 primorum
812 2491 1132 2556 parentum.
1677 2541 1681 2544 .

555 2571 947 2628 Vestimean
967 2579 1056 2630 est
1079 2575 1404 2632 humanitas
1431 2577 1660 2646 Christi,
1685 2583 1750 2633 ut
1775 2578 1833 2632 in
1861 2579 2071 2649 Apoca-

473 2657 620 2730 lypsi
652 2677 664 2714 :
699 2679 726 2713 ε
760 2661 1014 2718 Habebat
1042 2663 1103 2718 in
1133 2665 1468 2721 vestimento
1485 2683 1588 2722 suo
1609 2665 1880 2738 scriptum
1911 2683 1924 2721 :
1955 2665 2071 2721 Rex

459 2760 693 2819 -regum,
726 2753 786 2804 et
830 2751 1104 2808 Dominus
1147 2753 1615 2823 dominantium”,
1650 2773 1676 2809 3
1711 2757 1860 2828 quod
1907 2755 2068 2811 Chri-

475 2841 598 2892 stus
626 2837 794 2894 homo
821 2840 1016 2896 omnia
1041 2843 1207 2912 regit,
1234 2848 1293 2898 et
1329 2845 1484 2900 omni
1514 2850 1784 2901 creaturae
1813 2845 2069 2901 domina-

477 2928 596 2981 tur.
652 2928 1068 2998 Vestimentum,
1127 2936 1324 2988 sancta
1377 2935 1642 3002 Ecclesia,
1696 2941 1762 2991 ut
1815 2935 1874 2990 in
1922 2934 2068 2990 Job:

2155 1859 2305 1932 quod
2331 1859 2490 1930 quasi
2537 1859 2781 1935 quadam
2824 1863 2978 1914 veste
3005 1859 3156 1914 Deus
3208 1859 3498 1916 Ecclesiam
3527 1874 3663 1914 suam
3686 1859 3703 1884 ⁶

2153 1948 2384 2003 indutus
2431 1953 2534 2016 est,
2591 1965 2702 2020 qua
2741 1964 2845 2003 nec
2893 1947 3229 2020 pravitatem
3277 1947 3337 2004 in
3383 1948 3598 2016 actione,
3623 1962 3706 2002 nec

2155 2038 2574 2094 simulationem
2599 2037 2662 2093 in
2689 2038 3005 2094 intentione
3031 2043 3274 2092 exercet.
3319 2039 3486 2106 Vestis,
3516 2035 3708 2109 quilibet

2157 2127 2447 2184 munditia
2475 2128 2727 2196 studens,
2760 2133 2826 2182 ut
2869 2127 2931 2182 in
2971 2126 3275 2198 Evangelio
3306 2145 3318 2180 :
3351 2145 3376 2178 ς(
3407 2125 3604 2198 Sprevit
3624 2141 3706 2181 su-

2156 2222 2272 2272 tem
2313 2234 2443 2272 eum
2492 2217 2763 2284 Herodes,
2796 2215 3058 2272 indutum
3101 2221 3262 2272 veste
3305 2215 3430 2271 alba
3446 2213 3508 2284 1’,
3535 2233 3561 2270 3
3588 2214 3708 2286 quod

2159 2307 2446 2362 Christum
2473 2307 2532 2362 in
2561 2306 2752 2362 electis
2777 2306 2912 2372 suis,
2940 2305 3037 2378 qui
3063 2305 3311 2361 victoriae
3337 2304 3603 2361 munditia:
3618 2307 3708 2360 stu-

2157 2396 2312 2464 dent,
2339 2395 2594 2451 diabolus
2623 2395 2684 2450 in
2710 2393 2965 2466 reprobis
3001 2394 3232 2466 sprevit.
3274 2395 3447 2462 Vestis,
3475 2397 3708 2465 martyres

2159 2485 2387 2553 Christi,
2428 2491 2493 2540 ut
2540 2485 2600 2539 in
2643 2484 2984 2554 Evangelia:
3022 2501 3049 2536 α
3081 2483 3152 2538 Et
3196 2488 3407 2538 vestem
3439 2481 3707 2537 coccineam

2153 2574 2642 2630 circumdederunt
2683 2574 2736 2628 ei
2761 2572 2827 2640 ’3,
2879 2592 2905 2628 υ
2953 2572 3103 2644 quod
3157 2571 3370 2627 sanctis
3413 2568 3709 2643 martyribus

2152 2680 2329 2736 usque
2357 2664 2430 2718 ad
2466 2663 2801 2735 sanguinem
2836 2659 3235 2717 resistentibus
3263 2661 3526 2716 Dominus
3550 2658 3704 2714 indui-

2151 2759 2264 2810 tur.
2297 2754 2407 2808 Per
2429 2757 2771 2819 vestimenta,
2804 2751 3098 2808 sententiae
3127 2767 3308 2806 sacra:
3347 2750 3637 2822 Scriptura,
3660 2750 3710 2802 ut

2153 2844 2212 2898 in
2258 2842 2463 2898 Genesi
2495 2858 2508 2898 :
2543 2860 2573 2894 α
2604 2843 2673 2896 Et
2705 2841 2953 2896 vestibus
2991 2841 3139 2895 Esau
3182 2840 3346 2896 valde
3389 2839 3555 2904 bonis,
3598 2852 3710 2909 quas

2155 2932 2303 3005 apud
2349 2949 2410 2987 se
2449 2931 2692 2986 habebat
2727 2931 2898 2998 domi,
2929 2929 3100 2985 Jacob
3141 2929 3334 2986 induit
3361 2927 3589 2984 Rebecca
3603 2925 3662 2992 υ,
3687 2943 3708 2977 3

481 3031 510 3069 α
539 3014 606 3070 In
642 3016 1008 3074 multitudine
1049 3033 1246 3076 eorum
1295 3023 1646 3080 consumitur
1677 3025 2073 3080 vestimentum
2106 3091 2133 3094 ι
2157 3023 2307 3094 quod
2335 3021 2630 3076 sententiis
2657 3037 2829 3076 sacrae
2852 3019 3154 3091 Scripturae
3193 3018 3345 3092 plebi
3379 3017 3596 3074 Iudaica
3617 3015 3711 3088 spi-

479 3116 673 3158 meum
685 3103 750 3172 ‘0,
787 3123 815 3158 ι
847 3106 998 3178 quod
1025 3107 1085 3164 in
1119 3109 1484 3167 multitudine
1524 3113 1914 3168 haereticorum
1945 3129 2076 3184 per-
2093 3091 2138 3152 C
2161 3091 2442 3166 ritualiter
2469 3117 2652 3166 mater
2677 3110 2878 3181 gratia:
2899 3125 3041 3180 quas
3071 3091 3227 3180 apud
3255 3126 3316 3164 se
3335 3112 3547 3164 servant
3569 3105 3618 3160 in
3641 3118 3711 3166 δε*

476 3191 743 3258 turbatur
803 3201 1000 3251 sancta
1062 3198 1326 3256 Ecclesia.
1398 3203 1802 3269 Vestimentum,
1871 3202 2078 3258 bonum

479 3295 639 3352 opus,
670 3288 736 3341 ut
777 3283 837 3338 in
883 3285 1032 3342 Isaia
1075 3305 1088 3341 :
1139 3289 1622 3345 cVestimentum
1663 3290 1764 3346 tibi
1809 3296 1912 3358 est,
1962 3296 2080 3346 esto

481 3369 744 3444 princeps
789 3377 985 3432 noster
1002 3375 1066 3442 ‘1,
1120 3397 1144 3426 3
1181 3377 1239 3432 id
1285 3384 1388 3447 est,
1441 3379 1644 3435 bonam
1695 3381 2080 3452 operationem

479 3473 724 3529 exerces,
758 3467 880 3518 esto
925 3463 1193 3536 praelatus
1239 3474 1449 3523 noster.
1507 3471 1914 3538 Vestimentum,
1956 3487 2079 3525 cor-

480 3565 587 3620 pus
623 3557 903 3620 nostrum,
946 3569 1058 3625 quo
1095 3555 1288 3611 anima
1341 3563 1538 3613 nostra
1594 3559 1867 3626 induitur,
1914 3565 1978 3615 ut
2022 3559 2079 3614 in

479 3636 669 3694 Isaia:
708 3659 733 3692 α
769 3641 840 3697 Et
863 3643 1264 3700 vestimentum
1311 3647 1549 3703 mixtum
1583 3649 1856 3719 sanguine
1887 3649 1995 3704 erit
2022 3649 2080 3703 in

481 3725 886 3798 combustione,
920 3737 980 3788 et
999 3732 1174 3801 cibus,
1204 3734 1352 3806 ignis
1373 3735 1437 3802 Β,
1466 3755 1491 3790 3
1535 3738 1682 3808 quod
1721 3754 1925 3810 corpus
1967 3738 2081 3809 pol-

479 3814 664 3873 lutum
713 3817 944 3876 libidine
983 3822 1043 3877 in
1088 3823 1391 3894 gehennali
1447 3825 1558 3880 erit
1608 3826 2074 3882 concrematione.

481 3904 592 3960 Per
635 3911 1027 3966 vestimentum
1071 3911 1210 3968 ordo
1251 3913 1523 3980 ﬁdelium,
1582 3919 1645 3970 ut
1692 3915 1750 3969 in
1795 3915 2031 3970 Psalmis
2063 3935 2074 3968 :

485 4015 513 4043 α
545 3994 706 4060 Quod
743 3997 1030 4054 descendit
1072 3999 1132 4054 in
1177 4017 1334 4056 oram
1377 4003 1696 4058 vestimenti
1733 4003 1933 4076 ejus",
1972 4024 1993 4055 3
2024 4005 2080 4059 id

481 4089 588 4150 est,
629 4086 833 4154 gratia,
879 4104 1002 4158 quae
1038 4089 1295 4160 pervenit
1331 4108 1509 4162 usque
1547 4093 1618 4147 ad
1655 4109 1783 4148 eum
1833 4093 1928 4165 qui
1954 4093 2084 4149 ulti-

483 4185 611 4226 mus
659 4178 746 4228 est
779 4174 839 4229 in
877 4175 1072 4232 ordine
1113 4178 1384 4235 ﬁdelium.
1419 4180 1527 4236 Per
1561 4185 1944 4236 vestimentum
1980 4183 2081 4237 viri

483 4261 684 4330 sancti,
705 4268 772 4318 ut
797 4263 856 4319 in
877 4265 1108 4322 Cantico
1133 4285 1144 4320 :
1178 4285 1204 4320 α
1229 4268 1298 4324 Et
1316 4269 1455 4324 odor
1477 4271 1940 4326 vestimentorum
1962 4276 2083 4326 tuo-

2163 3208 2314 3258 creto
2336 3201 2606 3273 populum
2635 3199 2922 3254 exornavit
2945 3199 3240 3269 gentilem.

2246 3293 2473 3358 Vestigia
2499 3295 2633 3344 sunt
2650 3289 3005 3362 operationes
3031 3287 3153 3353 Dei,
3187 3292 3258 3343 ut
3283 3287 3344 3342 in
3363 3285 3494 3343 Job:
3517 3302 3545 3340 ι
3565 3281 3716 3338 Vesti-

2161 3380 2257 3450 gia
2286 3381 2408 3450 ejus
2435 3384 2662 3434 secutus
2691 3381 2775 3433 est
2803 3393 2902 3448 pes
2932 3393 3093 3432 meus
3109 3375 3176 3444 ’5,
3217 3396 3242 3429 3
3268 3377 3326 3431 id
3359 3380 3459 3441 est,
3487 3370 3720 3446 Operatio-

2163 3485 2262 3524 nes
2283 3469 2406 3539 ejus
2425 3468 2484 3522 in
2504 3468 2703 3522 effectu
2725 3466 2957 3538 explevi.
2991 3467 3246 3534 Vestigia,
3271 3465 3598 3521 visitatioues
3619 3459 3715 3525 Dei,

2162 3564 2227 3614 ut
2247 3557 2305 3612 in
2324 3558 2352 3612 J
2358 3556 2428 3611 ob
2445 3575 2456 3611 :
2477 3575 2503 3608 ((
2517 3555 2775 3611 Forsitan
2788 3555 3026 3626 vestigia
3039 3555 3162 3626 ejus
3183 3548 3715 3626 comprehendes”.'3

2175 3649 2423 3715 Vestigia,
2455 3645 2753 3718 praesentia
2780 3644 2900 3711 Dei,
2925 3649 2991 3699 ut
3018 3643 3079 3698 in
3107 3643 3353 3699 Psalmis
3385 3661 3397 3697 :
3435 3663 3460 3697 (
3493 3643 3558 3697 Et
3589 3637 3720 3694 vesti-

2160 3735 2255 3806 gia
2279 3739 2380 3790 tua
2427 3751 2540 3789 non
2579 3738 3002 3804 cognoscentur,
3059 3751 3082 3783 3
3129 3731 3284 3802 quod
3328 3729 3610 3804 praesentia
3638 3723 3719 3783 Dei

2160 3841 2262 3896 per
2303 3824 2561 3878 affectum
2609 3822 2835 3894 quidem
2880 3822 2940 3876 in
2981 3825 3171 3876 mente
3219 3821 3480 3887 sentitur,
3520 3818 3609 3874 sed
3641 3830 3720 3887 per

2161 3913 2508 3968 intellectum
2533 3927 2648 3966 non
2676 3909 3190 3982 comprehenditur.
3224 3911 3336 3966 Per
3364 3910 3580 3978 vestigia
3602 3903 3722 3960 mala

2163 4003 2435 4074 exempla,
2467 4007 2533 4056 ut
2577 4001 2636 4056 in
2674 4001 2902 4056 Cantico
2938 4019 2950 4054 :
2990 4017 3017 4051 α
3045 3999 3116 4054 Et
3143 4001 3164 4023 ¹
3195 3997 3311 4054 abii
3358 4005 3484 4071 post
3527 3991 3722 4064 vestigia

2161 4109 2398 4164 gregum
2434 4097 2662 4146 tuorum
2677 4090 2742 4156 ⁸⁷,
2781 4109 2806 4144 3
2833 4090 2891 4144 id
2919 4095 3024 4156 est,
3057 4087 3286 4144 imitare
3315 4087 3561 4158 exempla
3583 4095 3722 4156 prava

2163 4181 2464 4236 fatuorum.

2247 4272 2577 4325 Vestibulum
2626 4275 2712 4323 est
2755 4269 2870 4322 vita
2915 4273 3144 4332 aeterna,
3195 4272 3264 4323 ut
3325 4269 3384 4322 in
3432 4259 3717 4320 Ezechiele:

481 4361 612 4404 rum
639 4351 790 4407 sicut
815 4353 955 4410 odor
980 4355 1164 4411 thuris
1185 4357 1250 4424 ¹⁴,
1283 4375 1310 4411 s
1347 4359 1495 4430 quod
1523 4360 1792 4414 sanctitas
1832 4359 2080 4416 ﬁdelium
2098 4417 2140 4430 ﬁ
2167 4377 2194 4413 α
2225 4358 2578 4414 Vestibulum
2611 4363 2802 4412 autem
2858 4362 3032 4427 portae
3089 4362 3214 4412 erat
3272 4355 3598 4412 intrinsecus
3615 4348 3668 4413 ³³,
3699 4365 3719 4396 ι

479 4439 768 4497 sanctitati
815 4443 1086 4500 orationis
1138 4417 1485 4519 adiequatur.
1536 4449 1644 4503 Per
1699 4417 2144 4504 vestimentumD
2165 4448 2313 4520 quod
2344 4448 2457 4502 vita
2484 4452 2711 4514 aeterna,
2737 4417 3102 4518 quaemerces
3126 4450 3215 4500 est
3252 4445 3406 4513 ﬁdei,
3443 4442 3546 4500 erit
3568 4440 3622 4494 in
3641 4451 3721 4508 pn-

483 4543 657 4600 opera
679 4531 932 4602 justitiaa,
969 4539 1035 4590 ut
1079 4533 1141 4590 in
1181 4535 1286 4591 Job
1319 4555 1330 4590 :
1371 4556 1394 4588 ι
1429 4537 1500 4592 Et
1545 4537 1710 4592 scidit
1751 4538 2083 4594 vestimenta
2163 4537 2276 4593 tria
2303 4537 2532 4592 caelesti.

485 4632 589 4673 sua
617 4617 682 4684 ‘5,
727 4637 756 4672 io
805 4621 862 4676 id
909 4627 1016 4690 est,
1057 4639 1160 4696 per
1183 4627 1204 4649 ⁶
1234 4625 1627 4682 discretionem
1673 4627 1894 4682 distulit
1934 4626 2082 4683 bona
2249 4628 2433 4696 Vesper
2459 4630 2546 4680 est
2583 4624 2984 4690 Antichristus,
3019 4631 3084 4680 ut
3115 4625 3177 4680 in
3224 4623 3331 4680 Job
3362 4641 3374 4677 :
3406 4642 3429 4675 ι
3463 4621 3528 4676 Et
3562 4629 3722 4687 vespe-

455 4706 459 4711 ’
485 4721 658 4776 Opera
685 4723 806 4762 sua.
839 4709 948 4765 Per
973 4717 1295 4768 vestimenta
1325 4731 1496 4786 opera
1523 4715 1730 4782 divina,
1752 4723 1818 4770 ut
1842 4716 1901 4771 in
1929 4717 2033 4772 Job
2065 4735 2076 4770 :
2165 4731 2291 4770 rum
2320 4731 2488 4787 super
2515 4714 2660 4769 ﬁlios
2685 4720 2850 4768 terrm
2896 4729 3234 4783 consurgere
3279 4711 3418 4768 facis
3435 4710 3497 4775 ’9,
3533 4728 3559 4760 υ
3602 4699 3722 4777 quod

489 4813 514 4846 ι
547 4794 892 4866 Prasparavit
919 4801 1145 4871 quidem
1173 4803 1529 4870 vestimenta,
1551 4805 1648 4859 sed
1675 4807 1864 4876 justus
1889 4806 2084 4861 vestie-
2165 4805 2437 4860 Dominus
2463 4803 2758 4876 permittit,
2791 4809 2855 4858 ut
2898 4803 3280 4859 Antichristus
3316 4799 3549 4856 terrenis
3577 4801 3628 4850 et
3655 4807 3724 4848 re-

483 4885 581 4938 tur
617 4883 805 4954 illis“,
839 4903 868 4940 ι
903 4891 1050 4961 quod
1077 4907 1283 4962 pravus
1312 4909 1718 4966 nonnunquam
1745 4893 1933 4962 ,habet
1974 4895 2087 4950 elo-
2167 4893 2355 4966 probis
2381 4893 2722 4948 dominetur.

485 4973 620 5045 quia
663 4973 856 5032 divina
899 4994 1002 5050 per
1025 4979 1393 5049 intellectum,
1437 4982 1535 5038 sed
1585 4984 1774 5054 justus
1819 4983 2087 5040 induetur
2249 4984 2458 5052 Vespere
2487 4987 2573 5037 est
2599 4987 2824 5052 tempus
2861 4980 3286 5047 incarnationis,
3314 4983 3380 5034 ut
3423 4979 3484 5032 in
3524 4969 3718 5030 Exodo:

484 5077 588 5136 per
641 5065 920 5122 eﬂ’ectum.
979 5067 1089 5124 Per
1146 5073 1468 5125 vestimenta.
1531 5072 1784 5128 membra
1835 5074 2084 5146 corporis
2169 5090 2195 5124 α
2227 5071 2471 5142 Vespere
2515 5068 2936 5127 manducabunt
2981 5085 3178 5126 carnes
3195 5067 3262 5134 ³ο,
3306 5085 3335 5121 3
3377 5067 3434 5122 id
3471 5069 3568 5129 est,
3608 5065 3723 5115 tem-

553 5243 573 5278 ¹
608 5243 756 5321 Cen,
779 5259 893 5321 x_xr,
920 5244 1010 5304 13.
1051 5224 1406 5321 "Psal.:xx1,
1436 5251 1486 5305 7.
1527 5250 1551 5286 ³
1583 5251 1686 5307 Job
1715 5266 1862 5321 xxxv,
1890 5251 1978 5308 20.
2013 5251 2034 5287 ⁴
2063 5253 2077 5307 .‘

2159 5271 2185 5304 ι.
2221 5265 2357 5316 xvn,
2390 5249 2472 5303 14.
2505 5251 2528 5284 ⁵
2564 5251 2670 5305 Isa.
2709 5264 2821 5315 XIV,
2852 5249 2942 5305 11.
2975 5249 3000 5283 θ
3028 5249 3174 5304 Psal.
3197 5260 3392 5321 xxxiii,
3437 5243 3520 5321 i_7.

481 5315 704 5394 Ῑιῐζςιῖ.
735 5316 962 5394 “Deut.
988 5319 1310 5394 inmunis.
1345 5315 1576 5394 f'Apoc.
1608 5337 1720 5390 xxx,
1753 5315 1861 5392 16,
1885 5322 1934 5360 1°
1961 5322 2064 5378 Job

2159 5338 2218 5378 Χ.
2258 5315 2352 5394 18.
2391 5321 2432 5356 ¹¹
2464 5321 2571 5377 Isa.
2607 5336 2688 5394 Ill,
2716 5321 2777 5394 76.
2813 5321 2857 5356 ¹²
2885 5322 2992 5376 Isa.
3035 5335 3111 5387 Ix,
3150 5317 3303 5394 5.__‘3
3346 5315 3492 5372 Psal.
3517 5320 3716 5394 -οκξξῐξν

483 5382 538 5438 2.
570 5384 618 5419 ¹⁴
633 5386 810 5460 gent.
839 5403 916 5456 Iv,
946 5389 1028 5448 11.
1059 5391 1103 5426 ¹⁵
1131 5381 1234 5446 Job
1265 5406 1304 5460 ι,
1335 5392 1425 5448 20.
1454 5381 1522 5430 ’³⁸
1552 5393 1654 5449 Job
1697 5381 1868 5459 xxvn,
1901 5393 1988 5460 16,
2023 5395 2077 5450 17

2161 5393 2182 5428 ⁷
2214 5393 2390 5448 Eccle.
2422 5407 2497 5459 Ix,
2533 5394 2584 5450 8.
2627 5381 2687 5428 η’
2703 5393 2902 5447 Matth.
2937 5407 3050 5458 xxr,
3098 5381 3164 5458 7;
3207 5391 3378 5460 Marc.
3411 5401 3483 5452 χι,
3517 5385 3578 5446 7;
3606 5381 3714 5460 ng-

483 5455 726 5535 1919,35;
755 5444 918 5535 Joap;
943 5444 1233 5535 ἐξ1η13⁷ξ¹ο
1259 5444 1428 5535 ipse;
1462 5444 1572 5532 xix,
1591 5444 1768 5522 ᾗ.ῖῦ
1785 5444 1994 5521 nam:
2028 5444 2077 5520 xi

2159 5444 2665 5530 1.35'3‘M'srcigv,
2693 5444 3164 5529 aristaeus;
3189 5459 3300 5535 34_;_
3329 5444 3486 5535 anq'.
3513 5444 3615 5535 (ut.
3639 5444 3713 5535 3,3,-

473 5523 530 5608 3:
562 5516 724 5608 Eph:
752 5543 802 5594 ν.
832 5516 1182 5608 22,231.40.
1215 5516 1372 5608 es;
1392 5516 1426 5608 λ
1445 5516 1584 5592 ι’ῖέξ
1614 5516 2076 5598 interﬁat?

2164 5516 2662 5608 :‘2vees1jggsl;
2701 5516 2872 5592 15]έὲ
2886 5516 3032 5590 reb"
3050 5516 3210 5598 xxiii,
3239 5516 3330 5586 1³1.
3374 5530 3420 5564 ’θ
3449 5525 3548 5584 Job
3577 5516 3642 5586 xi,
3671 5516 3712 5572 7.

481 5595 526 5632 ’⁷
556 5595 717 5654 Gant.
754 5614 793 5667 ι,
828 5601 880 5656 8.
909 5598 1179 5658 2"'Ezech.
1212 5619 1301 5672 XL,
1327 5595 1379 5661 9'.
1411 5607 1458 5642 ³ο
1485 5609 1588 5662 Job
1615 5623 1848 5676 xxxvui,
1869 5607 1956 5666 32.
1989 5595 2037 5642 3°
2067 5609 2077 5662 ]

2159 5609 2237 5662 )d.
2265 5622 2373 5673 xvx,
2414 5607 2499 5662 12.
