3942 6158
1375 195 1384 222 l

349 287 478 348 1077

1269 295 1702 352 ALLEGORIIE
1737 297 1814 350 IN
1856 295 2146 352 SACRAM
2185 295 2663 354 SCRIPTURAM.

3470 297 3614 388 aqua

333 431 470 486 pore
496 414 898 498 incarnationis
926 417 1278 498 spiritualem
1315 420 1677 478 refectionem
1707 424 1728 445 '
1759 420 1931 476 habe-
1949 423 2004 483 Α
2018 401 2166 476 νίῶε
2179 427 2236 476 et
2246 421 2460 494 plateas
2481 438 2747 495 quaeram,
2767 441 2934 497 quem
2951 425 3137 497 diligit
3162 425 3351 480 anima
3369 425 3606 491 metm,»

333 501 485 558 bitis.
527 507 756 576 Vespere,
790 493 1076 578 perfectio,
1109 495 1173 562 ut
1199 509 1258 564 in
1289 509 1494 566 Genesi
1526 529 1537 564 :
1567 529 1592 566 α
1626 510 1695 566 Et
1722 509 1932 566 factum

264 657 276 670 '
331 598 420 649 est
442 611 674 666 vespere
702 601 760 651 et
785 612 951 650 mane
980 597 1019 664 ί,
1055 615 1080 650 ››
1113 597 1170 652 id
1199 605 1302 668 est,
1331 599 1596 672 perfectio
1619 607 1676 656 et
1705 599 1932 656 initium

332 683 536 756 operis.

415 773 634 842 Vespera
663 777 752 828 est
777 773 1036 840 tentatia,
1069 781 1134 830 ut
1158 777 1218 831 in
1247 777 1350 832 Job
1386 797 1396 832 :
1439 799 1460 830 ι
1487 779 1558 834 Et
1585 795 1810 834 rursum
1843 795 1933 834 ex-

327 861 594 932 spectabo
625 878 916 934 vesperam
940 861 980 930 ”,
1019 883 1043 917 ›
1091 865 1150 919 id
1191 871 1294 932 est,
1341 884 1572 922 securus
1601 867 1931 940 exspectabo

328 950 720 1006 tentationem.
767 953 1005 1021 Vespera,
1039 955 1313 1010 terminus
1351 957 1496 1024 vitae,
1541 961 1606 1011 ut
1647 956 1705 1012 in
1735 957 1884 1014 Isaia
1914 977 1926 1012 :

329 1056 358 1092 ι
392 1039 476 1095 De
503 1057 672 1094 mane
703 1057 880 1112 usque
911 1041 981 1095 ad
1012 1058 1300 1116 vesperam
1333 1045 1496 1100 ﬁnies
1541 1063 1631 1100 me
1659 1044 1702 1112 3,
1735 1046 1794 1101 id
1825 1053 1927 1116 est,

327 1128 427 1201 qui
455 1145 548 1183 me
589 1129 765 1184 fecisti
813 1129 1020 1186 habere
1049 1131 1273 1188 initium
1311 1149 1414 1205 per
1457 1135 1831 1202 nativitatem,
1872 1137 1932 1192 in

326 1218 573 1272 termino
599 1219 726 1273 vitae
755 1235 893 1275 meae
938 1221 1354 1277 consummabis
1401 1239 1491 1278 me
1541 1241 1642 1296 per
1668 1230 1928 1280 mortem.

338 1307 582 1376 Vespera,
625 1307 951 1377 adversitas,
983 1316 1049 1364 ut
1082 1310 1140 1365 in
1187 1311 1290 1366 Job
1323 1332 1334 1367 ;
1375 1331 1402 1365 α
1434 1313 1515 1368 De
1557 1329 1724 1368 mane
1753 1331 1931 1386 usque

327 1395 402 1450 ad
430 1413 722 1468 vesperam
759 1397 1120 1454 succidentur
1145 1398 1188 1465 ⁴,
1221 1419 1244 1451 ι
1293 1401 1442 1473 quod
1479 1407 1536 1457 et
1559 1401 1618 1456 in
1648 1404 1928 1475 prosperi-

326 1489 448 1540 tate
479 1484 699 1556 reprobi
731 1503 833 1558 per
860 1487 1373 1559 intemperantiam,
1409 1495 1467 1544 et
1506 1489 1562 1544 in
1593 1491 1931 1547 adversitate

325 1591 432 1647 per
476 1575 891 1646 impatientiam
934 1575 1005 1630 ad
1057 1577 1337 1633 defectum
1384 1580 1644 1634 tendunt.
1690 1582 1926 1650 Vespera,

327 1663 461 1718 ﬁnis
489 1663 706 1729 mundi,
729 1669 792 1719 ut
819 1665 878 1718 in
903 1666 1142 1722 Psalmis
1169 1687 1179 1722 :
1213 1687 1240 1720 α
1281 1669 1692 1724 Convertentur
1710 1669 1780 1724 ad
1815 1687 1934 1725 ves-

2013 509 2071 564 id
2096 515 2198 575 est,
2212 509 2268 564 in
2289 513 2709 568 conversatione
2730 513 3125 586 religiosorum
3146 507 3204 569 et
3227 505 3604 590 saecularium,

2014 615 2262 670 quaram
2291 599 2504 672 aliquid
2538 601 2609 656 ad
2635 602 2937 658 Dominum
2965 603 3274 675 pertinens,
3307 600 3456 676 quod
3482 597 3610 667 inii-

2011 687 2122 743 tari
2179 689 2409 760 possim.
2444 691 2574 756 Vici,
2607 691 2752 751 cives
2799 692 3072 760 caelestes,
3105 695 3128 716 *
3177 698 3243 748 ut
3287 692 3346 747 in
3391 691 3608 758 Tobia:

2016 794 2044 830 α
2077 781 2132 831 et
2175 794 2276 848 per
2321 793 2516 834 omnes
2553 777 2706 834 vicos
2739 781 2861 852 ejus
2889 780 3193 838 cantabant
3217 781 3477 848 Alleluia,
3505 775 3552 816 ²⁰
3583 801 3610 835 »

2014 864 2163 937 quod
2195 865 2516 922 habitantes
2544 867 2604 922 in
2631 867 2730 922 illa
2755 868 2922 924 domo
2943 869 3169 926 Domini
3196 870 3255 924 in
3283 867 3490 926 saecula
3516 884 3616 940 sm-

2014 953 2590 1011 culorumlaudabunt
2615 961 2691 1012 te.

2096 1044 2267 1098 Vidua
2309 1049 2395 1099 est
2437 1043 2698 1113 Ecclesia,
2731 1051 2798 1102 ut
2833 1045 2892 1100 in
2921 1045 3025 1102 Job
3063 1063 3077 1103 :
3111 1067 3133 1100 ι
3167 1048 3236 1102 Et
3260 1047 3616 1123 abstulerunt

2011 1147 2115 1205 pro
2145 1131 2380 1204 pignore
2427 1131 2624 1188 bovem
2668 1135 2846 1190 viduae
2879 1133 2944 1202 ²¹,
2978 1153 3004 1188 ››
3037 1135 3093 1191 id
3121 1142 3226 1204 est,
3259 1125 3617 1202 haeretici,"ut

2012 1221 2373 1293 postmodum
2416 1221 2702 1279 auditores
2748 1221 3155 1294 subverterent,
3204 1226 3362 1299 prius
3410 1225 3616 1309 tollere

2011 1309 2341 1365 nitebantur
2381 1311 2806 1382 praedicatorem
2855 1311 3131 1370 Ecclesiae.
3193 1317 3382 1383 Vidua,
3425 1313 3616 1388 anima

2011 1416 2201 1472 prava,
2217 1405 2280 1454 ut
2299 1399 2358 1454 in
2388 1399 2631 1456 Levitico
2657 1420 2668 1456 :
2701 1419 2728 1454 α
2760 1401 3002 1458 Viduam
3031 1409 3088 1460 et
3120 1405 3554 1478 repudiatam”,
3582 1423 3610 1458 υ

2017 1489 2166 1562 quod
2203 1488 2394 1543 anima
2417 1505 2452 1543 a
2478 1489 2596 1544 Dea
2627 1491 2911 1558 recedens,
2945 1497 3004 1546 et
3031 1509 3132 1564 pra
3157 1487 3320 1548 malis
3349 1488 3614 1566 operibus

2015 1577 2330 1650 reprobata,
2369 1577 2576 1634 Christi
2605 1581 2884 1636 consortio
2917 1581 3091 1654 digna
3124 1599 3239 1638 non
3269 1587 3374 1637 est.
3421 1583 3612 1652 Vidua,

2013 1666 2205 1721 anima
2249 1666 2512 1734 hominis,
2547 1672 2612 1722 ut
2657 1667 2717 1722 in
2763 1667 2868 1724 Job
2901 1687 2912 1722 :
2949 1689 2972 1722 ι
3025 1670 3094 1726 Et
3135 1670 3314 1727 viduae
3336 1670 3478 1728 bene
3501 1683 3618 1742 non

323 1769 526 1825 peram
553 1753 596 1820 δ’
634 1771 658 1805 ,,
698 1754 845 1825 quod
875 1754 933 1808 in
963 1756 1076 1810 ﬁne
1107 1757 1303 1812 mundi
1335 1757 1585 1830 reliquiae
1609 1758 1933 1816 Iudaeorum
1951 1751 2148 1849 Bfecit
2172 1753 2237 1821 ’3,
2273 1775 2297 1807 ι
2328 1755 2385 1810 id
2413 1761 2518 1823 est,
2539 1756 2740 1812 animae
2767 1775 2882 1813 suae
2905 1758 3046 1814 nihil
3069 1759 3332 1849 utilitatis
3357 1745 3614 1849 contulit.

327 1842 497 1896 salvae
534 1843 693 1896 ﬁent.

2016 1845 2126 1900 Per
2147 1845 2365 1912 viduas,
2397 1843 2588 1916 plebes
2625 1845 2902 1902 haereticis
2953 1845 3235 1920 subjectae,
3267 1843 3332 1904 ut
3371 1849 3430 1906 in
3467 1840 3569 1926 Job
3601 1865 3613 1902 :

363 1993 368 2002 ι
410 1931 719 2000 Vcspcrlilio
763 1937 849 1987 est
895 1949 1054 1988 error
1083 1935 1307 2010 mentis,
1341 1941 1406 1990 ut
1432 1935 1491 1990 in
1538 1936 1780 1992 Levitico
1810 1954 1936 2010 pro-
2023 1950 2045 1982 ι
2077 1931 2290 1987 Viduas
2319 1931 2587 1988 dimisisti
2617 1934 2900 2004 vacuaS,“
2931 1955 2956 1988 ι
2981 1937 3039 1991 id
3068 1942 3170 2004 est,
3205 1937 3311 1994 sub
3339 1937 3618 2026 haereticis

247 2085 266 2094 -
321 2017 558 2074 hibetur
592 2037 663 2075 ne
703 2021 826 2092 quis
876 2023 1136 2078 comedat
1181 2024 1634 2097 vespertilionem
1665 2026 1708 2093 ⁸,
1741 2027 1798 2082 id
1827 2032 1930 2094 est,

325 2123 400 2164 ne
429 2115 703 2180 sequatur
725 2123 994 2166 errorem.

413 2199 588 2253 Vesica
619 2205 705 2253 est
731 2205 939 2268 tumor,
969 2205 1034 2255 ut
1061 2200 1118 2256 in
1147 2201 1339 2257 Exodo
1371 2221 1384 2258 :
1421 2220 1446 2254 α
1469 2203 1678 2260 Vesicae
1705 2209 1932 2278 turgen-

323 2291 418 2343 tes
449 2287 488 2353 ⁷,
524 2307 550 2340 »
582 2288 638 2342 id
664 2293 768 2356 est,
810 2295 1062 2344 tumores
1091 2291 1501 2362 superbientes.

251 2363 260 2376 ’
413 2379 507 2430 Via
529 2383 616 2432 est
649 2377 923 2446 Christus,
939 2383 1004 2436 ut
1026 2379 1084 2434 in
1111 2379 1412 2451 Evangelia
1437 2399 1448 2434 :
1479 2401 1501 2434 ι
1527 2382 1642 2454 Ego
1667 2399 1793 2440 sum
1821 2383 1928 2450 via,

325 2465 540 2521 veritas
589 2472 645 2522 et
683 2467 797 2522 vita
819 2467 860 2534 ⁸,
898 2486 925 2520 n
959 2467 1109 2540 quod
1139 2469 1160 2492 ⁶
1191 2469 1249 2524 in
1293 2487 1392 2542 spe
1423 2471 1584 2526 nobis
1625 2477 1712 2527 est
1754 2476 1844 2527 via
1873 2473 1931 2527 in

322 2555 602 2627 exempla,
636 2559 838 2611 veritas
865 2557 923 2612 in
969 2557 1264 2629 promisso,
1296 2562 1410 2614 vita
1439 2559 1500 2614 in
1529 2560 1778 2632 praemio.
1817 2562 1928 2628 Via,

319 2643 478 2699 bona
505 2645 871 2713 conversatio,
901 2652 964 2702 ut
991 2646 1049 2700 in
1087 2646 1374 2702 Parabolis
1411 2667 1422 2702 :
1461 2668 1484 2701 ι
1517 2649 1624 2704 Via
1649 2651 1934 2721 justarum

320 2732 540 2806 absque
567 2733 896 2790 olfendicula
925 2735 967 2801 θ,
1003 2754 1026 2786 ι
1059 2735 1117 2790 id
1149 2741 1252 2804 est,
1287 2738 1634 2794 conversatio
1657 2737 1934 2794 bonorum

320 2821 540 2894 absque
567 2824 847 2879 criminali
876 2829 1123 2896 peccato.
1177 2827 1292 2894 Via,
1334 2827 1611 2883 rectitudo
1657 2827 1932 2884 Ecclesia-

319 2927 476 2978 rum,
510 2917 576 2967 ut
615 2912 672 2966 in
721 2913 824 2968 Job
857 2931 870 2968 :
912 2934 933 2965 ι
973 2915 1090 2970 Nec
1117 2915 1369 2970 ambulet
1418 2933 1520 2988 per
1564 2917 1712 2972 viam
1741 2918 1932 2972 vinea-

318 3015 459 3056 rum
483 2999 550 3068 ¹⁰,
594 3020 620 3054 )›
661 3002 718 3056 id
743 3007 848 3070 est,
881 3019 994 3058 non
1021 3003 1170 3059 vivat
1199 3005 1508 3060 secundum
1539 3006 1932 3064 rectitudinem

2017 2020 2324 2093 reliquistis
2351 2022 2542 2106 plebes
2570 2022 2716 2114 bona
2737 2039 2907 2113 apere
2941 2041 3162 2082 vacuas.

2099 2111 2292 2180 Vigiles
2321 2099 2459 2166 sunt
2473 2099 2652 2166 sancti
2663 2099 2880 2184 langeli,
2897 2118 2960 2168 ut
2987 2113 3046 2168 in
3073 2113 3305 2170 Daniele
3329 2133 3344 2170 :
3367 2135 3389 2168 ι
3409 2116 3475 2172 In
3496 2131 3621 2172 sen-

2011 2199 2192 2254 tentia
2219 2199 2474 2272 vigilium
2498 2201 2790 2256 decretum
2819 2207 2905 2258 est
2929 2203 3034 2258 hoc
3051 2202 3118 2270 ³⁵,
3151 2221 3178 2257 ι
3201 2203 3260 2260 id
3286 2209 3388 2272 est,
3427 2205 3484 2260 in
3509 2200 3616 2263 mi-

2013 2287 2248 2344 nisteria
2295 2289 2625 2361 angelorum
2671 2290 3005 2364 dispositum
3041 2297 3146 2347 est.
3193 2294 3402 2362 Vigiles,
3432 2293 3614 2364 sancti

2013 2382 2286 2450 pastores,
2317 2383 2384 2432 ut
2413 2378 2472 2432 in
2501 2379 2732 2435 Cantica
2765 2399 2778 2436 :
2813 2399 2840 2432 α
2890 2380 3236 2436 Invenerunt
3255 2398 3346 2437 me
3393 2376 3608 2454 vigiles,

2015 2467 2112 2539 qui
2135 2465 2460 2522 custodiunt
2482 2467 2766 2524 civitatem
2783 2467 2830 2504 ’⁸
2855 2487 2880 2519 η
2915 2467 2973 2524 id
2993 2475 3097 2538 est,
3130 2469 3505 2527 adoraverunt
3522 2487 3614 2527 me

2015 2561 2270 2629 pastores
2291 2556 2387 2628 qui
2413 2562 2619 2628 regunt
2647 2557 2970 2613 Ecclesium.
3503 2555 3508 2562 ’

2096 2646 2236 2700 Villa
2267 2649 2354 2700 est
2379 2661 2566 2700 massa
2585 2646 2906 2719 impiorum,
2936 2648 3078 2708 utin
3103 2649 3436 2722 Evangelia:
3467 2648 3615 2724 cMio

2012 2733 2089 2788 sit
2118 2749 2248 2788 eum
2277 2733 2338 2789 in
2364 2733 2573 2802 villam,
2588 2739 2654 2789 ut
2681 2739 2938 2808 pasceret
2954 2753 3152 2808 parcos
3175 2735 3240 2805 ³⁷,
3263 2754 3290 2790 ››
3313 2733 3370 2792 id
3391 2735 3496 2804 est,
3519 2753 3612 2806 as-

2013 2822 2244 2878 sociavit
2273 2839 2402 2878 eum
2431 2824 2830 2880 conventiculis
2844 2825 3168 2897 impiorum,
3200 2831 3265 2882 ut
3291 2843 3490 2882 sensus
3509 2841 3614 2897 nu-

2013 2913 2181 2968 triret
2209 2899 2552 2968 immundos.
2590 2913 2747 2981 Villa,
2779 2913 3072 2969 dominum
3117 2913 3410 2988 superbiae,
3445 2911 3509 2970 ut
3551 2915 3613 2970 in

2017 3001 2315 3074 Evangelia
2345 3019 2361 3059 :
2397 3019 2426 3054 ι
2454 3001 2661 3056 Villam
2681 3001 2811 3070 emi,
2845 3008 2902 3058 et
2921 3001 3047 3059 ideo
3071 3019 3186 3059 non
3210 3020 3441 3076 possum
3464 3003 3614 3082 veni-

319 3089 723 3146 Ecclesiarum.
763 3093 873 3159 Via,
895 3093 1009 3148 vita
1037 3099 1247 3162 nostra,
1281 3101 1346 3150 ut
1373 3095 1433 3151 in
1466 3096 1704 3152 Psalmis
1739 3115 1750 3149 :
1793 3117 1813 3148 ι
1833 3095 1930 3152 Di-
1952 3109 1995 3170 α
2018 3107 2078 3146 re
2097 3089 2162 3158 ³⁸,
2186 3111 2213 3144 »
2240 3091 2388 3162 quod
2417 3091 2514 3164 qui
2539 3107 2640 3162 per
2665 3091 2875 3147 fastum
2906 3092 3181 3166 superbiae
3207 3094 3610 3178 intumescunt,

319 3179 453 3249 rige
482 3179 544 3235 in
570 3187 871 3252 conspectu
910 3186 1008 3236 tuo
1036 3183 1154 3238 vias
1185 3199 1340 3238 meas
1372 3185 1434 3251 ¹¹,
1469 3203 1496 3238 »
1532 3185 1589 3240 id
1621 3191 1724 3252 est,
1761 3186 1934 3258 placi-

317 3273 446 3322 tam
470 3267 556 3322 fac
584 3268 688 3323 tibi
716 3269 887 3324 vitam
917 3287 1122 3325 meam.
1163 3273 1273 3338 Via,
1318 3277 1500 3328 status
1543 3272 1929 3346 reproborum,

317 3356 481 3413 utin
527 3357 816 3413 Parabolis
851 3377 866 3413 :
903 3379 925 3410 ι
972 3359 1080 3414 Via
1125 3359 1428 3431 impiarum
1475 3361 1774 3418 tenebrosa
1800 3361 1865 3430 η,
1902 3381 1929 3416 1o

245 3439 248 3442 ’
317 3445 479 3518 quod
508 3451 688 3502 status
716 3463 818 3520 per
845 3464 1095 3504 errorem
1124 3448 1495 3522 reproborum
1524 3455 1614 3505 est
1637 3447 1926 3506 obscurus.

325 3535 450 3602 Via,
493 3535 745 3591 raritudo
773 3537 900 3592 vitae
928 3538 1241 3610 praesentis,
1275 3545 1340 3593 ut
1372 3539 1432 3592 in
1461 3539 1668 3594 Genesi
1702 3559 1713 3593 :
1755 3558 1780 3592 α
1810 3539 1934 3594 Fiat

311 3623 448 3683 Dan
467 3623 684 3680 coluber
721 3625 779 3680 in
809 3627 900 3681 via
927 3625 990 3694 η,
1037 3647 1062 3680 ι)
1100 3627 1248 3699 quod
1277 3627 1346 3683 iis
1371 3628 1466 3700 qui
1497 3629 1790 3700 praesentis
1805 3627 1931 3684 vitae

315 3713 678 3769 dulcedinem
725 3715 983 3787 diligunt,
1024 3717 1249 3770 mallem
1287 3734 1347 3772 se
1393 3715 1649 3772 diabolus
1677 3717 1734 3772 in
1763 3718 1928 3772 Anti-

2016 3195 2373 3252 nequaquam
2403 3179 2474 3234 ad
2505 3196 2808 3252 supernam
2834 3183 3079 3254 patriam
3097 3175 3354 3252 tendunt.
3379 3175 3499 3238 'Per
3516 3185 3617 3238 vil-

2017 3271 2130 3323 lam
2159 3269 2352 3341 papuli
2374 3269 2634 3341 gentiles,
2661 3276 2725 3324 ut
2749 3270 2808 3324 in
2837 3271 3101 3326 Cantica:
3128 3291 3151 3324 α
3187 3265 3616 3328 Cammaremur

2013 3357 2074 3412 in
2093 3358 2224 3413 villa
2241 3357 2308 3426 π,
2327 3378 2360 3428 υ»
2382 3358 2532 3430 quod
2562 3357 2818 3415 Christus
2842 3360 3235 3432 praedicatores
3262 3377 3394 3418 suos
3423 3359 3618 3433 monet

2015 3448 2075 3503 in
2105 3447 2362 3520 gentium
2394 3447 2637 3520 populis.

2095 3537 2297 3607 Vinum
2339 3540 2426 3591 est
2482 3551 2752 3594 arcanum
2782 3537 3040 3604 Dietatis,
3075 3543 3140 3592 ut
3175 3537 3234 3592 in
3281 3536 3568 3622 Parabolis
3597 3555 3610 3592 :

2005 3642 2040 3685 ,..¢
2072 3621 2298 3679 Miscuit
2323 3624 2516 3678 vinum
2531 3623 2597 3692 ³ο,
2633 3643 2658 3678 ››
2685 3625 2834 3698 quod
2855 3625 3145 3698 Sapientia
3156 3642 3258 3698 per
3273 3641 3500 3682 carnem
3519 3643 3616 3699 ap-

2009 3729 2214 3784 parens
2242 3711 2479 3768 Dietatis
2493 3711 2654 3768 nobis
2667 3713 2934 3770 revelavit
2951 3718 3246 3769 secretum.
3277 3715 3496 3783 Vinum,
3510 3714 3618 3770 fer-

315 3803 535 3864 christo
556 3809 613 3857 et
639 3803 916 3860 lubricum
950 3804 1250 3860 exhibebit.
1282 3807 1390 3860 Per
1419 3797 1569 3862 viam
1591 3823 1760 3879 opera
1787 3807 1928 3862 Con-
2007 3817 2108 3856 var
2128 3801 2370 3874 Spiritus
2397 3801 2595 3871 sancti,
2619 3803 2640 3826 ⁶
2661 3819 2852 3858 veram
2881 3803 3058 3858 menti
3087 3803 3332 3858 hominis
3360 3803 3614 3859 laetitiam

313 3892 542 3958 ditaris,
578 3897 643 3948 ut
669 3893 728 3948 in
769 3891 912 3949 Job:
954 3915 975 3945 ι
1017 3895 1142 3966 Ipse
1187 3900 1273 3950 est
1317 3895 1655 3968 principium
1706 3896 1924 3950 viarum
2007 3889 2270 3946 infundit.
2314 3893 2533 3960 Vinum,
2566 3891 2802 3950 scientia
2817 3891 2977 3964 legis,
2991 3898 3057 3948 ut
3075 3891 3133 3948 in
3157 3892 3420 3949 Cantica:
3454 3893 3616 3950 (Me-

313 3981 550 4037 Damini
570 3981 633 4048 ¹⁴,
660 4001 685 4034 )›
710 3984 856 4054 quod
885 3987 1015 4038 ante
1043 3999 1215 4055 opera
1240 4001 1342 4039 sua
1373 3991 1574 4041 caetera
1602 3984 1734 4039 fecit
1761 4001 1928 4056 ange-

315 4069 442 4125 lum
472 4070 641 4126 Deus.
667 4071 776 4126 Per
804 4075 920 4126 vias
942 4079 1220 4144 praecepta
1247 4073 1452 4138 divina,
1473 4077 1538 4128 ut
1567 4075 1625 4128 in
1649 4073 1888 4128 Psalmis
1911 4090 1922 4126 :

321 4179 345 4210 c
385 4159 521 4213 Vias
561 4165 706 4226 tuas,
756 4161 1014 4228 Domine,
1069 4161 1283 4234 inspira
1329 4162 1467 4216 mihi
1503 4162 1561 4229 ιε,
1629 4183 1650 4214 ι
1708 4163 1765 4218 id
1821 4168 1923 4229 est,

315 4253 603 4320 praecepta
647 4253 764 4315 tua,
797 4249 1053 4318 Domine,
1096 4251 1308 4323 inspira
1350 4251 1508 4305 mihi.
1549 4252 1659 4306 Per
1699 4255 1818 4306 ria:
1847 4252 1930 4306 in-

2011 3979 2152 4034 liora
2165 3983 2299 4035 sunt
2316 3979 2492 4034 ubera
2505 3985 2604 4035 tua
2615 3981 2744 4036 vina
2757 3979 2824 4048 3‘,
2845 4000 2868 4034 ι
2895 3981 3044 4054 quod
3063 3981 3340 4054 sapientia
3355 3981 3613 4039 Ecclesiae

2011 4069 2227 4124 excedit
2263 4068 2558 4124 scientiam
2587 4069 2745 4140 legis.
2779 4073 3000 4138 Vinum,
3039 4071 3275 4126 verbum
3303 4071 3612 4143 Evangelii,

2011 4158 2142 4214 utin
2156 4151 2406 4214 Cantica:
2418 4177 2444 4211 α
2460 4157 2670 4214 Guttur
2683 4165 2843 4216 tuum
2860 4160 3006 4216 sicut
3016 4161 3205 4216 vinum
3224 4159 3520 4236 optimum,
3532 4159 3612 4213 θ’»

2013 4249 2162 4320 quod
2191 4247 2583 4320 praedicatores
2609 4265 2743 4304 suos
2771 4266 2937 4305 suum
2975 4251 3317 4306 annuntiant
3359 4241 3615 4324 Evange-

315 4343 499 4392 ternae
535 4337 904 4409 cogitationes
944 4345 1169 4406 nostrae,
1202 4347 1266 4394 ut
1311 4339 1373 4396 in
1415 4339 1654 4395 Psalmis
1688 4359 1702 4394 :
1739 4362 1758 4390 ι
1797 4339 1930 4396 Vias
2009 4336 2168 4392 lium.
2193 4337 2883 4410 Vinum,cantemplativus
2904 4335 3159 4410 quisque,
3185 4338 3324 4393 utin
3355 4337 3612 4394 Cantica:

318 4442 478 4481 meas
509 4426 796 4482 enuntiavi
827 4427 930 4482 tibi
950 4427 1014 4494 ¹⁸,
1052 4448 1078 4482 ››
1113 4428 1169 4482 id
1190 4433 1292 4496 est,
1319 4429 1564 4484 occultas
1591 4444 1745 4484 meas
1777 4429 1992 4502 cogi-1)
2019 4443 2044 4480 α
2078 4424 2202 4480 Bibi
2229 4425 2421 4481 vinum
2449 4443 2637 4482 meum
2669 4443 2798 4481 cum
2830 4427 2974 4480 lacte
2996 4419 3206 4493 meo”,
3232 4447 3257 4479 ι)
3292 4427 3348 4480 id
3377 4433 3480 4495 est,
3521 4427 3614 4482 in-

319 4516 567 4571 tatianes
596 4515 699 4570 tibi
749 4533 848 4588 per
889 4517 1292 4572 confessionem
1327 4518 1586 4574 revelavi.
1621 4519 1728 4574 Per
1775 4521 1926 4572 viam
2010 4515 2299 4586 corporavi
2327 4515 2785 4586 contemplativas
2819 4513 2987 4569 simul
3027 4519 3085 4569 et
3122 4515 3349 4570 activas.
3387 4517 3610 4588 Vinum,

318 4605 570 4660 actiones
600 4611 824 4672 nostrae,
858 4611 922 4660 ut
945 4606 1002 4660 in
1031 4606 1134 4662 Job
1167 4623 1179 4658 :
1217 4625 1244 4659 ί(
1277 4608 1475 4663 Nonne
1515 4607 1634 4680 ipse
1679 4607 1928 4662 conside-
2009 4603 2382 4675 intelligentia
2415 4605 2752 4676 spiritualis,
2784 4607 2848 4659 ut
2873 4604 2933 4658 in
2969 4600 3304 4675 Evangelia:
3344 4601 3366 4657 ἆ
3406 4607 3494 4662 Tu
3517 4621 3618 4662 au-

320 4701 414 4752 rat
439 4695 556 4750 vias
585 4711 740 4750 meas
770 4693 854 4748 ‘7?
889 4716 910 4745 ι
945 4695 1002 4749 id
1033 4700 1137 4762 est,
1165 4696 1533 4767 cogitationes
1563 4713 1738 4752 meas.
1773 4717 1796 4750 ι)
2008 4699 2124 4748 tem
2160 4693 2393 4747 servasti
2416 4692 2609 4747 vinum
2637 4692 2847 4748 bonum
2861 4691 2926 4759 3‘,
2963 4711 2990 4746 ))
3021 4691 3077 4746 id
3108 4697 3210 4760 est,
3235 4691 3618 4765 spiritualibus

406 4784 644 4838 Viatores
665 4789 800 4838 sunt
823 4783 927 4838 viri
957 4784 1156 4850 sancti,
1181 4785 1322 4840 utin
1340 4784 1444 4840 Job
1481 4805 1490 4840 :
1531 4805 1554 4839 α
1579 4787 1930 4858 Interrogata
2013 4781 2246 4836 servasti
2281 4780 2632 4854 spiritualem
2686 4781 3053 4837 intellectum.
3110 4779 3338 4851 Vinum,
3380 4783 3613 4855 sanguis

318 4871 631 4945 quemlibet
657 4873 728 4926 de
772 4871 1078 4928 viatoribus
1109 4873 1172 4940 ‘3,
1228 4892 1250 4925 ι
1295 4874 1353 4928 id
1386 4880 1491 4942 est,
1533 4876 1806 4931 consulite
1833 4876 1932 4931 ali-
2015 4869 2324 4938 Christi,ut
2342 4870 2402 4926 in
2421 4869 2659 4926 Genesi:
2687 4888 2715 4924 α
2749 4869 2979 4926 Lavabit
3009 4871 3210 4926 stolam
3243 4887 3402 4926 suam
3431 4865 3492 4926 in
3529 4872 3614 4926 vi-

319 4977 490 5033 quem
533 4961 604 5016 de
633 4961 766 5016 viris
812 4962 1042 5029 sanctis,
1077 4963 1172 5034 qui
1203 4962 1371 5018 vitam
1421 4969 1751 5038 praesentem
1783 4965 1927 5020 viam
2016 4976 2089 5015 na
2107 4959 2172 5027 ³⁵,
2201 4979 2224 5011 ι
2248 4959 2306 5014 id
2335 4965 2440 5028 est,
2465 4960 2734 5016 effusione
2763 4959 3055 5032 sanguinis
3083 4960 3170 5016 sui
3202 4959 3498 5044 mundabit
3519 4959 3616 5015 Ec~

317 5054 672 5122 computant.

405 5140 516 5194 Vici
543 5144 678 5194 sunt
708 5139 963 5194 homines
992 5140 1259 5212 religiosi,
1285 5147 1350 5196 ut
1376 5141 1436 5198 in
1464 5143 1694 5199 Cantica
1723 5161 1734 5196 :
1772 5162 1795 5193 α
1819 5143 1928 5199 Per
2014 5159 2037 5192 ι
2057 5137 2273 5194 Potasti
2293 5153 2395 5193 nos
2415 5137 2543 5192 vino
2564 5137 3010 5211 compunctianis
3035 5137 3103 5192 ³⁸.
3126 5158 3152 5192 »
3177 5137 3200 5162 ⁶
3233 5136 3452 5205 Vinum,
3485 5153 3610 5194 cor-

392 5228 410 5262 ¹
443 5228 585 5282 Gen.
620 5242 659 5294 ι,
691 5229 744 5282 5.
773 5227 796 5262 ²
821 5228 925 5283 Job
954 5243 1052 5294 vn,
1080 5231 1133 5294 4.
1156 5229 1180 5262 ³
1211 5231 1317 5284 Isa.
1352 5245 1582 5299 xxxviii,
1615 5231 1704 5286 12.
1733 5231 1753 5266 ⁴
1780 5231 1882 5286 Job
1909 5245 1982 5295 IV,
2016 5228 2105 5282 20.
2139 5227 2161 5259 ⁵
2189 5228 2338 5282 Psal.
2361 5240 2599 5299 xxxviii.
2633 5225 2686 5294 7,
2719 5225 2803 5299 1ξ».
2835 5227 3005 5299 θέμεν.
3038 5241 3114 5292 x1,
3155 5225 3238 5283 19.
3271 5226 3604 5299 7‘Exadsrx,

319 5297 376 5353 9.
405 5299 428 5332 ⁸
457 5301 618 5353 Joan.
652 5315 764 5365 xxv,
793 5301 844 5354 6.
878 5301 902 5334 ⁰
929 5301 1092 5354 Prov.
1126 5316 1216 5366 xv,
1250 5299 1341 5358 19.
1373 5301 1420 5336 ¹⁰
1448 5303 1551 5357 Job
1573 5295 1728 5362 'xxw.
1772 5301 1848 5358 l8.
1901 5304 1930 5336 υ

2022 5300 2121 5353 sal.
2153 5313 2206 5365 ν,
2237 5303 2289 5354 9.
2333 5298 2379 5332 ¹²
2407 5299 2569 5353 Prov.
2603 5311 2678 5364 Iv,
2718 5297 2800 5354 19.
2848 5297 2894 5332 ¹³
2924 5295 3064 5352 Gen.
3113 5311 3261 5362 XLIX,
3295 5297 3385 5352 17.
3429 5296 3475 5332 ¹⁴
3503 5297 3610 5352 Job

323 5384 416 5440 xL,
441 5369 531 5424 14.
567 5370 612 5403 ¹⁵
639 5371 784 5426 Psal.
813 5386 962 5438 xxw,
997 5374 1047 5426 ἅ.
1093 5373 1138 5406 ¹⁶
1167 5373 1314 5426 I’sal.
1349 5387 1497 5440 cxrx,
1527 5374 1616 5430 ‘26.
1652 5374 1692 5406 "7
1726 5374 1830 5426 ,1.ιῦ
1861 5389 1930 5427 xx

2047 5370 2092 5426 1.
2139 5370 2182 5404 ¹⁸
2211 5369 2453 5440 1ρῢχχι,
2481 5366 2573 5424 ‘29.
2619 5369 2665 5402 ¹⁹
2695 5370 2856 5440 Cant.
2893 5381 2977 5434 III,
3005 5368 3062 5422 2.
3109 5367 3158 5402 ὀ
3184 5367 3322 5440 Tob.
3358 5383 3478 5436 xm,
3511 5367 3602 5426 22.

323 5437 498 5510 "Job
526 5455 676 5506 xxw,
707 5444 760 5494 3.
793 5441 839 5475 ²²
861 5437 991 5498 Lev.
1025 5458 1136 5510 xxx,
1170 5444 1258 5498 13.
1299 5443 1346 5478 ’3
1374 5437 1497 5500 Job;
1531 5459 1678 5510 xxxv,
1715 5443 1802 5500 ‘2I.
1835 5444 1882 5479 91
1911 5437 2032 5499 Job.
2068 5455 2201 5508 xxn,
2235 5438 2287 5497 9.
2321 5439 2368 5474 ’⁵
2395 5441 2536 5494 Dan.
2565 5453 2640 5507 IV,
2669 5441 2755 5494 14.
2785 5439 2834 5475 9°
2859 5440 3022 5495 Cant.
3057 5454 3140 5507 III,
3175 5439 3228 5498 3.
3273 5438 3484 5507 ’kLuc.
3511 5454 3604 5508 xv,

331 5509 424 5566 15.
446 5510 654 5583 '{Lua
682 5527 831 5578 xxrv,
863 5514 952 5569 18.
984 5513 1032 5548 ²⁹
1056 5509 1218 5570 Cant.
1251 5529 1348 5582 vn,
1387 5514 1471 5572 11.
1498 5515 1545 5549 ³ο
1575 5516 1733 5570 Prov.
1769 5531 1843 5583 1x,
1879 5515 1930 5572 ‘2.

2031 5514 2194 5570 Cant.
2223 5527 2263 5580 Ι,
2293 5511 2346 5570 2.
2393 5511 2442 5546 ³²
2479 5513 2644 5566 Cant.
2677 5526 2798 5580 vm,
2825 5517 2879 5568 9.
2907 5510 2954 5547 ³³
2983 5513 3146 5568 Cant.
3181 5528 3236 5582 v,
3271 5512 3324 5567 1.
3363 5511 3411 5548 3‘
3443 5513 3608 5569 Jaan.

345 5596 422 5651 x1,
458 5580 538 5642 10.
561 5582 608 5620 ³⁵
637 5583 776 5640 Gen.
809 5599 885 5654 ιν,
923 5584 1008 5645 11.
1035 5585 1082 5623 ³⁸
1107 5587 1254 5644 Psal.
1285 5580 1398 5654 LIX,
1433 5585 1486 5644 5.

2009 5049 2236 5104 clesiam
2265 5065 2446 5104 suam.
2489 5049 2708 5114 Vinum,
2741 5049 3118 5120 compunctia,
3149 5053 3214 5104 ut
3242 5049 3302 5104 in
3331 5047 3570 5104 Psalmis
3595 5068 3608 5104 :
3715 5099 3720 5105 .
