3942 6158
435 272 579 334 1079

1041 274 1104 330 B.
1145 257 1418 330 RABANI
1457 271 1688 330 MAURI
1725 273 2062 332 ARCHIEP.
2103 274 2428 332 MOGUNT.
2471 273 2767 332 OPERUM
2804 275 2988 330 PARS
3025 275 3102 331 III

3555 275 3679 334 1080

435 402 637 474 reptio,
669 405 735 457 ut
759 401 819 458 in
862 400 1160 473 Evangelio
1191 418 1204 455 :
1241 417 1269 455 ¢
1309 400 1615 457 Infundens
1645 401 1830 456 oleum
1875 407 1932 457 et
1958 403 2098 466 vi—A
2123 405 2332 473 Vipera,
2360 409 2518 458 actus
2546 401 2776 474 peccati,
2811 406 2876 456 ut
2900 401 2960 456 in
2989 401 3164 456 Isaia:
3202 418 3228 454 θ
3260 401 3369 456 Leo
3412 409 3467 457 et
3501 401 3676 470 leaena,

431 505 593 560 num,
629 508 654 543 ι
699 489 755 545 id
785 495 890 559 est,
919 490 1356 546 consolationem
1393 495 1452 546 et
1477 490 1908 563 correptionem.
1949 493 2032 546 Vi-

435 595 598 648 num,
629 580 1047 652 contemplatio,
1075 585 1142 635 ut
1180 581 1239 636 in
1267 580 1603 654 Apocalypsi
1635 599 1646 634 :
1679 600 1703 632 ι
1746 581 1817 636 Et
1844 581 2033 636 vinum

435 671 496 726 et
522 669 708 726 oleum
735 671 757 693 '
787 685 857 724 ne
884 669 1094 725 laeseris
1125 669 1166 737 ί,
1203 688 1228 722 »
1267 669 1326 724 id
1365 674 1469 737 est,
1501 669 2035 742 contemplationem

435 762 494 814 et
531 758 811 814 actionem
859 774 926 815 ne
972 761 1190 826 laseris,
1223 758 1283 814 id
1325 764 1429 826 est,
1461 775 1532 815 ne
1560 775 1908 832 corrumpas.
1946 761 2034 814 Vi-

435 863 598 915 num,
631 847 873 915 dilectio,
907 853 973 904 ut
999 848 1058 903 in
1105 848 1374 904 Cantico:
1407 869 1430 898 ι
1461 849 1530 904 Et
1559 848 1704 904 dabo
1730 848 1833 903 tibi
1863 864 2034 920 pocu-

435 936 554 994 lum
592 953 658 992 ex
689 937 820 993 vino
862 937 1086 994 condito
1107 936 1146 1004 ²,
1185 957 1212 991 »
1244 937 1302 992 id
1330 943 1433 1005 est,
1468 937 1612 994 dabo
1640 937 1745 993 tibi
1783 937 2034 994 lmtitiam

435 1043 504 1082 ex
549 1042 740 1082 amore
779 1043 930 1084 vero.
989 1028 1208 1094 Vinum,
1257 1026 1554 1082 delectatio
1601 1014 1832 1100 peccati,
1865 1033 1931 1082 ut
1974 1028 2034 1082 in

435 1115 628 1172 Joele:
661 1135 686 1167 ε
719 1117 790 1172 Et
807 1116 1020 1172 ululate
1039 1132 1252 1183 omnes,
1283 1116 1380 1188 qui
1399 1115 1588 1171 bibitis
1614 1117 1806 1172 vinum
1829 1117 1888 1171 in
1909 1116 2034 1172 dul-

435 1204 632 1260 cedine
649 1204 691 1274 ³,
726 1223 751 1258 ›>
775 1205 832 1260 id
859 1211 962 1273 est,
993 1205 1350 1278 poenitemini
1379 1206 1643 1272 universi,
1676 1206 1770 1278 qui
1800 1222 2034 1262 consen-

434 1293 556 1350 titis
590 1293 650 1350 in
679 1294 1050 1350 delectatione
1087 1295 1319 1367 peccati.
1364 1297 1582 1362 Vinum,
1627 1311 1788 1350 amor
1839 1296 2036 1350 mundi

434 1383 624 1454 hujus,
651 1389 718 1440 ut
765 1383 822 1438 in
871 1381 1202 1440 Parabolis:
1247 1403 1269 1434 ι
1304 1384 1389 1439 Νθ
1436 1386 1457 1408 "
1497 1384 1774 1440 intuearis
1823 1385 2032 1451 vinum,

435 1472 660 1545 quando
689 1472 956 1540 ﬂavescit,
1007 1489 1136 1528 cum
1186 1473 1523 1544 splendescit
1564 1473 1624 1528 in
1680 1479 1840 1528 utero
1887 1473 2038 1530 color

433 1561 558 1634 ejus
581 1561 632 1630 ⁴ς
657 1581 682 1616 ›)
715 1561 773 1617 id
803 1567 906 1628 est,
939 1577 1009 1618 ne
1038 1561 1331 1618 delecteris
1351 1578 1542 1618 amore
1562 1563 1777 1630 mundi,
1812 1563 2036 1634 quando

431 1649 626 1718 allicit,
649 1665 779 1706 cum
808 1650 1192 1707 blandimento
1207 1651 1392 1724 fragili
1415 1651 1668 1707 arriserit
1695 1653 1862 1707 decor
1889 1653 2030 1724 ejus.

2116 497 2173 548 et
2214 509 2280 547 ex
2332 492 2414 548 eis
2451 492 2644 564 vipera
2671 491 2736 558 ’⁸,
2783 510 2806 542 ι
2852 491 2911 546 id
2955 495 3058 558 est,
3090 488 3340 546 diabolus
3382 507 3676 562 suggerens,

2115 581 2564 653 concupiscentia
2591 580 2900 648 lasciviens,
2933 585 2990 634 et
3017 585 3172 635 actus
3204 579 3385 635 malus
3403 596 3466 636 ex
3481 580 3555 634 eis
3576 595 3682 652 pro-

2114 671 2337 726 cedens.

2199 763 2290 817 Vir
2317 765 2406 816 est
2429 759 2706 826 Christus,
2741 764 2806 814 ut
2842 759 2902 814 in
2929 757 3171 814 Jeremia
3209 775 3220 810 :
3268 775 3296 812 α
3337 757 3559 813 Femina
3589 759 3682 814 cir-

2115 849 2402 929 cumdabit
2428 850 2610 904 virum
2640 849 2704 916 ‘9,
2737 866 2764 902 θ
2807 847 2864 902 id
2895 853 2998 915 est,
3043 847 3198 918 virgo
3229 847 3407 903 Maria
3443 848 3685 920 concipiet

2117 939 2424 995 Christum.
2467 941 2576 1006 Vir,
2610 937 2946 1004 intellectus,
2969 942 3035 992 ut
3051 937 3110 991 in
3142 936 3438 1007 Evangelio
3466 954 3480 990 :
3514 956 3536 988 ι
3559 937 3686 992 Voca

2113 1029 2296 1084 virum
2325 1035 2486 1084 tuum
2515 1028 2625 1082 huc
2654 1026 2721 1094 ³ο,
2761 1049 2778 1074 ι
2815 1026 2872 1081 id
2921 1033 3025 1094 est,
3054 1025 3254 1098 collige
3281 1025 3352 1080 ad
3399 1030 3454 1081 te
3489 1043 3686 1082 sensum

2114 1123 2296 1186 tuum,
2329 1121 2387 1174 et
2413 1116 2780 1189 spiritualiter
2801 1115 3050 1186 intellige
3080 1132 3188 1170 me.
3225 1117 3336 1182 Vir,
3369 1115 3578 1170 animus
3601 1133 3686 1170 no-

2116 1213 2252 1274 ster,
2285 1213 2348 1262 ut
2374 1206 2435 1262 in
2462 1205 2668 1262 Genesi
2697 1224 2708 1259 :
2746 1223 2772 1258 α
2805 1205 3080 1276 Deditque
3107 1205 3226 1260 viro
3257 1220 3380 1272 suo,
3411 1204 3503 1276 qui
3529 1221 3688 1260 come-

2117 1296 2203 1352 dit
2225 1295 2290 1364 ",
2327 1316 2349 1348 ι
2384 1296 2534 1368 quod
2561 1312 2690 1351 caro
2719 1295 2933 1366 peccati
2957 1294 3331 1349 delectatione
3360 1295 3563 1366 polluta
3585 1294 3689 1349 ani-

2117 1401 2274 1441 mum
2302 1402 2523 1458 quoque
2551 1385 2623 1440 ad
2648 1399 2982 1440 consensum
3012 1386 3034 1407 ⁶
3062 1383 3259 1438 trahit.
3304 1384 3414 1450 Vir,
3449 1381 3688 1452 diabolus,

2119 1481 2183 1530 ut
2201 1476 2260 1531 in
2287 1475 2524 1530 Psalmis
2543 1495 2559 1529 :
2575 1492 2602 1528 α
2625 1475 2673 1528 Α
2701 1474 2818 1528 viro
2840 1474 3032 1545 iniquo
3057 1471 3688 1539 liberame,Domine”,.

2117 1563 2175 1618 id
2203 1569 2306 1632 est,
2355 1580 2390 1618 a
2416 1563 2658 1632 diabolo,
2692 1563 2788 1634 qui
2819 1568 3038 1617 amator
3071 1567 3160 1617 est
3189 1561 3520 1634 iniquitatis,
3547 1560 3696 1616 libera

2117 1667 2225 1706 me.
2268 1653 2378 1718 Vir,
2409 1668 2568 1707 error
2605 1651 2829 1718 animae,
2857 1655 2923 1706 ut
2948 1651 3008 1705 in
3039 1649 3345 1722 Evangelio
3378 1667 3389 1703 :
3429 1668 3452 1701 (ι
3484 1649 3549 1704 Et
3571 1649 3696 1703 hunc

444 1741 667 1808 Vinum,
703 1739 964 1808 vindicta,
993 1745 1059 1796 ut
1085 1741 1144 1796 in
1170 1741 1504 1814 Apocalypsi
1547 1759 1560 1796 :
1609 1761 1630 1793 ι
1667 1741 1738 1796 Et
1762 1741 1853 1796 hic
1879 1739 2034 1796 bibet
2051 1753 2098 1813 Β
2117 1756 2284 1812 quem
2302 1739 2496 1807 habes,
2513 1757 2628 1795 non
2647 1745 2734 1794 est
2749 1746 2883 1796 tuus
2910 1739 2994 1794 vir
3013 1737 3076 1803 ³³,
3107 1759 3136 1791 ι)
3169 1739 3228 1794 id
3245 1745 3350 1806 est,
3374 1753 3483 1792 non
3501 1753 3692 1810 sponso,

431 1827 502 1884 de
524 1827 652 1885 vino
682 1828 780 1884 irae
817 1829 919 1885 Dei
939 1829 980 1896 ⁵,
1015 1849 1042 1884 ››
1074 1829 1134 1886 id
1161 1836 1266 1898 est,
1307 1830 1511 1886 sentiet
1559 1830 1865 1886 vindictam
1905 1830 2028 1898 Dei,

434 1921 740 1988 antequam
759 1917 1040 1990 judicium
1068 1919 1170 1974 Dei
1201 1919 1424 1974 inferat.

510 2006 675 2061 Vinea
702 2010 790 2062 est
818 2007 1093 2076 Christus,
1118 2013 1184 2064 ut
1209 2007 1270 2063 in
1297 2008 1530 2064 Cantico
1553 2024 1568 2066 :
1602 2027 1625 2062 ι
1658 2008 1961 2064 Videamus
1987 2009 2035 2064 si

433 2094 690 2150 ﬂoruerit
718 2096 881 2152 vinea
907 2097 950 2164 θ,
991 2117 1015 2149 ι
1049 2097 1109 2153 id
1137 2103 1240 2166 est,
1275 2098 1322 2152 si
1351 2097 1674 2154 hominibus
1717 2115 1819 2170 per
1862 2099 2031 2155 fidem

432 2183 693 2240 ﬂoruerit
719 2185 994 2242 Christus.
1027 2189 1208 2256 Vinea,
1236 2187 1502 2256 Ecclesia,
1523 2193 1589 2242 ut
1613 2188 1671 2242 in
1691 2188 2024 2259 Evangelio:

435 2289 465 2326 α
495 2273 580 2329 Ite
612 2279 670 2330 et
695 2291 792 2330 vos
820 2276 880 2331 in
915 2277 1140 2332 vineam
1166 2293 1354 2332 meam
1389 2277 1430 2344 ⁷,
1467 2295 1492 2331 ››
1543 2277 1601 2332 id
1629 2280 1734 2345 est,
1779 2276 1920 2332 bene
1947 2277 2030 2331 vi-

435 2363 616 2419 vendo
644 2363 705 2419 in
733 2364 998 2433 Ecclesia,
1015 2365 1265 2422 laborate
1283 2366 1343 2421 in
1377 2366 1624 2422 Ecclesia
1645 2383 1790 2422 mea.
1845 2368 2025 2434 Vinea,

434 2467 596 2508 sacra
624 2454 930 2526 Scriptura,
951 2460 1016 2510 ut
1029 2456 1090 2510 in
1102 2455 1206 2511 Job
1233 2475 1244 2510 :
1277 2473 1302 2508 ς(
1323 2456 1393 2511 Et
1407 2455 1627 2511 vineam
1649 2457 1792 2528 ejus,
1817 2458 1838 2480 ⁶
1859 2472 2029 2528 quam

433 2542 488 2596 vi
535 2550 953 2615 oppresserunt,
1009 2544 1356 2600 vindemiant
1399 2544 1422 2580 ⁸
1474 2563 1486 2598 :
1531 2563 1558 2598 »
1607 2545 1756 2616 quod
1785 2545 2033 2601 haeretici

437 2631 774 2704 scripturam
818 2633 924 2688 viri
977 2633 1252 2701 catholici,
1302 2650 1472 2706 quem
1529 2635 1868 2702 afﬂixerunt,
1929 2634 2036 2690 sibi

437 2719 740 2776 vindicant.
783 2723 946 2777 Vinea
974 2723 1160 2778 anima
1191 2723 1454 2792 hominis,
1474 2729 1538 2779 ut
1563 2724 1624 2779 in
1652 2725 1840 2780 Joele:
1883 2745 1905 2776 ι
1926 2723 2036 2780 Ρο-

437 2809 556 2864 suit
583 2809 804 2864 vineam
841 2827 1028 2866 meam
1075 2811 1136 2866 in
1183 2811 1471 2868 desertum
1499 2811 1542 2880 9,
1576 2831 1602 2866 ι»
1633 2813 1692 2867 id
1743 2818 1846 2880 est,
1877 2812 2038 2868 bonis

438 2896 826 2976 spiritualibus
855 2899 1141 2955 evacuavit
1185 2899 1434 2956 animam
1473 2888 1679 2956 meam.
1722 2902 1905 2970 Vinea,
1935 2902 2039 2956 Ec-

439 2986 612 3042 clesia
653 2987 724 3042 de
763 2986 1044 3058 gentibus,
1089 2993 1154 3044 ut
1193 2989 1254 3044 in
1304 2989 1542 3044 Psalmis
1573 3007 1586 3044 :
1623 3007 1651 3044 α
1692 2990 1930 3046 Vineam
1971 2991 2040 3046 de

2113 1828 2380 1885 videlicet
2407 1846 2544 1884 sano
2575 1831 2596 1854 *
2641 1829 2977 1896 intellectus,
3011 1828 3313 1900 copularis,
3341 1827 3438 1882 sed
3467 1827 3523 1881 in
3560 1825 3697 1880 adul-

2113 1919 2256 1974 terio
2279 1919 2485 1974 erroris
2514 1919 2909 1974 meretricaris.
2956 1918 3064 1974 Per
3091 1921 3243 1972 viros
3285 1915 3496 1971 robusti
3522 1915 3698 1988 quique

2116 2013 2174 2064 et
2200 2009 2540 2080 spirituales,
2572 2015 2637 2064 ut
2679 2008 2738 2063 in
2785 2007 2888 2064 Job
2921 2027 2935 2061 :
2971 2025 2998 2062 ι
3029 2007 3111 2062 De
3153 2022 3271 2079 quo
3309 2005 3615 2062 cecinerunt
3637 2003 3700 2058 vi-

2113 2099 2162 2153 ri
2191 2097 2256 2165 ²⁴,
2279 2116 2306 2152 ι
2331 2101 2351 2122 '
2381 2113 2548 2170 quem
2569 2096 3013 2168 praedicaverunt
3032 2097 3295 2151 doctores
3325 2095 3385 2149 in
3406 2094 3545 2150 bono
3559 2109 3699 2166 opere

2111 2186 2346 2242 robusti.
2391 2187 2500 2243 Per
2524 2189 2672 2241 viros
2718 2185 2984 2252 haeretici,
3015 2191 3082 2240 ut
3108 2185 3169 2239 in
3199 2183 3446 2240 Psalmis
3477 2202 3488 2238 :
3535 2201 3558 2235 ι
3601 2179 3702 2238 Viri

2111 2277 2462 2348 sanguinum
2491 2275 2768 2330 declinate
2810 2291 2845 2330 a
2881 2291 2972 2330 me
3005 2272 3072 2340 ³⁵,
3103 2291 3130 2327 ι
3163 2273 3225 2328 id
3255 2279 3361 2340 est,
3395 2289 3426 2328 o
3464 2271 3700 2338 haeretici,

2113 2366 2209 2438 qui
2238 2381 2338 2436 per
2370 2365 2762 2438 deceptionem
2795 2364 3116 2419 animarum
3155 2361 3493 2434 sanguinem
3518 2359 3699 2426 bibitis,

2113 2455 2289 2526 fugite
2316 2471 2351 2508 a
2378 2471 2488 2509 me.
2505 2455 2614 2509 Per
2630 2457 2797 2520 viros,
2822 2453 3068 2526 quinque
3093 2469 3300 2507 sensus
3314 2450 3630 2522 corporales,
3649 2455 3703 2506 ut

2115 2543 2176 2598 in
2206 2543 2534 2614 Evangelio:
2568 2561 2594 2596 «
2627 2543 2893 2614 Quinque
2943 2541 3095 2596 enim
3117 2542 3274 2596 viros
3305 2539 3584 2610 (habuisti)
3604 2537 3658 2604 ³⁸,
3680 2558 3702 2594 ι

2117 2631 2174 2688 id
2203 2637 2308 2701 est,
2341 2631 2598 2688 sensibus
2629 2631 2876 2704 quinque
2898 2630 3148 2702 corporis
3166 2631 3258 2684 tui
3291 2628 3584 2685 adhaesisti.

2201 2723 2358 2791 Virgo
2385 2726 2472 2777 est
2499 2722 2597 2776 illa
2625 2721 2877 2776 omnium
2897 2720 3067 2776 decus
3082 2719 3390 2790 virginum,
3408 2719 3536 2774 utin
3553 2717 3696 2774 Isaia:

2125 2831 2149 2863 ι
2183 2810 2322 2866 Ecco
2347 2810 2504 2882 virgo
2534 2810 2828 2882 concipiet,
2861 2814 2919 2864 et
2947 2809 3130 2882 pariet
3157 2807 3350 2864 ﬁlium
3386 2806 3452 2876 ³⁷,
3491 2825 3518 2862 ι
3546 2807 3599 2861 id
3635 2810 3706 2861 est

2120 2899 2301 2956 Maria
2328 2899 2616 2956 Christum
2658 2899 2718 2954 in
2760 2904 2928 2971 partu
2957 2897 3154 2966 illaesa,
3189 2897 3349 2970 quod
3384 2897 3442 2952 in
3470 2900 3707 2968 conceptu

2121 2989 2463 3062 incorrupta.
2525 2991 2703 3058 Virgo,
2751 2993 2946 3043 sancta
2994 2986 3266 3056 Ecclesia,
3301 2992 3367 3042 ut
3413 2987 3472 3042 in
3509 2984 3702 3041 Paulo:

439 3075 681 3148 Egypto
718 3077 1019 3133 trastulisti
1056 3076 1121 3145 1°,
1176 3097 1200 3130 ι
1238 3077 1295 3132 id
1325 3083 1430 3147 est,
1458 3079 1760 3134 Ecclesiam
1789 3079 2044 3154 gentium
2064 3083 2110 3144 ο
2128 3097 2156 3133 α
2182 3079 2491 3152 Despondit
2507 3077 2659 3133 enim
2675 3095 2773 3132 vos
2793 3077 2892 3134 uni
2911 3077 3030 3132 viro
3051 3076 3340 3148 virginem
3360 3081 3566 3132 castam
3577 3072 3706 3129 exhi-

441 3165 512 3222 de
543 3164 792 3221 tenebris
818 3166 1149 3238 ignorantiae
1167 3167 1238 3222 ad
1264 3168 1457 3223 lumen
1477 3169 1729 3224 veritatis
1745 3169 2044 3241 praeduxis-

440 3253 504 3322 ti,
532 3255 681 3326 quod
708 3256 984 3329 Egyptus
1013 3258 1258 3312 tenebras
1289 3261 1471 3312 sonat.
1513 3259 1696 3325 Vinea,
1722 3259 2040 3331 Synagoga,

441 3348 506 3398 ut
531 3341 594 3398 in
615 3343 844 3400 Cantica
871 3361 883 3398 :
911 3362 939 3398 c
968 3343 1206 3400 Vineam
1235 3361 1421 3400 meam
1448 3361 1561 3400 non
1589 3347 1889 3402 custodivit
1914 3347 1979 3414 “,
2013 3366 2040 3400 ››

339 3459 347 3466 -
442 3431 592 3504 quod
634 3432 993 3506 Synagogam
1021 3432 1092 3488 ob
1129 3433 1579 3490 incredulitatem
1623 3435 1895 3491 Dominus
1921 3452 1957 3491 a
1983 3453 2044 3492 se

442 3519 665 3594 abjecit.
725 3523 907 3591 Vinea,
955 3523 1072 3577 vita
1116 3523 1418 3596 cujuslibet
1459 3524 1813 3596 negligentis,
1868 3531 1933 3582 ut
1984 3526 2044 3581 in

442 3609 732 3666 Parabolis
758 3629 771 3667 :
807 3631 830 3664 ι
866 3611 936 3668 Et
964 3629 1065 3684 per
1091 3612 1314 3668 vineam
1341 3613 1446 3667 viri
1473 3613 1633 3669 stulti
1659 3614 1894 3668 transivi
1923 3613 1987 3682 1’,
2015 3635 2040 3668 »

444 3698 503 3754 id
531 3704 634 3766 est,
657 3699 897 3756 intuitus
925 3717 1052 3756 sum
1072 3701 1246 3756 vitam
1265 3701 1622 3773 negligentis.
1667 3703 1846 3768 Vinea,
1872 3702 2045 3774 hypo-

443 3788 605 3856 crita,
650 3793 717 3844 ut
748 3788 808 3844 in
833 3789 936 3844 Job
963 3809 975 3844 :
1012 3807 1040 3842 α
1072 3789 1334 3846 Laedetur
1381 3791 1540 3862 quasi
1569 3791 1733 3846 vinea
1774 3790 1834 3845 in
1863 3791 2045 3863 primo

445 3877 584 3933 ﬂore
613 3875 808 3933 botrus
838 3879 961 3950 ejus
988 3877 1053 3946 ‘3,
1089 3896 1116 3932 ιν
1150 3878 1300 3952 quod
1317 3879 1462 3934 actio
1481 3879 1784 3952 hypocrita:
1803 3897 1904 3952 per
1922 3881 2045 3936 lau-

445 3963 531 4022 dis
550 3966 809 4023 humanae
827 3967 1074 4022 favorem
1089 3968 1538 4040 corrumpiturin
1558 3968 1738 4041 prima
1758 3967 1844 4024 sui
1863 3975 2047 4026 osten-

444 4056 620 4112 sione.
639 4056 749 4112 Per
761 4059 982 4111 vineam
1005 4056 1199 4112 fideles
1209 4057 1420 4129 populi,
1435 4056 1567 4112 utin
1590 4057 1848 4114 Cantico:
1871 4077 1898 4110 α
1935 4059 2044 4114 Ρο-

445 4148 684 4199 suerunt
707 4158 798 4198 me
821 4143 1113 4198 custodem
1135 4144 1194 4198 in
1213 4144 1392 4200 vineis
1413 4145 1476 4213 1‘,
1501 4167 1523 4196 ι
1549 4146 1606 4200 id
1626 4152 1730 4214 est,
1753 4147 2047 4218 elegerunt

445 4248 537 4288 me
563 4232 858 4304 praelatum
886 4233 944 4288 in
973 4233 1212 4306 pOpulis.

527 4323 760 4378 Vincula
788 4328 921 4378 sunt
950 4323 1310 4380 infirmitates
1349 4325 1718 4382 humanitatis
1747 4330 2044 4398 assumptae

2123 3167 2258 3224 bere
2285 3168 2508 3224 Christo
2536 3166 2604 3236 ³⁸,
2647 3187 2670 3220 ι
2705 3167 2856 3240 quod
2897 3165 3195 3221 insistebat
3222 3165 3384 3221 idem
3408 3165 3707 3237 praedicator

2126 3258 2386 3330 egregius
2409 3257 2608 3312 offerre
2637 3255 2942 3312 Ecclesiam
2958 3256 3081 3312 sine
3108 3255 3339 3310 macula
3366 3261 3424 3310 et
3445 3269 3578 3325 ruga
3601 3251 3704 3308 Sal-

2125 3347 2304 3402 vatori
2345 3348 2366 3370 "
2392 3351 2512 3401 tuo.
2556 3347 2732 3414 Virgo,
2773 3344 2963 3400 anima
2999 3349 3215 3412 sancta,
3248 3349 3316 3399 ut
3355 3344 3416 3399 in
3443 3342 3699 3399 Levitico:

2133 3454 2159 3490 α
2187 3435 2478 3507 Virginem
2508 3438 2530 3460 '
2557 3434 2712 3490 ducit
2738 3450 2970 3490 uxorem
2989 3431 3056 3500 ’9,
3092 3453 3116 3485 ι
3148 3433 3306 3506 quod
3332 3434 3574 3488 animam
3593 3429 3704 3485 ﬁde-

2125 3525 2237 3580 lem
2268 3524 2372 3580 sibi
2394 3526 2597 3597 junget
2623 3541 2725 3598 per
2749 3539 3021 3579 amorem.
3062 3525 3244 3592 Virgo,
3279 3539 3440 3580 mens
3457 3537 3632 3596 prava,
3650 3525 3704 3576 ut

2127 3615 2186 3670 in
2207 3614 2384 3670 Isaia:
2410 3632 2437 3668 α
2465 3615 2607 3670 Sede
2633 3613 2692 3668 in
2705 3614 2968 3686 'pulvere,
2985 3613 3136 3684 virgo
3157 3613 3283 3667 filia
3303 3610 3594 3684 Babylonis
3603 3608 3662 3677 ³ο,
3678 3627 3700 3660 ι

2128 3704 2277 3776 quod
2291 3703 2540 3759 molliter
2553 3709 2808 3758 moratur
2826 3703 2886 3757 in
2913 3709 3143 3758 terrena
3165 3701 3509 3773 cogitatione
3527 3717 3560 3756 a
3579 3699 3702 3754 bono

2127 3809 2296 3864 opere
2324 3792 2532 3848 sterilis
2561 3792 2752 3846 anima
2787 3791 3050 3847 vitiorum
3071 3791 3092 3815 ⁶
3111 3789 3442 3846 confusione
3458 3789 3698 3860 subjecta.

2138 3883 2314 3950 Virgo,
2351 3881 2507 3954 plebs
2555 3881 2896 3948 Iudaeorum,
2929 3885 2994 3936 ut
3044 3879 3103 3934 in
3146 3879 3464 3952 propheta:
3501 3897 3526 3931 α
3555 3876 3701 3947 Virgo

2127 3971 2300 4027 Israel
2330 3972 2580 4043 projecta
2607 3975 2693 4025 est
2708 3968 2774 4037 δι,
2812 3988 2836 4021 ι
2867 3969 2925 4024 id
2953 3973 3056 4036 est,
3078 3967 3237 4040 plebs
3263 3969 3498 4024 Judaica
3520 3964 3700 4022 sterilis

2127 4065 2185 4116 et
2207 4059 2553 4116 infructuosa
2579 4058 2650 4114 ob
2677 4058 3126 4114 incredulitatem
3154 4057 3462 4130 reprobata
3479 4063 3576 4114 est.

2208 4152 2370 4220 Virga
2399 4155 2486 4204 est
2511 4147 2741 4204 verbum
2769 4163 3020 4214 manens,
3037 4147 3188 4202 utin
3209 4147 3404 4204 Exodo
3429 4166 3440 4200 :
3477 4165 3502 4198 ι
3520 4143 3702 4202 Tenuit

2125 4239 2382 4304 caudam,
2414 4253 2685 4309 versaque
2714 4243 2801 4292 est
2827 4237 2886 4291 in
2913 4236 3126 4308 virgam
3151 4233 3220 4304 δ’,
3250 4253 3277 4289 n
3309 4235 3460 4308 quod
3487 4231 3700 4290 electiin

2125 4344 2238 4382 uno
2285 4328 2592 4398 eodemque
2621 4325 2843 4382 Christo
2881 4325 3061 4382 Deum
3088 4329 3145 4380 et
3171 4323 3465 4380 hominem
3490 4322 3700 4379 credunt

442 4410 504 4466 in
533 4409 776 4478 Christo,
810 4416 876 4466 ut
901 4410 962 4466 in
990 4410 1094 4466 Job
1126 4427 1138 4466 :
1177 4431 1200 4463 ι
1236 4411 1306 4467 Et
1345 4412 1566 4468 vincula
1607 4415 1728 4486 ejus
1767 4415 1892 4486 quis
1939 4403 2108 4469 sol-D
2125 4433 2246 4472 esse
2299 4417 2620 4472 Dominum.
2665 4417 2844 4484 Virga,
2895 4414 3220 4470 humanitas
3281 4413 3508 4480 Christi,
3550 4417 3608 4466 ut
3646 4410 3695 4464 in

442 4499 524 4554 vit
540 4497 634 4558 ,‘5?
665 4517 692 4553 )›
720 4498 870 4570 quod
899 4515 1000 4570 per
1025 4499 1516 4568 resurrectionem,
1542 4502 1788 4573 gratiam
1815 4518 2041 4558 omnem

437 4587 591 4642 Deus
617 4587 788 4642 Pater
809 4587 868 4643 in
891 4587 1112 4644 Christo
1129 4591 1152 4613 θ
1179 4589 1566 4646 inﬁrmitatem
1585 4591 1824 4646 mutavit
1843 4592 1903 4646 in
1928 4593 2040 4647 vir-

437 4680 640 4730 tutem.
686 4677 932 4743 Vincula,
950 4683 1195 4749 peccata,
1231 4683 1295 4734 ut
1323 4679 1382 4734 in
1410 4679 1649 4735 Psalmis
1675 4699 1686 4733 :
1723 4699 1748 4732 «
1771 4680 2042 4753 Dirupisti

438 4763 661 4844 vincula
689 4780 818 4820 mea
838 4765 902 4832 1°,
937 4783 964 4818 ι)
997 4765 1056 4822 id
1081 4773 1182 4835 est,
1217 4767 1516 4824 dissolvisti
1537 4774 1766 4842 peccata
1793 4787 1937 4825 mea.

522 4855 712 4924 Vipera
741 4859 828 4910 est
846 4855 1083 4911 tentatio
1103 4855 1328 4925 diaboli,
1357 4863 1422 4912 ut
1443 4857 1501 4912 in
1527 4858 1630 4914 Job
1655 4877 1665 4912 :
1695 4879 1718 4912 ε
1753 4859 1858 4914 Et‘
1888 4877 2040 4916 acce-

434 4944 536 5000 det
559 4944 631 5000 ad
662 4960 794 5000 eum
811 4945 1005 5016 lingua
1021 4946 1223 5018 viperae
1235 4947 1298 5016 ιτ,
1317 4966 1343 5000 »
1363 4947 1420 5002 id
1442 4953 1546 5016 est,
1570 4953 1812 5006 mortem
1839 4949 2039 5006 animae

437 5050 540 5106 per
565 5049 901 5092 consensum
945 5039 1265 5108 prosternet
1299 5052 1432 5093 eum
1483 5039 1766 5112 suggestio
1807 5038 2033 5096 diaboli.

2123 4507 2328 4562 Paulo:
2367 4525 2386 4556 α
2409 4507 2479 4561 Et
2495 4506 2712 4577 virgam
2729 4506 3068 4576 Aaron,quaa
3085 4503 3420 4559 fronduerat
3438 4501 3501 4569 ³³,
3523 4521 3545 4552 ι
3568 4497 3694 4572 quod

2122 4595 2444 4650 humanitas
2472 4594 2698 4660 Christi,
2728 4593 2844 4648 veri
2873 4591 3196 4660 sacerdotis,
3225 4592 3382 4646 omni
3409 4585 3694 4646 sanctitatis

2122 4684 2320 4739 decore
2345 4683 2613 4755 fulgebat.
2657 4684 2838 4751 Virga,
2871 4687 3118 4754 potestas
3148 4680 3381 4747 Christi,
3408 4685 3471 4736 ut
3493 4674 3692 4734 inPsal-

2121 4773 2228 4828 mis
2258 4791 2269 4827 :
2307 4791 2334 4826 α
2375 4773 2606 4844 Virgam
2645 4771 2870 4827 virtutis
2906 4776 3016 4826 tua:
3060 4770 3304 4840 (emittet
3349 4769 3610 4826 Dominus
3633 4781 3690 4819 ex

2121 4863 2255 4921 Sion
2273 4861 2362 4932 ³4),
2391 4881 2422 4918 ι
2459 4862 2516 4917 id
2547 4866 2650 4931 est,
2682 4860 3018 4934 potestatem
3063 4858 3411 4916 fortitudinis
3441 4874 3550 4913 sua:
3575 4869 3688 4928 pro-

2120 4952 2286 5010 ducet
2305 4969 2370 5008 ex
2399 4953 2604 5026 populo
2632 4952 2972 5008 Judaeorum.
3014 4950 3197 5020 Virga,
3219 4947 3480 5004 vexillum
3509 4944 3684 5008 crucis,

2119 5047 2185 5099 ut
2210 5043 2270 5098 in
2296 5041 2482 5100 Exodo
2507 5059 2564 5096 τα
2593 5041 2854 5114 Τυιῆῳιθ
2880 5040 3070 5096 Aaron
3105 5040 3321 5112 virgam
3348 5052 3535 5094 coram
3555 5032 3684 5092 Pha-

508 5212 526 5248 ί
554 5210 918 5292 ᾼΡρθειίικϐ.
960 5212 984 5246 ²
1009 5215 1170 5292 Cant.
1201 5228 1320 5292 vni,
1353 5212 1405 5292 2_.
1452 5214 1476 5250 ³
1499 5216 1650 5292 J9el._
1670 5232 1710 5292 1,
1741 5216 1801 5292 5.
1841 5219 1862 5254 ⁴
1890 5219 2050 5276 Prov.
2080 5235 2242 5292 xxxii,
2269 5219 2358 5276 31.
2391 5219 2414 5254 ⁵
2443 5221 2768 5292 Apoc._x1v,
2800 5220 2891 5276 10.
2924 5221 2948 5254 δ
2979 5221 3145 5292 Cant.1
3189 5233 3285 5292 vn,
3316 5217 3408 5292 {12.
3441 5217 3463 5250 τ
3493 5213 3673 5292 Matth.

433 5297 533 5358 xx,
557 5283 689 5352 4,7.
721 5285 743 5322 ⁸
769 5284 896 5358 Job.
930 5299 1078 5358 xxiv,
1125 5283 1178 5343 6.
1221 5285 1246 5322 θ
1273 5287 1411 5342 Joel.
1454 5302 1492 5354 ι,
1525 5287 1578 5342 7.
1607 5289 1654 5324 ¹⁰
1677 5283 1824 5345 Psal.
1854 5304 2038 5358 LXXIX,
2068 5291 2122 5346 9.
2151 5293 2192 5328 ¹¹
2227 5283 2387 5347 Cant.
2431 5306 2470 5358 ι,
2493 5283 2563 5346 ’6.
2618 5289 2664 5325 ¹²
2705 5283 2866 5344 Prov.
2903 5306 3053 5358 xxxv,
3083 5289 3172 5348 30.
3217 5283 3415 5344 13"Job
3467 5303 3554 5355 xv,
3597 5284 3672 5342 33.

435 5353 667 5432 {{0ng
696 5371 736 5423 ι,
762 5353 816 5413 6.
862 5355 1037 5432 ¹⁵λῐθῐξ
1057 5373 1250 5432 xxxix,
1272 5358 1325 5413 8.
1361 5353 1578 5432 “{Psal.
1611 5374 1736 5428 cxv,
1778 5358 1858 5418 16.
1894 5363 1938 5399 ¹⁷
1961 5353 2083 5418 Job.
2117 5379 2208 5432 xx,
2239 5365 2329 5419 16.
2361 5363 2404 5398 ¹⁸
2433 5353 2540 5418 Isa.
2569 5377 2696 5429 xxx,
2728 5361 2782 5416 6.
2829 5362 2876 5396 ¹⁹
2899 5363 3012 5418 Jer.
3039 5353 3188 5428 xxxx,
3219 5360 3308 5415 22.
3349 5359 3399 5396 ³ο
3425 5353 3674 5432 10mg.

364 5495 370 5502 .
434 5425 529 5502 1-4.
553 5424 596 5460 ²¹
626 5427 766 5480 Gen.
793 5443 877 5502 ιιι,
1057 5429 1206 5502 Psal.
1239 5423 1366 5496 CLX,
1395 5430 1448 5485 2.
1483 5430 1530 5466 ’3
1553 5423 1734 5490 Joanf
1766 5447 1840 5498 Iv,
1874 5434 1962 5489 18.
2003 5432 2034 5467 2‘

2125 5423 2393 5502 )b'xxxw,
2424 5433 2514 5492 24.
2562 5433 2608 5468 ²⁵
2629 5423 2775 5488 Psal.
2811 5446 3076 5499 cxxxvm,
3109 5423 3200 5488 19⁷.
3233 5432 3278 5468 ²⁶
3307 5433 3466 5502 Joan.
3497 5444 3568 5496 ιν,
3597 5423 3670 5502 18.

505 5497 742 5574 [δεχνητ
781 5497 870 5574 Ἰίξο
903 5495 948 5533 ²⁸
979 5499 1031 5553 ΙΙ
1057 5499 1183 5556 Cor.
1216 5515 1291 5566 x1,
1326 5495 1379 5557 2.
1405 5502 1454 5539 ²⁹
1483 5506 1612 5562 Lev.
1645 5520 1759 5572 XXI,
1783 5495 1870 5562 13.
1904 5505 1951 5540 ³ο
1979 5507 2032 5562 Is

2125 5521 2287 5574 mu,
2321 5495 2439 5562 1X31
2470 5508 2640 5564 Amos
2673 5521 2722 5570 v,
2752 5504 2804 5564 2.
2836 5504 2883 5540 ³⁴²
2913 5495 3082 5564 Exod.
3115 5519 3189 5572 IV,
3219 5497 3670 5565 4.33Hebr.1x,i.

429 5567 475 5602 3‘
506 5569 654 5625 Psal.
688 5580 799 5632 cxx,
829 5566 881 5624 2.
