3824 6152
166 318 276 376 1081
1043 306 1476 363 ALLEGORIE
1515 308 1593 364 IN
1632 308 1676 364 S.

1872 310 1923 365 Μ
1961 309 2440 367 SCRIPTUMM.
3240 306 3382 365 1082

167 439 359 505 ταοιιθι,
392 457 413 489 ι
444 434 583 508 quod
611 433 747 488 ordo
775 432 1202 505 predicatorum
1234 432 1497 487 vexillum
1526 433 1883 506 crucisAqui
1920 435 1979 489 in
2015 435 2392 491 amaritudine
2429 436 2556 494 vita;
2588 442 2721 493 sunt
2742 436 2809 505 ³ο,
2848 455 2871 489 ι
2915 435 2973 491 id
3001 438 3105 503 est,
3137 447 3380 505 quorum

164 545 320 586 coram
334 525 542 596 regibus
563 528 618 577 et
635 521 982 594 principibus
1005 520 1359 594 praedicabat.
1391 523 1570 591 Virga,
1587 539 1703 578 ma-
1781 524 1962 595 gloria
1989 525 2276 580 confertur
2310 527 2642 598 temporalis
2668 526 2803 581 viris
2844 525 3070 592 sanctis,
3104 523 3201 596 qui
3238 522 3381 577 assi-

163 627 235 674 ter
256 614 455 680 Christi,
474 617 535 667 ut
560 612 619 666 in
647 611 821 665 Isaia:
849 628 876 665 ι
900 611 1235 682 Egredietur
1251 611 1409 682 virga
1430 611 1499 665 de
1516 612 1702 667 radice
1783 613 1908 668 duis
1956 614 2218 669 lamentis
2263 621 2481 670 vacant.
2540 617 2674 681 Vita,
2714 613 3043 687 approbatio
3089 610 3383 668 exterioris

161 709 287 763 Iesse
302 703 338 770 ³,
362 722 385 754 ››
416 702 470 756 id
501 704 600 766 est,
634 699 898 771 procedet
923 699 1103 754 Maria
1130 700 1200 753 de
1222 698 1487 771 progenie
1523 701 1697 755 Iesse.
1782 702 2017 757 actionis
2070 708 2136 757 ut
2188 702 2248 757 in
2303 702 2593 758 Parabolis
2625 721 2636 756 :
2683 703 2814 757 Vita
2855 702 3110 757 carnium
3163 700 3377 755 sanitas

169 797 316 863 Virga,
344 791 490 855 ﬁdes,
522 794 584 843 ut
612 788 670 842 in
700 788 886 843 Exodo
921 806 933 840 :
968 806 994 840 ς(
1019 788 1249 859 Virgam
1279 789 1413 843 tolle
1441 790 1501 843 in
1529 805 1702 844 manu
1781 791 1967 846 cordis
1998 790 2061 858 κ,
2103 811 2126 843 ι
2180 792 2328 863 quod
2378 791 2762 847 benevolentia
2800 791 3007 847 mentis
3053 788 3381 845 exercitium

160 891 252 949 tua,
285 882 337 935 in
363 896 466 952 qua
492 877 736 932 facturus
774 894 835 931 es
864 877 1026 949 signa
1045 876 1087 943 ³,
1125 895 1151 931 ι
1184 878 1239 932 id
1277 883 1379 945 est,
1412 878 1581 933 ﬁdem
1608 895 1700 933 re-
1782 880 2141 935 commendat
2169 881 2461 935 exterioris
2485 881 2739 935 actionis.

160 978 276 1028 ctam
300 968 456 1040 imple
484 967 542 1021 in
570 966 915 1039 operatione,
946 983 1047 1038 per
1084 982 1255 1037 quam
1284 966 1453 1023 debes
1481 969 1702 1039 operari
1863 971 2004 1024 Vitta
2036 974 2123 1023 est
2149 974 2342 1023 sancta
2361 969 2700 1041 praedicatio,
2725 974 2790 1024 ut
2816 968 2875 1023 in
2906 968 3136 1023 Cantica
3164 984 3176 1019 :
3204 983 3232 1019 ι
3267 965 3383 1021 Sic-

160 1060 403 1117 xniracula.
437 1060 611 1125 Virga,
644 1056 941 1126 correptio,
975 1055 1119 1109 utin
1148 1055 1385 1109 Psalmis
1420 1074 1432 1109 :
1471 1074 1500 1107 ει
1531 1057 1704 1128 Virga
1782 1064 1848 1113 ut
1884 1058 2025 1113 vitta
2059 1059 2314 1113 coccinea
2343 1058 2493 1113 labia
2520 1064 2622 1114 tua
2638 1057 2703 1125 ²²,
2740 1078 2766 1111 ι>
2800 1057 2947 1130 quod
2977 1073 3079 1128 per
3106 1054 3375 1127 praedica-

159 1158 237 1206 tua
258 1154 308 1203 et
339 1147 559 1201 baculus
601 1144 785 1209 tuus‘,
826 1166 847 1196 ι)
882 1144 939 1198 id
969 1150 1071 1210 est,
1113 1145 1390 1215 correptio
1421 1150 1477 1199 et
1503 1162 1702 1201 conso-
1782 1148 1964 1203 tiones
1993 1164 2123 1203 suas
2151 1148 2553 1218 cogitationum
2587 1148 2737 1203 ﬂuxa
2765 1146 2825 1201 in
2854 1145 3137 1200 mentibus
3165 1144 3383 1199 audito-

158 1239 266 1293 latio
290 1243 395 1302 tua,
432 1256 458 1286 α
484 1235 612 1306 Ipsa
650 1251 739 1287 me
768 1233 1054 1287 consolata
1090 1239 1242 1289 sunt.
1282 1251 1308 1285 ι
1352 1235 1532 1302 Virga,
1565 1251 1701 1290 con-
1784 1252 1912 1290 rum
1966 1236 2359 1308 praedicatores
2411 1236 2779 1307 restringunt.
2833 1236 2990 1301 Vitta,
3040 1249 3168 1306 spes
3214 1233 3380 1287 cele-

155 1326 363 1399 gregatio
376 1326 671 1395 justorum,
702 1328 769 1376 ut
794 1322 853 1376 in
883 1322 1121 1377 Psalmis
1153 1340 1164 1374 :
1203 1342 1228 1374 «
1254 1321 1561 1377 Redemisti
1590 1323 1701 1378 vir-
1782 1324 1973 1393 stium,
2013 1331 2078 1380 ut
2112 1326 2171 1379 in
2209 1325 2394 1380 Exodo
2433 1341 2446 1377 :
2492 1345 2513 1376 ε
2556 1324 2891 1396 Ligabisque
2931 1339 3055 1378 eam
3079 1322 3217 1376 vitta
3239 1322 3379 1394 hya-

154 1432 257 1486 gam
297 1412 629 1468 hereditatis
672 1416 783 1466 tuae
800 1411 841 1478 ³,
876 1411 932 1465 id
975 1418 1078 1477 est,
1112 1427 1143 1465 a
1174 1416 1451 1482 potestate
1494 1412 1701 1467 diaboli
1782 1414 2036 1468 cinthina
2059 1412 2124 1480 π,
2162 1431 2185 1465 ι
2224 1414 2281 1469 id
2317 1419 2419 1478 est,
2458 1414 2721 1468 virtutem
2748 1429 2850 1484 per
2887 1428 3043 1484 spem
3072 1410 3380 1466 ccelestium

155 1503 317 1558 eruisti
342 1501 584 1556 haeredes
614 1500 775 1571 regni
802 1499 906 1554 tui.
949 1501 1131 1569 Virga,
1165 1500 1461 1571 castigatio
1490 1502 1698 1569 divina,
1783 1500 2140 1556 confirmabis
2184 1502 2242 1557 in
2282 1507 2470 1557 mente
2507 1507 2624 1557 tua.
2665 1503 2775 1557 Per
2801 1504 2965 1556 vittas
2997 1504 3273 1572 pracepta
3300 1498 3384 1553 di-

154 1590 273 1645 utin
296 1588 525 1643 Jeremia
558 1606 568 1641 :
609 1607 633 1637 α
659 1586 890 1658 Virgam
925 1586 1249 1657 vigilantem
1280 1603 1383 1659 ego
1412 1587 1572 1643 video
1592 1589 1633 1655 ⁸,
1673 1608 1698 1642 ι
1784 1591 1928 1657 vina,
1959 1596 2024 1646 ut
2051 1591 2109 1646 in
2135 1590 2279 1646 libro
2323 1592 2556 1647 Numeri
2590 1610 2602 1646 :
2642 1611 2663 1642 ι
2697 1590 2976 1646 Ponentes
3011 1589 3072 1643 in
3102 1588 3182 1643 eis
3212 1587 3379 1643 vittas

151 1679 194 1734 id
216 1683 301 1744 est,
332 1677 656 1732 electionem
693 1676 941 1731 divinam
985 1676 1191 1731 electos
1228 1681 1553 1747 tangentem
1599 1694 1702 1748 ego
1784 1678 2175 1751 hyacinthinas
2197 1678 2262 1747 ",
2296 1699 2324 1731 ι»
2356 1680 2413 1733 id
2443 1685 2547 1747 est,
2581 1677 2853 1734 habentes
2883 1678 2942 1733 in
2970 1675 3231 1731 cordibus
3260 1674 3377 1731 suis

153 1767 336 1839 aspicio.
372 1768 549 1834 Virga,
584 1771 769 1821 terror
795 1766 954 1837 legis,
996 1769 1061 1819 ut
1088 1765 1146 1819 in
1174 1764 1278 1820 Job
1310 1784 1323 1819 :
1358 1768 1379 1790 ⁶
1415 1786 1438 1818 ι
1472 1753 2185 1840 Auferethrmceptiones
2218 1768 2452 1823 divinas.

150 1873 176 1911 a
206 1873 279 1910 me
303 1856 505 1927 virgam
545 1860 706 1910 tuam
734 1855 774 1922 ⁷,
814 1877 838 1903 ι
872 1854 930 1908 id
972 1859 1075 1920 est,
1133 1854 1374 1924 legalem
1414 1854 1698 1911 timorem.
1867 1859 2077 1911 Vitulus
2105 1862 2193 1911 est
2221 1857 2497 1923 Christus,
2530 1862 2595 1912 ut
2621 1858 2680 1911 in
2711 1856 2914 1911 Genesi
2947 1874 2958 1910 :
2998 1876 3021 1909 ι
3053 1854 3209 1911 Tulit
3234 1853 3384 1909 vitu-

158 1947 303 2014 Virga,
324 1945 503 1999 divina
530 1944 867 2016 persecutio,
903 1948 967 1999 ut
996 1943 1055 1997 in
1080 1944 1326 1998 Jeremia
1360 1962 1371 1997 :
1402 1962 1429 1997 α
1461 1945 1526 2000 In
1547 1945 1704 2016 virga
1783 1946 1899 2001 lum
1930 1944 2399 2013 deiarmento”,n
2423 1947 2479 2001 id
2502 1952 2606 2013 est,
2630 1946 2917 2002 Christum
2947 1945 3017 1999 de
3043 1959 3250 2015 genere
3282 1959 3383 2014 pa-

148 2033 502 2105 indignationis
535 2034 681 2105 ejus,
715 2052 743 2085 n
778 2032 835 2087 id
874 2038 977 2099 est,
1010 2032 1068 2086 in
1108 2032 1467 2104 percussione
1508 2033 1703 2088 distri-
1783 2036 2159 2090 triarcharum
2207 2040 2423 2090 natum.
2476 2037 2707 2102 Vitulus,
2752 2032 3015 2105 superbia
3064 2031 3267 2098 cordis,
3319 2036 3385 2085 ut

147 2122 310 2178 cﬁonis
336 2124 469 2193 ejus.
514 2124 700 2191 Virga,
737 2120 1019 2176 sententia
1050 2121 1277 2191 judicis,
1308 2126 1376 2177 ut
1407 2121 1465 2176 in
1511 2122 1656 2177 Isaia
1685 2140 1696 2175 :
1783 2125 1844 2179 in
1871 2124 2116 2179 Levitico
2148 2142 2159 2177 :
2192 2144 2215 2177 ι
2251 2124 2464 2181 Offerat
2482 2140 2583 2195 pro
2614 2128 2845 2196 peccato
2871 2138 2974 2178 suo
3001 2120 3242 2177 vitulum
3264 2118 3333 2186 ’⁸,
3351 2138 3377 2173 »

150 2212 243 2267 «Et
254 2213 515 2285 percutiet
534 2219 749 2266 terram
769 2211 926 2281 virga
944 2210 1058 2266 oris
1088 2211 1177 2265 sui
1212 2211 1235 2245 ⁸
1262 2228 1286 2264 ο
1311 2211 1368 2265 id
1397 2217 1501 2279 est,
1542 2211 1702 2267 dam-
1784 2213 1842 2269 id
1873 2218 1979 2277 est,
2008 2230 2109 2285 pro
2147 2214 2312 2268 venia
2351 2213 2634 2269 commissi
2666 2213 2752 2268 sui
2784 2210 3087 2283 superbum
3116 2210 3176 2264 in
3215 2209 3382 2263 corde

145 2300 272 2356 nebit
294 2307 607 2373 peccatores
635 2300 954 2355 sententia'
971 2300 1178 2371 judicis
1210 2300 1317 2354 sui.
1786 2319 1889 2358 suo
1926 2302 2187 2358 humiliet
2216 2308 2454 2359 motum.
2504 2304 2734 2369 Vitulus,
2776 2301 3121 2372 Redemptor
3158 2314 3377 2371 passus,

207 2392 407 2460 Virgula
433 2396 522 2446 est
551 2395 750 2445 sancta
779 2389 1040 2456 Ecclesia,
1064 2396 1131 2445 ut
1150 2389 1210 2443 in
1243 2390 1509 2445 Cantico:
1535 2409 1558 2442 ι
1580 2390 1704 2446 Sic-
1785 2397 1852 2447 ut
1877 2392 1936 2446 in
1963 2391 2264 2463 Evangelia
2295 2410 2307 2445 :
2342 2411 2365 2443 ι
2398 2391 2652 2446 Vitulum
2680 2391 3000 2461 saginatum
3028 2387 3232 2443 occidit
3247 2385 3314 2453 π,
3352 2405 3376 2438 ι

143 2486 193 2534 ut
228 2479 425 2551 virgula
469 2480 618 2535 fumi
656 2496 722 2533 ex
751 2482 774 2502 θ
796 2480 985 2533 Aaron
999 2477 1042 2545 ο,
1077 2497 1104 2532 ι
1138 2478 1195 2533 id
1241 2482 1345 2546 est,
1378 2483 1572 2533 sancta
1602 2479 1704 2534 Ec-
1788 2480 1937 2553 quod
1951 2481 2136 2536 omnis
2156 2480 2472 2536 sanctitatis
2497 2479 2842 2553 plenitudine
2864 2476 3384 2533 ornatusDominus

145 2568 284 2623 clesia
305 2569 507 2623 famam
529 2586 601 2624 ex
626 2585 686 2623 se
715 2566 978 2623 emittens
1004 2584 1070 2622 ex
1097 2567 1416 2622 virtutibus.
1786 2570 1949 2625 Jesus
1978 2570 2233 2625 Christus
2261 2586 2362 2642 pro
2390 2568 2774 2642 peccatoribus
2800 2573 3057 2623 mortuus
3083 2570 3187 2621 est.
3228 2567 3380 2620 Vitu-

204 2660 427 2713 Virentia
454 2664 597 2714 sunt
622 2662 834 2714 aeterna
870 2657 1034 2724 bona,
1067 2662 1133 2712 ut
1161 2656 1220 2711 in
1259 2655 1362 2711 Job
1398 2674 1409 2709 :
1456 2674 1483 2711 ι
1525 2656 1596 2712 Et
1620 2658 1706 2712 vi-
1789 2662 1892 2726 lus,
1927 2658 2203 2727 diabolus,
2234 2664 2299 2714 ut
2325 2660 2384 2714 in
2409 2659 2613 2726 fExodo
2642 2677 2653 2713 :
2694 2677 2720 2711 α
2750 2658 3029 2713 Fecerunt
3054 2655 3293 2711 vitulum
3322 2658 3381 2708 et

140 2747 290 2801 rentia
314 2763 548 2820 quaeque
586 2746 865 2819 perquirit
880 2744 945 2814 ¹⁰,
985 2764 1009 2797 ι
1041 2744 1100 2801 id
1121 2750 1226 2813 est,
1257 2761 1325 2799 ea
1345 2762 1469 2818 quae
1497 2751 1650 2802 interr

1872 2754 2164 2804 araverunt
2188 2747 2253 2816 ³⁸,
2293 2768 2314 2799 ι
2366 2748 2424 2803 id
2456 2753 2558 2815 est,
2598 2752 2965 2819 susceperunt
3003 2745 3064 2800 in
3096 2760 3158 2799 se
3185 2742 3382 2798 diabo-

140 2833 260 2891 bona
290 2842 436 2904 sunt,
469 2837 683 2891 habere
713 2836 921 2891 studet.
1784 2838 1922 2905 lum,
1952 2842 2010 2892 et
2052 2838 2104 2893 ei
2140 2837 2471 2893 servierunt.
2524 2839 2751 2904 Vitulus,
2795 2852 2925 2892 caro
2968 2838 3181 2901 nostra,
3214 2837 3278 2888 ut
3322 2832 3382 2886 in

203 2927 412 2981 Virtutes
455 2932 600 2981 sunt
643 2925 846 2997 angeli,
887 2929 953 2980 ut
991 2925 1051 2979 in
1098 2923 1397 2996 Evangelio
1439 2942 1451 2977 :
1500 2944 1522 2976 c
1555 2925 1700 2980 Nam
1783 2925 1939 2981 libris
1971 2927 2226 2998 Regum:
2254 2944 2281 2978 It
2321 2927 2391 2981 Et
2417 2926 2850 2981 immolaverunt
2866 2924 3125 2989 vitulum,
3148 2927 3207 2977 et
3225 2920 3384 2976 obtu-

135 3013 332 3070 virtutes
360 3016 635 3071 caelorum
657 3014 1032 3069 movebuntur
1050 3014 1115 3082 ¹¹,
1154 3032 1177 3065 ι
1210 3013 1268 3068 id
1299 3018 1403 3081 est,
1428 3014 1614 3085 angeli
1642 3015 1701 3069 in
1729 3074 1767 3089 _
1783 3016 1971 3071 lerunt
1997 3020 2245 3088 puerunt
2272 3015 2396 3071 Heli
2416 3015 2491 3083 ³ο,
2508 3033 2534 3069 ι
2561 3014 2710 3089 quod
2729 3018 2863 3069 tunc
2887 3013 3055 3085 digne
3083 3012 3200 3068 Deo
3219 3011 3385 3067 otl‘er-

132 3102 308 3172 judicio
337 3105 751 3161 concutientur.
1724 3074 1881 3160 Ctur
1909 3107 2144 3178 puritas,
2180 3106 2228 3160 si
2264 3105 2423 3177 prius
2464 3108 2743 3159 mactetur
2788 3102 3012 3158 lascivia
3039 3101 3244 3157 carnis.
3277 3101 3386 3155 Per

202 3193 323 3248 Visio
343 3200 428 3250 est
452 3194 746 3259 revelatio,
768 3192 905 3248 utin
924 3191 1187 3247 Daniele:
1222 3210 1248 3245 σι
1270 3191 1421 3246 Visio
1445 3192 1708 3264 apparuit
1786 3198 1985 3249 vitulos
2012 3195 2210 3262 Judaei,
2241 3200 2305 3250 ut
2333 3194 2393 3249 in
2417 3194 2687 3249 Psalmis:
2714 3211 2743 3247 ι
2761 3192 3267 3249 Circumdederunt
3292 3206 3384 3245 me

136 3270 248 3336 mihi
264 3281 324 3349 ¹²,
354 3302 379 3335 ι
412 3284 470 3338 id
500 3289 610 3350 est,
641 3282 907 3337 revelatio
936 3287 1280 3337 secretorum
1325 3281 1428 3335 Dei
1458 3281 1646 3355 innotu

1876 3284 1944 3338 uli
1972 3284 2136 3338 multi
2163 3282 2231 3351 ³ο,
2256 3299 2284 3338 ι
2310 3284 2368 3338 id
2390 3288 2493 3349 est,
2517 3282 2795 3355 persecuti
2816 3287 2950 3338 sunt
2973 3297 3064 3335 me
3089 3280 3268 3336 Judaei
3296 3296 3386 3336 su-

133 3370 266 3425 mihi.
300 3375 452 3441 Visio,
479 3374 601 3428 vita
618 3372 1060 3444 hypocritarum,
1083 3376 1149 3426 ut
1169 3370 1227 3425 in
1247 3370 1384 3425 Job:
1410 3372 1432 3394 "
1457 3389 1484 3424 ¢
1505 3371 1706 3427 Trans-
1786 3372 1963 3445 perbi.
1997 3374 2106 3427 Per
2151 3376 2351 3427 vitulos
2381 3372 2729 3427 lascivientes
2757 3371 2942 3427 cordis
2982 3376 3190 3437 motus,
3222 3375 3288 3425 ut
3326 3369 3386 3424 in

134 3458 229 3514 ibat
253 3462 391 3516 sicut
428 3462 575 3516 visio
620 3458 899 3515 nocturna
932 3459 997 3527 ¹³,
1034 3479 1059 3512 »
1092 3459 1150 3514 id
1189 3464 1293 3527 est,
1344 3459 1567 3514 deficiet
1606 3460 1704 3515 ob-
1787 3462 2027 3517 Psalmis
2059 3480 2071 3515 :
2107 3479 2133 3513 «
2165 3462 2322 3517 Tunc
2343 3461 2635 3532 imponent
2660 3476 2830 3532 super
2850 3461 3026 3515 altare
3053 3464 3217 3514 tuum
3245 3458 3387 3513 vitu-

132 3564 271 3609 SCura
289 3551 717 3624 hypocritarum
737 3550 869 3605 vita.
1788 3552 1871 3605 los
1884 3550 1951 3618 3',
1984 3570 2010 3603 υ
2051 3550 2108 3605 id
2137 3555 2239 3618 est,
2271 3550 2331 3605 in
2374 3555 2563 3604 mente
2592 3564 2696 3603 sua
2743 3548 3162 3604 mortiﬁcabunt
3198 3551 3385 3602 motus

200 3641 390 3696 Viscera
418 3647 557 3697 sunt
589 3644 807 3694 mentes
835 3638 1147 3705 hominum,
1179 3643 1243 3693 ut
1270 3637 1329 3692 in
1358 3637 1461 3693 Job
1494 3653 1505 3689 :
1547 3656 1570 3689 ‹
1599 3637 1706 3702 Qui
1786 3640 2040 3695 lascivos.

132 3730 294 3800 posuit
320 3731 379 3785 in
407 3730 720 3786 visceribus
758 3727 1131 3796 hominum“,
1160 3747 1185 3780 »
1208 3728 1264 3781 id
1287 3732 1391 3795 est,
1418 3727 1476 3781 in
1500 3727 1706 3781 menti-
1870 3731 2049 3784 Vitula
2077 3733 2165 3783 est
2190 3743 2319 3782 caro
2351 3726 2578 3794 Christi,
2611 3730 2673 3781 ut
2696 3726 2754 3780 in
2782 3725 2926 3780 libro
2956 3725 3191 3781 Numeri
3214 3743 3225 3779 :
3255 3742 3281 3777 «
3309 3725 3385 3781 Ut

132 3814 217 3872 bus
245 3819 559 3886 hominum,
591 3836 619 3871 α
644 3816 999 3891 sapientiam,
1032 3817 1138 3871 nisi
1168 3817 1312 3887 ego?
1338 3835 1360 3867 ι
1396 3818 1603 3869 Viscera
1622 3815 1706 3869 af-
1788 3818 2070 3873 adducant
2108 3817 2179 3871 ad
2206 3821 2264 3871 te
2301 3817 2536 3871 vitulam
2578 3814 2837 3883 rufam”,
2872 3834 2898 3869 ))
2939 3814 2996 3869 id
3037 3819 3140 3879 est,
3175 3812 3386 3869 Christi

133 3905 369 3963 fectiones
398 3910 610 3976 cordis,
630 3913 696 3962 ut
713 3907 771 3962 in
799 3906 930 3961 Job:
959 3924 984 3959 α
1008 3906 1216 3961 Effudit
1238 3905 1296 3959 in
1325 3910 1479 3960 terra
1497 3904 1709 3960 viscera
1787 3923 2031 3974 carnem,
2064 3906 2134 3961 ob
2162 3906 2375 3978 peccati
2404 3904 2832 3960 similitudinem
2873 3904 2973 3959 tali
3015 3903 3200 3958 colore
3228 3919 3385 3957 voca-

130 3998 307 4066 mea",
332 4018 359 4053 ι
386 3999 447 4053 id
478 4004 585 4065 est,
613 3996 784 4052 dilabi
812 3995 1069 4068 permisit
1096 3995 1154 4050 in
1182 3995 1423 4049 terrenis
1456 3994 1705 4050 all'ectio-
1784 4002 1924 4051 tam.
1981 3997 2179 4063 Vitula,
2212 4011 2357 4050 uxor
2401 3994 2664 4063 hominis,
2700 3999 2766 4050 ut
2800 3994 2859 4048 in
2898 3993 3040 4048 libro
3084 3991 3341 4047 Judicum
3369 4009 3382 4045 :

130 4101 211 4139 nes
228 4103 398 4142 meas.
444 4090 679 4153 Viscera,
713 4085 977 4157 superbia
1005 4084 1348 4157 iniquorum,
1382 4088 1447 4138 ut
1473 4083 1533 4137 in
1561 4082 1665 4138 Job
1690 4101 1702 4137 :
1791 4104 1816 4139 α
1838 4084 1961 4140 Nisi
1979 4084 2246 4140 arassetis
2270 4083 2329 4139 in
2348 4084 2524 4139 vitula
2547 4082 2751 4151 mea”,
2787 4102 2812 4137 »
2844 4082 2901 4137 id
2929 4087 3031 4150 est,
3057 4081 3166 4137 nisi
3197 4080 3389 4153 acqui-

129 4194 147 4222 ι
176 4175 391 4232 Viscera
418 4178 547 4249 ejus
578 4175 745 4248 plena
770 4179 899 4229 sunt
931 4174 1094 4245 adipe
1124 4173 1189 4240 1⁸,
1228 4192 1251 4225 ι
1280 4174 1337 4227 id
1370 4177 1456 4227 est
1476 4172 1703 4245 superbi
1785 4174 1997 4230 sissetis
2047 4174 2118 4229 ab
2152 4191 2326 4230 uxore
2368 4190 2513 4230 mea.
2558 4175 2757 4241 Vitula,
2800 4189 2959 4228 mens
2997 4187 3185 4244 prava,
3218 4176 3283 4226 ut
3327 4171 3387 4227 in

126 4270 288 4321 motus
316 4267 473 4338 pleni
505 4270 642 4320 sunt
665 4263 1019 4336 jucunditate
1045 4268 1290 4317 terrena.
1786 4264 1959 4321 Osea:
1991 4283 2016 4319 α
2036 4264 2228 4320 Vitula
2257 4264 2522 4337 Ephraim
2538 4263 2701 4319 docta
2726 4262 2960 4334 diligere
2987 4259 3328 4328 trituram",
3349 4278 3378 4315 ι

192 4354 312 4409 Vitis
351 4362 443 4410 est
487 4354 768 4421 Christus,
801 4358 866 4407 ut
906 4352 965 4407 in
989 4351 1287 4423 Evangelio
1317 4369 1328 4404 :
1368 4369 1395 4405 α
1435 4351 1550 4423 Ego
1576 4367 1702 4407 sum
1720 4354 1841 4456 Did
1871 4358 1974 4423 est,
2008 4371 2165 4410 mens
2187 4371 2359 4427 prava
2381 4359 2622 4410 terrenae
2651 4352 2707 4407 in
2733 4350 3046 4425 quietudini
3066 4354 3309 4456 assueta;

122 4442 230 4497 vitis
248 4445 308 4511 1⁷,
338 4465 359 4495 ι
388 4444 546 4517 quod
574 4444 694 4515 ipse
722 4443 931 4513 origo‘,
956 4441 1127 4497 robur
1146 4446 1233 4497 est
1260 4441 1513 4497 omnium
1537 4435 1769 4498 bono-"
1877 4446 2091 4499 Vitrum
2121 4449 2208 4499 est
2235 4448 2416 4499 status
2442 4442 2645 4497 civium
2675 4440 3002 4505 caelestium,
3037 4443 3101 4493 ut
3128 4438 3189 4493 in
3226 4435 3329 4491 Job
3360 4453 3374 4491 :

118 4547 245 4587 rum.
291 4535 442 4602 Vitis,
479 4534 643 4600 ﬁdes,
676 4537 741 4587 ut
770 4533 831 4587 in
855 4531 1060 4587 Genesi
1091 4550 1102 4585 :
1140 4550 1167 4585 ς(
1200 4531 1269 4587 Et
1298 4531 1368 4586 ad
1398 4530 1584 4599 vitem,
1616 4549 1649 4587 o
1681 4534 1703 4556 θ
1790 4551 1813 4583 σ
1848 4533 1974 4589 Νοιι
2004 4532 2393 4606 adaequabitur
2422 4531 2473 4587 ei
2504 4547 2706 4586 aurum
2733 4530 2818 4584 vel
2850 4528 3057 4583 vitrum
3077 4524 3145 4594 ³⁵,
3179 4544 3207 4580 ιι
3234 4526 3384 4599 quod

120 4620 187 4674 ﬁli
214 4623 306 4690 mi,
338 4625 569 4679 asinam
598 4628 758 4677 tuam
787 4621 851 4689 ‘3,
889 4641 911 4673 ι
945 4620 1003 4675 id
1032 4626 1136 4688 est,
1169 4621 1538 4676 sacramentis
1571 4621 1703 4677 ﬁdei
1785 4621 2007 4677 Christo
2033 4621 2348 4693 comparari
2368 4636 2481 4676 non
2503 4622 2738 4693 possunt
2758 4618 2843 4673 vel
2864 4616 3042 4673 sancti
3062 4617 3123 4672 in
3146 4616 3253 4671 hac
3272 4616 3387 4673 vita

117 4709 330 4783 alligant
358 4712 675 4768 Ecclesiam
705 4727 886 4766 suam.
940 4712 1086 4777 Vitis,
1121 4710 1355 4781 quilibet
1382 4710 1699 4779 subversus,
1783 4709 2078 4782 fulgentes,
2128 4711 2215 4765 vel
2253 4711 2398 4766 cives
2465 4710 2736 4776 caelestes,
2797 4712 3023 4763 mutuas
3073 4706 3385 4763 adinvicem

117 4800 241 4854 utin
268 4803 526 4857 Jeremia
550 4820 562 4854 :
590 4819 616 4855 α
644 4800 935 4866 Quomodo
965 4815 1231 4855 conversa
1260 4816 1319 4854 es
1348 4801 1408 4856 in
1437 4800 1703 4856 amaritu-
1784 4799 2149 4872 cogitationes
2175 4800 2549 4872 providentes.
2585 4800 2820 4866 Vitrum,
2843 4797 3011 4854 fallax
3037 4796 3389 4852 blandimen-

116 4886 279 4946 dinem
310 4892 444 4947 vitis
474 4891 712 4946 alienae?
734 4890 796 4959 ¹⁹,
829 4890 887 4944 id
917 4895 1019 4956 est,
1045 4889 1323 4961 quomodo
1352 4890 1431 4944 sic
1462 4908 1527 4946 ex
1556 4890 1702 4947 bono
1783 4895 1907 4945 tum
1927 4890 2098 4962 hujus
2120 4889 2331 4957 saeculi,
2355 4894 2421 4944 ut
2445 4889 2505 4945 in
2522 4887 2811 4945 Parabolis
2836 4906 2848 4943 :
2877 4907 2901 4940 ι
2923 4888 3067 4943 Cum
3092 4886 3390 4960 splendue-

114 4982 160 5032 et
182 4986 368 5037 sancto
398 4981 592 5036 malus
623 4981 854 5036 elfectus
884 4996 943 5034 es
971 4984 1028 5034 et
1054 4979 1396 5053 perversus?
1784 4980 1859 5035 xit
1885 4980 1946 5034 in
1972 4980 2115 5035 vitro
2145 4979 2299 5034 color
2339 4979 2461 5051 ejus
2489 4977 2554 5046 ³ο,
2585 4998 2611 5031 ii
2644 4977 2701 5033 id
2732 4983 2835 5046 est,
2876 4993 3004 5032 cum
3032 4976 3286 5032 arriserit
3324 4975 3385 5032 in

181 5068 287 5125 Vita
309 5077 398 5128 est
425 5070 614 5145 gloria
634 5069 980 5143 temporalis,
1006 5073 1071 5126 ut
1090 5068 1151 5124 in
1176 5067 1315 5125 Job:
1344 5087 1369 5121 (ι
1402 5068 1470 5125 Et
1498 5068 1614 5126 vita
1632 5069 1702 5127 iis
1782 5069 1968 5127 fallaci
1994 5068 2382 5127 blandimento
2410 5067 2625 5142 species
2653 5066 2861 5124 amoris
2884 5065 3205 5123 mundialis.

167 5243 183 5276 ¹
213 5245 386 5302 Exod.
423 5261 531 5314 vxr,
570 5245 654 5305 10.
690 5247 736 5318 γ’
760 5247 870 5304 Isa.
892 5261 969 5314 xx,
1003 5245 1057 5318 1.
1101 5245 1328 5318 8Exod.
1359 5261 1433 5315 xv,
1465 5245 1555 5304 17.
1598 5247 1621 5283 ⁴
1649 5249 1677 5304 Ι

1869 5263 1922 5318 xx,
1955 5248 2009 5307 4.
2055 5248 2079 5285 ⁸
2101 5249 2248 5305 Psal.
2278 5261 2470 5315 Lxxm,
2498 5246 2553 5302 2.
2599 5246 2625 5283 ο
2650 5242 2957 5318 Ιθνδηυ.
2999 5244 3022 5279 ⁷
3051 5241 3155 5318 Job
3182 5257 3258 5318 xx,
3282 5241 3379 5318 3&4,

106 5312 262 5372 'Isai.
309 5334 390 5386 xx,
452 5312 542 5374 11⁷.
601 5319 626 5354 9
662 5317 825 5378 Cant.
869 5312 1054 5385 111,76.
1108 5317 1154 5354 ¹⁰
1193 5317 1314 5374 Job.
1366 5312 1551 5385 χχχιχ,
1599 5320 1616 5374 1

1870 5312 1945 5376 ac.
1977 5336 2090 5388 xxx,
2122 5320 2213 5378 26.
2262 5318 2307 5354 ¹²
2333 5312 2476 5375 Dan.
2510 5331 2629 5383 vxxx,
2660 5318 2716 5375 1.
2766 5312 2941 5388 “Job
2977 5330 3074 5388 χχ,
3101 5313 3156 5388 8.
3203 5313 3248 5351 1⁸
3275 5314 3380 5371 Job

105 5397 313 5459 ξχχγιιι,
347 5384 443 5449 3⁷6.
484 5391 532 5427 ¹⁸
553 5391 653 5447 Job
682 5406 794 5455 va,
836 5389 917 5448 14.
951 5391 996 5426 ¹⁶
1021 5389 1125 5447 Job
1154 5403 1269 5451 χχι,
1291 5389 1381 5444 24.
1418 5391 1462 5426 ¹⁷
1486 5384 1615 5446 JOan

1889 5396 1942 5447 5.
1975 5393 2020 5429 ίε
2049 5384 2191 5448 Gen.
2223 5404 2371 5457 xuv,
2409 5389 2492 5448 11.
2527 5388 2572 5425 ¹⁰
2599 5390 2712 5445 Jer.
2748 5403 2808 5455 ιι,
2842 5386 2933 5445 21.
2973 5385 3022 5459 ἵ)
3047 5384 3151 5459 Job
3187 5400 3374 5455 xxxxx,

103 5453 175 5530 20.
206 5459 247 5497 ’⁸
272 5453 446 5519 Prov.
484 5477 595 5528 xxv,
631 5464 721 5519 30.
769 5453 817 5497 ²²
855 5464 1016 5518 Cant.
1051 5477 1127 5529 xv,
1156 5462 1210 5517 3.
1244 5460 1291 5495 ’3
1317 5462 1487 5516 Exod.
1520 5475 1712 5528 xxvxxx,
1754 5453 1854 5520 37.7
1887 5462 1933 5499 ²⁴
1964 5465 2129 5520 Num.
2164 5478 2252 5530 xv,
2287 5453 2373 5518 38'.
2425 5461 2473 5497 ’⁵
2500 5461 2639 5517 Gen.
2674 5453 2833 5528 xvxxx,
2864 5459 2917 5516 7.
2968 5457 3018 5495 ³⁸
3046 5458 3285 5530 Levgv,
3319 5453 3373 5530 3.

101 5526 138 5562 ’⁷
164 5531 290 5588 Luc.
321 5550 417 5603 xv,
454 5534 550 5591 27.
587 5526 635 5571 ⁵⁸
663 5536 833 5592 Exod.
865 5549 1036 5601 χχχιι,
1067 5526 1124 5592 8.
1154 5533 1204 5568 ὀ
1247 5532 1433 5641 ΙΒξὲ.
1466 5547 1505 5600 ι,
1537 5532 1607 5591 25

106 5613 181 5641 ἵη-
220 5602 288 5641 {ﬂ
340 5607 391 5641 Μ
421 5606 540 5641 ηερ
589 5608 728 5641 ιμΑοί
786 5604 833 5641 35
863 5605 961 5641 ῐηιι
1008 5620 1183 5641 ννυιη
1236 5604 1305 5641 4⁵7
1423 5605 1567 5641 Ὁνηυ

1860 5580 1882 5641 Γ
1922 5550 2034 5602 χχι,
2082 5534 2165 5593 13.
2200 5526 2249 5572 ³1⁷
2277 5533 2423 5590 Psal.
2457 5531 2625 5601 1.,21.
2659 5526 2895 5590 “Num.
2929 5546 3042 5599 xxx,
3075 5527 3128 5589 2.
3171 5529 3218 5566 ³³
3242 5529 3370 5588 Jud.

105 5613 198 5667 xxv,
220 5602 307 5662 18.
340 5602 559 5665 “Ose.
589 5621 642 5677 v;
668 5608 758 5665 11.
786 5604 833 5643 ³⁵
858 5605 980 5665 Job.
1008 5620 1202 5675 xxvxxx,
1236 5604 1326 5661 17.
1349 5602 1584 5663 "Prov.
1613 5623 1615 5663 λ

386 5602 559 5665 *Ose.
589 5621 642 5677 v;
668 5608 758 5665 11.
786 5604 833 5643 ³⁵
858 5605 980 5665 Job.
1008 5620 1202 5675 xxvxxx,
1236 5604 1326 5661 17.
1349 5602 1584 5663 ³σΡιὌν.
1613 5620 1771 5676 χχιιι,
1806 5605 1896 5664 31.
