3824 6152
552 273 694 334 1083
1147 273 1208 327 Β.
1252 272 1524 330 ΚΑΒΛΝῙ
1561 273 1794 330 ΜΔΠΒΙ
1831 275 2062 331 ARCHII

2207 274 2532 334 MOGUNT.
2576 271 2874 330 OPERUM
2911 271 3089 326 PARS
3126 272 3218 327 Ill.
3605 278 3709 336 1084

634 398 879 464 Volucrcs
906 401 1042 452 sunt
1069 395 1270 452 anima:
1298 402 1524 466 sanctae,
1547 403 1612 454 ut
1648 397 1708 454 in
1732 397 1836 454 Job
1871 417 1882 452 :
1918 416 1946 452 α
1977 400 2214 460 Volu—A
2315 401 2522 454 Vulnus
2553 402 2641 452 est
2667 401 2976 470 peccatum,
3007 401 3072 450 ut
3098 397 3154 450 in
3179 396 3276 451 Job
3305 415 3316 449 :
3341 415 3367 450 ι
3394 398 3630 456 Conscidit
3648 419 3713 457 me

553 501 676 544 ares
704 499 928 558 quoque
956 483 1081 540 caeli
1109 484 1324 540 latent'
1357 505 1371 554 ;
1409 506 1432 538 ι
1468 485 1616 558 quod
1655 503 1758 543 nec
1794 493 2000 544 sanctae
2028 488 2154 544 ani-
2234 489 2463 542 vulnere
2484 504 2653 560 super
2672 488 2870 544 vulnus
2898 485 2963 552 ³ο,
2993 507 3014 538 ι
3043 485 3098 540 id
3125 491 3222 552 est,
3252 493 3454 556 peccato
3474 504 3613 560 super
3628 507 3716 562 pec-

551 591 660 636 ωε
683 573 755 630 ad
776 574 1002 646 plenam
1019 573 1120 630 Dei
1133 574 1481 645 agnitionem
1500 575 1560 630 in
1579 575 1685 632 hac
1703 575 1817 632 vita
1835 577 2155 649 pertingere
2235 582 2426 654 catum
2445 577 2505 632 in
2525 576 2878 649 quibusdam,
2901 576 2996 647 qui
3015 575 3152 629 mihi
3167 591 3262 646 per
3280 575 3430 629 ﬁdem
3448 576 3712 634 inhaerent...

551 664 787 738 possint.
842 664 1105 730 Volucres,
1166 663 1444 736 principes
1496 665 1684 720 saeculi
1741 666 1929 737 hujus,
1985 673 2051 722 ut
2094 667 2155 723 in
2235 666 2510 738 permisit.
2542 667 2766 732 Vulnus,
2781 663 3087 729 tribulatio,
3108 663 3243 718 utin
3259 662 3540 719 Parabolis:
3564 667 3718 722 «Livor

552 752 855 824 Evangelio
881 771 894 805 :
931 771 956 806 α
979 752 1068 808 Ita
1094 757 1159 807 ut
1185 752 1439 809 volucres
1467 753 1592 808 caeli
1613 754 1968 825 requiescant
1983 756 2043 810 in
2069 773 2156 810 ra-
2234 754 2482 812 vulneris
2521 753 2806 826 absterget
2838 754 2989 808 mala
3015 751 3078 818 ²¹,
3127 772 3149 804 ι
3193 751 3388 806 duritia
3425 753 3718 811 tribulationis

552 841 660 898 mis
688 843 810 913 ejus
839 840 881 908 ³,
917 860 942 894 ι)
977 841 1034 895 id
1079 847 1184 906 est,
1221 843 1430 898 summi
1459 842 1738 915 principes
1768 845 1955 899 saeculi
1984 845 2154 917 hujus
2234 849 2396 901 curat
2413 849 2660 916 peccata.
2691 845 2917 909 Vulnus,
2942 841 3200 908 charitas,
3221 841 3349 896 utin
3363 842 3718 898 Canticozdlul-

551 936 794 1004 pausent
819 931 878 986 in
898 931 1266 986 sacramentis
1295 932 1437 1002 ejus.
1477 933 1738 999 Volucres,
1770 933 1999 1005 superbi
2026 934 2153 1006 qui-
2233 939 2434 989 nerata
2446 933 2718 990 charitate
2738 949 2842 1003 ego
2857 930 3065 997 sum”,
3082 949 3106 982 ι)
3129 931 3184 984 id
3203 937 3300 994 est,
3323 931 3523 1002 cuspide
3539 932 3718 988 dilectio-

552 1035 682 1092 que,
711 1025 775 1076 ut
805 1019 865 1074 in
894 1019 1130 1075 Psalmis
1165 1037 1176 1072 :
1217 1039 1238 1070 ι
1273 1019 1540 1074 Volucros
1567 1021 1692 1076 caeli
1727 1027 1785 1077 et
1821 1022 2002 1094 pisces
2030 1039 2154 1078 ma-
2233 1023 2323 1080 nis
2351 1023 2644 1078 vulnerata
2669 1039 2814 1077 sum.
2851 1023 3075 1087 Vulnus,
3097 1019 3296 1090 ﬂagelli
3321 1019 3480 1084 dolor,
3499 1027 3552 1074 ut
3570 1020 3715 1077 inlob:

550 1105 686 1176 ris’,
709 1128 732 1159 ι
757 1108 814 1163 id
858 1113 963 1176 est,
1000 1107 1271 1181 superbos
1310 1109 1516 1176 saeculi,
1551 1116 1608 1164 et
1644 1110 1894 1166 curiosos
1938 1112 2156 1168 univer-
2240 1131 2268 1168 ι
2299 1112 2557 1168 Medetur
2583 1112 2705 1184 ipse
2732 1116 2791 1166 et
2821 1110 3075 1165 vulnerat
3100 1107 3166 1174 ’3,
3203 1127 3228 1161 ι
3257 1109 3312 1162 id
3347 1114 3440 1175 est,
3469 1110 3721 1180 ﬂagellatet

551 1214 645 1254 sos
679 1198 738 1253 in
792 1197 1102 1270 profundis.
1158 1195 1419 1264 Volucres,
1445 1199 1680 1270 maligni
1718 1199 1969 1272 spiritus,
2000 1207 2065 1256 ut
2093 1201 2155 1256 in
2235 1201 2574 1256 consolatur.
2595 1202 2702 1254 Per
2719 1203 2923 1254 vulnus
2952 1198 3221 1269 angustiae
3249 1204 3454 1264 nostrae,
3478 1198 3594 1252 utin
3614 1197 3688 1252 Job
3711 1217 3718 1250 :

552 1287 853 1358 Evangelia
881 1305 892 1340 :
927 1305 952 1338 α
985 1287 1056 1342 Et
1083 1287 1333 1342 volucres
1362 1287 1483 1341 coeli
1516 1289 1882 1344 comederunt
1901 1289 2039 1346 illud
2058 1289 2100 1344 ⁴.
2126 1311 2151 1344 »
2240 1308 2268 1344 ι
2296 1290 2366 1346 Et
2389 1288 2784 1362 multiplicavit
2803 1289 3035 1342 vulnera
3045 1303 3172 1341 mea
3186 1285 3251 1352 Ἃ,
3273 1305 3297 1337 ›)
3321 1286 3456 1357 quod
3472 1285 3722 1357 multiplices

641 1377 828 1431 Vomer
853 1381 941 1432 est
966 1392 1205 1431 acumen
1234 1381 1440 1430 sancta:
1471 1376 1780 1448 religionis,
1813 1384 1877 1434 ut
1910 1379 1970 1434 in
2013 1379 2154 1435 libro
2236 1385 2371 1434 sunt
2396 1378 2670 1450 angustia
2695 1394 2833 1448 quas
2863 1377 3077 1448 patitur
3103 1379 3294 1429 sancta
3321 1375 3539 1430 Ecclesia
3558 1375 3605 1428 in
3625 1392 3722 1446 pne-

550 1465 813 1522 Judicum
841 1483 854 1519 :
891 1483 918 1518 ι
941 1464 1222 1520 Percussit
1241 1467 1261 1488 '
1291 1470 1580 1520 sexcentos
1603 1465 1752 1521 viros
1774 1484 1995 1522 vomere
2019 1468 2153 1523 Phi-
2235 1469 2382 1524 senti
2404 1467 2536 1522 vita.

551 1553 748 1610 listiim
761 1553 802 1621 ⁵,
832 1572 860 1608 ιι
892 1554 1041 1626 quod
1070 1560 1298 1610 sanctus
1326 1559 1632 1626 potestates
1661 1554 2024 1612 tenebrarum
2053 1574 2154 1629 per
2316 1559 2502 1626 Vulpes
2533 1560 2620 1611 est
2644 1555 2914 1622 Herodes,
2935 1560 3001 1610 ut
3027 1555 3088 1610 in
3107 1553 3427 1624 Evangelio:
3452 1571 3476 1605 α
3501 1553 3587 1618 Ite,
3609 1551 3722 1606 dicite

549 1658 790 1699 acumen
815 1642 1102 1714 religionis
1121 1660 1236 1698 suae
1265 1643 1588 1714 prosternit.
1621 1643 1730 1698 Per
1747 1661 1985 1700 volitare:
2014 1663 2152 1718 prae-
2167 1643 2214 1702 B
2230 1645 2382 1718 vulpi
2412 1646 2493 1700 illi
2514 1644 2580 1711 ’5,
2608 1664 2634 1698 ι
2667 1645 2723 1699 id
2751 1649 2857 1710 est,
2886 1644 3243 1700 fraudulento
3265 1641 3475 1699 Herodi.
3494 1641 3582 1696 Per
3599 1644 3723 1710 vulpes

551 1731 877 1798 dicationes,
903 1737 965 1787 ut
984 1732 1044 1787 in
1073 1732 1252 1788 Isaia:
1281 1748 1309 1784 ι
1337 1733 1405 1787 Et
1426 1725 1755 1788 cdnllabunt
1771 1734 1991 1806 gladios
2019 1751 2150 1791 suos
2229 1734 2408 1791 dolosi
2435 1733 2689 1806 quilibet,
2712 1739 2776 1788 ut
2802 1734 2862 1790 in
2893 1733 3224 1804 Evangelio:
3261 1751 3288 1786 α
3309 1731 3498 1803 Vulpes
3511 1729 3726 1784 foveasha-

552 1819 614 1876 in
641 1836 894 1878 vomeres
905 1820 947 1887 °,
983 1842 1004 1872 ι
1037 1821 1096 1876 id
1121 1827 1225 1888 est,
1244 1821 1546 1876 mutabunt
1568 1821 1890 1893 linguarum
1919 1839 2149 1880 suarum
2229 1823 2366 1880 bent
2382 1822 2448 1890 ’⁸,
2484 1842 2510 1877 ν
2539 1823 2688 1895 quod
2717 1824 2872 1878 fraus
2899 1829 2958 1878 et
2984 1823 3150 1878 dolus
3184 1825 3315 1878 sunt
3340 1820 3397 1874 in
3421 1817 3649 1874 mentibus
3663 1817 3727 1871 im-

551 1909 886 1982 asperitates
909 1909 968 1964 in
994 1909 1248 1968 salubres
1276 1909 1661 1980 cogitationes.
2229 1911 2471 1982 piorum.
2497 1912 2606 1966 Per
2629 1915 2816 1982 vulpes
2845 1911 3115 1978 haeretici,
3148 1915 3212 1965 ut
3233 1909 3290 1964 in
3313 1907 3518 1962 Cantica
3544 1925 3562 1957 ε
3593 1904 3727 1978 Capite

634 1999 736 2054 Vox
763 2004 850 2053 est
874 1999 1050 2056 Filius
1088 1999 1210 2064 Dei,
1234 2004 1299 2054 ut
1326 1999 1384 2054 in
1410 1999 1648 2056 Psalmis
1674 2019 1685 2054 :
1724 2018 1752 2052 α
1780 2000 1899 2056 Vox
1927 2001 2150 2058 Domini
2230 1999 2391 2056 nobis
2419 2001 2614 2072 vulpes
2638 2001 2898 2073 parvulas
2915 1999 2982 2067 ³⁸⁷,
3024 2019 3052 2054 ι
3084 1999 3143 2054 id
3171 2005 3274 2066 est,
3308 2003 3483 2053 cavete
3519 1993 3728 2050 haereticos

549 2101 722 2160 super
746 2104 922 2159 aquas
947 2087 988 2155 ⁷,
1025 2109 1049 2140 ι
1087 2088 1238 2160 quod
1282 2088 1455 2144 Filius
1503 2089 1605 2144 Dei
1634 2089 1694 2144 in
1735 2106 1902 2146 carne
1932 2091 2149 2148 locutus
2229 2089 2633 2146 fraudulentos.
2665 2089 2774 2144 Per
2811 2093 3016 2158 vulpes,
3059 2093 3453 2161 persecutores,
3481 2093 3535 2140 ut
3567 2084 3615 2140 in
3635 2081 3728 2136 libro

549 2181 638 2232 est
660 2176 732 2231 ad
765 2176 1040 2232 homines.
1093 2179 1212 2245 Vox,
1237 2178 1655 2250 contemplatio,
1688 2183 1752 2234 ut
1787 2179 1846 2234 in
1888 2179 2148 2236 Ezechie-
2231 2179 2490 2236 Judicum
2507 2197 2520 2232 :
2537 2180 2818 2234 «Samson
2835 2178 3028 2250 vulpes
3043 2195 3174 2234 cum
3186 2177 3390 2233 facibus
3409 2170 3730 2231 ardentibusfe-

547 2265 602 2321 le
627 2283 639 2319 :
675 2284 699 2318 ι
729 2267 871 2322 Cum
896 2267 1057 2322 fieret
1082 2283 1185 2322 vox
1204 2283 1375 2338 super
1399 2269 1420 2290 θ
1449 2266 1798 2322 frumentum
1817 2267 1859 2335 ⁸,
1899 2287 1924 2321 ι
1958 2269 2016 2323 id
2043 2275 2146 2336 est,
2230 2269 2307 2323 cit
2318 2269 2632 2324 discurrere
2647 2284 2748 2340 per
2761 2273 2885 2324 sata
2901 2265 3536 2338 Philistinorum”,quod
3548 2265 3730 2320 Christus

549 2369 678 2410 cum
703 2355 763 2410 in
786 2355 1259 2428 contemplatione
1288 2355 1539 2412 veritatis
1570 2362 1836 2412 naturam
1859 2358 2152 2414 excederet
2229 2345 2636 2431 nonnunquam
2656 2357 2848 2413 fideles
2862 2358 3148 2430 permittit
3171 2360 3531 2430 persecutores
3543 2353 3657 2408 bona
3671 2352 3731 2406 de-

549 2443 881 2516 angelicam.
941 2447 1060 2511 Vox,
1107 2445 1430 2517 praedicatio
1467 2445 1778 2512 doctorum,
1819 2451 1883 2502 ut
1913 2446 1973 2502 in
2002 2448 2148 2504 Can-
2231 2453 2449 2503 struere
2467 2447 2790 2520 impiorum.
2810 2447 2918 2502 Per
2944 2451 3135 2516 vulpes
3163 2447 3387 2520 spiritus
3414 2442 3623 2514 maligni,
3641 2441 3730 2496 utin

551 2532 662 2588 tico
699 2550 711 2585 :
756 2551 782 2586 α
815 2534 989 2590 Sonat
1017 2550 1120 2588 vox
1156 2539 1256 2589 tua
1293 2533 1353 2588 in
1386 2533 1618 2590 auribus
1661 2535 1801 2591 meis
1813 2535 1856 2603 9,
1898 2555 1922 2589 ι)
1955 2536 2014 2592 id
2041 2542 2146 2604 est,
2231 2534 2497 2591 Psalmis:
2524 2554 2550 2588 ‹‹
2571 2520 2850 2591 Tradetur
2869 2535 2928 2590 in
2949 2551 3155 2590 manus
3171 2535 3539 2608 gladii,me
3554 2530 3731 2602 vulpium

550 2621 817 2678 audiatur
841 2623 1161 2695 praedicatio
1179 2629 1280 2678 tua
1307 2623 1377 2678 ab
1406 2623 1794 2680 obedientibus
1824 2625 1985 2681 meis.
2025 2629 2146 2694 Vox,
2231 2629 2400 2681 erunt
2424 2623 2490 2692 ’9,
2543 2643 2566 2675 ι
2612 2623 2669 2679 id
2711 2629 2815 2691 est,
2863 2623 3287 2680 damnabuntur
3331 2623 3390 2678 in
3421 2620 3616 2693 judicio,
3645 2637 3662 2667 ε
3697 2624 3733 2670 et

551 2714 740 2766 motus
785 2711 1264 2783 concupiscentiae,
1290 2717 1357 2766 ut
1383 2713 1444 2767 in
1472 2711 1574 2768 Job
1604 2731 1616 2766 :
1653 2730 1680 2766 ι
1712 2713 1950 2785 Rugitus
1973 2715 2152 2770 leonis
2233 2712 2397 2770 ibunt
2420 2713 2480 2769 in
2500 2713 2688 2784 ignem
2707 2719 3000 2780 eternum,
3026 2713 3128 2785 qui
3148 2717 3479 2786 preparatus
3496 2705 3732 2763 estdiabolo

552 2803 613 2855 et
637 2815 740 2854 vox
767 2799 953 2856 leaenae
978 2799 1042 2866 ¹⁰,
1065 2819 1090 2852 »
1123 2800 1180 2855 id
1207 2806 1313 2866 est,
1344 2802 1628 2872 suggestio
1650 2801 1860 2858 diaboli
1889 2809 1946 2858 et
1965 2809 2152 2862 motus
2231 2808 2289 2857 et
2317 2801 2532 2874 angelis
2561 2802 2702 2872 ejus.
2729 2819 2756 2852 ι)

550 2887 1030 2961 concupiscentiae.
1090 2890 1208 2955 Vox,
1258 2891 1632 2961 compunctio,
1678 2898 1745 2946 ut
1787 2891 1848 2947 in
1889 2893 2148 2949 Ezechie-
2306 2891 2475 2946 Ubera
2505 2895 2639 2946 sunt
2657 2889 2769 2944 duo
2787 2890 3176 2955 Testamenta,
3197 2895 3263 2944 ut
3287 2891 3345 2944 in
3365 2887 3566 2945 Cantico
3587 2901 3596 2936 :
3617 2881 3731 2936 «Duo

549 2976 603 3033 le
633 2995 646 3031 :
679 2997 704 3030 ι
737 2977 810 3033 Et
826 2993 1013 3032 vocem
1035 2979 1424 3034 commotionis
1445 2995 1662 3051 magna;
1683 2979 1748 3048 “,
1775 3000 1800 3034 ι
1823 2981 1880 3035 id
1903 2987 2008 3050 est,
2031 2983 2146 3038 cla-
2167 2964 2211 3026 CI
2229 2979 2406 3036 ubera
2418 2985 2519 3035 tua
2531 2980 2676 3036 sicut
2689 2980 2802 3035 duo
2825 2979 3048 3036 hinnuli
3069 2979 3137 3046 ³ο,
3155 2979 3304 3052 quod
3317 2979 3423 3034 duo
3440 2976 3729 3032 Testamenta.

550 3081 768 3122 morem
793 3066 1004 3122 doloris
1029 3067 1240 3138 magni.
1277 3069 1396 3134 Vox,
1424 3068 1736 3124 exhortatio
1765 3069 1972 3137 divina,
1994 3077 2061 3127 ut
2086 3073 2145 3128 in
2227 3067 2338 3123 duo
2367 3084 2469 3140 per
2495 3067 2841 3122 intellectum
2873 3073 3118 3138 surgunt
3145 3067 3355 3140 populi.
3381 3067 3549 3130 Ubera,
3567 3058 3733 3132 mystica

551 3155 700 3212 Isaia
725 3173 736 3208 :
761 3174 792 3207 ι
823 3155 893 3212 Et
918 3172 1084 3212 aures
1111 3162 1222 3213 tuae
1249 3157 1542 3212 audientes
1562 3175 1752 3214 vocem
1772 3164 1899 3230 post
1921 3165 2145 3232 tergum
2227 3155 2398 3212 verba
2421 3172 2592 3212 sacrae
2627 3155 2948 3228 Scriptum,
2967 3161 3032 3211 ut
3051 3155 3110 3211 in
3136 3154 3416 3212 Parabolis
3441 3171 3452 3206 :
3479 3173 3499 3204 ι
3516 3150 3604 3216 Qui
3623 3145 3733 3202 ίοηί·

549 3245 833 3303 monentis
853 3244 920 3312 ¹²,
947 3265 970 3297 ι
994 3245 1052 3302 id
1083 3251 1186 3313 est,
1211 3250 1292 3312 tu,
1327 3247 1423 3318 qui
1450 3247 1567 3302 Deo
1585 3265 1688 3320 per
1712 3254 2006 3320 peccatum
2023 3250 2150 3304 dor-
2229 3253 2318 3302 ter
2347 3246 2552 3319 premit
2579 3246 2755 3302 ubera
2783 3246 2855 3300 ad
2881 3245 3222 3302 eliciendum
3241 3247 3344 3312 lac,
3369 3240 3598 3315 exprimit
3617 3237 3734 3305 buty-

549 3349 677 3392 sum
707 3333 930 3404 dedisti,
973 3338 1038 3390 ut
1075 3335 1146 3390 ad
1184 3351 1314 3392 eum
1365 3352 1467 3408 per
1512 3337 1898 3408 paenitentiam
1947 3337 2148 3394 faciem
2229 3352 2355 3391 rum
2372 3334 2439 3403 3‘,
2458 3355 2484 3387 »
2508 3336 2564 3392 id
2583 3340 2687 3403 est,
2703 3336 2798 3408 qui
2811 3336 3120 3407 diligenter
3135 3335 3364 3390 discutit
3376 3324 3736 3406 profundaverba

549 3427 859 3490 convertas,
891 3422 1173 3480 salubrem
1201 3423 1354 3480 intus
1383 3425 1657 3498 percipies
1683 3425 2143 3484 admonitionem.
2227 3424 2298 3480 ad
2329 3424 2732 3480 extrahendam
2760 3424 3124 3480 dulcedinem
3153 3425 3433 3498 pinguem,
3454 3420 3567 3476 inde
3589 3413 3735 3484 colligit

561 3513 680 3578 Vox,
727 3513 1012 3584 suggestio
1052 3513 1248 3581 hostis,
1282 3519 1347 3568 ut
1371 3513 1429 3569 in
1469 3514 1573 3570 Job
1607 3533 1618 3568 :
1653 3532 1682 3570 ι
1727 3515 1853 3571 Non
1889 3517 2146 3573 exaudie-
2227 3513 2592 3568 intellectum.
2645 3514 2834 3578 Ubera,
2868 3513 2978 3568 duo
3017 3513 3312 3570 charitatis
3341 3513 3605 3584 praecepta,
3633 3511 3680 3584 ut
3698 3503 3735 3555 iu

548 3606 683 3656 runt
709 3583 900 3656 vocem
937 3602 1210 3657 exactoris
1229 3601 1292 3668 ‘3,
1323 3622 1347 3655 ι)
1376 3603 1433 3658 id
1459 3609 1564 3670 est,
1595 3616 1707 3659 non
1740 3612 2147 3662 consenserunt
2227 3601 2490 3658 Cantica:
2521 3619 2546 3654 α
2566 3601 2896 3658 Pulchriora
2908 3606 3042 3656 sunt
3061 3601 3244 3658 ubera
3269 3583 3365 3656 tua
3389 3597 3567 3658 vino”.
3585 3614 3606 3648 ι
3625 3583 3736 3660 illest

546 3691 894 3763 auggestioni
913 3691 1261 3748 tentationis.
1292 3693 1412 3759 Vox,
1426 3697 1611 3747 terror
1629 3695 2052 3764 persecutionis,
2081 3700 2147 3750 ut
2225 3691 2391 3762 longe
2419 3696 2554 3746 sunt
2576 3691 2812 3746 meliora
2835 3691 3076 3762 geminae
3105 3690 3394 3746 charitatis
3413 3685 3621 3757 insignia
3640 3680 3734 3735 dile-

546 3777 609 3834 in
624 3778 864 3835 Psalmis
887 3798 900 3834 :
935 3797 960 3831 σ
985 3779 1357 3835 Elevaverunt
1377 3780 1611 3836 ﬂumina
1629 3798 1821 3837 vocem
1841 3798 2004 3837 suam
2022 3781 2084 3849 “,
2115 3801 2141 3835 ιθ
2227 3778 2410 3834 ctione
2425 3779 2655 3835 carnali.
2683 3781 2854 3834 Ubera
2878 3779 3073 3834 illicita
3097 3779 3493 3838 blandimenta,
3513 3780 3570 3830 ut
3585 3773 3630 3827 in
3644 3766 3730 3824 Job:

535 3867 606 3926 .id
635 3873 738 3932 est,
762 3874 1062 3925 erexerunt
1087 3868 1313 3941 superbi
1335 3876 1726 3942 persecutores
1751 3871 2145 3927 comminatio-
2231 3887 2258 3923 α
2292 3869 2407 3924 Cur
2435 3868 2676 3924 Iactatus
2705 3867 2971 3924 uberibus
3002 3867 3084 3921 33?
3123 3888 3146 3919 ι
3189 3869 3248 3924 id
3277 3874 3378 3933 est,
3408 3882 3501 3920 cur
3531 3879 3605 3917 me
3625 3856 3735 3914 noxia

543 3972 680 4014 nem
707 3974 888 4012 suam.
2225 3955 2488 4012 fovebant
2529 3955 2950 4011 blandimenta?
2977 3957 3172 4034 Ubera,
3203 3956 3396 4010 illicita
3429 3948 3672 4010 desideria,
3695 3947 3736 3995 ιη

643 4047 828 4101 Vultus
850 4052 937 4102 est
959 4047 1204 4117 cognitio
1232 4047 1502 4115 veritatis,
1525 4053 1591 4104 ut
1615 4049 1674 4104 in
1702 4049 1940 4106 Psalmis
1974 4067 1986 4102 :
2017 4067 2046 4102 (ι
2076 4049 2145 4104 Il-
2224 4046 2284 4102 in
2310 4044 2598 4100 Parabolis
2623 4063 2634 4097 :
2669 4065 2693 4096 ι
2719 4045 2880 4112 Veni,
2912 4044 3263 4100 inebriemur
3285 4043 3546 4105 uberibus,
3573 4044 3618 4093 et
3637 4036 3736 4090 frua-

547 4133 786 4190 luminet
811 4135 1026 4191 vultum
1043 4151 1208 4190 suum
1228 4153 1398 4210 super
1419 4154 1520 4193 nos
1546 4137 1610 4202 ‘5,
1630 4155 1654 4190 ι
1674 4137 1732 4192 id
1759 4145 1862 4207 est,
1887 4138 2146 4195 infundat
2225 4151 2354 4190 mur
2371 4134 2577 4207 cupitis
2607 4133 2953 4206 amplexibus
2964 4134 3030 4201 3‘,
3059 4156 3084 4188 υ
3104 4135 3163 4190 id
3192 4140 3296 4200 est,
3328 4133 3612 4190 reﬁciamur
3623 4121 3738 4180 licitis

495 4268 505 4288 ε
547 4222 924 4296 cognitionem
969 4225 1240 4280 veritatis.
1295 4227 1498 4294 Vultus,
1547 4243 1722 4298 prava
1765 4244 1944 4296 mens,
1985 4233 2050 4284 ut
2084 4228 2145 4282 in
2164 4295 2197 4298 _
2225 4224 2537 4291 desideriis,
2575 4230 2632 4280 et
2669 4221 2972 4280 instabitur
3003 4224 3460 4280 desiderabilibus
3489 4213 3737 4276 delectatio-

545 4311 650 4368 Job
677 4329 690 4364 :
725 4330 750 4365 ‹‹
783 4313 1015 4369 Vultum
1035 4313 1291 4386 judicum
1319 4316 1442 4385 ejus
1473 4295 1655 4387 operit
1677 4315 1741 4383 ¹⁶,
1765 4334 1791 4370 ι
1815 4316 1964 4388 quod
1994 4332 2147 4372 men-
2163 4295 2210 4354 D
2225 4312 2414 4370 nibus.

546 4405 663 4458 tem
699 4417 914 4471 eorum,
947 4403 1043 4476 qui
1083 4403 1366 4460 Christum
1401 4403 1814 4474 judicaverunt,
1849 4421 2008 4462 error
2043 4405 2144 4461 ob-
2301 4403 2457 4458 Ulcus
2486 4405 2574 4457 est
2601 4401 2944 4458 consuetudo
2973 4402 3144 4470 mala,
3177 4408 3243 4458 ut
3269 4403 3327 4458 in
3354 4399 3598 4458 Levitico:
3629 4414 3647 4444 ι
3670 4391 3740 4446 ΙΑ-

546 4491 792 4548 scuravit
821 4511 838 4547 :
875 4512 897 4544 ι
933 4492 992 4548 Si
1022 4491 1172 4548 enim
1196 4493 1603 4563 cognovissent,
1635 4510 1926 4566 nunquam
1954 4495 2144 4552 Domi-
2223 4507 2328 4563 pra
2353 4496 2442 4546 est
2469 4496 2594 4546 orta
2629 4491 2688 4546 in
2726 4492 2914 4548 ulcere
2943 4492 3008 4559 ³⁵,
3047 4511 3072 4544 ι
3105 4493 3164 4548 id
3193 4499 3296 4557 est,
3327 4493 3480 4564 culpa
3505 4487 3740 4544 inveterata

542 4597 682 4636 num
713 4581 906 4654 gloriae
937 4581 1414 4637 crucifixissent".
1451 4601 1472 4633 ι
2223 4585 2460 4652 apparet
2473 4581 2706 4636 malitia.
2724 4581 2834 4636 Per
2856 4585 3043 4638 ulcera
3063 4589 3308 4654 peccata,
3333 4587 3394 4636 ut
3411 4571 3736 4644 inEvangelio:

622 4670 816 4724 Vullur
846 4675 932 4724 est
960 4669 1284 4742 redemptor
1327 4674 1537 4737 noster,
1569 4675 1635 4729 ut
1676 4669 1734 4725 in
1773 4669 1876 4726 Job
1911 4689 1922 4724 :
1958 4692 1985 4720 ι
2025 4671 2166 4727 Nec-
2229 4685 2256 4722 ι
2281 4669 2391 4725 Sed
2407 4675 2466 4725 et
2483 4685 2649 4724 canes
2668 4670 2986 4738 veniebant,
3001 4677 3059 4726 et
3077 4670 3549 4742 lingebantulcera
3563 4657 3736 4736 δίελθ’.»

545 4756 740 4814 oculus
768 4758 954 4814 vultus
983 4760 1105 4830 ejus
1132 4759 1372 4815 intuitus
1401 4759 1465 4828 η,
1494 4778 1517 4812 ι
1543 4759 1693 4831 quod
1718 4761 2016 4834 Synagoga
2044 4777 2146 4833 per
2227 4760 2377 4834 quod
2395 4761 2789 4834 praedicatores
2818 4760 3093 4816 docebant
3115 4766 3174 4816 et
3201 4761 3464 4816 curabant
3481 4752 3638 4828 populi
3651 4763 3738 4822 pec-

479 4895 502 4911 _.
533 4845 928 4909 ,obedientiam
965 4864 1078 4904 non
1126 4847 1458 4922 approbavit
1491 4854 1773 4922 praecepta
1818 4849 2140 4906 Salvatoris.
2226 4854 2352 4905 cata
2375 4848 2622 4920 gentilis.

520 5001 525 5010 ,
555 4937 770 5003 γυιων,
789 4936 1024 5010 quilibet
1037 4943 1246 5011 raptor,
1271 4942 1336 4992 ut
1351 4937 1409 4992 in
1427 4938 1549 5009 lege
1570 4937 1940 5010 prohibemur
1957 4955 2144 4994 come-
2303 4939 2475 4994 Ulula:
2498 4943 2632 4994 sunt
2653 4937 2853 5010 iniqui,
2879 4943 2943 4993 ut.
2959 4939 3019 4994 in
3039 4938 3185 4994 Isaia
3205 4957 3217 4992 :
3239 4960 3264 4986 σι
3289 4939 3358 4994 Et
3374 4926 3736 5006 “respondebant

541 5025 675 5082 dere
703 5026 984 5100 vulturem
1000 5027 1062 5094 ‘9,
1085 5027 1144 5084 id
1174 5032 1278 5095 est,
1311 5026 1527 5082 imitari
1555 5032 1856 5102 raptorem.
2227 5027 2394 5084 ululae
2423 5028 2482 5084 in
2513 5031 2814 5100 conspectu
2857 5029 2982 5098 ejus
3009 5027 3077 5095 ³⁷,
3112 5048 3132 5079 ι
3169 5027 3317 5100 quod
3343 5035 3486 5080 extra
3509 5025 3734 5096 pravorum

611 5204 629 5238 ¹
674 5202 1015 5282 Job_xxyg1,
1049 5201 1138 5282 2}.
1183 5202 1208 5240 ³
1234 5203 1590 5282 Manihgrn,
1634 5202 1734 5282 32.-
1759 5203 1787 5282 _'
1832 5205 2121 5282 Psal._v1n

2224 5247 2253 5282 ζ
2278 5205 2301 5241 ⁴
2330 5206 2462 5282 _I_.uc_.
2497 5220 2618 5282 vui,
2649 5204 2700 5262 5.
2749 5206 3042 5282 ﬁndunt,
3075 5203 3159 5262 3i.
3205 5204 3228 5238 ⁸
3272 5205 3378 5282 {3a.
3413 5199 3548 5282 uti:

539 5286 737 5344 xxvm,
782 5272 834 5330 3.
877 5274 901 5309 ⁸
930 5267 1128 5332 Ezech.
1161 5289 1201 5341 ι,
1232 5273 1322 5331 25.
1363 5274 1388 5310 θ
1418 5267 1587 5332 Cant.
1614 5289 1674 5341 ιι,
1710 5275 1800 5332 14.
1850 5273 1896 5310 ¹⁰
1935 5275 2039 5332 Job

2223 5275 2277 5334 0.
2326 5275 2366 5312 ¹¹
2417 5267 2615 5333 Εῑθειιξ
2648 5293 2733 5342 III,
2764 5278 2854 5332 10.
2901 5276 2948 5311 ¹²
2976 5267 3083 5332 Isa.
3117 5291 3241 5338 xxx,
3275 5275 3361 5330 21.
3410 5274 3451 5308 ¹³
3475 5271 3564 5344 Job
3588 5283 3648 5330 ως
3674 5267 3728 5344 ἔξ·

541 5341 587 5414 ff
617 5337 764 5400 Psal.
799 5360 928 5410 xcn,
964 5347 1034 5412 3;
1079 5337 1229 5401 Psal.
1259 5360 1393 5413 x011,
1429 5347 1482 5404 2.
1515 5346 1560 5382 ¹⁵
1582 5337 1706 5402 Job.
1737 5361 1811 5413 1x,
1842 5345 1932 5403 24.
1972 5347 2019 5382 ¹⁶

2219 5389 2230 5402 .
2259 5363 2321 5413 Il,
2351 5347 2409 5402 8.
2444 5349 2488 5385 ¹¹¹
2515 5349 2620 5404 Job
2648 5337 2842 5413 xxviii,
2879 5347 2930 5404 7.
2966 5348 3010 5384 ¹δ
3033 5350 3158 5404 Lev.
3183 5363 3244 5414 ιι,
3280 5347 3354 5404 l4.
3382 5346 3426 5380 ¹⁹
3450 5343 3648 5414 Jobm,
3667 5337 3727 5390 1.3.

538 5411 588 5448 ’θ
621 5413 784 5485 Prov.
825 5431 915 5482 xx,
948 5414 1034 5474 30.
1069 5415 1111 5452 ²¹
1145 5418 1307 5474 Cant.
1340 5411 1400 5482 II,
1427 5419 1479 5474 5.
1512 5415 1560 5453 ²²
1587 5417 1708 5473 Job.
1742 5411 1807 5480 νζ
1828 5417 1914 5474 18.
1947 5417 1995 5453 ³³
2017 5419 2046 5474 J

2216 5435 2252 5485 ί,
2288 5411 2368 5476 l7.
2401 5419 2444 5454 ²⁴
2473 5420 2606 5476 Luc.
2641 5435 2760 5484 xm,
2793 5411 2882 5475 3‘2.
2907 5419 2956 5454 ³⁵
2983 5419 3180 5476 Matth.
3213 5411 3329 5483 vm,
3357 5414 3438 5474 20.
3469 5411 3660 5485 “Cant.
3685 5418 3726 5460 ιι.

547 5486 636 5559 εξ.
662 5484 864 5559 J_ud.
891 5481 982 5552 κν,
1007 5487 1059 5556 4,
1093 5488 1142 5559 5.
1189 5488 1235 5524 ³⁸
1261 5489 1408 5544 Psal.
1443 5502 1579 5556 XLII,
1611 5489 1699 5544 11.
1751 5489 1798 5524 ’9
1829 5491 1990 5559 Cant.
2032 5505 2057 5545 ι

2230 5481 2278 5527 ³ο
2307 5492 2468 5546 Prov.
2516 5507 2641 5558 xxx,
2676 5481 2764 5551 33.
2795 5491 2836 5528 ³³
2871 5492 3033 5547 Cant.
3067 5506 3106 5556 ι,
3136 5489 3244 5555 12;
3278 5481 3350 5556 iv,
3379 5486 3461 5544 10.
3505 5483 3546 5520 ³⁸
3567 5481 3648 5537 Job
3669 5490 3726 5537 ιιι,

542 5555 646 5634 ίῖ.
675 5555 723 5592 ³³
750 5557 912 5613 Prov.
946 5571 1042 5626 vn,
1077 5558 1166 5616 18.
1197 5559 1244 5594 ³⁸
1272 5560 1400 5616 Lev.
1433 5555 1671 5626 xm,20.
1705 5560 1752 5596 ³³
1781 5555 1914 5618 Luc.
1943 5567 2052 5620 XVI.

1154 5600 1166 5613 .
1197 5559 1244 5594 3‘
1272 5560 1400 5616 Lev.
1433 5555 1671 5626 xm,20.
1705 5560 1752 5596 ³³
1781 5555 1914 5618 Luc.
1943 5567 2055 5620 XVI.
2089 5555 2254 5628 21.30.
2275 5563 2384 5630 Isa.
2415 5577 2538 5630 xm,
2571 5555 2658 5620 22.
