3942 6158
253 341 386 402 1085

1183 343 1616 400 ALLEGORIIE
1654 345 1730 400 IN
1771 343 2060 400 SACRAM
2099 345 2580 404 SCRIPTURAM.

3380 350 3518 417 l086

243 441 715 540 permutationem
732 466 1142 538 quodammodo
1157 467 1470 538 loquuntur
1479 469 1539 524 in
1553 468 1904 538 cogitatio-A
1921 467 2077 524 fama
2103 469 2542 527 conversationis
2566 487 2700 527 suae.
2733 473 2844 528 Per
2869 481 3156 542 unguenta
3175 476 3324 532 dona
3349 477 3521 550 Spir-io

241 555 406 612 nibus
433 553 618 628 impii:

314 647 504 702 Ulmus
525 652 614 701 est
630 645 866 718 quilibet
883 645 1183 712 saecularis,
1211 651 1276 700 ut
1293 645 1351 700 in
1371 645 1548 702 Isaia:
1578 665 1602 698 ι
1621 647 1836 702 Ponam

239 735 298 790 in
324 735 613 790 desertum
641 735 883 790 abietem
911 741 970 791 et
997 735 1214 790 ulmum
1251 735 1288 801 ι,
1325 753 1350 788 r
1385 735 1444 789 id
1474 740 1578 803 est,
1611 735 1668 790 in
1693 753 1834 806 gen-

239 823 444 878 tilitate
467 825 808 880 constituam
837 824 1328 896 cantemplativum
1349 829 1407 880 et
1422 824 1646 881 fidelem
1668 841 1836 880 sacu-

237 913 416 968 larem
445 913 866 986 praedicatorem
896 918 1328 968 sustentantem.

310 1003 612 1058 Umbilicus
641 1009 728 1057 est
755 1003 890 1057 ordo
916 1002 1346 1074 praedicatorum
1376 1003 1652 1068 Ecclesiae,
1685 1008 1752 1058 ut
1774 1003 1834 1058 in

233 1091 508 1147 Cantica:
561 1113 583 1144 ε
629 1092 938 1148 Umbilicus
983 1099 1115 1148 tuus
1157 1097 1342 1148 crater
1385 1091 1671 1148 tornatilis
1715 1091 1757 1158 ³,
1802 1111 1828 1146 ››

235 1181 385 1253 quod
415 1180 813 1253 praedicatores
843 1182 1098 1236 Ecclesiae
1126 1197 1254 1236 cum
1285 1180 1621 1236 rectitudine
1648 1181 1832 1253 aperis

230 1269 497 1342 poculum
545 1271 856 1325 infundunt
899 1270 1327 1342 praedicationis.
1378 1270 1696 1336 Umbilz'cus,
1743 1271 1831 1324 lu-

229 1359 415 1424 xuria,
449 1365 516 1414 ut
540 1359 599 1414 in
627 1359 730 1414 Job
755 1378 766 1412 :
807 1378 832 1411 «
865 1359 934 1414 Et
962 1359 1138 1414 virtus
1167 1361 1290 1430 ejus
1315 1359 1372 1414 in
1403 1359 1668 1414 umbilico
1696 1375 1830 1414 ven-

229 1448 334 1502 tris
362 1449 488 1518 ejus
507 1447 549 1515 3,
587 1468 608 1498 ι
647 1448 799 1520 quod
845 1447 1100 1504 diabolus
1129 1448 1374 1504 femineo
1427 1449 1573 1504 sicut
1615 1455 1672 1503 et
1706 1465 1830 1503 ma-

229 1537 448 1592 sculino
463 1554 565 1609 per
584 1537 862 1592 luxuriam
884 1537 1125 1592 maxime
1136 1537 1478 1592 dominatur.
1505 1538 1824 1593 Umbilz'cus.

225 1625 463 1682 allectus
486 1627 748 1694 carnalis,
781 1632 846 1681 ut
872 1627 931 1682 in
960 1627 1245 1682 Ezechiele
1269 1646 1280 1682 :
1319 1646 1343 1678 α
1373 1627 1498 1682 Non
1525 1631 1615 1681 est
1633 1627 1828 1699 praeci-

207 1731 326 1778 .sus
359 1715 660 1772 umbilicus
687 1721 820 1772 tuus
851 1714 892 1783 ⁸,
929 1734 952 1768 ι
985 1716 1042 1770 id
1071 1722 1174 1784 est,
1206 1733 1318 1772 non
1348 1721 1433 1771 est
1482 1714 1582 1771 abs
1625 1721 1682 1771 te
1726 1715 1826 1771 ab-

225 1805 379 1862 latus
406 1806 648 1862 carnalis
675 1805 924 1860 allectus.

298 1895 507 1951 Umbra
536 1899 624 1950 est
663 1894 1006 1960 humanitas,
1055 1898 1120 1948 ut
1169 1893 1228 1950 in
1267 1893 1540 1949 Ieremia:
1575 1896 1597 1917 θ
1651 1913 1674 1946 ι
1709 1894 1824 1950 Sub

223 1983 432 2040 umbra
458 1983 744 2040 veniemus
767 1984 918 2038 inter
937 1988 1135 2054 gentes
1161 1983 1204 2050 ⁵,
1239 2001 1266 2036 ιο
1293 1983 1350 2038 id
1375 1988 1478 2051 est,
1527 1984 1586 2040 in
1623 1984 1823 2040 Sacra-

219 2073 434 2128 mentis
461 2073 862 2129 incarnationis
891 2073 1014 2143 ejus
1039 2071 1242 2127 animae
1271 2077 1474 2127 nostrae
1508 2072 1682 2127 vitam
1727 2089 1824 2128 ac-

219 2161 499 2234 cipiemus
521 2162 579 2218 in
598 2162 859 2234 praesenti
877 2162 1098 2234 saeculo.
1129 2162 1348 2226 Umbra,
1374 2163 1646 2232 protectio
1667 2162 1824 2217 Chri-

156 2293 160 2298 .
218 2251 315 2316 sti,
350 2257 418 2306 ut
446 2252 504 2305 in
534 2251 799 2306 Cantica:
839 2269 865 2304 α
896 2250 1011 2307 Sub
1039 2250 1241 2308 umbra
1265 2250 1436 2317 illius,
1471 2267 1641 2322 quem
1683 2251 1824 2307 desi-

219 2339 442 2407 deravi,
470 2327 590 2394 sedi
617 2341 657 2406 ⁶,
695 2359 720 2393 ››
755 2340 811 2395 id
834 2346 936 2408 est,
962 2340 1023 2396 in
1043 2339 1388 2411 protectione
1409 2339 1638 2406 Christi,
1655 2355 1822 2411 quem

219 2427 422 2500 diligo,
449 2429 712 2500 requievi.
759 2431 980 2496 Umbra,
1021 2429 1374 2499 refrigerium
1403 2429 1819 2496 consolationis,

218 2521 284 2570 ut
315 2517 379 2570 in
408 2515 512 2570 Job
536 2533 547 2569 :
585 2535 613 2570 α
641 2516 796 2572 Sicut
825 2519 847 2540 ⁶
877 2533 1071 2572 cervus
1104 2516 1386 2572 desiderat
1416 2515 1675 2571 umbram
1717 2516 1758 2584 ⁷,
1792 2535 1818 2570 ››

217 2605 300 2660 sic
352 2610 604 2660 tentatus
647 2605 931 2661 desiderat
977 2606 1331 2678 refrigerium
1380 2605 1437 2660 in
1485 2606 1816 2662 tentatione.

219 2695 452 2760 Umbra,
481 2695 692 2750 duritia
718 2695 877 2766 legis,
907 2702 974 2750 ut
1000 2694 1060 2750 in
1088 2695 1226 2750 Job:
1267 2714 1295 2748 ι
1323 2695 1392 2750 Et
1420 2697 1442 2719 *
1471 2695 1738 2768 perducet
1762 2695 1822 2752 in

217 2783 410 2838 lucem
441 2782 702 2838 umbram
734 2785 857 2854 ejus
884 2784 926 2851 ⁸,
965 2804 988 2836 ι
1020 2784 1075 2838 id
1105 2789 1208 2852 est,
1242 2785 1299 2838 in
1333 2785 1822 2840 mansuetudinem

215 2873 423 2944 gratiae
451 2878 676 2928 mutant
702 2872 946 2943 rigorem
973 2873 1132 2944 legis.
1170 2875 1389 2939 Umbra,
1433 2873 1668 2945 quilibet
1712 2875 1820 2928 im-

215 2962 371 3034 pius,
387 2967 454 3017 ut
469 2962 525 3016 in
543 2961 672 3017 Job:
701 2981 726 3013 α
750 2961 1062 3033 Protegunt
1079 2961 1290 3018 umbrae
1311 2963 1567 3018 umbram
1589 2965 1710 3034 ejus
1721 2962 1760 3032 θ,
1791 2983 1820 3016 ι»

215 3050 378 3123 quod
427 3057 746 3123 peccatores
791 3057 1143 3124 poccatorem
1179 3052 1240 3107 in
1285 3052 1452 3124 culpa
1495 3052 1819 3108 defendunt.

1917 563 2010 613 tus
2037 560 2232 625 sancti,
2259 567 2324 618 ut
2350 560 2409 614 in
2439 559 2668 617 Cantica
2693 580 2706 614 :
2735 581 2764 614 α
2791 561 3098 619 Curremus
3123 565 3184 620 in
3213 565 3384 622 odore
3416 583 3519 624 un-

1914 654 2256 718 guentorum
2283 655 2512 704 tuorum
2547 649 2610 716 1⁷,
2666 671 2682 698 ι
2731 650 2788 706 id
2827 657 2932 718 est,
2983 651 3126 709 bene
3167 653 3420 710 vivamus
3458 656 3518 711 in

1917 739 2184 808 exemplis
2196 738 2468 793 virtutum
2487 743 2734 794 tuarum.
2760 740 2872 794 Per
2887 747 3174 809 unguenta
3193 743 3517 800 delectatio-

1915 842 2016 880 nes
2043 827 2246 892 carnis,
2277 833 2343 881 ut
2369 827 2428 882 in
2447 827 2588 882 libro
2606 829 2906 900 Sapientia:
2929 847 2940 883 :
2970 849 2996 884 tl
3015 831 3160 887 Vino
3184 835 3205 856 '
3227 833 3516 906 sapientiae

1917 922 1974 972 et
2000 915 2301 986 unguentis
2331 917 2666 988 impleamus
2689 934 2790 972 nos
2828 919 2892 986 1⁸,
2931 939 2954 970 ι
2989 919 3047 974 id
3093 926 3194 986 est,
3240 923 3514 980 suavitate

1913 1005 2111 1060 mundi
2140 1011 2197 1060 et
2225 1005 2593 1061 delectatione
2621 1007 2806 1062 carnis
2835 1008 3149 1064 reficiamus
3178 1027 3298 1064 nos.

1989 1095 2140 1150 Urna
2168 1099 2254 1149 est
2280 1095 2604 1150 humanitas
2633 1096 2862 1162 Christi,
2892 1102 2958 1152 ut
2993 1097 3053 1152 in
3101 1099 3374 1170 (Epistola
3419 1099 3510 1169 ad)

1915 1181 2182 1238 Hebraeos
2207 1201 2220 1236 :
2259 1203 2281 1233 σ
2317 1183 2474 1238 Urna
2500 1201 2674 1240 aurea
2702 1185 2914 1242 habens
2943 1203 3151 1242 manna
3177 1187 3240 1252 ‘9,
3270 1207 3292 1238 ι
3320 1186 3377 1242 id
3406 1191 3511 1254 est,

1915 1272 2242 1326 humanitas
2277 1272 2506 1338 Christi,
2537 1275 2721 1328 omnis
2749 1274 2974 1330 virtutis
2988 1276 3262 1332 suavitate
3290 1277 3476 1349 plena.

1987 1361 2173 1416 Urtz'ca
2204 1365 2291 1414 est
2319 1361 2592 1432 asperitas
2638 1361 2918 1431 vitiorum,
2949 1369 3016 1420 ut
3039 1363 3097 1418 in
3145 1363 3328 1420 Isaia:
3387 1387 3406 1415 ι
3443 1365 3514 1420 Et

1912 1466 2014 1521 pro
2033 1449 2214 1504 urtica
2232 1456 2444 1506 crescet
2466 1455 2686 1522 myrtus
2712 1449 2780 1519 3°,
2803 1473 2825 1500 ι
2861 1452 2918 1506 id
2949 1457 3053 1520 est,
3084 1469 3184 1526 pro
3209 1454 3513 1527 asperitate

1911 1539 2174 1594 vitiorum
2231 1539 2339 1594 erit
2389 1540 2769 1612 temperantia
2813 1540 3106 1596 virtutum.
3137 1541 3246 1596 Per
3301 1545 3512 1598 urtica:

1909 1628 2233 1682 affectiones
2262 1645 2464 1699 pravae,
2491 1634 2554 1684 ut
2581 1629 2641 1683 in
2675 1629 2856 1684 Isaia:
2918 1651 2941 1682 ι
2975 1631 3044 1688 ln
3087 1630 3346 1686 domibus
3388 1631 3512 1702 ejus

1910 1717 2164 1772 orientur
2193 1717 2366 1790 spinae
2399 1723 2457 1772 et
2482 1717 2674 1773 urticae
2691 1717 2756 1785 3‘,
2792 1737 2818 1772 λι
2847 1719 2905 1774 id
2934 1724 3038 1788 est,
3065 1719 3124 1775 in
3157 1719 3515 1791 cogitationi-

1843 1823 1891 1883 B
1909 1805 2012 1861 bus
2033 1807 2154 1877 ejus
2175 1811 2344 1862 erunt
2371 1806 2768 1862 delectationes
2797 1807 2819 1831 θ
2849 1807 3146 1879 pingentes
3179 1813 3236 1864 et
3261 1807 3512 1866 aﬂ‘ectio-

1907 1911 2008 1951 nes
2035 1895 2377 1952 mordentes.

1983 1985 2150 2040 Ursus
2178 1989 2265 2038 est
2295 1983 2532 2056 quilibet
2558 1983 2821 2053 crudelis,
2853 1991 2918 2042 ut
2945 1986 3005 2042 in
3033 1985 3180 2042 Isaia
3207 2005 3218 2041 :
3275 2003 3304 2042 α
3344 1985 3509 2045 Vitu-

1907 2073 1993 2128 lus
2022 2077 2081 2128 et
2108 2089 2274 2130 ursus
2302 2077 2603 2145 pascentur
2615 2071 2682 2140 υ,
2707 2093 2736 2126 ιι
2769 2074 2825 2129 id
2855 2081 2960 2142 est,
2993 2075 3088 2147 qui
3109 2075 3360 2147 crudelis
3380 2075 3506 2142 fuit,

1905 2178 2076 2218 sacra:
2105 2162 2405 2236 Scriptura:
2434 2161 2614 2234 epulis
2641 2163 2940 2218 reﬁcietur.
2977 2165 3162 2230 Ursus,
3195 2163 3510 2220 immundi—

1905 2251 2004 2317 tia,
2036 2257 2102 2306 ut
2129 2251 2189 2306 in
2216 2251 2376 2306 libris
2405 2251 2653 2322 Regum:
2695 2271 2716 2302 α
2745 2253 2991 2310 Leonem
3021 2257 3080 2308 et
3105 2269 3302 2310 ursum
3330 2253 3524 2310 inter-.

1903 2339 2012 2396 feci
2049 2357 2154 2412 ego
2203 2357 2396 2396 servus
2425 2346 2557 2396 tuus
2586 2339 2652 2407 ’3,
2691 2360 2712 2392 ›
2745 2341 2802 2396 id
2831 2346 2935 2409 est,
2965 2340 3288 2414 superbiam
3331 2347 3390 2398 et
3416 2341 3507 2398 lu-

1905 2429 2124 2484 xuriam
2155 2446 2258 2501 ego
2298 2429 2554 2485 exstinxi.
2588 2430 2697 2484 Per
2744 2446 2941 2484 ursum
2983 2431 3358 2503 imperatores
3401 2431 3510 2486 Ra-

1903 2519 2077 2586 mani,
2109 2525 2176 2573 ut
2197 2518 2257 2573 in
2284 2518 2444 2574 libris
2465 2519 2682 2591 Regum
2706 2537 2716 2571 :
2742 2537 2780 2582 ,α
2811 2518 3035 2590 Egressi
3063 2525 3200 2574 sunt
3230 2520 3340 2594 duo
3388 2519 3508 2582 ursi

1905 2607 1974 2663 de
1993 2607 2141 2662 saltu
2171 2606 2236 2676 ’4,
2267 2627 2293 2661 ››
2343 2608 2492 2680 quod
2532 2607 2902 2680 imperatores
2951 2609 3163 2680 egressi
3211 2609 3281 2664 de
3325 2609 3510 2667 Roma

1903 2703 2264 2754 vastaverunt
2289 2697 2519 2752 Judaeos
2534 2738 2546 2750 .

1977 2787 2168 2841 Uterus
2193 2791 2280 2840 est
2303 2785 2618 2842 substantia
2641 2785 2846 2854 Patris,
2868 2791 2934 2842 ut
2955 2785 3016 2841 in
3044 2785 3284 2842 Psalmis
3311 2804 3323 2840 :
3371 2804 3399 2840 ι
3427 2786 3508 2842 Ex

1904 2878 2064 2930 utero
2076 2879 2208 2928 ante
2231 2875 2412 2928 lucem
2430 2873 2602 2946 genui
2619 2873 2760 2942 te",
2787 2873 2937 2946 quod
2961 2890 3028 2928 ex
3054 2872 3376 2930 substantia
3403 2889 3507 2928 sua

1903 2963 2073 3018 Pater
2103 2963 2172 3018 ab
2201 2968 2412 3018 aeterno
2439 2963 2639 3034 genuit
2677 2962 2881 3018 Filium
2911 2979 3094 3018 suum.
3133 2963 3345 3030 Uterus,
3395 2963 3502 3036 Sy-

1903 3069 2142 3124 nagoga,
2163 3058 2230 3108 ut
2256 3052 2314 3106 in
2335 3051 2440 3107 Job
2461 3070 2474 3105 :
2506 3072 2528 3103 ι
2558 3052 2627 3106 Et
2645 3050 2874 3106 orabam
2895 3051 3039 3106 ﬁlios
3061 3051 3212 3106 uteri
3239 3051 3353 3107 mei
3369 3050 3436 3120 ’6,
3473 3070 3500 3105 ι

217 3140 452 3206 Umbra,
485 3139 703 3208 oblivio,
737 3145 800 3195 ut
825 3141 883 3196 in
913 3141 1017 3196 Job
1043 3159 1054 3194 :
1096 3165 1118 3190 σι
1152 3140 1466 3197 Obscurent
1504 3158 1632 3196 eum
1657 3146 1818 3196 tene-
1839 3141 1959 3203 Cid
1987 3147 2091 3209 est,
2121 3141 2412 3198 humiliter
2439 3142 2714 3196 allocutus
2743 3157 2868 3196 sum
2883 3140 3140 3196 homines
3171 3141 3502 3212 Synagagae.

211 3226 335 3284 brae
369 3234 427 3284 et
454 3229 654 3284 umbra
681 3230 880 3284 mortis
911 3229 971 3296 ιο,
1011 3249 1036 3282 »
1079 3231 1226 3302 quod
1275 3236 1496 3285 sanctos
1545 3238 1822 3303 martyres

215 3317 347 3372 sola
377 3317 579 3372 occidit
608 3335 758 3374 mors
788 3319 1056 3392 corporis.
1113 3310 1332 3387 Umbra,
1377 3319 1689 3375 obscuritas
1735 3320 1822 3376 in-

215 3407 349 3463 fern
363 3407 484 3472 alis,
517 3414 581 3462 ut
609 3409 666 3463 in
697 3409 838 3465 Job:
877 3428 903 3462 ε(
933 3410 1166 3465 Terram
1208 3409 1449 3466 miseriae
1477 3415 1534 3464 et
1561 3409 1822 3465 tenebra-

208 3512 370 3564 rum,
401 3496 498 3552 ubi
527 3497 728 3552 umbra
754 3498 995 3570 [mortis]
1025 3499 1088 3565 ¹¹,
1125 3517 1151 3552 »
1185 3499 1332 3571 quod
1372 3499 1626 3554 infernus
1671 3500 1822 3554 omni

209 3591 300 3642 est
335 3586 567 3641 miseria
593 3592 650 3642 et
691 3586 931 3658 caligine
977 3588 1196 3660 plenus,
1246 3587 1342 3642 ubi
1389 3587 1698 3643 obscuritas
1739 3592 1824 3642 est

211 3680 448 3730 aeternae
474 3675 870 3730 damnationis.
1729 3750 1734 3754 ι

290 3765 516 3833 Ungula
548 3769 634 3819 est
659 3763 944 3836 perfectio,
964 3770 1029 3820 ut
1047 3765 1105 3820 in
1134 3765 1267 3821 Job:
1301 3785 1327 3819 «
1349 3767 1582 3822 Terram
1612 3765 1825 3836 ungula

211 3852 382 3921 fodit,
415 3871 440 3904 »
469 3854 616 3924 quod
644 3853 976 3925 praedicator
1002 3859 1226 3910 sanctus
1273 3855 1540 3910 duritiam
1586 3855 1644 3910 in
1691 3853 1822 3910 sub-

205 3942 383 4012 jectis
425 3941 764 4014 perfectione
797 3943 1020 3998 virtutis
1059 3943 1288 3998 emollit.
1341 3946 1572 4014 Ungula,
1625 3943 1825 3998 ultima

212 4047 396 4104 opera
419 4036 487 4086 ut
513 4031 572 4085 in
605 4031 825 4086 Exodo:
859 4033 881 4055 ‘
937 4050 963 4083 «
997 4033 1066 4086 Et
1109 4033 1467 4105 permanebit
1504 4039 1570 4090 ut
1614 4033 1826 4105 ungula

213 4120 454 4192 quidem
485 4119 549 4186 η,
581 4139 608 4176 n
641 4121 788 4191 quod
817 4136 919 4176 nec
937 4121 1140 4176 ultima
1169 4139 1357 4194 opera,
1388 4123 1435 4178 si
1463 4127 1653 4178 tamen
1677 4121 1827 4178 bona

210 4209 454 4276 fuerint,
500 4209 820 4282 relinquere
867 4209 1158 4264 debemus.
1216 4211 1324 4264 Per
1368 4215 1634 4280 ungulas,
1684 4211 1824 4265 ﬁnes

208 4299 394 4370 hujus
439 4298 656 4366 mundi,
705 4305 770 4354 ut
814 4298 874 4353 in
926 4299 1172 4376 Genesi:
1225 4299 1539 4376 rMordens
1583 4300 1825 4370 ungulas

209 4389 362 4460 equi
375 4385 438 4454 ιδ,
469 4407 493 4439 ι
514 4388 664 4459 quod
684 4404 785 4459 per
802 4388 1096 4444 scientiam
1123 4405 1284 4444 suam
1305 4387 1558 4444 diabolus
1580 4405 1826 4446 exsecra-

206 4476 303 4532 bit
329 4475 394 4531 in
417 4476 761 4532 Antichristo
791 4475 848 4532 in
879 4479 988 4532 ﬁne
1017 4479 1231 4532 mundi.

293 4567 471 4622 Unica
501 4571 588 4620 est
614 4566 804 4621 anima
833 4573 1044 4634 nostra,
1091 4574 1157 4622 ut
1194 4569 1253 4622 in
1289 4568 1562 4622 Psalmis:
1597 4585 1624 4621 ι»
1659 4569 1728 4622 Et
1755 4568 1825 4622 de

209 4671 396 4710 manu
422 4655 577 4708 canis
605 4655 830 4712 unicam
859 4673 1044 4712 meam
1073 4657 1136 4724 ¹⁴,
1166 4676 1191 4711 »
1225 4657 1284 4712 id
1312 4663 1416 4724 est,
1449 4657 1518 4711 de
1547 4662 1824 4730 potestate

209 4743 403 4800 hastis
437 4744 684 4798 animam
714 4761 918 4800 meam.

295 4834 656 4903 Unguentum
705 4839 791 4888 est
837 4834 1188 4906 paenitentia,
1253 4841 1317 4890 ut
1370 4836 1426 4890 in
1484 4835 1820 4906 Evangelia:

1909 3232 2118 3298 Uterus,
2149 3231 2336 3302 gratia
2362 3230 2481 3296 Dei,
2510 3234 2577 3284 ut
2603 3229 2662 3284 in
2686 3229 2790 3285 Job
2815 3248 2829 3285 :
2875 3248 2898 3282 ι
2932 3229 3013 3285 De
3041 3231 3064 3254 θ
3091 3233 3254 3285 utero
3275 3244 3503 3301 egressa

1905 3325 1991 3374 est
2009 3319 2217 3390 glacies
2235 3319 2300 3385 ’7,
2337 3338 2362 3374 »
2397 3319 2546 3391 quod
2573 3315 2873 3390 de’gratia
2911 3319 3022 3374 Dei
3053 3319 3168 3374 exit
3209 3318 3510 3390 Synagoga

1903 3409 2188 3464 indurata.

1980 3498 2106 3552 Uter
2133 3501 2219 3551 est
2248 3501 2442 3550 sancta
2482 3496 2745 3564 Ecclesia,
2777 3500 2844 3551 ut
2883 3496 2942 3550 in
2973 3495 3246 3550 Psalmis:
3299 3514 3322 3546 ι
3357 3495 3507 3550 Con-

1903 3601 2145 3658 gregans
2183 3585 2328 3639 sicut
2353 3584 2410 3638 in
2435 3589 2562 3638 utre
2593 3599 2770 3656 aquas
2819 3583 2992 3638 maris
3031 3583 3098 3651 ³⁸,
3151 3583 3300 3655 quod
3346 3582 3507 3638 Chri-

1905 3679 2027 3730 stus
2055 3673 2322 3728 adunavit
2350 3673 2651 3728 Ecclesiam
2681 3689 2842 3728 suam
2871 3673 3076 3744 populo
3102 3671 3321 3744 gentili.
3357 3671 3502 3738 Uter,

1905 3765 2095 3818 littera
2122 3761 2282 3833 legis,
2311 3767 2376 3817 ut
2399 3761 2457 3815 in
2479 3761 2722 3816 Genesi:
2761 3781 2783 3814 ι
2819 3761 2888 3816 Et
2914 3761 3117 3816 tollens
3165 3775 3406 3832 puerum
3448 3764 3506 3815 et

1905 3858 2090 3908 utrem
2119 3868 2277 3922 aquae
2307 3850 2575 3922 imposuit
2601 3850 2844 3922 scapulis
2866 3851 2988 3921 ejus
3015 3848 3082 3917 ’9,
3116 3869 3140 3900 η
3179 3849 3328 3920 quod
3353 3849 3506 3904 Deus

1905 3946 2183 4016 praecepta
2210 3945 2267 3995 et
2288 3941 2536 3994 litteram
2565 3939 2706 4010 legis
2735 3938 2891 3994 dedit
2927 3938 3133 4010 popula
3173 3937 3503 4008 Synagogze.

1911 4033 2052 4098 Uter,
2082 4047 2242 4085 mens
2271 4046 2459 4102 prava,
2489 4035 2554 4084 ut
2583 4029 2641 4084 in
2682 4027 2955 4083 Psalmis:
3014 4047 3035 4078 ι
3071 4026 3282 4082 Statuit
3305 4034 3505 4098 'aquas

1908 4120 2068 4194 quasi
2097 4120 2156 4174 in
2184 4125 2310 4175 utre
2331 4117 2398 4186 ³ο,
2433 4137 2459 4172 ι
2495 4117 2662 4190 quod,
2693 4134 2766 4172 ne
2795 4117 2867 4172 ad
2916 4117 3176 4172 effectum
3206 4115 3502 4190 prodeant,

1907 4210 2150 4264 malitias
2177 4209 2447 4264 Dominus
2499 4223 2904 4280 nonnunquam
2953 4206 3182 4262 inclusit
3225 4205 3284 4260 in
3332 4220 3508 4278 prava

1907 4299 2264 4371 cogitatione.
2293 4300 2438 4366 Uter,
2469 4315 2670 4370 corpus
2718 4299 2823 4354 hoc
2850 4297 3107 4364 mortale,
3139 4301 3204 4352 ut
3242 4296 3302 4352 in
3346 4295 3506 4352 Psal-

1907 4391 2016 4446 mis
2043 4408 2054 4444 :
2088 4408 2113 4441 α
2137 4389 2340 4444 Factus
2372 4405 2496 4443 sum
2529 4388 2674 4442 sicut
2690 4392 2818 4444 uter
2841 4386 2900 4442 in
2928 4386 3134 4458 pruina
3157 4385 3224 4452 ³¹,
3259 4403 3286 4439 ν
3309 4385 3368 4439 id
3397 4388 3503 4450 est,

1839 4466 1886 4524 D
1905 4495 2106 4551 corpus
2136 4493 2328 4533 meum
2349 4477 2574 4532 mortali
2597 4475 2884 4531 subditum
2899 4479 2987 4532 est
3013 4473 3380 4546 corruptioni.
3395 4473 3508 4529 Per

1906 4573 2090 4622 utrem
2119 4567 2288 4622 corda
2316 4565 2713 4637 spiritualium,
2740 4568 2806 4618 ut
2849 4563 2906 4618 in
2925 4562 3264 4634 Evangelia:
3296 4561 3510 4618 Vinum

1905 4672 2111 4712 novum
2139 4655 2197 4710 in
2216 4659 2371 4710 utres
2399 4670 2570 4708 novas
2617 4652 2852 4708 mittunt
2883 4650 2949 4718 δ’,
2987 4671 3010 4704 ι
3063 4651 3214 4724 quod
3263 4651 3508 4722 gratiam

1907 4746 2008 4800 Dei
2037 4744 2208 4800 corda
2229 4744 2506 4798 bonorum
2546 4759 2648 4814 per
2687 4741 3047 4797 sanctitatem
3097 4744 3367 4796 renovata
3411 4756 3508 4796 ac-

1907 4834 2140 4906 cipiunt.
2165 4835 2274 4889 Per
2288 4838 2470 4887 utrem
2495 4837 2714 4888 mentes
2751 4847 3072 4904 pravorum,
3118 4835 3184 4886 ut
3221 4829 3281 4885 in
3333 4831 3510 4888 Evan-

217 4940 247 4977 α
281 4923 495 4978 Attulit
519 4923 864 4978 alabastrum
907 4923 1180 4995 unguenti
1208 4923 1272 4991 ‘5,
1296 4943 1320 4977 ν
1355 4924 1412 4979 id
1441 4929 1544 4990 est,
1576 4923 1824 4978 devotio-
1905 4923 2079 4995 gelio:
2117 4941 2144 4976 ι
2175 4923 2370 4994 Neque
2397 4921 2632 4976 mittunt
2652 4921 2844 4976 vinum
2869 4936 3075 4976 novum
3105 4920 3164 4976 in
3205 4923 3362 4975 utres
3408 4935 3506 4978 ve-

215 5028 354 5067 nem
373 5011 699 5082 paenitentis
718 5012 912 5068 animi.
939 5015 1310 5081 Unguentum,
1326 5017 1521 5068 sancta
1539 5029 1826 5068 conversa—
1906 5016 2056 5067 teres
2071 5010 2137 5078 ³³,
2174 5031 2197 5063 ι
2228 5011 2376 5084 quod
2407 5011 2616 5066 donum
2643 5009 2841 5081 gratiae
2890 5025 3004 5066 suae
3049 5009 3200 5064 Deus
3225 5007 3508 5065 mentibus

217 5101 324 5168 tio,
358 5107 424 5156 ut
449 5101 508 5154 in
538 5101 836 5172 Evangelia
867 5121 878 5155 :
943 5122 964 5153 ι
999 5102 1069 5157 Et
1105 5102 1305 5156 domus
1347 5103 1580 5174 impleta
1630 5107 1714 5157 est
1759 5117 1826 5156 ex
1906 5101 1964 5158 in
1994 5100 2397 5156 consuetudine
2427 5100 2636 5172 peccati
2661 5098 2988 5155 inveteratis
3026 5113 3139 5154 non
3165 5096 3430 5152 infundit.

219 5189 399 5245 odore
429 5190 706 5261 unguenti
734 5190 797 5256 ιδ,
834 5209 854 5242 ι
889 5191 946 5244 id
995 5195 1097 5246 est.
1147 5190 1392 5245 Ecclesia
1437 5193 1522 5245 est
1568 5205 1826 5262 respersa
1906 5189 1932 5198 "
1987 5191 2084 5245 Vas
2109 5195 2196 5246 est
2244 5190 2468 5246 dilectio
2497 5189 2623 5246 vitae
2653 5189 2966 5261 praesentis,
3008 5193 3073 5242 ut
3111 5187 3172 5242 in
3217 5185 3494 5242 Ieremia:

294 5349 314 5384 ¹
345 5350 454 5404 Isa.
485 5361 598 5416 XLI,
635 5350 719 5406 19.
753 5349 774 5384 ²
793 5352 954 5406 Cant.
983 5365 1081 5417 v11,
1106 5349 1159 5404 2.
1191 5349 1334 5404 3Job
1355 5365 1442 5416 xu,
1470 5348 1551 5405 11.
1593 5349 1615 5384 ⁴
1644 5349 1818 5404 Ezech

1916 5363 1972 5415 τι,
2000 5350 2051 5403 4.
2083 5349 2106 5384 ⁸
2125 5350 2330 5404 Thren.
2355 5347 2546 5414 rv,~20.
2576 5347 2600 5382 ⁸
2623 5349 2783 5402 Cant.
2809 5361 2869 5414 II,
2897 5345 2948 5405 3.
2977 5345 3116 5402 7Job
3136 5360 3236 5410 νη,
3260 5343 3314 5399 2.
3345 5344 3370 5380 ⁸
3395 5343 3501 5417 J_ob

211 5433 324 5486 ΧΠ,
355 5419 444 5475 22.
486 5421 510 5454 9
551 5415 656 5475 Job
699 5436 784 5487 VL,
817 5423 906 5478 17.
949 5422 996 5458 ιο
1025 5415 1127 5477 Job
1157 5436 1240 5486 III,
1271 5423 1320 5475 5.
1369 5421 1405 5456 ¹¹
1439 5420 1560 5474 Job.
1589 5435 1776 5486 xxxrx,
1807 5422 1822 5474 1

1939 5420 1986 5455 ¹²
2014 5421 2183 5476 Exod.
2218 5436 2271 5485 Χ,
2304 5417 2392 5477 26.
2443 5419 2489 5455 ¹³
2527 5419 2667 5474 Gen.
2701 5433 2849 5484 XLIX,
2885 5418 2972 5473 17.
3009 5417 3054 5453 ¹⁴
3086 5418 3232 5472 Psal.
3265 5431 3378 5485 XXI,
3407 5415 3498 5487 21.

213 5490 265 5562 ξιξ
297 5491 430 5546 Luc.
461 5505 558 5556 νη,
591 5491 681 5545 37.
724 5486 957 5548 ηΑἰοξιη.
991 5508 1088 5560 xu,
1125 5493 1180 5546 3.
1215 5493 1258 5528 ¹⁷
1285 5492 1446 5546 Cant.
1482 5505 1519 5557 ι,
1550 5492 1600 5545 4.
1645 5491 1690 5525 ¹⁸
1723 5492 1822 5562 Sa;

1916 5506 1948 5556 l,
1999 5493 2048 5545 7.
2093 5491 2137 5526 ¹⁰
2169 5491 2307 5546 Heb.
2351 5506 2425 5556 1x,
2459 5490 2513 5544 4.
2541 5489 2590 5524 ²⁰
2621 5491 2728 5546 Isa.
2749 5503 2850 5562 tv,
2889 5489 2972 5562 l3.
3016 5487 3059 5523 ²¹
3095 5489 3203 5544 Isa.
3227 5486 3497 5562 pm,13.

213 5560 268 5595 ²²
303 5563 408 5616 Isa.
433 5578 514 5635 iu,
539 5562 590 5618 7.
624 5563 671 5596 ⁵³
698 5565 720 5618 Ι
749 5564 886 5635 Reg.
921 5559 1173 5631 “11,736.
1205 5563 1251 5598 ²⁴
1281 5565 1354 5618 1V
1387 5565 1529 5635 Reg.
1557 5576 1614 5626 II,
1647 5562 1734 5635 24.
1767 5559 1817 5596 ις

1916 5563 1988 5635 al.
2013 5577 2137 5635 iis,
2169 5562 2219 5619 3.
2251 5562 2297 5596 ²⁸
2325 5563 2446 5616 Job.
2478 5577 2590 5635 xllt,
2627 5559 2790 5635 17:}?
2819 5560 2923 5635 Job
2957 5574 3187 5635 xxxviii,
3219 5559 3306 5618 29.
3339 5559 3386 5597 ³⁸
3407 5559 3500 5616 Ps.

163 5663 188 5681 ο
216 5646 399 5701 xxxu,
431 5632 483 5690 7.
517 5635 564 5670 '9
589 5636 729 5690 Gen.
753 5630 866 5704 xxi,
897 5635 981 5692 14.
1012 5635 1059 5671 ³ο
1087 5637 1178 5691 Ps.
1211 5649 1380 5702 xxxrr,
1419 5630 1535 5688 7Ῐ³¹
1558 5634 1706 5690 Psal.
1738 5648 1929 5702 cxvm,
1962 5633 2052 5689 83.
2085 5633 2132 5668 3’
2157 5635 2354 5689 Matth.
2391 5649 2467 5702 rx,
2507 5631 2588 5692 17.
2624 5631 2670 5668 ³³
2693 5633 2894 5690 Matth.
2928 5645 3005 5699 Ix,
3035 5630 3120 5689 17.
