3942 6158
569 270 706 330 1087

1158 268 1221 323 Β.
1262 266 1535 322 RABANI
1574 266 1807 324 MAURI
1843 263 2178 322 ARCHIEP.
2220 261 2544 319 MOGUNT.
2586 261 2884 320 OPERUM
2920 263 3104 319 PARS
3138 265 3233 321 ΠΙ.

3638 268 3744 328 ἲωὸ

566 413 596 450 ι
629 392 826 452 Omnis
853 392 1020 447 homo
1050 390 1148 464 qui
1177 390 1487 446 comederit
1511 406 1677 446 uvam
1704 389 1982 455 acerbam,
2027 388 2162 443 den—
2178 390 2226 448 A
2321 388 2495 443 γᾶν-ίαν
2515 392 2649 443 sunt
2675 389 2844 443 corda
2870 388 3137 457 ﬁdelium,
3161 392 3290 446 utin
3309 392 3601 465 Evangelio:
3624 395 3746 451 «Im-

563 487 650 539 tes
673 483 797 554 ejus
845 480 1243 553 obstupescent
1269 480 1309 547 ¹,
1355 497 1381 532 ι
1434 479 1603 551 quod,
1652 480 1747 551 qui
1790 477 2159 534 delectatione

561 571 780 639 mundi,
813 570 911 643 qui
930 569 1601 640 fructusintempestivus,
1636 568 1861 636 fruitur,
1895 567 2160 639 spiritua-

561 661 701 717 lium
730 675 995 716 sensuum
1029 660 1151 731 ejus
1178 658 1433 713 acumina
1467 658 1814 713 decrescunt.
1855 658 1969 724 Vas,
2017 672 2158 728 opus

559 766 815 825 pravum,
838 749 979 804 utin
1008 747 1222 803 cantico
1245 747 1667 802 Deuteronomii
1692 760 1759 801 :'«
1788 746 1908 802 Uva
1940 762 2154 812 eorum,

561 855 668 896 uva
697 837 843 893 fellis
866 836 909 904 ³,
943 857 966 888 ι
1001 837 1058 893 id
1084 843 1187 905 est,
1220 853 1360 908 opus
1403 852 1617 901 eorum,
1663 851 1803 907 opus
1836 834 2162 890 amaritudi-

563 928 672 985 nis.
710 927 820 982 Per
859 943 952 980 vas
1003 926 1186 980 fervor
1229 924 1559 992 dilectionis,
1607 929 1672 979 ut
1712 924 1772 979 in
1820 922 2156 995 Evangelio:

567 1035 595 1072 α
625 1015 914 1087 Numquid
942 1014 1213 1086 colligunt
1237 1014 1307 1068 de
1342 1013 1519 1086 spinis
1561 1029 1698 1068 uvas
1725 1012 1788 1067 3?
1819 1032 1844 1065 »
1897 1013 2042 1085 quod
2092 1012 2162 1067 de

567 1105 848 1161 haereticis
877 1104 1169 1177 percipere
1218 1120 1333 1159 non
1370 1118 1668 1174 possumus
1706 1106 1979 1157 fervorem
2023 1118 2164 1157 verm

564 1194 898 1250 dilectionis.

642 1285 786 1339 Uxor
817 1288 903 1338 est
928 1282 1191 1348 Ecclesia,
1224 1287 1289 1337 ut
1309 1282 1369 1336 in
1389 1281 1724 1353 Apocalypsi
1754 1299 1765 1333 :
1804 1303 1830 1330 κ
1864 1281 2158 1352 Sponsam,

565 1389 798 1430 uxorem
852 1371 983 1444 agni
1036 1371 1078 1432 ⁸,
1141 1391 1163 1423 ι
1223 1371 1282 1425 id
1339 1376 1441 1439 est,
1517 1370 1838 1438 Ecclesiam,
1901 1386 2165 1441 sponsam

576 1461 804 1518 Christi.
841 1463 1001 1527 Umor,
1034 1459 1312 1532 sapientia
1334 1460 1642 1530 justorum,
1675 1465 1740 1514 ut
1781 1459 1837 1513 in
1890 1459 2159 1514 Psalmis:

569 1568 600 1604 ει
628 1550 780 1605 Uxor
806 1554 907 1604 tua
938 1549 1084 1603 sicut
1107 1548 1233 1603 vitis
1283 1547 1576 1602 abundans
1604 1547 1645 1614 ⁵,
1685 1566 1710 1600 ι
1758 1548 1906 1619 quod
1948 1548 2167 1620 sapien-

567 1639 650 1694 tia
676 1643 1000 1694 sanctorum
1021 1638 1256 1692 interna:
1271 1637 1468 1709 gratiae
1490 1637 1726 1693 humore
1748 1637 1979 1692 ditatur.
2002 1638 2162 1705 Umor,

2240 475 2390 548 plete
2409 477 2640 549 hydrias
2662 494 2811 549 aqua
2832 477 2892 546 ιδ,
2912 498 2935 530 ι
2964 480 3113 550 quod
3133 481 3284 551 prius
3307 481 3572 536 infundere
3588 482 3749 539 debent

2240 564 2632 638 prmdicatores
2660 566 2922 621 cordibus
2946 567 3194 622 ﬁdelium
3220 570 3480 637 timorem,
3510 587 3651 642 quam
3673 572 3750 626 ini-

2238 654 2382 709 tium
2410 655 2698 727 sapientize
2718 658 2741 680 *
2761 655 2932 710 timor
2959 657 3198 711 Domini.
3239 659 3411 725 Ydria,
3433 659 3687 731 sapientia,
3705 668 3752 716 ut

2240 744 2300 798 in
2331 744 2570 799 Genesi:
2619 767 2646 795 cr
2676 744 2948 817 Deposuit
2981 744 3198 818 ydriam
3234 763 3386 802 suam
3420 765 3571 820 super
3598 765 3753 820 scapu-

2240 833 2431 901 lam“,
2447 852 2474 886 »
2491 833 2639 906 quod
2666 840 2861 889 vocata
2890 835 2962 889 ad
2982 835 3267 890 Christum
3288 836 3515 891 Ecclesia
3534 837 3593 892 de
3610 840 3752 908 genti-

2242 921 2347 978 bus
2375 923 2709 995 sapientiam
2729 940 2911 991 suam,
2937 924 3007 978 de
3036 940 3146 995 qua
3185 925 3337 996 prius
3363 925 3642 980 sublimiter
3662 928 3752 998 glo-

2244 1011 2513 1081 riabatur,
2560 1012 2631 1067 ad
2681 1013 3031 1084 spiritualem
3068 1014 3353 1069 humiliter
3393 1015 3656 1071 utilitatem
3696 1017 3755 1071 in-

2244 1101 2488 1157 clinavit.

2325 1192 2618 1261 Ydropicus
2646 1195 2737 1246 est
2771 1191 3005 1263 quilibet
3032 1208 3249 1259 avarus,
3298 1198 3362 1247 ut
3389 1193 3444 1247 in
3485 1192 3753 1264 Evangelia:

2253 1302 2275 1332 ι
2303 1281 2374 1336 Et
2400 1297 2527 1335 ecce
2565 1281 2731 1335 homo
2753 1281 3053 1354 ydropicus
3098 1281 3159 1348 ‘5,
3195 1302 3217 1333 ι
3272 1283 3414 1354 quod
3450 1297 3640 1349 avarus,
3677 1297 3757 1352 quo

2247 1370 2428 1441 magis
2453 1369 2640 1437 habet,
2675 1386 2740 1424 eo
2770 1370 2950 1441 magis
2970 1369 3176 1425 habere
3206 1372 3375 1443 cupit,
3405 1371 3539 1425 sicut
3557 1370 3759 1442 hydropi-

2247 1476 2364 1527 cus,
2398 1475 2508 1531 quo
2525 1460 2768 1532 amplius
2790 1458 2951 1527 bibit,
2981 1476 3046 1514 eo
3075 1460 3315 1532 amplius
3342 1461 3473 1515 sitit.

2326 1550 2520 1619 Ysopus
2540 1554 2626 1604 est
2640 1549 2963 1604 humanitas
2990 1549 3221 1615 Christi,
3243 1554 3307 1603 ut
3326 1549 3382 1604 in
3407 1548 3550 1603 libris
3566 1549 3758 1620 Regum:

2251 1654 2278 1690 α
2310 1637 2359 1692 Α
2388 1637 2553 1692 cedro
2569 1643 2792 1710 quaeest
2809 1639 2868 1693 in
2889 1640 2910 1663 "
2923 1637 3157 1706 Libano,
3175 1655 3351 1709 usque
3363 1638 3429 1692 ad
3439 1654 3663 1710 ysopum,
3675 1653 3762 1708 qua:

567 1728 888 1801 exemplum
909 1727 1138 1795 bonum,
1162 1731 1227 1782 ut
1244 1726 1303 1780 in
1324 1726 1568 1782 Levitico
1594 1745 1604 1780 :
1637 1745 1665 1780 ι
1688 1727 1977 1797 Virginem
2001 1713 2227 1782 ducetB
2245 1726 2532 1798 egreditur
2559 1727 2627 1781 de
2651 1727 2867 1798 pariete
2894 1727 2959 1794 ω,
2998 1746 3020 1779 ι
3050 1727 3107 1782 id
3136 1731 3241 1795 est,
3275 1743 3311 1781 a
3340 1726 3620 1792 divinitate,
3638 1741 3762 1797 quam

566 1833 798 1873 uxorem
828 1816 869 1884 ⁸,
906 1835 932 1869 ››
966 1816 1023 1871 id
1069 1821 1172 1882 est,
1215 1820 1431 1870 castum
1471 1815 1705 1871 alterius
1752 1816 2069 1887 exemplum
2107 1816 2165 1871 in

566 1905 716 1962 bona
768 1904 873 1960 sibi
929 1904 1349 1961 conversatione
1405 1904 1707 1976 copulabit.
1787 1907 1945 1971 Umor,
2021 1905 2167 1961 actio

568 1995 731 2063 bona,
763 1999 829 2050 ut
855 1994 913 2049 in
939 1994 1125 2050 Exodo
1149 2014 1161 2049 :
1199 2014 1222 2048 α
1252 1994 1434 2065 Diligo
1463 2010 1695 2049 uxorem
1716 1999 1773 2050 et
1796 1994 2023 2062 liberos,
2054 2010 2166 2050 non

567 2084 826 2156 egrediar
855 2084 1066 2151 liber",
1103 2102 1129 2137 ››
1156 2084 1213 2138 id
1244 2087 1348 2151 est,
1393 2082 1553 2139 bonae
1593 2084 1715 2139 volo
1764 2084 2025 2139 insistere
2072 2100 2166 2139 ac-

564 2174 728 2242 tioni,
762 2179 820 2229 et
845 2173 1121 2229 fructibus
1150 2172 1426 2228 bonorum
1443 2190 1677 2245 operum
1699 2175 1721 2199 ’
1747 2173 1869 2228 volo
1895 2173 2077 2228 adhuc
2095 2173 2166 2228 ad

567 2264 888 2320 libertatem
934 2263 1084 2318 exire
1127 2263 1635 2334 contemplationis.
1691 2264 1852 2329 Umor,
1905 2262 2163 2318 voluntas

567 2353 733 2422 bona,
766 2359 833 2409 ut
854 2353 914 2408 in
945 2352 1151 2407 Genesi
1175 2370 1186 2406 :
1225 2369 1251 2405 ι
1281 2353 1484 2407 Arcam
1513 2351 1827 2425 ingredere,
1854 2357 1918 2406 tu
1945 2356 2003 2407 et
2024 2368 2166 2406 uxor

566 2448 668 2500 tua
692 2442 736 2511 ⁸,
767 2459 797 2498 ι
828 2442 885 2497 id
916 2446 1019 2509 est,
1053 2441 1202 2496 intra
1222 2441 1281 2495 in
1331 2441 1578 2513 quietem
1626 2441 1831 2496 mentis
1876 2446 1990 2496 tuae
2034 2457 2162 2496 cum

570 2531 717 2588 bona
742 2537 800 2587 et
827 2532 1029 2587 devota
1054 2531 1359 2585 voluntate.
1381 2532 1543 2599 Umor,
1574 2531 1830 2602 voluptas
1866 2530 2071 2599 carnis,
2100 2535 2166 2586 ut

569 2620 629 2676 in
658 2620 958 2692 Evangelio
983 2638 994 2673 :
1034 2640 1057 2672 ι
1090 2619 1333 2675 Uxorem
1361 2618 1494 2674 duxi
1522 2618 1565 2689 θ,
1599 2638 1627 2675 ι
1658 2625 1717 2675 et
1746 2619 1873 2676 ideo
1900 2635 2013 2674 non
2042 2636 2166 2692 pos-

569 2725 695 2766 sum
724 2711 746 2734 ⁶
778 2709 850 2764 ad
877 2724 1115 2781 regnum
1144 2708 1245 2763 Dei
1274 2708 1558 2764 festinare.

1346 2835 1396 2889 X

641 2943 687 2999 Χ
709 2942 754 2996 Ρ
780 2942 838 2998 S.
868 2945 955 2996 est
979 2941 1254 2996 Dominus
1276 2942 1456 3007 Jesus,
1489 2946 1555 2996 ut
1594 2941 1653 2995 in
1680 2940 1919 2995 Psalmis
1944 2959 1956 2994 :
2004 2957 2031 2993 (ι
2061 2940 2170 2996 Ad-

2245 1812 2417 1869 habet
2438 1814 2498 1868 in
2527 1814 2713 1882 Patre,
2745 1830 2923 1886 usque
2953 1815 3024 1869 ad
3070 1814 3477 1870 humanitatem
3513 1816 3635 1885 ejus,
3677 1829 3765 1885 qua

2247 1902 2531 1974 praecessit
2558 1918 2623 1956 ex
2658 1901 2893 1973 virgine.
2946 1902 3158 1972 Ysopus,
3206 1900 3525 1973 baptismus,
3567 1906 3623 1954 ut
3648 1900 3693 1954 in
3721 1899 3766 1953 li-

2247 1990 2349 2046 bro
2373 1993 2396 2015 ⁶
2425 1990 2659 2046 Numeri
2682 2009 2693 2044 :
2734 2009 2754 2040 ι
2788 1990 3029 2061 Lignum
3052 1990 3346 2045 cedrinum
3378 1996 3433 2044 et
3457 2005 3662 2062 ysopum
3683 2006 3767 2043 νεῖ·
3880 2022 3881 2025 η

2248 2080 2631 2152 miculumque
2653 2079 2717 2146 ‘7,
2750 2098 2776 2132 ι)
2808 2079 2866 2134 id
2896 2085 3000 2146 est,
3034 2079 3373 2152 martyrium
3394 2084 3450 2133 et
3474 2078 3765 2149 baptismum.

2259 2171 2469 2240 Ysopus,
2506 2168 2848 2236 humanitas,
2877 2173 2945 2223 ut
2970 2168 3029 2223 in
3056 2168 3327 2223 Psalmis:
3374 2186 3399 2221 α
3428 2168 3672 2240 Asperges
3705 2182 3768 2220 me

2246 2275 2423 2332 ysopo
2447 2258 2513 2325 ¹⁸,
2553 2277 2576 2310 ι
2604 2258 2663 2313 id
2693 2263 2797 2324 est,
2828 2256 3155 2312 humiliabis
3170 2274 3281 2323 me,
3305 2262 3361 2312 et
3375 2256 3450 2312 sic
3466 2254 3761 2311 emundabor.

2650 2468 2838 2510 ZELUS.
2875 2481 2930 2496 ’-
2966 2469 3206 2512 ΖῙΖΑΝῙΛ.
3227 2481 3285 2492 ’⁸⁵⁸
3314 2468 3449 2509 ΖΟΝΛ

2314 2562 2472 2617 Zelus
2541 2566 2627 2616 est
2690 2560 3000 2633 spiritualis
3054 2559 3260 2627 fervor,
3332 2564 3397 2615 ut
3444 2558 3500 2613 in
3553 2556 3766 2613 Psalmis:

2251 2669 2280 2705 α
2305 2651 2465 2707 Zelus
2485 2649 2686 2706 domus
2715 2624 2827 2723 tuae
2854 2649 3098 2705 comedit
3120 2666 3216 2704 me
3237 2624 3302 2715 ίο,
3332 2666 3358 2702 ι
3384 2648 3439 2703 id
3458 2653 3553 2714 est,
3573 2646 3773 2719 spiritua-

2246 2740 2316 2795 lis
2344 2739 2527 2794 fervor
2553 2739 2833 2794 concussit
2861 2756 2974 2794 me.
3004 2741 3187 2806 Zelus,
3213 2737 3438 2805 invidia,
3468 2736 3595 2792 utin
3615 2733 3771 2790 Paulo:

2251 2846 2280 2884 α
2310 2829 2453 2885 Cum
2483 2828 2634 2884 enim
2659 2828 2734 2883 sit
2759 2827 2908 2883 inter
2936 2845 3033 2883 vos
3051 2827 3206 2883 zelus
3235 2832 3294 2882 et
3320 2825 3585 2882 contentio
3605 2823 3659 2890 ²⁰,
3687 2841 3707 2875 ι
3730 2820 3770 2875 id

2249 2923 2356 2987 est,
2388 2916 2690 2973 mundialis
2716 2916 2946 2972 invidia.

570 3045 765 3084 versus
793 3028 1097 3084 Dominum
1123 3034 1182 3084 et
1219 2999 1486 3085 adversus
1535 3028 1823 3084 Christum
1866 3029 1987 3100 ejus
2032 3027 2096 3095 ¹⁰,
2144 3033 2231 3098 ιο
2320 3009 2560 3100 flium“
2580 3012 2723 3100 fiunlf
2750 3005 2993 3100 ι’θΡΓοῙξξ)
3015 3005 3157 3062 “ti”
3187 3004 3481 3100 Ενείιξεεὶίο
3503 3021 3515 3057 ε
3534 2999 3775 3100 αρουίέίξῗ

573 3118 723 3190 quod
748 3117 1000 3173 Herodes
1031 3134 1128 3173 rex
1158 3123 1217 3174 et
1259 3118 1436 3174 Judaei
1478 3134 1608 3174 cum
1658 3085 2003 3189 principibus
2049 3085 2167 3172 suis
2191 3085 2230 3098 Ὃ
2250 3096 2498 3190 Ητίωξιω
2546 3094 2776 3190 τίτθηίῇ
2813 3100 2872 3149 et
2898 3094 3125 3190 alliga.“
3170 3110 3244 3149 ea
3272 3092 3352 3190 3“:
3389 3111 3415 3146 α

571 3208 1033 3279 conspiraverunt
1061 3212 1258 3263 contra
1272 3208 1453 3263 Deum
1474 3208 1698 3262 Patrem
1720 3212 1778 3261 et
1796 3206 1999 3261 Filium
2019 3208 2160 3277 ejus.

572 3296 683 3353 Per
710 3297 939 3352 christos
989 3296 1093 3351 viri
1133 3296 1331 3363 sancti,
1382 3301 1448 3351 ut
1493 3296 1553 3351 in
1601 3295 1874 3351 Psalmis:
1925 3314 1948 3346 ι
1977 3295 2164 3351 Nolite

571 3389 805 3458 tangere
823 3385 1062 3442 christos
1085 3401 1241 3441 meos
1269 3386 1343 3453 ¹¹;
1377 3404 1399 3436 ι
1431 3385 1489 3439 id
1510 3390 1614 3452 est,
1644 3384 1818 3439 nolite
1833 3383 2164 3455 perturbare

572 3474 720 3531 viros
747 3480 972 3531 sanctos
999 3474 1240 3547 Spiritus
1268 3474 1381 3530 mei
1407 3474 1596 3545 gratia
1621 3472 1898 3528 inunctos.

1351 3600 1398 3655 Y

746 3723 935 3764 YADBS.
965 3738 1033 3752 -
1066 3725 1260 3764 YDRIE.
1298 3738 1352 3747 —
1387 3722 1700 3763 YDROPICUS.
1723 3721 2020 3761 —YSOPUS.

653 3818 813 3872 Yades
842 3821 977 3873 sunt
1001 3815 1181 3872 sancti
1210 3815 1484 3882 doctores,
1526 3818 1592 3868 ut
1616 3812 1677 3868 in
1704 3812 1806 3868 Job
1830 3830 1841 3866 :
1894 3830 1921 3865 α
1948 3811 2057 3877 Qui
2088 3811 2166 3866 fa-

573 3906 651 3961 cit
672 3906 978 3961 Arcturum
1014 3912 1072 3960 et
1100 3905 1337 3961 Oriones
1384 3909 1440 3958 et
1481 3903 1705 3976 Hyades
1745 3900 1810 3968 1’,
1859 3901 2005 3973 quod
2053 3902 2166 3956 Do-

574 3993 763 4051 minus
790 3999 1043 4050 sanctam
1068 3993 1370 4049 Ecclesiam
1395 3992 1610 4060 statuit,
1637 3996 1695 4047 et
1721 3991 1781 4047 in
1800 4007 1867 4045 ea
1891 3995 2169 4063 martyres

576 4083 812 4156 protulit
842 4089 901 4138 et
926 4082 1246 4155 spirituales
1278 4083 1550 4138 doctores.

2249 3185 2415 3240 simul
2441 3182 2863 3255 congregabunt
2892 3182 3182 3255 reprobos,
3231 3187 3289 3238 et
3323 3183 3381 3237 in
3425 3180 3583 3236 simili
3614 3180 3773 3250 ponent

2248 3292 2343 3330 eos
2368 3290 2553 3345 poena,
2587 3273 2685 3345 qui
2709 3272 2800 3327 hic
2827 3271 3059 3328 fuerunt
3078 3272 3138 3327 in
3157 3271 3335 3327 simili
3362 3271 3535 3342 culpa.

2315 3366 2466 3418 Zona
2496 3367 2582 3418 est
2621 3361 2907 3417 vinculum
2950 3360 3266 3427 charitatis,
3300 3364 3365 3416 ut
3388 3360 3444 3416 in
3472 3351 3772 3430 Apocalypsi:

2253 3474 2275 3502 ι
2305 3453 2375 3507 Et
2401 3450 2765 3524 praecinctum
2793 3450 2865 3504 ad
2893 3450 3172 3505 mamillas
3219 3466 3362 3505 zona
3404 3463 3564 3504 aurea
3598 3443 3654 3509 ”,
3680 3459 3701 3492 ι
3736 3437 3777 3493 id
3880 3470 3881 3491 ξ

2247 3547 2334 3597 est
2369 3545 2603 3596 ornatur
2649 3539 2709 3594 in
2763 3538 2981 3594 actibus
3027 3539 3143 3593 suis
3189 3538 3468 3594 charitate
3509 3540 3773 3607 spontanee.
3880 3584 3881 3609 ξ

2246 3633 2417 3697 Zona,
2451 3627 2746 3701 disciplina
2774 3628 2995 3695 mentis,
3028 3633 3094 3682 ut
3119 3627 3180 3682 in
3211 3627 3488 3684 Levitico:
3522 3642 3548 3677 ι
3576 3620 3776 3687 Aodnge-
3880 3672 3881 3683 χ

2248 3724 2344 3775 tur
2371 3734 2512 3773 zona
2551 3718 2703 3773 linea
2743 3715 2809 3785 '3,
2847 3737 2869 3767 ι
2920 3717 2978 3772 id
3017 3721 3120 3783 est,
3164 3714 3522 3772 roborabitur
3561 3704 3775 3785 spirituali

2248 3808 2561 3880 disciplina.
2590 3809 2759 3873 Zona,
2813 3805 3172 3861 mortificatio
3219 3806 3425 3873 carnis,
3473 3808 3534 3858 ut
3575 3801 3627 3856 in
3664 3794 3774 3851 libris

2250 3899 2501 3969 Regum:
2543 3915 2566 3947 ι
2599 3896 2669 3951 Et
2696 3910 2837 3951 zona
2858 3895 3091 3966 pellicea
3118 3895 3403 3951 accinctus
3445 3888 3648 3948 renibus
3676 3884 3726 3949 ²⁴ς
3756 3898 3775 3933 ι

2248 3988 2307 4043 id
2352 3992 2457 4054 est,
2514 3984 2696 4040 carnis
2746 3984 3176 4041 mortiﬁcatione
3226 3984 3288 4040 in
3332 3980 3587 4039 membris
3638 3986 3777 4045 mpro-
3880 4016 3881 4035 ς

2249 4076 2471 4132 borum.

645 4238 665 4273 ¹
696 4238 809 4293 Jer.
844 4250 993 4303 xxxx,
1027 4235 1113 4294 30.
1166 4233 1189 4269 ³
1218 4235 1382 4292 Deut.
1414 4248 1585 4302 xxxn,
1619 4231 1706 4292 32.
1744 4234 1768 4269 ³
1792 4232 1995 4289 Matth.
2026 4248 2121 4300 vn,
2147 4232 2263 4303 16.,
2287 4229 2311 4266 ⁸
2335 4231 2529 4303 ᾼρέοοκ
2550 4241 2662 4295 xxr,
2719 4225 2791 4303 tl._
2817 4226 3014 4303 S‘Psal.
3057 4239 3269 4303 expet,
3292 4223 3354 4303 _3.
3398 4222 3422 4257 ⁸
3448 4223 3575 4303 Ιιενλ
3880 4188 3881 4195 γ

573 4310 596 4347 ⁷
626 4283 1089 4375 δεῖξ’-ἀνί
1103 4283 1257 4363 ὒθῐιῖ
1272 4283 1382 4377 vii,
1400 4283 2121 4377 i'g'ijﬁbfiiv,_’2‘dl'3'i>saiii
2152 4283 2699 4377 i1,'2.‘l6fPsal.‘cIv,
2730 4283 3115 4377 inﬁgebant,
3136 4295 3198 4377 9.
3221 4283 3270 4332 ίέ
3283 4289 3593 4377 Joan.‘}1,“8.
3615 4283 3775 4377 '1ng-

573 4395 688 4447 x1v,
721 4379 811 4436 18.
838 4378 884 4415 ¹⁴
911 4380 1044 4435 Luc.
1076 4394 1188 4445 XIV,
1220 4378 1273 4434 2.
1306 4380 1351 4415 ¹⁵
1381 4381 1460 4436 III

1487 4363 1856 4449 Reg._1v,133.
1888 4377 1936 4412 ¹⁸
1960 4377 2136 4449 Num.

2249 4390 2292 4449 :,_
2304 4371 2358 4427 6.
2386 4372 2429 4408 ¹⁷
2451 4370 2624 4449 Levit.
2650 4363 2967 4449 §I§1_4_,‘49.
3000 4370 3046 4405 ¹⁸
3074 4368 3223 4449 Psal.
3259 4383 3313 4436 ι,
3346 4368 3398 4424 9.
3442 4364 3485 4402 ¹⁹
3509 4364 3595 4419 Ps.
3624 4363 3773 4413 LXVIII,
3880 4398 3881 4449 ,

572 4438 739 4512 ‘10."0
761 4453 785 4508 Ι
810 4452 937 4507 Cor.
969 4465 1053 4518 ιιι,
1084 4450 1138 4508 3.
1170 4438 1213 4487 ἀί
1243 4451 1442 4508 Matth.
1474 4438 1604 4517 Χηιῖ
1629 4438 1782 4506 3Οζ²²
1804 4449 1977 4521 Apoc.
2001 4463 2040 4515 ι,
2079 4446 2163 4506 13.

2266 4438 2395 4502 Lev.
2428 4456 2541 4510 xvr,
2570 4441 2621 4499 4.
2649 4440 2697 4477 ﬂ
2725 4441 2798 4497 IV
2830 4442 2966 4512 Reg.
2999 4455 3041 4506 ι,
3074 4438 3129 4494 8.
