3942 6158
218 240 372 300 1089

905 239 1274 295 COMMENT.
1318 239 1394 296 IN
1433 239 1744 296 CANTICA
1783 238 1948 305 QUAE
1985 239 2080 295 AD
2119 239 2398 296 LAUDES
2436 239 2822 296 DICUNTUR.

3369 239 3504 299 1090

218 363 3494 393 Μ

560 484 563 487 ’
667 530 1312 631 BEATI
1396 531 2251 633 RABANI
2334 530 3069 632 MAURI

905 740 1301 798 FULDENSIS
1337 742 1644 798 ABBATIS
1692 741 1781 798 ET
1818 742 2232 798 MOGUNTINI
2270 743 2826 800 ARCHIEPISCOPI

485 895 1961 1034 COMMENTARIA
2077 899 2276 1034 ΙΝ
2389 897 3246 1036 CANTICA

1769 1117 1935 1183 QUAE

993 1245 1120 1318 AD
1171 1245 1722 1320 MATUTINAS
1774 1246 2146 1321 LAUDES
2199 1245 2717 1321 DICUNTUR.

286 1518 533 1574 Domino
557 1520 1022 1574 reverendissimo
1041 1525 1099 1574 et
1115 1520 1173 1574 in
1193 1520 1348 1575 cultu
1370 1536 1511 1574 vera
1531 1520 1817 1591 religionis
1836 1525 1882 1582 Α
1904 1521 2166 1592 baptismi
2186 1527 2598 1576 sacramentum
2621 1521 3194 1592 pradicatur,cantari
3213 1519 3502 1576 decretum

208 1607 677 1663 strenuosissimo
699 1609 976 1664 Lunovico
1009 1609 1126 1680 regi
1161 1610 1421 1664 RABANUS
1451 1611 1683 1664 devotus
1704 1627 1825 1664 ser-

209 1696 382 1751 vulus
410 1697 470 1750 in
500 1697 721 1752 Christo
752 1703 1020 1753 aeternam
1053 1704 1212 1770 optat
1238 1699 1498 1753 salutem.

283 1787 488 1858 Nuper
507 1787 732 1857 quando
752 1787 821 1841 ad
837 1805 933 1841 vos
959 1787 1015 1841 in
1046 1787 1246 1842 cellula
1276 1787 1601 1842 monasterii
1621 1789 1820 1856 nostri,

210 1890 342 1944 qua
362 1881 598 1930 vocatur
619 1876 976 1948 Ratestorph,
992 1882 1222 1932 vocatus
1249 1877 1393 1935 veni.
1429 1883 1486 1931 et
1513 1894 1697 1932 sermo
1717 1877 1825 1932 fuit

209 1963 370 2018 inter
381 1981 489 2019 nos
500 1965 570 2019 de
586 1965 889 2036 Scripturis
905 1966 1098 2033 sacris,
1107 1966 1446 2037 persuadere
1458 1966 1595 2020 mihi
1609 1966 1824 2037 dignati

211 2054 356 2108 estis
403 2060 472 2108 ut
520 2055 738 2108 cantica
765 2071 888 2126 qua
925 2055 980 2108 in
1013 2055 1304 2110 matutinis
1344 2054 1601 2109 laudibus
1631 2060 1825 2110 sancta

210 2141 414 2213 psallit
455 2143 700 2198 Ecclesia
739 2143 892 2199 vobis
923 2144 1221 2215 allegorico
1249 2161 1417 2199 sensu
1446 2160 1780 2216 exponerem
1805 2163 1819 2212 ;

211 2231 287 2286 ad
313 2232 469 2302 quod
500 2239 635 2287 tunc
663 2233 926 2304 respondi
941 2232 996 2286 id
1027 2249 1117 2290 me
1141 2235 1262 2304 jam
1292 2233 1500 2288 factum
1530 2233 1736 2287 habere
1764 2233 1824 2289 in

211 2322 513 2392 opusculis
541 2323 764 2389 nostris,
785 2339 908 2393 qua
935 2323 995 2376 in
1021 2328 1270 2376 tractatu
1306 2322 1624 2377 divinorum
1651 2321 1824 2378 libro-

213 2426 351 2464 rum
386 2417 662 2482 quantum
687 2412 864 2483 potui,
884 2412 1112 2478 confeci,
1148 2429 1250 2466 nec
1270 2412 1436 2466 modo
1457 2428 1681 2466 necesse
1701 2429 1823 2467 esse

210 2500 272 2554 id
304 2499 499 2555 denuo
526 2507 810 2572 repetere;
833 2501 932 2555 sed
955 2517 1082 2554 cum
1111 2501 1182 2556 ad
1211 2501 1614 2556 monasterium
1643 2517 1824 2556 rever-

209 2604 314 2643 sus
339 2606 526 2644 essem
549 2595 606 2644 et
625 2591 947 2661 quasissem
967 2597 1157 2644 utrum
1183 2590 1241 2643 in
1271 2590 1462 2644 omnia
1480 2589 1578 2644 illa
1605 2589 1823 2644 cantica

207 2679 631 2749 expositionem
648 2680 770 2749 jam
789 2678 993 2733 factam
1031 2678 1314 2745 haberem,
1333 2678 1575 2749 comperi
1594 2679 1742 2750 quod
1762 2678 1820 2732 in

209 2768 316 2820 illa
329 2783 460 2838 qua
479 2767 549 2822 de
570 2768 858 2839 prophetis
872 2774 1021 2834 sunt,
1040 2768 1188 2823 Isaia
1201 2768 1458 2823 videlicet
1471 2773 1528 2822 et
1537 2767 1816 2836 Habacuc,

1907 1615 2009 1676 est,
2044 1610 2178 1681 quia
2224 1611 2342 1664 hac
2389 1616 2521 1664 sunt
2557 1609 2720 1664 initia
2758 1609 2956 1664 salutis
2985 1616 3209 1665 nostra.
3240 1611 3306 1665 In
3333 1610 3505 1665 tertia

1907 1716 2129 1770 quoque
2149 1698 2289 1753 feria
2309 1700 2586 1753 canticum
2617 1699 2731 1752 sive
2751 1699 2931 1753 oratio
2952 1699 3198 1754 Ezechia
3222 1699 3499 1771 psallitur,

1905 1787 1962 1842 in
1994 1805 2103 1859 quo
2152 1788 2220 1842 de
2270 1788 2599 1843 inﬁrmitate
2628 1805 2731 1842 sua
2763 1789 3150 1843 convalescens
3192 1788 3503 1859 gratiarum

1904 1878 2152 1932 actiones
2170 1895 2270 1948 pro
2293 1879 2473 1932 salute
2499 1894 2602 1932 sua
2613 1879 2728 1932 Deo
2749 1877 3048 1945 referebat,
3071 1878 3381 1932 admonens
3399 1894 3504 1933 nos

1905 1972 1970 2019 ut
2014 1967 2120 2037 ipsi
2153 1973 2279 2038 post
2306 1973 2628 2038 perceptam
2655 1967 2900 2038 gratiam
2929 1966 3031 2020 Dei
3071 1971 3128 2020 et
3155 1965 3503 2022 ablutionem

1904 2056 2047 2110 sacri
2061 2055 2416 2127 baptismatis
2429 2072 2462 2108 a
2474 2055 2671 2110 mortis
2691 2055 2926 2109 vinculis
2942 2054 3313 2126 absoluti,per
3332 2071 3498 2111 omne

1904 2149 2125 2215 tempus
2156 2145 2280 2200 vita
2310 2151 2513 2200 nostra
2542 2145 2658 2199 Deo
2697 2145 2913 2215 gratias
2950 2161 3118 2215 agere
3149 2145 3497 2199 studeamus.

1905 2233 1969 2288 In
2000 2240 2203 2304 quarta
2232 2240 2423 2289 autem
2449 2235 2590 2288 feria
2626 2234 2906 2289 canticum
2933 2237 3108 2289 Anna
3136 2234 3502 2306 prophetissa

1907 2323 2145 2390 canitur,
2173 2324 2231 2377 in
2254 2341 2362 2395 quo
2382 2324 2626 2379 Judaica
2640 2324 2888 2394 perﬁdia
2903 2324 3152 2396 expulsio
3173 2324 3494 2393 denotatur,

1906 2415 1964 2465 et
1991 2411 2188 2466 electio
2218 2412 2472 2467 Ecclesia
2493 2412 2562 2466 de
2588 2410 2850 2482 gentibus
2877 2412 3316 2466 demonstratur.
3347 2410 3496 2465 Nam

1900 2499 1961 2555 in
1974 2501 2172 2572 quinta
2189 2501 2329 2556 feria
2346 2501 2546 2556 merito
2563 2501 2844 2555 canticum
2857 2499 3238 2555 Israelitarum
3254 2498 3496 2566 canitur,

1904 2590 2052 2660 quod
2076 2595 2202 2660 post
2230 2590 2446 2660 pascha
2477 2587 2911 2642 celebrationem
2937 2587 3124 2642 educti
3160 2603 3228 2642 ex
3255 2588 3494 2659 Egypto,

1902 2683 1959 2732 et
1984 2695 2084 2749 per
2111 2695 2266 2733 mare
2295 2679 2547 2734 Rubrum
2569 2678 2711 2732 sicco
2732 2677 2966 2748 vestigio
2984 2676 3246 2732 translati
3277 2677 3494 2731 cecine-

1904 2773 2054 2822 runt.
2105 2767 2248 2822 Nam
2281 2772 2339 2820 et
2364 2769 2423 2820 in
2455 2766 2578 2837 ipsa
2605 2765 2745 2820 feria
2778 2766 3034 2820 Salvator
3067 2769 3258 2818 noster
3285 2763 3495 2835 pascha

210 2857 468 2911 necdum
497 2873 729 2912 manum
758 2857 1027 2912 miserim.
1076 2857 1235 2912 Unde
1259 2856 1496 2928 cogitavi
1526 2857 1675 2928 quod
1706 2845 2154 2927 hathypicum
2181 2872 2309 2911 cum
2335 2855 2621 2926 discipulis
2649 2854 2766 2910 suis
2794 2853 3100 2920 celebrans,
3120 2853 3329 2925 pascha
3343 2869 3498 2924 mys-

205 2946 389 2999 simul
421 2961 555 3000 cum
587 2946 800 3001 cateris
829 2946 888 3000 in
913 2963 1091 3001 unum
1111 2946 1372 3000 volumen
1399 2951 1742 3016 coaptarem,
1766 2951 1822 3000 et

207 3035 373 3089 vobis
389 3034 466 3088 ad
488 3035 789 3105 legendum
808 3035 1052 3089 maxime
1069 3036 1127 3089 in
1148 3035 1270 3088 istis
1291 3034 1487 3089 diebus
1503 3035 1822 3105 Quadrage-

207 3124 376 3179 sima
387 3125 858 3179 transmitterem.
875 3124 999 3178 Feci
1013 3124 1291 3195 siquidem
1303 3124 1420 3192 hac
1441 3130 1498 3178 et
1520 3129 1819 3196 utramque

205 3212 532 3268 editionem
562 3213 731 3267 simul
758 3214 919 3284 posui
945 3232 956 3266 :
992 3213 1147 3266 illam
1177 3212 1438 3267 videlicet
1459 3215 1623 3284 juxta
1651 3230 1821 3284 quam

203 3301 476 3356 Romana
495 3302 1009 3373 psallitEcclesia,et
1025 3303 1167 3356 hanc
1179 3318 1346 3374 quam
1365 3319 1430 3356 ex
1443 3292 1714 3357 Hebraica
1734 3319 1822 3357 ve-

203 3392 384 3445 ritate
410 3392 747 3446 translatam
769 3398 982 3447 caetera
1002 3391 1316 3446 Occidentis
1334 3408 1400 3446 ex
1421 3392 1666 3446 maxima
1689 3409 1819 3464 par-

203 3487 270 3534 te
303 3486 512 3536 tenent
536 3482 812 3548 Ecclesia,
842 3482 1138 3551 utriusque
1168 3480 1558 3548 editionis,ubi
1588 3482 1736 3536 inter
1761 3498 1822 3536 se

205 3569 545 3642 discrepare
575 3571 923 3637 videbantur,
965 3587 1192 3626 sensum
1243 3586 1543 3642 exponens,
1574 3577 1632 3624 et
1662 3571 1824 3640 juxta

205 3659 271 3712 id
301 3659 460 3729 quod
491 3659 550 3714 in
581 3665 899 3714 sanctorum
930 3660 1166 3714 Patrum
1190 3659 1352 3714 dictis
1362 3661 1480 3730 jam
1512 3660 1818 3730 expositum

206 3749 428 3815 inveni,
459 3749 543 3802 vel
564 3766 664 3820 per
685 3765 775 3803 me
795 3749 982 3803 divina
995 3748 1176 3819 gratia
1196 3749 1507 3819 opitulante
1529 3749 1823 3819 investiga-

208 3854 276 3891 re
309 3838 498 3908 potui,
547 3853 686 3909 opus
730 3838 1132 3904 consummavi,
1165 3843 1360 3908 petens
1389 3838 1654 3893 lectorem
1682 3843 1749 3892 ut
1775 3837 1824 3892 si

210 3927 357 3998 quid
387 3926 501 3980 sibi
521 3927 580 3981 in
611 3943 676 3981 eo
702 3927 1011 3998 displiceat,
1045 3943 1157 3981 non
1176 3926 1285 3980 cito
1306 3926 1699 3998 reprehendat,
1725 3925 1822 3981 sed

207 4017 380 4087 prius
397 4016 719 4070 consideret
738 4022 929 4072 utrum
950 4017 1231 4086 majorum
1251 4016 1440 4071 sensui
1460 4015 1759 4070 concordet
1767 4021 1824 4071 et

203 4100 444 4156 veritati
461 4101 807 4156 contrarium
825 4117 938 4156 non
956 4100 1244 4171 sitzsicque
1255 4099 1606 4154 devotionem
1618 4099 1822 4154 mentis

1903 2946 2076 3000 ticum
2122 2945 2494 3000 continuatim
2524 2945 2584 2998 in
2627 2949 2977 2998 sacramento
3009 2942 3257 3013 corporis
3285 2947 3343 2996 et
3365 2957 3496 2996 san-

1901 3034 2089 3106 guinis
2107 3050 2195 3089 sui
2215 3041 2274 3089 et
2291 3034 2349 3088 in
2363 3033 2749 3088 immolatione
2761 3033 2912 3087 illius
2930 3031 3062 3102 agni
3085 3031 3179 3102 qui
3199 3032 3348 3085 tollit
3365 3047 3498 3102 pec-

1903 3128 2028 3178 cata
2046 3123 2260 3189 mundi,
2294 3122 2655 3178 consecravit.
2689 3122 2820 3176 Ideo
2838 3125 3244 3192 consequenter
3264 3120 3322 3174 in
3341 3124 3498 3174 sexta

1899 3212 2039 3267 feria
2054 3215 2331 3268 canticum
2353 3211 2610 3266 Habacuc
2629 3210 2999 3282 propheta,in
3013 3225 3123 3282 quo
3143 3213 3498 3264 sacramenta

1901 3301 2205 3356 Dominica
2225 3301 2503 3373 passionis
2516 3300 2874 3355 continentur
2885 3306 2942 3354 et
2961 3298 3387 3354 resurrectionis
3407 3303 3496 3354 at-

1903 3407 2011 3460 que
2041 3390 2380 3445 ascensionis
2405 3391 2526 3460 ejus
2546 3390 2603 3444 in
2623 3390 2789 3444 calos
2819 3388 3090 3460 mysteria
3115 3387 3494 3454 declamatur,

1903 3493 2148 3547 congrue
2169 3478 2226 3531 in
2248 3478 2492 3532 Ecclesia
2512 3477 2861 3548 psallitur,ut
2876 3476 3137 3531 omnibus
3159 3476 3491 3531 innotescat.

1905 3567 2182 3637 quomodo
2205 3567 2262 3619 in
2293 3572 2447 3620 sexta
2467 3566 2624 3631 feria,
2638 3565 2697 3618 in
2726 3582 2838 3636 qua
2864 3565 3080 3636 primus
3109 3566 3275 3618 homo
3303 3563 3496 3618 condi-

1905 3661 1995 3708 tus
2017 3656 2198 3710 denuo
2231 3661 2332 3722 est,
2367 3656 2678 3708 humanum
2704 3670 2883 3724 genus
2911 3655 2984 3708 ad
3011 3654 3181 3708 vitam
3229 3659 3499 3708 aternam

1905 3760 2004 3814 per
2023 3745 2308 3799 Christum
2330 3749 2710 3798 restauratum
2729 3743 2819 3797 sit.
2843 3742 3084 3798 Sabbato
3111 3759 3330 3813 quoque
3354 3741 3498 3798 bene

1905 3836 1962 3886 et
1971 3849 2215 3902 congruo
2233 3833 2512 3888 canticum
2526 3832 2945 3887 Deuteronomii
2966 3831 3280 3886 canendum
3296 3829 3498 3886 consti-

1903 3925 2091 3976 tutum
2120 3927 2224 3988 est,
2257 3921 2314 3976 in
2345 3938 2454 3994 quo
2483 3920 2756 3977 beneﬁcia
2774 3921 2874 3977 Dei
2904 3938 3039 3992 erga
3062 3920 3308 3992 priorem
3325 3936 3499 3993 popu-

1903 4011 2021 4065 lum
2049 4011 2524 4078 demonstrantur,
2557 4016 2614 4065 et
2639 4027 2809 4083 quam
2838 4010 3058 4082 ingrate
3081 4010 3232 4065 idem
3257 4009 3498 4082 populus

1903 4117 1970 4154 ea
1999 4101 2326 4172 susceperit,
2358 4101 2557 4172 hisque
2585 4099 2794 4155 abusus
2824 4100 2916 4166 sit,
2961 4100 3272 4155 certissime
3311 4099 3497 4172 expri-

205 4208 356 4245 mea
378 4190 566 4260 magis
579 4207 745 4260 quam
761 4190 1140 4262 eloquentiam
1153 4188 1449 4243 verborum
1470 4206 1559 4260 per
1571 4190 1821 4260 pendens
1841 4189 1883 4250 C
1902 4189 2237 4261 mitur;quia
2253 4206 2320 4244 ea
2333 4191 2423 4244 die
2435 4189 2746 4262 antiquitus
2758 4189 3124 4245 constitutum
3145 4190 3499 4244 estDeutero-

203 4296 379 4352 aquo
393 4279 613 4350 judicio
638 4279 707 4333 de
740 4279 834 4334 illo
851 4279 1086 4349 judicet,
1107 4279 1288 4334 sciens
1309 4279 1606 4349 scriptum:
1623 4280 1691 4333 In
1711 4295 1822 4348 qua

204 4383 489 4422 mensura
518 4370 696 4421 triensi
718 4368 944 4434 fueritis
962 4369 1284 4421 remetiatur
1304 4366 1682 4437 vobis(Matth.
1705 4369 1814 4434 vn),

205 4457 270 4512 Si
293 4473 475 4528 quem
497 4461 686 4510 autem
709 4460 894 4510 movet
920 4456 1068 4528 quod
1083 4455 1202 4527 ipsa
1217 4454 1432 4510 cantica
1445 4472 1557 4510 non
1569 4472 1635 4510 eo
1652 4455 1818 4510 modo

204 4563 326 4618 quo
338 4545 417 4599 ab
437 4544 760 4600 auctoribus
772 4545 890 4600 suis
906 4545 1131 4600 condita
1143 4549 1276 4600 sunt
1289 4544 1543 4599 ordinem
1566 4550 1815 4612 teneant,

203 4636 310 4691 sed
340 4651 416 4689 ea
446 4650 569 4704 qua
599 4639 796 4706 postea
821 4633 976 4690 edita
1001 4639 1135 4689 sunt
1159 4633 1346 4706 priore
1367 4633 1487 4688 loco
1517 4640 1816 4706 ponantur,

204 4724 354 4796 quia
375 4723 657 4778 canticum
677 4723 851 4779 Exodi
873 4728 930 4778 et
946 4722 1224 4778 canticum
1248 4723 1670 4777 Deuteronomii
1690 4728 1822 4777 ante

203 4820 424 4869 catera
441 4812 660 4867 cantica
679 4829 780 4884 per
796 4812 1177 4884 legislatorem
1197 4811 1348 4867 edita
1370 4817 1520 4876 sunt,
1555 4817 1824 4882 agnoscat

203 4903 318 4958 hoc
342 4918 464 4957 non
488 4901 700 4956 frustra
717 4903 946 4968 factum,
969 4901 1068 4957 sed
1087 4900 1306 4956 decenti
1328 4900 1522 4955 ordine
1544 4905 1602 4954 et
1620 4917 1820 4956 secun-

205 4993 350 5048 dum
373 4989 655 5045 rationem
668 4997 856 5046 actum
871 4996 1082 5058 esse,ut
1092 4989 1376 5061 mysteriis
1390 4995 1446 5043 et
1457 4989 1820 5044 institutioni-

203 5079 316 5136 bus
339 5096 447 5149 per
463 5079 656 5134 omnia
673 5079 1034 5134 convenirent
1057 5078 1430 5134 divinis.Nam
1451 5078 1508 5132 in
1528 5078 1820 5134 Dominica

204 5170 326 5236 die,
366 5186 493 5240 qua
521 5185 622 5239 per
651 5169 841 5223 omnia
884 5167 1227 5222 honorabilis
1266 5172 1323 5222 et
1352 5167 1524 5238 digna
1557 5167 1817 5222 laudibus

204 5263 419 5323 exstat,
439 5258 634 5313 laudes
652 5257 824 5312 trium
844 5273 1148 5329 puerorum
1178 5257 1237 5310 in
1261 5256 1503 5310 Ecclesia
1513 5261 1812 5312 canuntur.

204 5351 273 5404 In
285 5348 499 5421 quibus
509 5363 705 5402 omnes
715 5351 983 5402 creatura
995 5346 1066 5400 ad
1077 5345 1419 5401 laudandum
1431 5351 1487 5398 et
1495 5343 1823 5400 benedicen-

206 5440 354 5493 dum
387 5439 712 5492 Creatorem
741 5453 905 5491 suum
926 5440 1319 5508 provocantur.
1342 5435 1406 5489 In
1428 5433 1672 5488 secunda
1691 5450 1820 5488 vero

209 5528 363 5583 feria
393 5527 677 5582 canticum
706 5525 885 5594 Isaia,
908 5525 968 5581 in
988 5541 1099 5596 quo
1129 5525 1401 5580 adventus
1433 5522 1735 5579 Salvatoris
1766 5527 1824 5576 et

1903 4279 2154 4334 nomium
2177 4279 2318 4350 legis
2346 4279 2403 4334 in
2419 4296 2707 4351 synagoga
2719 4279 3044 4346 recitari,ne
3059 4279 3260 4334 oblivio
3296 4293 3499 4349 prace-

1903 4373 2127 4438 ptorum
2155 4369 2258 4424 Dei
2280 4369 2338 4423 in
2359 4370 2564 4441 pOpulo
2585 4370 2764 4434 ﬁeret,
2789 4367 2888 4422 sed
2907 4367 3090 4438 magis
3106 4367 3495 4434 incitarentur,

1901 4457 1970 4510 ad
1987 4455 2430 4512 observationem
2468 4463 2874 4528 praceptorum
2894 4455 3064 4510 illius.
3090 4454 3320 4512 Undein
3339 4453 3498 4512 Acti-

1901 4543 2003 4599 bus
2012 4546 2422 4616 apostolorum]
2429 4544 2600 4599 acobo
2611 4545 2832 4600 dicente
2849 4544 2929 4599 ita
2948 4543 3219 4617 scriptum
3233 4543 3494 4615 legimus:

1903 4635 2104 4702 Moyses
2127 4637 2281 4689 enim
2307 4651 2343 4688 a
2365 4636 2699 4704 temporibus
2723 4637 2973 4703 antiquis
2992 4635 3147 4688 habet
3169 4637 3233 4690 in
3255 4636 3496 4702 singulis

1905 4725 2236 4789 civitatibus,
2261 4727 2359 4792 qui
2387 4739 2514 4776 eum
2531 4725 2829 4791 pradicant
2854 4726 2918 4777 in
2945 4727 3258 4792 synagogis,
3284 4725 3382 4777 ubi
3395 4739 3498 4793 per

1903 4828 2061 4866 omne
2081 4813 2368 4866 sabbatum
2400 4815 2604 4879 legitur
2634 4813 2776 4878 (Act.
2812 4812 2924 4882 xv);
2948 4828 3051 4867 nos
3080 4828 3212 4882 ergo
3239 4812 3499 4867 similiter

1904 4899 2101 4954 eodem
2112 4899 2360 4953 carmine
2377 4898 2576 4970 spiritu
2583 4898 2747 4953 aliter
2756 4899 3108 4967 instruimur,
3116 4905 3182 4955 ut
3195 4916 3306 4955 non
3318 4901 3496 4954 simus

1903 4989 2110 5059 ingrati
2123 4988 2519 5043 beneficiorum
2532 4988 2654 5055 Dei,
2671 4989 2768 5050 sed
2786 4989 2966 5060 magis
2979 5006 3081 5061 per
3093 5006 3258 5046 omne
3272 4994 3496 5062 tempus

1899 5078 2026 5133 vita
2055 5083 2259 5133 nostrae
2285 5077 2546 5132 laudibus
2576 5095 2701 5149 ejus
2724 5078 3072 5146 insistamus,
3102 5078 3281 5134 donec
3308 5079 3496 5134 veniat

1900 5167 2038 5222 illud
2049 5166 2362 5232 sabbatum,
2381 5168 2440 5222 in
2455 5167 2600 5238 quod
2614 5167 3019 5238 perpetualiter
3029 5185 3156 5223 cum
3172 5167 3395 5224 Christo
3415 5185 3498 5222 reo

1901 5256 2088 5328 quiem
2109 5256 2492 5327 possideamus
2513 5261 2800 5310 aternam.
2831 5257 3062 5312 Cantica
3084 5273 3214 5312 vero
3234 5256 3304 5312 de
3324 5255 3499 5311 Evan-

1903 5345 2049 5415 gelio
2079 5350 2304 5415 sumpta
2329 5349 2460 5416 apte
2487 5349 2544 5398 et
2563 5345 2955 5401 convenienter
2969 5345 3220 5416 quotidie
3238 5345 3297 5400 in
3318 5345 3500 5402 Eccle-

1903 5434 1988 5488 sia
2015 5433 2301 5488 decantari
2329 5450 2364 5487 a
2385 5433 2668 5504 magistris
2692 5434 2944 5490 Ecclesia
2963 5435 3252 5490 decretum
3269 5441 3373 5502 est,
3400 5439 3500 5491 hoc

1903 5528 2007 5592 est,
2059 5528 2122 5578 ut
2150 5523 2428 5578 canticum
2467 5523 2744 5578 Zachariae
2771 5524 3076 5596 propheta,
3125 5523 3222 5583 ubi
3271 5533 3496 5583 exortus
