3942 6158
447 232 582 306 me!

1047 245 1108 300 Β.
1153 243 1424 300 RABANI
1463 245 1694 301 MAURI
1733 243 2068 302 ARCHIEP.

2109 245 2432 301 MOGUNT.
2477 241 2772 300 OPERUM
2812 240 2994 297 PARS
3031 241 3127 297 ΙΙΙ.
3558 246 3708 306 1οη’

446 373 589 429 lucis
618 373 677 427 in
705 369 952 432 tenebris
982 374 1346 434 memoratur,
1382 367 1450 425 in'
1472 371 1764 439 matutinis
1794 370 2054 426 laudibus
2073 371 2274 431 Asaeri
2305 370 2660 440 baptismatis
2691 373 2909 422 erutam
2941 374 2997 421 et
3023 383 3121 438 per
3153 367 3549 424 renovationem
3575 371 3676 444 Spi-

447 463 798 525 decantetur,
824 464 882 513 et
901 458 1181 512 canticum
1199 460 1390 515 Mariae
1411 460 1512 516 Dei
1527 460 1835 532 genitricis,
1862 460 1920 514 in
1941 477 2051 532 quo

445 567 548 622 per
573 549 866 604 brachium
896 547 1119 604 Domini
1149 548 1423 620 dispersio
1462 549 1833 620 superborum
1868 556 1924 604 et
1950 565 2052 621 po-

446 639 693 695 tentium
705 637 982 710 depositio
993 637 1405 709 humiliumque
1417 639 1679 694 exaltatio
1696 639 2048 710 praedicatur,

445 733 598 784 recte
627 728 686 782 in
709 727 1026 798 vespertino
1042 726 1224 782 officio
1243 727 1547 783 novissime
1573 728 1814 782 canitur.
1837 727 2053 792 Quiain

442 833 674 890 vespere
697 809 912 882 mundi,
935 815 1040 872 hoc
1065 821 1168 881 est,
1187 817 1247 870 in
1275 817 1386 872 ﬁne
1402 817 1588 872 saculi
1616 833 1718 888 per
1749 817 2051 871 adventum

447 905 771 974 Salvatoris,
809 904 1036 976 superbi
1062 905 1122 960 in
1151 905 1340 977 ignem
1363 903 1728 977 projicientur
1743 905 1974 972 inferni,
1991 910 2048 960 et

448 995 694 1052 humiles
713 994 772 1049 in
791 993 1030 1064 gloriam
1049 994 1446 1050 exaltabuntur
1463 1000 1750 1050 aeternam.
1765 995 1898 1049 Haec
1919 1011 2052 1066 ergo

441 1085 607 1156 juxta
650 1083 707 1137 id
751 1083 901 1155 quod
939 1082 1218 1138 sensimus
1269 1088 1327 1138 et
1375 1100 1410 1138 a
1448 1083 1734 1154 magistris
1777 1083 2058 1138 traditum

455 1174 792 1246 accepimus,
823 1173 968 1244 stylo
997 1172 1354 1244 protulimus,
1383 1189 1496 1228 non
1527 1175 1659 1246 praej
1668 1173 1956 1228 udicantes
1971 1174 2060 1228 his

452 1263 550 1336 qui
580 1263 781 1318 melius
829 1261 1056 1332 sapiunt
1093 1278 1159 1316 ac
1187 1261 1387 1316 melius
1416 1262 1768 1317 sermonibus
1807 1263 2056 1334 proferre

450 1358 680 1409 norunt.
735 1352 818 1407 Tu
869 1355 1078 1418 autem,
1110 1350 1522 1422 sapientissime
1561 1368 1676 1418 rex,
1707 1351 1766 1406 in
1796 1351 2054 1406 omnibus

448 1441 592 1498 bene
619 1440 890 1507 eruditus,
925 1456 993 1494 ea
1019 1454 1142 1510 qua
1169 1439 1271 1494 tibi
1299 1456 1334 1493 a
1376 1440 1576 1494 devoto
1604 1439 1815 1494 famulo
1849 1441 2055 1495 collata

449 1537 602 1599 sunt,
620 1529 865 1601 benigna
875 1533 1062 1584 mente
1082 1529 1546 1601 suscipe,illisque
1561 1535 1724 1584 utere
1744 1530 2052 1586 secundum

451 1619 602 1692 quod
630 1619 977 1693 perspexeris
1003 1617 1105 1672 tibi
1133 1619 1360 1690 tuisque
1395 1620 1682 1692 prodesse.
1719 1621 1833 1690 Ego
1862 1625 2052 1674 autem

2132 460 2274 513 ritus
2302 460 2481 514 sancti
2523 459 2580 514 in
2632 460 2938 512 electorum
2969 461 3174 510 sortem
3205 457 3520 514 translatam
3548 477 3682 532 spem

2132 549 2344 604 habens
2373 549 2498 604 vitae
2523 549 2722 604 futurae
2753 553 2810 600 et
2827 545 3020 620 gaudii
3051 546 3388 618 sempiterni.
3423 548 3522 602 Sed
3549 549 3680 605 unde

2134 638 2252 692 haec
2272 638 2457 708 gratia
2469 637 2571 692 sibi
2603 635 2920 709 provenerit
2947 635 3190 689 ostendit
3217 635 3430 690 dicens:

2209 745 2234 779 (ί
2286 728 2424 782 Ecce
2467 727 2619 784 Deus
2649 726 2905 782 Salvator
2933 739 3130 778 meus:
3167 723 3494 780 ﬁducialiter
3523 743 3682 797 agam,

2137 833 2164 868 ι(
2205 821 2262 871 et
2296 833 2408 871 non
2441 815 2668 870 timebo.
2691 835 2716 867 ι
2749 813 2947 870 Omnis
2978 813 3128 868 enim
3158 819 3362 868 nostrae
3391 813 3688 888 redemptio-

2133 905 2220 960 nis
2240 911 2298 960 et
2323 905 2522 960 salutis
2547 921 2716 961 causa
2745 903 2806 958 in
2831 901 3220 958 incarnatione
3239 903 3266 956 J
3273 919 3370 958 esu
3394 903 3583 958 Christi
3601 905 3689 960 Do-

2135 994 2273 1048 mini
2292 993 2470 1048 nostri
2485 993 2760 1058 consistit,
2795 993 2925 1063 quia
2955 1007 3066 1045 non
3105 996 3192 1044 est
3219 991 3370 1044 aliud
3399 1007 3585 1046 nomen
3609 1008 3688 1047 su-

2137 1099 2240 1155 per
2263 1088 2475 1138 terram
2521 1083 2715 1137 datum
2765 1080 3102 1147 hominibus,
3135 1083 3379 1135 testante
3404 1081 3559 1135 Petro
3583 1097 3692 1153 apo-

2141 1173 2303 1240 stolo,
2327 1173 2384 1226 in
2412 1189 2522 1244 quo
2544 1175 2803 1244 oporteat
2831 1171 3010 1225 salvos
3045 1169 3190 1236 ﬁeri,
3213 1169 3283 1223 de
3300 1185 3407 1240 quo
3444 1174 3498 1224 et
3515 1170 3690 1226 Paulus

2138 1262 2244 1316 ait:
2283 1280 2308 1314 α
2361 1263 2560 1318 Gratia
2587 1261 2739 1316 enim
2767 1277 2961 1314 sumus
3007 1259 3206 1314 salvati
3261 1259 3464 1328 (Ephes.
3487 1263 3556 1327 ιι).
3584 1282 3604 1311 ι
3636 1261 3691 1314 Et

2137 1352 2302 1406 item:
2339 1371 2360 1402 ι
2404 1351 2541 1416 Quis
2561 1368 2670 1417 me,
2695 1349 2895 1420 inquit,
2917 1347 3180 1402 liberabit
3197 1347 3266 1402 de
3287 1364 3508 1419 corpore
3525 1349 3689 1404 mortis

2135 1439 2304 1512 hujus
2332 1441 2356 1494 Ἰ
2381 1441 2578 1496 Gratia
2615 1439 2714 1495 Dei
2766 1455 2866 1510 per
2893 1439 3085 1492 Jesum
3118 1437 3404 1492 Christum
3431 1437 3690 1493 Dominum

2133 1537 2391 1586 nostrum
2423 1532 2590 1601 (Rom.
2647 1531 2762 1596 vn).
2799 1548 2822 1580 ι
2853 1527 2934 1582 De
2989 1541 3100 1598 quo
3129 1542 3354 1580 rursum
3385 1526 3460 1580 ait
3487 1543 3498 1578 :
3531 1546 3552 1578 ε
3581 1526 3692 1581 Gm-

2134 1620 2242 1674 tias
2264 1621 2486 1689 agimus
2504 1619 2639 1682 Deo,
2659 1617 2756 1688 qui
2795 1615 2997 1686 dignos
3014 1631 3118 1670 nos
3135 1615 3272 1670 fecit
3297 1614 3354 1668 in
3391 1621 3540 1686 parte
3551 1616 3690 1670 sortis

454 1680 727 1782 quidquid
757 1680 971 1762 servitii
1000 1723 1228 1779 possum
1267 1680 1377 1762 tibi
1395 1680 1664 1763 ‘libenter
1703 1680 2050 1780 impendam,
2072 1680 2117 1738 Β
2136 1680 2458 1764 sanctorum
2479 1709 2538 1762 in
2583 1680 2814 1774 lumine,
2856 1680 2954 1776 qui
2991 1703 3202 1776 eripuit
3229 1721 3333 1759 nos
3353 1680 3421 1758 de
3455 1709 3692 1776 potestate

451 1798 685 1868 insuper
713 1802 772 1851 et
795 1797 916 1868 ipse
946 1796 1260 1868 impendar,
1291 1799 1472 1852 Deum
1503 1797 1719 1852 orando
1753 1803 1923 1869 atque
1953 1797 2054 1852 ob-

451 1887 722 1942 secrando
737 1901 838 1958 pro
853 1885 1034 1940 salute
1047 1891 1232 1952 tua,et
1239 1903 1341 1958 pro
1357 1885 1665 1942 stabilitate
1679 1886 1840 1957 regni
1861 1886 1965 1954 tui,
1990 1890 2054 1939 ut

455 1975 546 2030 hic
561 1974 658 2030 diu
679 1989 872 2045 sospes
890 1973 1126 2039 vivas,et
1137 1979 1266 2046 post
1281 1979 1587 2030 terminum
1615 1975 1906 2046 praesentis
1925 1973 2052 2029 vita:

453 2063 746 2120 in‘cwles'ti
789 2079 966 2134 regno
998 2063 1110 2118 vita
1139 2063 1345 2119 fruaris
1375 2068 1604 2120 aeterna.
1637 2063 1910 2118 Divinitas
1936 2061 2052 2118 Do-

451 2151 592 2208 mini
618 2152 797 2208 nostri
823 2153 852 2207 J
857 2168 955 2206 esu
987 2153 1196 2208 Christi
1223 2153 1314 2208 hic
1334 2159 1393 2207 et
1407 2153 1635 2225 ubique,
1653 2169 1803 2208 nunc
1824 2157 1882 2206 et
1901 2169 2052 2208 sem-

448 2254 552 2316 per
575 2252 778 2298 unum
799 2245 858 2298 et
881 2241 1221 2298 incolumem
1247 2245 1304 2296 te
1329 2257 1658 2298 conservare
1685 2243 1966 2313 dignetur.

1154 2482 1363 2522 INCIPIT.

715 2531 1087 2630 CMICUM
1124 2573 1336 2629 ISAI/E
1373 2571 1793 2628 PROPHETAS.

523 2686 700 2746 Isaias
718 2687 994 2760 propheta
1011 2693 1310 2759 postquam
1331 2688 1400 2743 de
1417 2687 1801 2743 incarnatione
1824 2688 2047 2744 Domini

453 2785 508 2834 et
535 2777 618 2832 de’
633 2776 1028 2833 convocatione
1057 2776 1316 2831 Ecclesiae
1340 2781 1510 2848 atque
1536 2777 1914 2832 destructione
1934 2775 2052 2832 ido-

453 2865 692 2922 lolatriae
715 2863 969 2937 mysticis
995 2864 1312 2936 disputaret
1333 2865 1586 2936 eloquiis,
1620 2865 1702 2919 ita
1725 2870 1792 2920 ut
1818 2865 1888 2920 de
1911 2865 2050 2921 ﬂore

454 2955 644 3026 virgae,
677 2953 746 3009 de
775 2952 963 3008 radice
989 2955 1143 3010 Iesse
1171 2953 1527 3021 ascendente,
1574 2969 1743 3026 super
1769 2971 1936 3026 quem
1967 2969 2052 3010 se-

451 3041 770 3116 ptemplicis
797 3042 1040 3114 Spiritus
1056 3043 1242 3113 gratia
1264 3042 1640 3114 requiesceret
1658 3042 1901 3113 primum
1922 3059 2049 3098 nar-

455 3128 628 3198 raret,
659 3135 857 3204 postea
884 3131 954 3186 de
979 3131 1277 3186 concordia
1307 3137 1365 3188 et
1399 3131 1812 3188 cohabitatione
1837 3133 2049 3188 bestia-

453 3237 580 3277 rum
611 3237 740 3276 cum
789 3219 1096 3292 pecudibus
1135 3221 1241 3275 hoc
1271 3226 1374 3288 est,
1409 3221 1644 3276 divitum
1686 3237 1814 3276 cum
1843 3237 2050 3294 paupe-

457 3309 616 3365 ribus
635 3311 694 3364 et
711 3308 984 3364 feracium
1008 3315 1178 3380 atque
1199 3309 1566 3382 superborum
1595 3327 1724 3365 cum
1739 3313 2049 3366 mansuetis

453 3404 513 3454 et
553 3397 860 3454 humilibus
897 3397 1252 3453 concordiam
1299 3399 1358 3453 in
1405 3399 1653 3455 Ecclesia
1699 3400 2045 3472 praedicaret,

451 3494 510 3544 et
537 3489 762 3560 signum
795 3487 974 3544 crucis
998 3487 1246 3559 undique
1269 3493 1465 3560 gentes
1494 3506 1798 3546 convocare
1821 3490 1893 3545 ad
1919 3491 2048 3546 uni-

449 3583 626 3632 tatem
678 3575 808 3632 ﬁdei
835 3581 1158 3644 testaretur,
1195 3577 1266 3632 ad
1297 3583 1612 3634 extremum
1643 3578 2048 3636 desolationem

454 3665 704 3720 ﬂuminis
733 3666 978 3738 Egypti,
1007 3666 1114 3721 hoc
1143 3671 1245 3734 est,
1277 3683 1527 3722 errorem
1554 3669 1826 3738 gentium,
1866 3669 1962 3741 qui
1992 3671 2050 3723 in

449 3753 700 3810 tenebris
721 3754 1074 3809 inﬁdelitatis
1104 3755 1452 3822 habitabant,
1465 3776 1473 3788 ο
1487 3756 1899 3813 dissolvendum
1927 3775 2048 3812 esse

450 3843 848 3910 manilbstavit,
871 3843 1063 3914 sicque
1103 3845 1358 3900 Ecclesia
1387 3845 1625 3916 plebem,
1658 3847 1771 3901 sive
1801 3837 2059 3902 animam'

449 3934 675 3989 ﬁdelem
719 3933 792 3987 ad
828 3933 1171 3988 laudandum
1211 3934 1391 3988 Deum
1439 3941 1720 4006 provocat,
1769 3935 2067 4007 quatenus

448 4023 572 4094 ejus
599 4022 796 4092 gratiae
828 4022 932 4076 hoc
960 4022 1210 4093 deputet,
1243 4023 1390 4094 quod
1419 4023 1488 4076 ab
1515 4024 1756 4080 inimicis
1784 4025 2038 4093 liberata,

451 4115 510 4166 et
537 4125 574 4164 a
599 4109 732 4166 ﬁliis
761 4109 859 4164 irae
890 4116 1171 4180 separata,
1216 4111 1333 4166 ﬁlia
1361 4113 1828 4170 reconciliationis
1856 4121 1913 4170 et
1941 4117 2042 4170 mi-

449 4197 764 4255 sericordiae
796 4198 872 4252 sit
903 4198 1117 4253 effecta.
1147 4199 1307 4256 Unde
1333 4200 1468 4256 dicit
1493 4221 1504 4255 :

2095 1811 2098 1818 '
2137 1797 2514 1860 tenebrarum,
2549 1802 2606 1852 et
2628 1793 2921 1851 transtth
2941 1793 2998 1848 in
3025 1810 3268 1864 regnum
3301 1793 3400 1848 ﬁlii
3419 1793 3690 1848 dilectionis

2136 1904 2269 1954 suae,
2299 1888 2356 1941 in
2378 1903 2488 1958 quo
2501 1886 2770 1941 habemus
2800 1884 3250 1954 redemptionem
3271 1888 3330 1938 et
3347 1883 3690 1938 remissionem

2135 1981 2512 2048 peccatorum,
2550 1975 2645 2046 qui
2665 1979 2750 2030 est
2767 1974 2955 2044 imago
2993 1973 3096 2028 Dei
3125 1971 3435 2039 invisibilis,
3455 1971 3692 2043 primoge-

2133 2066 2287 2120 nitus
2306 2065 2488 2119 omnis
2505 2068 2794 2130 creaturae,
2823 2063 2954 2134 quia
2974 2062 3032 2116 in
3055 2061 3182 2134 ipso
3201 2061 3426 2116 condita
3443 2067 3566 2116 sunt
3594 2061 3693 2115 uni-

2131 2160 2293 2210 versa
2319 2154 2378 2208 in
2407 2151 2562 2208 caelis
2586 2159 2645 2206 et
2671 2153 2729 2206 in
2757 2158 2912 2206 terra
2941 2153 3073 2219 (Col.
3106 2155 3165 2216 ι).
3210 2171 3232 2202 ι
3264 2151 3329 2206 In
3359 2151 3476 2222 ipso
3503 2165 3692 2222 quoque

2131 2243 2469 2299 ﬁducialiter
2503 2242 2622 2314 agit
2668 2241 2852 2297 omnis
2880 2241 2977 2313 qui
3011 2245 3167 2296 recte
3203 2240 3381 2296 credit
3408 2240 3464 2294 in
3489 2240 3694 2295 Domino

2133 2338 2191 2388 et
2217 2337 2408 2405 sperat
2443 2332 2501 2389 in
2549 2348 2636 2399 eo,
2671 2331 2853 2386 sciens
2905 2330 3039 2402 quia
3064 2331 3190 2402 ipse
3247 2335 3444 2402 potens
3483 2334 3563 2383 est
3585 2326 3694 2382 libe-

2132 2439 2258 2477 rare
2287 2428 2346 2477 et
2371 2421 2672 2477 defendere
2703 2436 2800 2476 eos
2833 2419 2929 2492 qui
2958 2420 3018 2474 in
3047 2421 3176 2490 ejus
3205 2419 3542 2491 protectione
3563 2429 3694 2471 vera-

2130 2511 2268 2568 citer
2296 2511 2602 2578 conﬁdunt,
2655 2515 2714 2565 et
2748 2509 2818 2564 ob
2845 2509 2951 2564 hoc
2987 2523 3101 2563 non
3129 2509 3303 2563 timet
3329 2505 3690 2572 adversarium,

2131 2601 2264 2672 quia
2303 2615 2504 2655 nocere
2545 2598 2627 2654 illi
2671 2615 2784 2653 non
2831 2603 3032 2670 potest,
3065 2597 3178 2652 nisi
3207 2597 3523 2668 permissus.
3559 2594 3692 2652 Unde

2130 2689 2432 2744 Psalmista
2458 2689 2540 2743 ait
2571 2704 2582 2742 :
2621 2708 2644 2740 ι
2679 2688 2950 2743 Dominus
2980 2687 3118 2741 mihi
3148 2687 3381 2758 adjutor
3406 2691 3505 2752 est,
3536 2689 3692 2754 etego

2131 2777 2326 2833 videbo
2371 2777 2626 2833 inimicos
2655 2791 2812 2832 meos
2859 2778 3024 2846 (Psal.
3062 2775 3254 2845 cxvii).
3309 2795 3332 2827 ι
3385 2773 3692 2830 Subauditur

2129 2867 2384 2924 inﬁmos
2421 2868 2565 2934 ﬁeri,
2615 2871 2674 2921 et
2717 2867 3074 2938 impotentes,
3131 2865 3418 2936 spiritales
3453 2863 3590 2917 enim
3613 2875 3692 2915 ne-

2132 2959 2338 3030 quitias
2367 2958 2486 3012 vult
2525 2956 2783 3026 intelligi,
2817 2971 2960 3026 quas
2986 2954 3045 3008 in
3075 2953 3174 3008 illo
3207 2953 3418 3025 judicio
3442 2952 3568 3007 dicit
3590 2965 3690 3006 esse

2131 3047 2414 3113 videndae,
2457 3045 2554 3101 ubi
2577 3047 2698 3117 jam
2745 3043 3001 3099 diabolus
3045 3059 3179 3098 cum
3217 3043 3429 3099 caeteris
3454 3039 3690 3096 ministris

2130 3137 2248 3192 suis
2266 3137 2583 3191 destructus
2609 3139 2778 3206 atque
2801 3134 3099 3188 damnatus
3126 3133 3396 3188 humanis
3423 3127 3687 3202 conspecti-

2131 3226 2236 3282 bus
2256 3224 2566 3297 apparebit.

2201 3332 2228 3370 α
2267 3315 2412 3381 Quia
2453 3312 2726 3369 fortitudo
2773 3327 2900 3368 mea
2953 3317 3010 3366 et
3039 3312 3162 3367 laus
3195 3328 3323 3367 mea
3349 3309 3616 3370 Dominus,
3642 3309 3689 3360 et

2135 3423 2162 3459 ε
2190 3405 2370 3460 factus
2397 3409 2484 3459 est
2506 3403 2644 3458 mihi
2660 3403 2719 3457 in
2745 3401 3007 3456 salutem.
3043 3421 3066 3453 ι
3087 3402 3217 3456 Non
3241 3406 3425 3474 potest
3451 3397 3688 3470 impulsus

2131 3494 2348 3560 cadere,
2381 3493 2470 3548 cui
2499 3491 2769 3548 auxilium
2799 3491 3022 3547 Domini
3042 3491 3270 3546 videtur
3295 3488 3552 3545 fortitudo
3577 3499 3690 3558 prae-

2130 3589 2280 3638 stare
2299 3601 2312 3647 ;
2332 3583 2516 3654 sedne
2540 3587 2837 3654 putaretur
2850 3581 2969 3636 sola
2989 3581 3245 3652 pericula
3263 3579 3533 3634 declinare
3548 3589 3686 3648 quem

2131 3672 2355 3727 Domini
2382 3671 2529 3726 dona
2554 3671 2870 3736 servabant,
2902 3669 3126 3740 adjecit,
3168 3692 3189 3716 ἰ
3249 3670 3427 3723 factus
3455 3672 3534 3722 est
3572 3660 3686 3719 mihi

2131 3763 2190 3817 in
2213 3762 2470 3826 salutem,
2508 3781 2529 3812 ι
2564 3761 2697 3832 quia
2717 3777 2818 3831 per
2843 3760 3028 3830 ipsum
3064 3763 3336 3814 aeternam
3358 3753 3521 3812 vitam
3547 3752 3688 3808 susci-

2071 3847 2080 3860 Γ
2131 3852 2310 3923 piunt,
2339 3859 2440 3922 per
2465 3867 2632 3922 quem
2659 3853 2715 3903 et
2734 3849 2919 3904 saeculi
2943 3849 3112 3918 hujus
3131 3848 3331 3902 ruinas
3351 3847 3571 3901 evadere
3587 3856 3688 3914 pro-

2130 3924 2436 3995 merentur.
2482 3940 2607 4010 Ipse
2647 3937 2798 3993 enim
2854 3942 2943 3992 est
2991 3942 3046 3992 et
3095 3937 3369 3994 fortitudo
3392 3941 3448 3991 et
3473 3929 3687 3988 laudatio

2127 4031 2338 4084 aeterna
2363 4029 2674 4082 beatorum.
2695 4026 2901 4082 Audiat
2928 4026 3364 4081 sceleratissime
3391 4022 3602 4079 haeresis
3623 4019 3688 4073 fa-

2122 4125 2272 4173 ctum
2301 4117 2604 4172 Dominum
2633 4117 2721 4171 his
2751 4116 2846 4187 qui
2874 4117 3178 4181 salvantur,
3206 4121 3266 4171 et
3305 4130 3532 4186 quorum
3558 4109 3685 4182 prius

2123 4207 2396 4264 Dominus
2433 4223 2547 4262 non
2584 4212 2725 4273 erat,
2760 4211 2824 4260 ut
2850 4205 3190 4260 creationem
3221 4205 3280 4259 in
3311 4200 3595 4274 Scripturis
3619 4202 3686 4252 ato

525 4306 550 4340 ε
582 4285 916 4386 .Cpnﬁtebor
951 4285 1075 4354 tibi,
1128 4287 1384 4386 Domine,
1436 4291 1702 4362 quoniam
1757 4293 1933 4348 iratus
1984 4313 2232 4386 cquue
2260 4297 2536 4352 facturam
2563 4311 2676 4351 non
2705 4311 2930 4366 semper
2969 4294 3349 4349 conditionem
3377 4307 3557 4346 eorum
3583 4301 3684 4358 qua!

453 4397 477 4430 ι
519 4375 680 4432 mihi.
715 4376 1030 4432 Conversus
1057 4382 1145 4432 est
1175 4377 1336 4432 furor
1379 4383 1509 4434 tuus
1535 4386 1594 4436 et
1637 4383 1956 4436 consolatus
1985 4400 2044 4438 es

449 4475 560 4521 me.
594 4484 622 4519 ι»
677 4465 964 4521 Confessio
1003 4482 1156 4538 ergo,
1210 4467 1358 4524 sicut
1384 4473 1531 4542 saepe
1564 4470 1823 4538 diximus,
1877 4473 2045 4544 aequi-

448 4552 648 4610 vo'Cu’m
679 4569 886 4611 nomen
916 4560 1020 4622 est,
1053 4560 1110 4610 et
1139 4573 1240 4628 pro
1267 4557 1519 4614 locorum
1561 4560 1882 4616 diversitate
1919 4579 2044 4616 sus-

449 4643 674 4715 cipitur.
708 4644 1065 4700 Conﬁtentur
1085 4645 1238 4701 enim
1265 4651 1324 4702 et
1345 4648 1442 4719 qui
1472 4656 1698 4720 peccata
1724 4650 2038 4722 deplorant,

450 4732 508 4787 id
539 4737 644 4799 est,
677 4731 774 4804 qui
802 4747 904 4804 pro
930 4733 1066 4805 ipsis
1095 4735 1324 4806 dignam
1343 4739 1729 4809 pmnitentiam
1751 4744 1944 4810 agunt,
1987 4745 2044 4796 et

450 4819 548 4896 qui
577 4819 818 4878 Domino
846 4822 1062 4893 gratias
1080 4823 1334 4881 referunt
1379 4827 1746 4884 conﬁtentur:
1777 4829 1876 4884 sed
1904 4829 2042 4884 illud

449 4909 510 4967 in
528 4909 814 4985 lacrymis,
854 4909 1006 4968 istud
1029 4911 1090 4968 in
1105 4913 1313 4984 gaudio
1333 4920 1445 4970 est:
1481 4915 1620 4972 illud
1639 4916 1697 4972 in
1721 4917 2040 4986 afflictione,

447 4997 602 5076 istud
615 4999 688 5056 'in
715 5003 910 5057 sancta
931 5001 1140 5058 mentis
1167 5002 1456 5061 alacritate
1502 5006 1756 5063 noscitur
1780 5007 2047 5065 constitu-

448 5085 605 5145 tum.’
623 5087 784 5145 Unde
811 5089 904 5145 hic
933 5091 1166 5162 profusa
1206 5093 1400 5148 laetitia
1441 5096 1684 5150 exsultat
1709 5097 1947 5168 populus
1978 5097 2046 5152 fi-

454 5177 596 5234 delis
627 5177 928 5254 quamdam
957 5180 1264 5252 imaginem
1307 5182 1482 5238 futuri
1510 5185 1697 5240 saeculi
1725 5186 2044 5256 designans,

451 5267 549 5323 ubi
569 5267 728 5342 voces
750 5268 878 5344 istae
901 5269 1178 5325 continuae
1217 5277 1350 5327 sunt
1378 5277 1434 5328 et
1469 5273 1666 5330 laudes
1706 5275 1926 5330 Domini
1956 5275 2049 5331 de-

452 5357 584 5411 vota
609 5354 798 5412 urente
841 5358 1252 5415 concelebrant.
1298 5360 1542 5417 Grandis
1572 5363 1720 5418 enim
1741 5363 1933 5419 laetitia
1963 5371 2051 5422 est

450 5444 790 5522 peccatricis
812 5448 1096 5519 quondam
1133 5448 1357 5518 animat,
1411 5469 1540 5508 cum
1571 5467 1630 5508 se
1659 5455 1988 5510 recordatur
2014 5471 2049 5511 a

453 5531 690 5590 vinculis
707 5540 1062 5606 peccatorum
1089 5539 1148 5592 et
1161 5537 1380 5609 laqueis
1398 5557 1654 5597 errorum
1677 5557 1778 5614 per
1803 5544 2047 5614 gratiam

2125 4403 2238 4442 non
2286 4391 2449 4441 erant
2503 4385 2599 4440 sed
2634 4383 2918 4440 interdum
2963 4383 3208 4454 gratiam
3240 4384 3300 4438 in
3341 4399 3435 4437 eos
3479 4379 3566 4451 qui
3591 4390 3682 4430 me-

2125 4475 2344 4531 ruerint
2385 4474 2490 4529 sibi
2537 4474 2714 4530 Deum
2761 4473 2904 4540 ﬁeri,
2957 4472 3364 4544 intelligamus.
3415 4470 3540 4524 Post
3585 4465 3681 4519 hac

2128 4565 2406 4638 Propheta
2430 4563 2536 4619 sub
2565 4565 2748 4634 ﬁgura
2788 4564 3119 4618 exhortatur
3155 4578 3253 4616 eos
3281 4561 3377 4633 qui
3403 4557 3615 4613 credunt
3633 4553 3679 4606 in

2123 4655 2324 4720 Deum,
2354 4659 2420 4708 ut
2447 4655 2570 4724 ejus
2599 4652 2912 4707 doctrinam
2947 4652 3162 4707 intente
3193 4651 3406 4706 discere
3432 4644 3676 4706 studeant,

2127 4744 2221 4816 qui
2250 4744 2372 4814 ejus
2396 4742 2578 4798 sortiti
2599 4746 2734 4797 sunt
2761 4745 2818 4796 et
2845 4741 3034 4805 ﬁdem,
3067 4745 3126 4795 et
3149 4741 3286 4796 dicit
3315 4759 3327 4794 :

2201 4831 2520 4886 «Haurietis
2533 4847 2707 4902 aquas
2723 4831 2778 4885 in
2793 4829 2999 4902 gaudio
3019 4830 3088 4884 de
3107 4821 3674 4886 fontibusSalvatorisn

2127 4921 2304 4987 Quem
2315 4937 2489 4993 supra
2507 4919 2926 4986 Emmanuel,et
2933 4918 3197 4976 Accelera
3211 4918 3388 4992 spolia
3395 4915 3671 4973 detrahere»

2127 5009 2352 5066 Festina
2371 5009 2628 5082 praedari,
2642 5014 2700 5064 et
2715 5009 2948 5082 reliquis
2967 5009 3277 5082 appellaret
3303 5003 3677 5068 nominibus,ne

2129 5099 2410 5154 videretur
2433 5100 2576 5154 alter
2601 5114 2722 5154 esse
2752 5104 2956 5170 praeter
2987 5115 3117 5153 eum
3148 5114 3311 5170 quem
3341 5092 3550 5151 Gabriel
3575 5089 3675 5144 Vir

2127 5187 2246 5258 gini
2265 5188 2545 5242 nuntiavit
2563 5187 2754 5242 dicens
2779 5206 2790 5240 :
2822 5213 2837 5237 ι
2883 5183 3120 5242 Vocabis
3137 5203 3338 5242 nomen
3359 5186 3476 5256 ejus
3491 5182 3669 5240 Iesum.

2131 5276 2255 5347 Ipse
2277 5274 2427 5330 enim
2449 5276 2662 5330 salvum
2691 5275 2859 5332 faciet
2888 5277 3156 5348 populum
3177 5292 3338 5330 suum
3351 5272 3548 5344 (Matth.
3574 5270 3623 5335 ι),
3651 5286 3668 5312 ι

2129 5380 2278 5420 nunc
2325 5368 2482 5420 vocat
2529 5365 2897 5433 Salvatorem,
2929 5371 2988 5420 et
3034 5365 3104 5420 de
3128 5365 3248 5436 ejus
3270 5361 3504 5419 fontibus
3524 5369 3670 5428 aquis

2129 5454 2398 5528 praedicat
2424 5455 2782 5520 hauriendus,
2805 5472 3163 5528 nequaquam
3177 5455 3244 5510 de
3274 5453 3430 5526 aquis
3455 5442 3670 5506 ﬂuminis

2129 5545 2372 5618 Egypti,
2403 5559 2525 5616 qua
2545 5555 2822 5615 percussae
2841 5550 2992 5612 sunt,
3001 5559 3180 5616 neque
3197 5543 3266 5600 de
3285 5541 3439 5614 aquis
3455 5529 3668 5594 ﬂuminis
