3824 6152
144 269 247 332 1093

731 247 1100 318 COMMENT.
1146 256 1223 318 IN
1262 259 1574 317 carmen
1612 259 1777 326 qua
1813 261 1910 318 AD
1947 258 2227 318 mones
2263 232 2653 321 DICUNT'UR.

3195 263 3330 328 1094

140 393 288 460 Rasni,
313 385 396 445 sed
421 387 482 442 de
506 385 750 440 fontibus
777 387 929 441 Jesu.
962 385 1080 440 Hoc
1106 386 1256 441 enim
1290 385 1650 440 Hebrzeorum
1669 391 1718 448 Α
1813 406 1835 436 ι
1870 387 2100 443 Exsulta
2127 393 2186 442 et
2215 387 2402 456 lauda,
2434 387 2709 446 habitatio
2739 390 2892 459 Sion,
2933 393 3069 466 quia
3091 407 3333 466 magnus

135 486 286 553 lingua
306 478 534 534 Salvator
559 474 906 548 exprimitur.
939 475 1098 530 Unde
1127 480 1184 530 et
1228 475 1347 546 ipse
1376 470 1654 528 clamabat

135 574 179 629 in
201 565 456 638 Evangelio
487 582 498 616 :
533 581 559 616 ί(
591 563 701 628 Qui
745 563 884 629 sitit,
918 565 1110 618 veniat
1137 563 1208 618 ad
1255 579 1363 630 me,
1395 568 1452 618 et
1476 561 1648 616 bibat.

133 659 212 726 Qui
232 655 384 712 credit
403 654 458 708 in
487 667 592 719 me,
627 653 773 707 sicut
801 653 937 708 dicit
969 653 1274 724 Scriptura,
1313 651 1548 707 ﬁumina
1583 652 1654 707 de

130 754 278 803 ventre
295 745 402 816 ejus
427 742 598 798 ﬂuent
622 757 782 814 aquae
806 741 959 796 vivae.
1007 743 1126 796 Hoc
1163 747 1374 808 autem,
1411 760 1436 794 »
1469 741 1656 812 inquit

128 832 435 905 Evangelista,
469 849 494 883 α
522 830 740 885 dicebat
767 831 836 885 de
864 831 1076 902 Spiritu
1103 825 1316 897 sancto,
1341 845 1508 902 quem
1537 846 1654 885 cre-

125 927 277 981 dentes
301 922 354 977 in
397 935 520 974 eum
560 919 841 990 accepturi
889 925 1053 974 erant
1079 923 1259 990 (Joan.
1294 923 1406 988 vn).
1446 937 1468 970 »
1497 919 1566 974 Et
1592 919 1650 974 in

125 1014 208 1070 alio
231 1013 333 1083 ipse
351 1008 590 1081 loquitur
619 1008 952 1079 Evangelia:
983 1027 1010 1062 ι
1041 1009 1150 1073 Qui
1172 1007 1376 1064 biberit
1401 1008 1471 1063 de
1501 1023 1652 1080 aqua

123 1113 250 1174 quam
268 1115 386 1169 ergo
411 1097 612 1152 dedero
643 1099 713 1164 ei,
729 1113 842 1152 non
857 1097 1014 1152 sitiet
1041 1098 1099 1152 in
1130 1104 1422 1165 aeternum,
1439 1097 1537 1153 sed
1553 1099 1652 1153 ﬁet

123 1192 164 1246 in
185 1203 238 1244 eo
272 1189 380 1242 fons
407 1201 562 1258 aquae
593 1185 846 1242 salientis
875 1187 934 1242 in
963 1187 1136 1242 vitam
1171 1191 1440 1242 eternam
1471 1189 1646 1258 (Joan.

117 1281 189 1342 Νι.
225 1297 246 1331 ι
298 1275 486 1332 Fontes
536 1275 841 1331 Salvator-is
895 1276 1209 1330 doctrinam
1268 1275 1652 1346 intelligamus

118 1349 448 1436 evangelicam,
471 1363 540 1418 de
554 1381 668 1436 qua
679 1365 738 1420 in
750 1365 1166 1436 septuagesimo
1177 1365 1418 1436 septimo
1430 1365 1647 1436 psalmo

116 1455 334 1526 legimus:
365 1473 388 1504 ι
433 1453 495 1508 In
537 1453 798 1508 Ecclesiis
843 1453 1154 1508 benedicite
1201 1455 1337 1520 Deo,
1369 1455 1548 1509 Deum
1578 1453 1648 1508 de

113 1542 306 1599 fontibus
340 1542 524 1608 Israel,
558 1561 588 1594 ν
622 1559 792 1614 quam
823 1543 1076 1598 videlicet
1125 1543 1362 1614 apostoli
1387 1542 1650 1614 gentibus

112 1614 392 1697 inl’u'denint,
421 1631 545 1686 fons
589 1631 740 1686 enim
787 1631 1074 1703 religionis
1123 1632 1253 1686 inde
1293 1649 1395 1704 per
1419 1637 1650 1687 caeteras

113 1721 314 1776 nationes
339 1721 634 1774 emanavit.
667 1721 828 1776 Unde
856 1727 914 1776 et
942 1721 1198 1792 sequitur
1227 1741 1238 1776 :

166 1825 188 1863 σ
211 1809 395 1864 Dicetis
421 1809 480 1864 in
509 1809 609 1864 illa
635 1810 726 1864 die
761 1827 772 1863 :
807 1809 1167 1865 Conﬁtemini
1208 1811 1446 1866 Domino
1474 1817 1532 1864 et
1559 1810 1649 1865 in-

115 1918 132 1949 ι
159 1903 322 1952 vocate
336 1913 537 1954 nomen
569 1900 711 1969 ejus.
736 1899 912 1954 Notas
951 1899 1118 1954 facite
1148 1899 1206 1953 in
1235 1899 1456 1971 populis
1485 1899 1650 1954 adin-

115 2007 132 2036 α
157 1987 399 2042 ventiones
427 1989 571 2059 ejus,
606 1993 948 2043 mementote
970 1988 1237 2060 quoniam
1267 1989 1544 2043 excelsum
1563 1993 1650 2043 est

113 2094 134 2126 ι
155 2091 324 2131 nomen
353 2078 492 2148 ejus.
524 2077 767 2132 Cantate
795 2077 1034 2132 Domino
1057 2077 1323 2148 quoniam
1356 2077 1651 2147 magniﬁce

112 2180 131 2216 ι
153 2162 271 2218 fecit.
297 2165 638 2220 Annuntiate
671 2166 776 2220 hoc
821 2165 880 2220 in
912 2165 1176 2220 universa
1219 2170 1440 2220 terra.»
1473 2165 1650 2220 Adin-

109 2251 338 2308 ventiones
365 2254 513 2308 enim
543 2254 772 2309 Domini
798 2260 1076 2326 praecepta
1110 2259 1244 2309 sunt
1285 2254 1490 2322 divina,
1525 2269 1648 2325 quae

107 2356 154 2395 ex
177 2339 378 2397 censilio
397 2359 636 2398 summa;
662 2343 952 2416 sapientiae
979 2343 1332 2398 solummodo
1359 2349 1494 2398 sunt
1523 2359 1650 2415 pro-

107 2429 204 2496 lata,
227 2437 277 2486 et
311 2432 603 2488 salutifera
630 2433 712 2487 eis
755 2433 987 2488 omnino
1025 2434 1189 2500 ﬁunt,
1223 2433 1356 2504 quia
1383 2448 1451 2488 ea
1485 2433 1648 2488 factis

106 2519 359 2591 adimplere
393 2523 646 2576 student.
679 2522 808 2576 Haec
837 2523 1243 2594 praecipiuntur
1272 2521 1342 2576 ab
1380 2521 1648 2594 apostolis

105 2613 147 2662 et
166 2609 363 2681 reliquis
381 2610 707 2668 doctoribus
736 2612 806 2666 de
835 2611 1009 2667 Israel
1037 2610 1144 2678 his,
1169 2611 1266 2683 qui
1286 2611 1357 2666 de
1383 2610 1647 2682 gentibus

106 2697 422 2766 crediderunt,
456 2706 521 2756 ut
550 2701 658 2755 soli
684 2701 1062 2755 conﬁteantur
1104 2699 1342 2754 Domino
1373 2705 1450 2765 et,
1481 2699 1647 2754 idolis

108 2783 352 2854 derelictis,
377 2789 642 2843 invocent
653 2805 856 2844 nomen
873 2789 1014 2858 ejus,
1037 2795 1096 2842 et
1108 2793 1308 2843 cuncta
1335 2789 1458 2859 ejus
1477 2804 1650 2860 Opera

109 2873 356 2942 pra-dicent
385 2877 728 2946 inﬁdelibus,
745 2883 812 2932 ut
837 2878 1019 2932 sciant
1048 2877 1312 2948 quoniam
1343 2877 1464 2949 ipse
1495 2878 1648 2932 solus

103 2963 302 3018 excelsus
327 2972 426 3031 est,
466 2973 526 3022 et
559 2985 588 3018 α
619 2967 680 3021 in
722 2966 950 3022 nomine
997 2967 1118 3038 ejus
1161 2983 1327 3021 omne
1367 2983 1516 3038 genu
1545 2967 1647 3022 ile-

1739 493 1764 528 (ί
1795 475 1957 530 estin
1987 477 2174 532 medio
2213 477 2296 532 tui
2325 483 2555 533 sanctus
2586 479 2780 534 Israel.
2799 499 2827 534 ι
2858 482 3113 538 Primum
3140 483 3333 538 dicen-

1734 562 1868 619 dum
1893 565 2056 636 juxta
2099 565 2383 622 litteram:
2419 568 2466 623 Ο
2515 568 2786 624 habitatio
2835 571 2990 640 Sion,
3023 571 3238 627 exsulta
3275 577 3334 628 et

1735 653 1904 708 lauda
1947 655 2128 709 Deum
2159 659 2342 724 tuum,
2383 657 2534 728 quod
2568 657 2663 728 qui
2710 663 2842 714 tuus
2882 664 3014 716 ante
3040 659 3337 717 videbatur

1734 743 1883 797 Deus
1902 747 1961 798 et
1985 743 2220 798 modicis
2233 745 2424 800 ludes:
2442 750 2608 800 terrae
2649 746 3016 805 claudebatur
3035 749 3329 820 angustiis,

1733 847 1884 886 nunc
1911 833 2211 904 repleverit
2233 849 2459 890 omnem
2485 840 2697 891 terram
2743 837 2976 894 scientia
3017 842 3149 906 tua,‘
3169 843 3228 894 et
3263 839 3334 894 de
3429 843 3432 847 ’

1735 927 1916 976 morte
1943 934 2284 993 consurgens
2313 929 2512 995 regnet
2538 925 2597 980 in
2625 925 2906 996 gentibus,
2939 932 2996 982 et
3027 927 3216 999 ipsum
3235 943 3334 982 na-

1731 1009 1914 1064 tiones
1941 1010 2312 1082 deprecentur
2347 1017 2518 1084 atque
2546 1013 2801 1082 adorent,
2827 1015 2908 1070 ita
2952 1015 3244 1084 duntaxat,
3267 1021 3335 1072 ut

1732 1097 1960 1169 adjiciat
1975 1101 2220 1155 secundo
2241 1117 2471 1156 manum
2486 1107 2641 1157 tuam
2657 1103 2727 1158 ad
2749 1103 3168 1176 possidendum,
3182 1105 3333 1177 quod

1731 1187 2012 1260 reliquum
2037 1195 2124 1244 est
2163 1190 2352 1262 populi
2384 1190 2494 1258 sui,
2525 1196 2582 1246 et
2616 1195 3021 1264 congregantes
3068 1193 3333 1266 proﬁxgos

1732 1277 1906 1332 Israel
1937 1283 1995 1332 et
2011 1278 2293 1350 dispersos
2313 1279 2341 1334 J
2345 1279 2458 1335 uda
2479 1280 2821 1352 colligendos
2837 1299 2868 1336 a
2885 1287 3130 1355 quatuor
3149 1283 3332 1356 plagis

1731 1371 1915 1435 terrae,
1963 1367 2097 1439 quia
2145 1368 2511 1424 seminarium
2560 1371 2846 1442 Evangelii
2889 1387 2990 1444 per
3025 1373 3327 1444 apostolos,

1729 1455 1826 1526 qui
1847 1471 1913 1510 ex
1931 1455 2138 1511 Iudaeis
2158 1463 2338 1525 erant;
2363 1458 2636 1528 processit
2663 1475 2697 1513 a
2725 1447 2971 1516 fontibus
2997 1461 3193 1530 Israel,
3213 1477 3334 1517 me-

1730 1543 1836 1599 lius
1866 1550 2056 1600 autem
2087 1551 2191 1614 est,
2207 1553 2274 1601 ut
2304 1546 2457 1613 Sion,
2481 1547 2540 1602 id
2569 1551 2656 1602 est
2682 1550 2970 1620 speculam
2997 1549 3055 1605 in
3083 1549 3335 1606 sublimi-

1730 1631 1834 1686 bus
1874 1621 2201 1688 collocatam
2249 1635 2689 1707 interpretemur
2736 1637 3058 1706 Ecclesium,
3103 1639 3173 1694 de
3221 1654 3336 1712 qua

1667 1711 1710 1770 Β
1729 1727 1782 1776 et
1832 1721 2332 1794 quinquagesimus
2381 1725 2634 1796 psalmus
2663 1727 2818 1782 canit
2853 1745 2864 1780 :
2903 1745 2929 1780 ς(
2961 1727 3212 1800 Benigne
3238 1711 3335 1784 Iac

1731 1809 1791 1864 in
1815 1809 1965 1866 bona
1996 1811 2285 1867 voluntate
2314 1817 2432 1880 tua,
2468 1813 2620 1882 Sion,
2673 1821 2738 1870 ut
2794 1816 3144 1872 aediﬁcentur
3182 1817 3333 1874 muri

1731 1899 2062 1954 Jerusalem.
2099 1921 2121 1952 ι
2156 1901 2231 1956 Ut
2257 1902 2598 1974 acceptabile
2635 1904 2736 1958 ﬁat
2765 1904 2826 1958 in
2879 1921 2947 1960 ea
2974 1905 3215 1961 Domino
3239 1922 3332 1962 sa-

1732 1989 2006 2044 criﬁcium
2031 1989 2285 2060 justitiae,
2319 1989 2630 2047 oblationes
2659 1997 2717 2047 et
2746 1993 3090 2061 holocausta,
3107 2000 3166 2050 et
3192 1994 3335 2052 vitu-

1733 2078 1840 2144 lus,
1875 2095 2043 2150 quem
2073 2079 2190 2134 ﬁlio
2218 2079 2512 2152 poenitenti
2543 2085 2706 2152 pater
2719 2081 3192 2139 clementissimus
3225 2083 3331 2139 im-

1733 2167 1980 2222 molavit.

2437 2398 2547 2440 INCI
2554 2399 2638 2440 PIT

2168 2490 2542 2548 CANTICUM
2577 2492 2902 2560 EZECHUE

2350 2600 2505 2668 Regis
2525 2600 2700 2654 Judz.

1799 2701 2092 2758 Canticum
2112 2719 2264 2775 ergo,
2290 2705 2439 2776 quod
2459 2704 2563 2760 sub
2583 2705 2830 2762 Ezechiae
2855 2707 3084 2762 nomine
3111 2721 3328 2780 praeno-

1727 2795 1900 2857 tatur,
1933 2791 2082 2863 quod
2111 2792 2285 2865 aliqui
2305 2794 2677 2866 interpretum
2705 2795 3059 2868 scripturam,
3089 2795 3184 2851 alii
3203 2811 3326 2852 ora-

1728 2879 1941 2933 tionem
1973 2881 2286 2949 nominant,
2321 2882 2540 2938 videtur
2570 2883 2708 2938 mihi
2757 2883 2960 2939 melius
3002 2885 3318 2956 gratiarum

1728 2967 1964 3023 actionis
2009 2969 2276 3026 vocabulo
2322 2973 2647 3044 praenotari.
2699 2972 2790 3029 Sic
2845 2973 2996 3028 enim
3049 2973 3326 3046 scriptum

101 3050 231 3106 utitur
244 3029 565 3123 caelestium,
599 3055 952 3110 terrestrium
999 3029 1057 3110 et
1103 3029 1448 3110 infernarum
1481 3057 1643 3125 (Phil.
1664 3029 1709 3092 δ
1729 3061 1816 3112 est
1836 3057 1893 3112 in
1917 3059 2193 3130 propheta
2212 3029 2342 3128 (13a:
2384 3063 2619 3132 xxxvm)
2647 3079 2659 3114 :
2697 3082 2718 3114 ι
2755 3063 3045 3136 Scriptura
3077 3029 3326 3118 Ezechie

100 3141 159 3205 ιι),
185 3158 208 3192 ι
237 3141 317 3198 cui
343 3144 689 3200 cantandum
719 3149 822 3211 est,
855 3145 1003 3216 quod
1034 3145 1329 3216 magniﬁce
1359 3145 1572 3211 fecerit,
1591 3151 1650 3200 et

99 3227 141 3280 in
165 3230 295 3287 omni
331 3232 460 3289 orbe
503 3233 663 3288 illius
710 3233 1090 3290 misericordia
1121 3234 1472 3305 praedicetur.
1503 3233 1649 3290 Huic

101 3317 232 3372 etiam
247 3307 368 3376 loco
395 3323 703 3378 concordat
719 3322 947 3378 initium
975 3323 1268 3378 centesimi
1298 3323 1486 3394 quarti
1505 3323 1650 3396 psal-

97 3406 168 3472 mi,
195 3407 278 3464 ubi
305 3411 384 3466 ita
409 3412 688 3484 scriptum
725 3416 830 3479 est,
867 3432 889 3463 ι
931 3411 1292 3467 Conﬁtemini
1324 3413 1562 3468 Domino
1590 3419 1648 3468 et

98 3492 300 3553 invocata
323 3515 528 3556 nomen
562 3502 706 3572 ejus,
729 3501 1061 3556 annuntiate
1089 3501 1238 3556 inter
1253 3507 1450 3572 gentes
1477 3518 1649 3574 opera

95 3585 200 3652 ejus.
229 3605 254 3639 ι
275 3587 334 3643 In
365 3589 469 3645 hoc
500 3605 640 3660 ergo
671 3589 850 3644 tribus
879 3595 1101 3645 constat
1127 3589 1382 3662 partibus
1402 3589 1538 3645 ordo
1565 3591 1648 3646 di-

95 3677 282 3730 ctorum.
331 3677 522 3733 Primo
571 3679 706 3733 dicit
739 3697 750 3731 :
789 3697 814 3731 α
841 3679 1202 3735 Conﬁtemini
1237 3679 1494 3746 Domino,
1530 3700 1556 3734 »
1589 3680 1644 3734 id

93 3766 168 3826 est,
191 3763 394 3820 laudate
425 3783 558 3822 eum
588 3773 644 3822 et
672 3767 831 3822 bonis
859 3767 1021 3822 factis
1048 3767 1292 3839 gratiam
1322 3767 1477 3822 vobis
1503 3769 1646 3821 «lix-i-

93 3849 242 3906 nitatis
269 3856 562 3927 acquirite,
587 3855 722 3928 quia
768 3855 838 3910 ad
867 3856 1051 3928 ipsum
1081 3861 1168 3911 est
1193 3857 1424 3912 laudare
1451 3857 1646 3912 Domi-

91 3953 209 4007 num,
233 3948 287 3999 et
329 3961 426 4001 ore
456 3945 545 4000 illi
575 3945 848 4001 honorem
876 3945 1111 4013 deferre,
1145 3951 1204 4001 et
1231 3945 1494 4017 operibus
1523 3949 1646 4018 ejus

87 4026 316 4092 iussiones
341 4034 591 4090 efﬁcere.
619 4033 724 4090 Illa
742 4034 894 4090 enim
921 4033 1193 4090 confessio
1216 4035 1307 4090 hic
1331 4035 1648 4109 intelligen-

88 4114 140 4171 da
161 4125 250 4187 est,
271 4139 392 4194 quae
421 4123 650 4180 Domini
671 4124 950 4196 praeconia
977 4123 1258 4180 celebrare
1279 4141 1392 4180 non
1419 4125 1642 4193 desinit,

87 4209 270 4275 quando
287 4216 345 4266 et
367 4211 780 4284 subsequentia
791 4213 904 4268 tale
925 4219 1114 4268 votum
1141 4215 1533 4286 actionemque
1545 4215 1646 4271 dc-

1728 3143 1877 3216 regis
1905 3146 2080 3213 Judae,
2098 3159 2242 3202 ‘cum
2268 3153 2596 3220 aegrotasset
2641 3155 2697 3204 et
2741 3150 3116 3206 convaluisset
3139 3151 3212 3206 de
3245 3151 3328 3206 in-

1729 3235 1997 3289 ﬁrmitate
2039 3253 2160 3290 sua.
2200 3255 2224 3288 ι
2258 3237 2630 3310 Septuaginta
2659 3255 2789 3293 vero
2819 3239 2902 3294 ita
2966 3244 3276 3311 posuerunt
3307 3258 3321 3294 :

1733 3341 1762 3376 α
1791 3323 1984 3378 Oratio
2034 3324 2278 3380 Ezechiae
2333 3327 2482 3397 regis
2519 3327 2696 3394 Iudae,
2729 3328 2952 3399 quando
2999 3328 3219 3398 languit
3269 3331 3328 3383 et

1729 3412 1972 3466 surrexit
1994 3413 2063 3467 de
2084 3413 2412 3469 inﬁrmitate
2437 3431 2558 3469 sua.
2591 3435 2616 3468 ››
2648 3415 3009 3471 Manifestum
3051 3422 3136 3471 est
3173 3417 3322 3471 enim

1729 3499 1878 3572 quod
1900 3507 2028 3572 post
2047 3502 2322 3558 redditam
2337 3503 2637 3558 sanitatem
2657 3504 2727 3559 de
2743 3505 3072 3560 inﬁrmitate
3088 3518 3324 3560 consur-

1725 3605 1864 3659 gens
1891 3589 2002 3643 ista
2029 3591 2440 3662 conscripserit,
2483 3609 2549 3646 ex
2579 3609 2689 3667 quo
2716 3608 2830 3648 non
2871 3594 3051 3648 oratio
3079 3599 3182 3661 est,
3223 3593 3322 3650 sed

1725 3677 2043 3746 gratiarum
2073 3679 2216 3734 asilo
2247 3695 2348 3750 pro
2397 3680 2668 3735 beneﬁcio
2700 3682 2848 3752 quod
2887 3687 3195 3754 acceperat.
3221 3681 3325 3736 Po-

1731 3773 1833 3819 test
1865 3766 2017 3820 enim
2035 3767 2140 3821 hoc
2157 3767 2431 3822 canticum
2467 3768 2606 3823 bene
2629 3769 2923 3824 convenire
2953 3770 3041 3824 his
3071 3769 3162 3841 qui
3197 3775 3324 3840 post

1726 3855 1956 3926 longam
1964 3856 2355 3928 (egritudinc-m
2376 3857 2691 3912 animarum
2705 3857 3042 3930 resipiscunt
3059 3874 3096 3913 a
3113 3856 3323 3912 diaboli

1725 3943 1962 4018 laqueis,
1995 3949 2054 4001 et
2078 3945 2148 4000 de
2177 3951 2535 4018 peccatorum
2561 3946 2917 4018 gravitudine
2941 3950 3236 4013 sanantur,
3264 3951 3325 4003 et

1725 4034 1956 4091 student
1990 4051 2050 4090 se
2096 4033 2397 4091 virtutibus
2447 4035 2622 4092 sacris
2648 4051 3002 4108 recuperare,
3031 4041 3092 4093 et
3127 4035 3324 4092 laudes

1726 4123 1828 4180 Dei
1858 4139 1970 4179 non
1995 4125 2178 4180 solum
2207 4141 2358 4193 voce,
2390 4125 2488 4180 sed
2519 4125 2692 4181 etiam
2723 4127 2888 4182 corde
2922 4131 2979 4182 et
3031 4131 3160 4183 actu
3197 4141 3325 4200 pro-

1726 4213 2006 4270 nuntiare.

85 4293 275 4354 clamat.
313 4299 534 4356 Deinde
581 4301 886 4357 Dominum
925 4308 1246 4358 commonet
1290 4303 1552 4371 invocari,
1584 4309 1712 4382 utD
1801 4320 1827 4354 α
1862 4303 1978 4374 Ego
2003 4302 2117 4358 dixi
2150 4323 2161 4357 :
2205 4303 2270 4358 In
2299 4303 2533 4360 dimidio
2577 4303 2797 4360 dierum
2837 4319 3091 4362 meorum
3121 4304 3322 4362 vadem

83 4389 184 4451 post
238 4388 620 4446 ministerium
673 4390 1044 4446 sanctissimae
1097 4391 1280 4448 laudis
1337 4398 1529 4463 grates
1591 4393 1643 4448 ei

83 4469 246 4543 dignas
271 4479 580 4534 solvamus.
613 4479 740 4551 Ipse
771 4479 920 4536 enim
942 4481 1048 4536 rite
1075 4480 1298 4536 invocat
1323 4482 1524 4550 Deum,
1549 4483 1645 4554 qui

83 4565 226 4634 magis
250 4573 375 4624 actu
403 4585 582 4642 quam
608 4585 740 4625 voce
765 4569 976 4624 clamat
1002 4569 1074 4624 ad
1101 4570 1302 4625 Deum.
1333 4571 1494 4626 Unde
1521 4571 1644 4626 Sal-

83 4655 208 4707 vator
231 4655 286 4710 in
309 4656 618 4728 Evangelia
636 4657 706 4712 ad
735 4657 1006 4730 superbos
1043 4662 1100 4713 et
1127 4657 1510 4715 inobedientes
1539 4659 1644 4716 sibi

81 4738 176 4796 ait:
209 4762 233 4796 ι
257 4745 403 4810 Quid
435 4747 594 4802 enim
622 4747 834 4803 vocatis
871 4763 982 4814 me,
1017 4746 1272 4812 Domine,
1305 4747 1560 4816 Domine,
1587 4753 1646 4804 et

83 4841 168 4885 non
188 4831 359 4890 facitis
375 4852 506 4908 qua:
543 4836 666 4892 dico
692 4837 841 4904 (Luc.
875 4845 967 4906 vx).
993 4837 1063 4892 Et
1081 4834 1216 4890 alibi
1251 4853 1263 4889 :
1299 4854 1325 4888 α
1353 4837 1479 4892 Non
1517 4853 1642 4892 om-

81 4916 160 4983 nis,
183 4919 378 4994 inquit,
416 4924 516 4996 qui
547 4925 680 4979 dicit
708 4925 864 4990 mihi,
896 4925 1153 4992 Domine,
1185 4924 1440 4992 Domine,
1472 4924 1645 4980 intra-

83 5001 143 5058 bit
173 5009 224 5064 in
252 5027 495 5083 regnum
523 5013 820 5080 caelorum;
861 5013 958 5068 sed
993 5013 1090 5086 qui
1135 5012 1268 5068 facit
1295 5015 1642 5070 voluntatem

81 5091 227 5154 Patris
243 5101 373 5168 mei,
406 5102 534 5174 ipse
557 5102 793 5158 intrabit
820 5102 878 5157 in
905 5119 1140 5174 regnum
1163 5102 1430 5158 caelorum
1457 5104 1638 5174 (Matt.

82 5185 169 5251 πῖ)-
190 5203 215 5239 ι
230 5189 422 5246 Tertio
455 5189 632 5246 dicit:
659 5212 681 5244 ι
715 5192 1064 5246 Annuntiate
1084 5192 1234 5247 inter
1247 5197 1446 5262 gentes
1473 5209 1646 5264 opera

78 5271 190 5340 eius.
217 5296 244 5328 ι
276 5279 429 5350 quod
476 5279 622 5336 bene
659 5285 842 5352 potest
879 5281 1135 5352 gloriosis
1195 5281 1551 5353 evangelistis
1588 5287 1647 5336 et

80 5364 411 5424 sanctissimis
440 5369 732 5442 apostolis,
775 5373 834 5424 et
856 5375 1005 5425 nunc
1031 5370 1416 5426 sacerdotibus
1443 5387 1645 5426 conve-

79 5448 194 5520 nire,
212 5455 304 5528 qui
329 5473 436 5530 per
460 5463 661 5531 gentes
675 5459 962 5516 universas
977 5459 1264 5530 magnalia
1291 5461 1414 5531 ejus
1431 5475 1647 5516 annun-

80 5537 192 5595 tiate
216 5553 550 5602 noscuntur.

1728 4407 1756 4446 α
1779 4391 1849 4446 ad
1877 4397 2068 4464 portas
2095 4392 2278 4448 inferi.
2319 4412 2340 4446 ο
2373 4393 2582 4448 Narrat
2600 4393 2733 4465 quid
2745 4398 2996 4464 tempore
3013 4393 3322 4466 prementis

1727 4481 1998 4553 angustiae
2015 4481 2474 4554 imminentisque
2501 4481 2788 4552 languoris
2819 4481 3022 4537 tacitus
3039 4481 3328 4554 cogitarit.“

1734 4589 1761 4621 ιι
1783 4569 1924 4637 Dixi,
1945 4570 2148 4642 inquit,
2162 4570 2220 4626 in
2242 4571 2408 4626 corde
2431 4587 2575 4637 meo,
2603 4571 2660 4626 in
2679 4569 3140 4626 dimidiodierum
3165 4585 3322 4627 meo-

1727 4675 1872 4724 rum,
1911 4677 1937 4712 »
1960 4659 2095 4726 sive,
2127 4663 2194 4714 ut
2227 4659 2323 4714 alii
2351 4658 2708 4730 interpretati
2729 4663 2880 4726 sunt,
2904 4659 2965 4716 in
2991 4651 3348 4717 inﬁrmitate

1725 4753 1784 4804 et
1799 4747 2024 4803 silentio
2051 4748 2272 4804 dierum
2297 4764 2571 4816 meorum,
2594 4749 2707 4804 sive
2731 4749 2791 4804 in
2801 4749 3075 4822 sanguine
3101 4750 3322 4806 dierum

1726 4853 2001 4903 meorum,
2037 4836 2261 4910 quando
2288 4853 2446 4893 meus
2475 4853 2641 4893 cruor
2665 4853 2938 4913 meusque
2967 4829 3360 4913 spectabatur,"

1724 4925 2006 4982 interitus.
2044 4927 2242 4998 Itaque
2268 4926 2326 4982 in
2355 4926 2743 5000 desperatione
2770 4927 2883 4984 dixi
2915 4945 2928 4984 :
2953 4945 2983 4982 ι
3004 4929 3222 4984 Vadam
3251 4928 3324 4988 ad
3347 4932 3358 4943 ”

1725 5020 1915 5087 portas
1943 5011 2130 5070 interi.
2164 5037 2184 5067 ι
2207 5015 2310 5070 Vel
2341 5010 2624 5072 communi
2670 5016 2792 5087 lege
2815 5022 3053 5086 naturae,
3083 5017 3170 5072 vel
3197 5007 3332 5072 illas’

1725 5108 1934 5176 portas,
1959 5103 2029 5158 de
2049 5103 2271 5176 quibus,
2308 5104 2456 5176 quod
2493 5104 2764 5161 liberatus
2805 5106 2881 5160 sit
2908 5105 3205 5162 Psalmista
3221 5106 3324 5162 de-

1725 5197 1916 5248 cantat
1946 5211 1958 5246 :
1997 5211 2023 5246 «
2054 5193 2162 5256 Qui
2191 5194 2401 5249 exultas
2431 5210 2520 5249 me
2559 5195 2628 5248 de
2657 5195 2834 5266 portis
2863 5195 3076 5262 mortis,
3109 5201 3176 5251 ut
3219 5211 3324 5252 an-

1726 5281 1983 5338 nuntiem
2012 5297 2205 5338 omnes
2224 5283 2573 5338 laudationes
2601 5289 2730 5338 tuas
2757 5284 2818 5339 in
2842 5284 3020 5356 portis
3037 5285 3166 5342 ﬁliae
3187 5273 3337 5342 Sionl

1724 5372 1894 5444 (Psal.
1928 5374 2028 5440 Ix).
2061 5390 2086 5424 ι)
2114 5371 2228 5426 Has
2251 5377 2442 5444 portas
2488 5371 2692 5427 inferni
2728 5389 2858 5428 reor
2874 5387 2998 5447 quae
3027 5374 3354 5432 adversum"

1726 5460 1957 5516 Petrum
1978 5475 2091 5516 non
2120 5461 2442 5532 praevalent,
2463 5461 2597 5534 quia
2615 5461 2880 5518 dormivit
2894 5463 2955 5520 in
2975 5463 3358 5537 plenitudine"

1727 5549 1946 5605 dierum
1992 5563 2244 5606 suorum.
2277 5551 2466 5606 Sancti
2510 5550 2750 5624 implent
2777 5551 2898 5610 dies
2941 5559 3094 5623 suos,
3137 5554 3352 5627 qualis"
