3824 6152
459 289 601 348 1095
880 314 887 320 <
1044 287 1106 342 Β.
1150 277 1422 341 RABANI
1470 285 1701 342 MAURI
1739 286 1963 343 ARCHI

2143 288 2443 346 dOGUNT.
2491 288 2789 346 OPERUM
2826 288 3011 345 PARS
3046 290 3140 346 III.
3542 296 3653 357 1096

461 417 568 473 fuit
593 415 877 471 Abraham
907 413 1005 485 qui
1025 418 1281 468 mortuus
1312 418 1398 468 est
1411 411 1610 483 plenus
1637 412 1860 469 dierum
1887 415 1946 469 in
1972 431 2062 469 se-
2080 422 2125 481 Α
2147 432 2250 486 pus
2282 417 2479 471 mortis
2508 416 2772 484 innotuit,
2807 429 2917 485 quo
2962 413 3046 468 vir
3072 413 3164 468 ille
3198 416 3333 471 mori
3370 418 3657 493 merebatur,

462 509 689 562 nectute
716 504 864 559 bona
894 519 907 556 :
944 506 1265 575 peccatores
1294 516 1425 555 vero
1454 506 1512 555 et
1560 501 1721 572 impii
1768 503 1828 557 in
1872 503 2059 558 medio
2142 520 2245 559 nec
2269 505 2563 560 Dominica
2583 509 2799 560 statuta
2816 502 3078 558 convulsa
3097 508 3242 570 sunt,
3264 506 3387 576 quia
3410 511 3468 561 ut
3490 524 3548 562 ex
3572 510 3663 565 lar-
3744 537 3753 545 α

458 595 677 650 dierum
705 609 938 649 suorum
967 592 1307 655 moriuntur,
1340 591 1411 646 de
1457 591 1659 663 quibus
1708 597 1766 647 et
1811 592 2061 664 psalmus
2141 593 2318 663 gitate
2353 594 2456 649 Dei
2500 595 2635 649 anni
2672 594 2797 649 vitm
2838 596 3167 657 crescerent,
3198 593 3298 648 hoc
3332 611 3529 666 quoque
3560 601 3664 653 ante

459 682 709 756 loquitur
741 700 754 737 :
790 700 818 735 α
846 681 967 736 Viri
996 680 1339 753 sanguinum
1362 685 1420 735 et
1447 681 1625 735 dolosi
1666 698 1778 735 non
1807 681 2063 736 dimidia-
2144 683 2347 737 szecula
2400 684 2689 755 praeﬁxum
2735 682 2862 750 fuit,
2910 687 3078 753 atque
3123 682 3357 754 spatium
3391 682 3520 751 vitae,
3547 685 3664 756 quod

459 772 604 829 bunt
627 772 749 828 dies
777 787 908 827 suos
931 772 1096 839 (Psal.
1121 772 1256 839 LIV),
1275 788 1302 825 ι
1318 785 1432 824 non
1460 769 1612 824 enim
1641 770 1880 842 implent
1895 786 2067 841 Opera
2146 770 2434 843 inopinate
2486 770 2621 826 foris
2649 776 2768 827 est:
2802 771 3058 826 additum
3093 772 3212 827 sine
3239 777 3514 842 augmento
3558 790 3667 844 pre-

459 862 731 917 virtutum
760 877 865 916 nec
891 860 1120 916 student
1150 858 1484 932 paenitentia
1502 859 1807 915 emendare
1835 858 2059 914 delicta.
2145 859 2391 915 scientiae
2409 859 2519 916 fuit
2542 859 2695 915 intus
2724 864 3023 915 statutum.

461 951 622 1009 Unde
653 951 714 1006 in
743 949 931 1006 medio
976 948 1103 1005 vitae
1136 964 1305 1004 cursu
1349 954 1409 1003 et
1452 948 1511 1003 in
1543 964 1791 1003 errorem
1817 948 2066 1004 tenebris
2219 968 2247 1003 α
2270 950 2351 1004 De
2381 966 2547 1004 mane
2575 966 2753 1021 usque
2800 949 2872 1003 ad
2900 963 3192 1019 vesperum
3218 947 3370 1002 ﬁnies
3412 964 3511 1016 me,
3545 965 3574 1003 a
3601 967 3668 1004 ve-

463 1042 741 1097 ducentur
770 1039 843 1094 ad
861 1042 1160 1094 tartarum.
1904 1070 1909 1074 »
2150 1058 2175 1091 ‹‹
2203 1054 2365 1110 spere
2393 1054 2572 1111 usque
2602 1038 2673 1093 ad
2703 1054 2888 1105 mane,
2913 1037 3074 1109 quasi
3093 1036 3200 1103 leo,
3222 1036 3299 1091 sic
3323 1037 3557 1091 contrivit
3577 1053 3668 1093 om-

537 1149 563 1182 ι
615 1126 855 1193 Quaesivi
891 1126 1182 1182 residuum
1212 1141 1492 1181 annorum
1548 1142 1824 1181 meorum.
1851 1144 1878 1179 »
1938 1126 2064 1182 Non
2147 1143 2175 1180 ι
2208 1128 2305 1182 nia
2330 1144 2458 1183 ossa
2492 1144 2639 1183 mea.
2686 1128 2847 1192 Quod
2889 1128 2969 1181 sic
3001 1128 3164 1197 juxta
3208 1124 3372 1180 aliam
3421 1125 3669 1183 editionem

465 1234 558 1273 me
602 1222 806 1290 putans
854 1216 1007 1271 ultra
1059 1231 1181 1271 esse
1214 1215 1513 1282 victurum,
1572 1214 1706 1279 dixi,
1743 1234 1770 1268 (ί
1805 1215 1932 1270 Non
1981 1214 2064 1268 vi-
2147 1215 2355 1286 legitur
2384 1234 2395 1268 :
2422 1235 2446 1268 ι
2478 1216 2559 1271 De
2587 1232 2753 1271 mane
2780 1232 2962 1287 usque
2989 1215 3061 1270 ad
3083 1230 3368 1287 vesperam
3386 1216 3531 1270 ﬁnies
3546 1232 3665 1271 me.»

466 1307 609 1363 debo
636 1306 941 1362 Dominum
1000 1305 1181 1360 Deum
1227 1304 1287 1359 in
1334 1310 1489 1360 terra
1540 1296 1865 1359 viventium.
1897 1322 1926 1357 ι
1956 1303 2065 1358 Pro
2148 1302 2453 1375 Sperabam
2482 1320 2659 1377 usque
2680 1303 2750 1360 ad
2778 1320 2963 1370 mane,
2999 1290 3150 1375 quod
3179 1309 3236 1358 et
3262 1302 3362 1358 Job
3385 1303 3442 1359 in
3461 1305 3673 1376 angustia

465 1397 704 1452 Domino
723 1400 781 1451 et
797 1397 913 1451 Deo
940 1394 1032 1449 hic
1056 1394 1117 1449 in
1147 1391 1420 1449 Hebraico
1440 1393 1687 1465 ponitur,
1720 1394 1799 1459 Ia,
1831 1392 1979 1464 quod
2006 1392 2067 1448 in
2148 1409 2252 1448 sua
2279 1398 2449 1464 atque
2478 1393 2536 1448 in
2563 1394 2861 1448 tormentis
2885 1393 3135 1465 corporis
3155 1393 3473 1448 sustinuisse
3492 1393 3670 1460 sedicit,

464 1492 717 1542 extrema
733 1484 948 1557 syllaba
971 1483 1199 1538 alleluia
1221 1488 1402 1550 sonat,
1420 1500 1522 1554 pro
1553 1499 1662 1553 quo
1696 1480 2064 1553 Septuaginta
2147 1482 2371 1553 quando
2386 1482 2446 1536 in
2464 1482 2556 1537 die
2578 1481 2934 1555 exspectabat
2955 1487 3199 1549 noctem,
3219 1488 3277 1537 et
3294 1483 3465 1538 lucem
3490 1489 3672 1555 prasto-

462 1576 894 1642 transtulerunt,
914 1591 941 1627 ι
959 1588 1316 1644 nequaquam
1332 1572 1482 1627 ultra
1496 1570 1693 1625 videbo
1705 1570 1951 1625 salutare
1962 1570 2063 1625 Dei
2146 1570 2369 1626 labatur
2413 1572 2473 1626 in
2522 1570 2790 1639 tenebris,
2824 1571 3138 1628 mutatione
3174 1577 3481 1643 temporum
3514 1578 3673 1644 putans

467 1666 528 1721 in
552 1670 707 1720 terra
735 1663 1041 1718 viventium
1067 1681 1080 1730 ;
1118 1681 1141 1713 ι
1172 1661 1243 1715 de
1265 1678 1376 1732 qua
1391 1661 1521 1716 etin
1532 1660 1642 1715 alio
1659 1660 1777 1715 loco
1793 1660 2064 1731 scriptum
2147 1661 2354 1715 mutari
2385 1678 2547 1733 posse
2570 1661 2860 1733 supplicia.
2893 1662 3010 1716 Hoc
3036 1678 3234 1719 verum
3280 1678 3397 1716 esse
3422 1662 3572 1730 novit,
3605 1663 3676 1733 qui

466 1759 589 1809 est:
623 1772 651 1808 ι
679 1752 915 1809 Placebo
940 1751 1179 1806 Domino
1210 1750 1266 1804 in
1300 1750 1527 1821 regione
1563 1748 1866 1804 viventium
1892 1746 2365 1821 (Psal.Bmagnis
2393 1750 2639 1806 febribus
2667 1757 2886 1819 aestuat,
2918 1753 3079 1823 cujus
3124 1752 3275 1823 ignis
3300 1753 3535 1807 internus
3560 1752 3605 1805 in
3627 1753 3678 1806 si-

464 1847 638 1913 cxrv);
671 1862 697 1895 »
728 1848 788 1896 et
812 1857 1067 1896 rursum:
1090 1862 1113 1890 ι
1134 1838 1370 1894 Placebo
1400 1838 1639 1894 Domino
1670 1838 1729 1893 in
1757 1837 1969 1893 lumine
1989 1837 2063 1890 vi-
2144 1840 2461 1896 militudine
2490 1840 2667 1896 leonis
2695 1842 2889 1896 omnia
2915 1858 3043 1897 ossa
3068 1847 3382 1908 consumat,
3411 1857 3503 1896 nec
3527 1857 3577 1896 se
3599 1857 3677 1913 pu-

464 1932 714 1987 ventium
740 1932 909 2000 (Psal.
939 1931 1051 1997 tv).
1078 1946 1105 1982 ι
1128 1927 1303 1997 Regio
1319 1942 1453 1998 ergo
1465 1931 1786 1981 sanctorum
1806 1926 1929 1997 ipsa
1956 1931 2060 1993 est,
2142 1937 2229 1987 tat.
2255 1947 2370 2003 prae
2391 1930 2599 1986 doloris
2627 1932 3018 2003 magnitudine
3036 1948 3163 1987 esse
3180 1932 3332 1986 ultra
3356 1932 3615 1985 victurum.

463 2039 588 2096 quae
616 2020 933 2093 appellatur
950 2019 1045 2074 lux
1075 2016 1399 2072 viventium.
1438 2034 1465 2069 ι
1487 2017 1615 2072 Non
1633 2020 1720 2070 est
1731 2016 1885 2071 enim
1913 2016 2063 2072 Deus
2220 2039 2247 2073 «
2272 2021 2356 2076 De
2382 2036 2547 2075 mane
2574 2036 2752 2092 usque
2796 2020 2867 2075 ad
2914 2037 3213 2093 vesperam
3252 2021 3409 2075 ﬁnies
3447 2036 3544 2087 me,
3570 2020 3679 2075 sicut

467 2117 839 2177 mortuorum,
872 2109 970 2164 sed
1018 2106 1268 2162 vivorum
1310 2106 1531 2179 (Matth.
1571 2107 1725 2177 χχιι),
1761 2124 1787 2157 ιι
1821 2105 1927 2160 hoc
1969 2123 2066 2161 au-
2151 2130 2174 2162 ι
2209 2108 2395 2181 pullus
2426 2108 2763 2177 hirundinis,
2794 2109 2875 2164 sic
2901 2109 3179 2177 clamabo,
3210 2109 3523 2177 meditabor,
3543 2116 3595 2164 ut
3615 2127 3681 2164 co-

464 2206 582 2256 tem
611 2204 698 2254 est
724 2213 890 2253 omne
912 2195 1061 2268 quod
1079 2195 1301 2261 metuit,
1333 2211 1405 2249 ne
1429 2194 1678 2250 salutare
1707 2194 1829 2261 Dei,
1846 2194 2065 2249 sductus
2150 2217 2172 2250 σ
2198 2196 2407 2254 lumba.
2436 2216 2459 2248 ι
2492 2198 2590 2252 Hae
2615 2198 2900 2259 duaeaves
2923 2199 3206 2270 gemitum
3235 2216 3336 2271 pro
3371 2204 3526 2253 cantu
3549 2198 3677 2253 edere

467 2290 539 2345 ad
569 2288 800 2357 inferos,
829 2301 1189 2358 nequaquam
1235 2290 1521 2342 mereatur
1566 2284 1835 2357 aspicere.
1868 2283 2064 2356 Sequi-
2145 2287 2345 2343 solent.
2378 2286 2538 2344 Unde
2567 2287 2771 2343 harum
2797 2287 3234 2344 similitudinem
3264 2288 3511 2344 Ezechias
3535 2288 3584 2342 in
3613 2287 3685 2342 do-

466 2384 563 2434 tur
590 2398 602 2433 :
2146 2376 2280 2432 loris
2317 2376 2406 2431 sui
2437 2376 2683 2447 querelis
2711 2381 2770 2431 et
2799 2376 3120 2448 gemitibus,
3157 2393 3289 2432 cum
3328 2376 3559 2431 oratione
3588 2389 3685 2445 pro-

542 2486 569 2520 «
611 2467 739 2523 Non
778 2463 1046 2536 aspiciam
1096 2461 1383 2517 hominem
1413 2462 1565 2517 ultra
1593 2467 1651 2517 et
1685 2461 2062 2517 habitatorem
2144 2467 2269 2522 fusa
2306 2466 2379 2520 ad
2402 2465 2583 2520 Deum
2631 2466 2889 2533 assumit,
2933 2470 3218 2538 quatenus
3246 2464 3463 2537 lugubri
3503 2469 3554 2519 et
3582 2463 3686 2517 ﬂetu

475 2574 504 2612 ι
535 2555 746 2629 quievit
783 2552 1074 2627 generatio
1122 2569 1269 2620 mea,
1318 2550 1506 2607 ablata
1551 2558 1637 2606 est
1661 2556 1720 2606 et
1771 2551 2067 2606 convoluta
2146 2554 2322 2611 mixta
2349 2553 2668 2625 deprecatio
2699 2554 2954 2625 protinus
2979 2554 3052 2609 ad
3080 2554 3166 2626 pii
3205 2553 3410 2625 judicis
3447 2568 3590 2607 aures
3621 2565 3686 2604 as-

476 2665 502 2699 α
525 2650 615 2701 est
638 2662 674 2699 a
700 2661 812 2710 me,
844 2642 1004 2715 quasi
1032 2640 1460 2697 tabernaculum
1497 2646 1804 2713 pastorum,
1836 2640 2069 2711 praecisa
2148 2644 2366 2709 cendat,
2400 2647 2459 2698 et
2476 2642 2557 2697 sic
2589 2642 2766 2715 ipsius
2796 2659 2962 2715 opem
2987 2642 3096 2698 sibi
3122 2643 3296 2699 citius
3324 2643 3565 2699 collatam
3587 2654 3687 2695 sen-

473 2754 496 2787 «
527 2739 613 2790 est
639 2733 811 2788 veluti
841 2749 876 2787 a
900 2735 1125 2787 texente
1150 2730 1267 2785 vita
1293 2746 1438 2797 mea,
1465 2730 1601 2784 dum
1629 2729 1813 2785 adhuc
1830 2729 2064 2795 ordirer,
2149 2734 2274 2790 ﬁat.
2305 2732 2466 2788 Unde
2493 2738 2551 2787 et
2578 2732 2850 2803 sequitur.

472 2843 500 2877 ς(
529 2821 765 2879 succidit
786 2838 896 2876 me.
929 2838 956 2873 ι
985 2820 1172 2875 Timet
1199 2835 1352 2890 ergo,
1385 2835 1457 2873 ne
1485 2834 1613 2874 cum
1641 2818 1850 2874 sanctis
1879 2823 1937 2873 et
1965 2818 2061 2873 bo-
2219 2843 2243 2875 ε
2273 2822 2565 2878 Attenuati
2591 2827 2725 2878 sunt
2751 2820 2897 2877 oculi
2943 2820 3055 2876 mei
3076 2820 3455 2893 suspicientes
3474 2818 3526 2874 in
3554 2814 3689 2873 excel-

470 2911 717 2968 minibus
744 2910 845 2966 Dei
873 2925 987 2964 non
1013 2907 1230 2963 habitet
1258 2908 1319 2962 in
1363 2907 1570 2979 quiete,
1616 2924 1689 2962 ne
1716 2924 1830 2963 non
1875 2908 2064 2962 videat
2154 2932 2171 2961 ι
2202 2926 2349 2967 sum.
2381 2911 2635 2977 Domine,
2658 2927 2771 2965 Vim
2796 2910 2999 2982 patior,
3022 2894 3304 2982 responde
3332 2926 3431 2981 pro
3458 2923 3556 2972 me,
3585 2903 3689 2976 quid

467 3001 648 3058 Deum
674 3000 735 3055 in
763 3006 919 3054 terra
946 2998 1270 3063 viventium,
1291 3013 1362 3051 ne
1391 2996 1679 3066 generatio
1706 2997 1856 3051 illius
1883 2996 2064 3051 instar
2100 3070 2123 3072 ι
2147 3019 2173 3053 (ι
2197 3000 2399 3065 dicam,
2432 3006 2533 3055 aut
2550 2999 2685 3070 quid
2715 2997 3074 3072 respondebit
3101 2998 3268 3066 mihi,
3301 3014 3427 3053 cum
3454 2998 3559 3068 ipse
3582 2994 3690 3049 fece~

466 3087 813 3145 tabernaculi
841 3087 1197 3154 dissolvatur,
1220 3101 1291 3139 ne
1318 3085 1375 3139 in
1400 3085 1524 3139 telae
1553 3085 1983 3141 similitudinem
2004 3084 2064 3139 in
2085 3070 2129 3131 (ἶ
2148 3108 2174 3141 α
2200 3089 2330 3143 rim.
2370 3106 2399 3142 ι
2427 3088 2782 3156 Defecerunt,
2808 3070 3026 3160 inquit,
3059 3088 3214 3143 oculi
3260 3088 3371 3143 mei
3423 3081 3690 3156 aspicienda

464 3177 586 3252 ipso
613 3177 755 3233 lucis
777 3175 1003 3231 exordio
1027 3174 1380 3246 prmcidatur,
1406 3179 1464 3229 et
1489 3190 1844 3244 nequaquam
1873 3173 1944 3228 de
1973 3191 2063 3228 se-
2145 3179 2425 3234 excelsum
2443 3178 2570 3233 cceli
2589 3177 2995 3245 adDominum,
3011 3177 3108 3247 qui
3135 3177 3292 3233 eruit
3317 3192 3407 3231 me
3432 3182 3486 3230 et
3508 3170 3693 3227 abstulit

468 3267 621 3323 mine
676 3267 800 3338 ejus
849 3264 1108 3320 Christus
1153 3262 1387 3318 oriatur.
1421 3262 1581 3327 Quod
1636 3267 1826 3317 autem
1865 3277 2066 3335 corpus
2147 3267 2398 3322 dolorem
2417 3266 2620 3323 animae
2634 3281 2793 3335 mea,
2816 3266 3148 3338 etipsefecit
3168 3282 3349 3336 ;nunc
3363 3275 3693 3337 quoquemors

466 3361 725 3414 nostrum
752 3353 1067 3427 appelletur
1087 3351 1533 3419 tabernaculum,
1564 3356 1622 3406 et
1646 3352 1949 3423 Apostolus
1975 3351 2065 3406 in-
2146 3356 2406 3412 imminet
2432 3360 2490 3411 et
2515 3356 2816 3427 languores
2839 3360 3009 3426 atque
3031 3354 3370 3412 incumbens
3389 3353 3552 3419 dolor,
3569 3346 3693 3422 quasi

465 3446 635 3503 struit
660 3445 851 3499 dicens
884 3461 895 3496 :
933 3460 960 3496 ι
990 3442 1107 3497 Nos
1135 3440 1231 3513 qui
1258 3457 1452 3496 sumus
1480 3440 1540 3495 in
1574 3440 1679 3495 hoc
1705 3439 2065 3496 tabernaculo
2147 3444 2253 3509 leo,
2273 3444 2355 3498 ita
2387 3445 2638 3516 corporis
2664 3444 2777 3499 mei
2805 3460 2933 3499 ossa
2971 3443 3291 3514 frangebat,
3321 3443 3421 3498 sed
3446 3458 3540 3513 ego
3564 3439 3614 3513 in
3636 3436 3695 3491 si-

464 3533 885 3606 ingemiscimus
910 3530 1199 3602 aggravati
1221 3531 1301 3600 (II
1330 3530 1451 3585 Cor.
1485 3532 1562 3599 v).
1584 3548 1611 3583 ν
1649 3529 1781 3585 Vita
1807 3546 1940 3600 ergo
1965 3530 2066 3585 hu-
2146 3532 2521 3588 militudinem
2543 3532 2863 3589 hirundinis
2880 3538 2940 3588 et
2957 3532 3234 3588 columbae
3259 3532 3478 3588 ﬂetibus
3496 3535 3548 3584 et
3560 3525 3696 3599 gemi-

466 3640 637 3680 mana
647 3622 1078 3678 nonParcarum
1093 3620 1203 3674 ﬁlis
1218 3619 1522 3674 secundum
1533 3618 1829 3690 gentilium
1843 3618 2059 3673 fabulas
2144 3621 2294 3677 tibus
2322 3622 2441 3676 dies
2470 3626 2774 3693 noctesque
2806 3620 3137 3692 jungebam,
3191 3627 3253 3676 et
3275 3638 3312 3676 a
3337 3622 3451 3677 Deo
3478 3619 3599 3683 solo,
3624 3613 3696 3687 qui

452 3713 704 3779 orditur,
737 3711 837 3766 sed
855 3709 1221 3782 dispositione
1239 3708 1342 3763 Dei
1357 3708 1668 3763 ordinatur.
1688 3708 1848 3764 Unde
1867 3708 1973 3763 Job
1988 3708 2060 3762 ad
2141 3716 2362 3783 poterat
2387 3709 2700 3776 subvenire,
2716 3710 2946 3765 elevatis
2970 3710 3030 3764 in
3049 3710 3236 3767 altum
3265 3710 3456 3777 oculis,
3475 3705 3694 3763 auxilium

465 3802 771 3858 Dominum
818 3800 935 3854 ait:
974 3817 1000 3853 α
1034 3800 1236 3854 Breves
1263 3798 1382 3851 dies
1411 3797 1655 3852 hominis
1683 3803 1837 3864 sunt,
1868 3813 2061 3852 nume-
2142 3800 2522 3873 praestolabar,
2539 3799 2904 3871 dicebamque
2924 3800 2995 3854 ad
3025 3816 3188 3855 eum:
3211 3800 3346 3855 Plus
3361 3798 3550 3871 patior,
3564 3808 3694 3867 quam

464 3908 562 3948 rus
588 3889 870 3946 mensium
889 3889 1011 3959 ejus
1038 3888 1187 3958 apud
1207 3892 1263 3940 te
1284 3891 1387 3952 est,
1418 3886 1758 3940 constituisti
1792 3887 2064 3941 terminos
2144 3905 2273 3943 mea
2284 3894 2521 3960 poscunt
2540 3888 2767 3957 merita;
2797 3889 2895 3943 sed
2924 3893 2981 3943 et
2999 3889 3046 3943 si
3068 3889 3209 3960 quid
3228 3889 3430 3955 erravi,
3452 3888 3695 3942 convertar

464 3982 607 4051 ejus,
650 3978 747 4049 qui
800 3974 1072 4048 praeteriri
1127 3991 1239 4030 non
1279 3979 1546 4045 poterunt
1583 3976 1695 4042 (Job
1723 3978 1852 4043 xlv).
1892 3993 1918 4027 ››
1953 3974 2062 4030 Sed
2144 3978 2215 4033 ad
2233 3977 2454 4044 melius,
2485 3983 2548 4031 tu
2592 3977 2804 4049 sponde
2832 3994 2932 4050 pro
2958 3995 3069 4033 me.
3106 3996 3133 4031 α
3176 3980 3307 4035 Non
3341 3983 3426 4034 est
3466 3974 3600 4031 enim
3628 3986 3697 4024 v0-

465 4067 754 4140 quaeritur,
780 4064 1060 4136 quomodo
1081 4079 1350 4117 numerus
1383 4069 1568 4117 certus
1596 4062 1671 4117 sit
1698 4064 1848 4134 apud
1876 4064 2063 4119 Domi-
2142 4065 2329 4133 lentis,
2379 4082 2562 4138 neque
2610 4068 2908 4135 currentis,
2956 4068 3057 4123 sed
3084 4069 3411 4124 miserantis
3434 4066 3529 4123 Dei
3552 4066 3691 4129 (Rom.

463 4172 601 4211 num
631 4154 757 4211 vitae
789 4153 1069 4217 humanae,
1100 4151 1149 4206 si
1178 4150 1440 4206 Ezechias
1479 4167 1539 4205 se
1579 4150 1719 4207 dixit
1743 4152 1800 4206 in
1828 4152 2060 4208 dimidio
2142 4160 2251 4226 1x);
2288 4176 2309 4208 ι
2344 4172 2683 4229 rursumque
2713 4158 2850 4212 inse
2880 4158 3184 4213 revertitur
3219 4176 3231 4211 :
3265 4158 3412 4224 Quid
3436 4157 3619 4219 dicam,
3636 4151 3697 4205 in-

464 4243 684 4301 dierum
710 4240 1069 4297 moriturum.
1099 4239 1209 4295 Sed
1237 4239 1525 4294 sciendum
1554 4239 1614 4293 in
1635 4240 1739 4295 hoc
1759 4241 1907 4312 quod
1937 4257 2062 4312 pro-
2142 4246 2282 4318 quit,
2313 4246 2516 4317 quidve
2542 4244 2812 4300 causabor
2847 4252 3044 4301 contra
3082 4246 3357 4302 factorem
3403 4260 3594 4308 meum,
3621 4243 3698 4294 aut

464 4334 640 4407 pheta
665 4330 773 4387 sibi
802 4328 1058 4402 praedixit
1085 4332 1325 4383 mortem
1353 4327 1666 4400 proximam
1690 4329 1769 4384 illi
1792 4345 1913 4384 esse
1931 4346 2111 4408 ven-_
2141 4335 2277 4406 quid
2306 4334 2666 4407 respondebit
2694 4335 2854 4402 mihi,
2880 4335 3012 4407 quia
3057 4335 3188 4391 fecit
3216 4337 3341 4408 ipse
3369 4333 3511 4408 quod
3538 4326 3694 4387 voluit.

463 4403 673 4487 turam,
731 4418 1044 4476 ostenderit
1094 4416 1231 4488 quid
1279 4416 1401 4489 ipse
1449 4417 1722 4473 meruerit
1752 4437 1764 4472 :
1806 4424 2059 4475 attamen
2074 4403 2123 4464 Ῑ)
2140 4403 2481 4479 έαεῖίηθηῖἰει
2506 4437 2640 4492 ergo
2667 4426 2800 4477 sunt
2819 4403 3164 4493 quaecunque
3185 4403 3511 4477 decreverit.

463 4508 883 4586 praedestinatio
918 4505 1021 4564 Dei
1080 4505 1134 4563 id
1166 4505 1317 4577 quod
1344 4505 1523 4562 voluit
1552 4505 1705 4574 fecit,
1754 4507 1889 4579 quia
1926 4524 2061 4563 ora-
2213 4527 2241 4563 ι
2274 4508 2613 4581 Reeogitabo
2641 4526 2837 4565 omnes
2862 4526 3040 4566 annos
3077 4527 3236 4566 meos
3272 4511 3333 4565 in
3361 4504 3693 4565 amaritudine

461 4600 604 4657 tioni
622 4601 747 4671 ejus
777 4612 1053 4663 annuens,
1071 4600 1129 4652 et
1147 4593 1536 4667 paenitentiam
1564 4596 1947 4665 considerans,
1964 4596 2062 4652 ad-
2146 4617 2171 4652 α
2195 4598 2399 4655 animae
2427 4614 2589 4655 meae.
2621 4599 2879 4666 Domine,
2909 4600 2960 4654 si
2993 4599 3081 4655 vic
3124 4599 3335 4655 vivitur
3365 4603 3424 4654 et
3446 4597 3502 4653 in
3522 4592 3695 4651 talibus

463 4687 611 4745 didit
638 4702 937 4743 numerum
958 4685 1200 4752 dierum,
1219 4700 1386 4756 quem
1404 4688 1537 4740 ante
1554 4684 1756 4741 secula
1785 4686 2061 4756 praescivit
2144 4708 2169 4741 ‹
2199 4688 2314 4743 vita
2339 4687 2575 4761 spiritus
2593 4688 2724 4743 mei.
2755 4687 3041 4760 Corripies
3079 4705 3170 4745 me
3198 4694 3260 4745 et
3294 4685 3580 4743 viviﬁcabis
3601 4696 3692 4745 me,

465 4781 526 4832 et
552 4773 969 4848 praedestinavit
1011 4773 1284 4828 futurum.
1320 4774 1405 4827 Ne
1437 4788 1571 4844 ergo
1616 4773 1929 4830 elevaretur
1964 4792 2060 4830 cor
2143 4798 2166 4827 ι
2202 4793 2329 4832 ecce
2347 4776 2405 4832 in
2425 4793 2562 4849 pace
2581 4777 2900 4833 amaritudo
2913 4794 3042 4833 mea
3076 4778 3521 4846 amarissima,tu
3537 4776 3695 4829 autem

464 4865 712 4922 Ezechiae
750 4868 880 4935 post
919 4861 1275 4918 incredibiles
1322 4862 1657 4934 triumphos,
1688 4870 1745 4918 et
1773 4864 1842 4918 de
1873 4864 2062 4919 media
2145 4883 2172 4918 α
2203 4865 2400 4920 eruisti
2421 4865 2672 4921 animam
2701 4883 2906 4933 meam,
2936 4872 3000 4921 ut
3028 4883 3143 4922 non
3162 4865 3394 4938 periret.
3419 4860 3694 4918 )Nullares

461 4953 785 5029 captivitate
814 4951 1125 5014 victoriam,
1148 4950 1478 5006 inﬁrmitate
1505 4952 1752 5024 corporis
1778 4952 2054 5021 visitatur,
2141 4953 2310 5024 longa
2332 4952 2658 5009 mortalium
2687 4960 2774 5010 est
2795 4955 3090 5027 omnisque
3115 4954 3352 5009 felicitas
3377 4950 3569 5017 saeculi,
3582 4947 3693 5002 dum

459 5048 523 5101 et
546 5043 709 5100 audit
726 5058 786 5099 se
806 5058 929 5098 esse
959 5040 1320 5108 moriturum,
1353 5045 1411 5095 et
1446 5056 1745 5097 conversus
1772 5043 1844 5097 ad
1871 5043 2060 5098 Domi-
2139 5047 2365 5098 tenetur
2390 5044 2688 5099 amittitur.
2721 5044 2863 5099 Cum
2903 5044 3056 5100 enim
3090 5042 3467 5099 tribulationis
3507 5046 3692 5107 tempus

458 5150 600 5191 num
618 5134 811 5189 ﬂectat
830 5128 1172 5187 sententiam
1191 5129 1333 5199 ejus,
1348 5129 1497 5200 quod
1512 5130 1738 5201 quidem
1767 5137 1826 5187 et
1850 5132 1909 5187 in
1919 5133 2063 5188 Jona
2141 5132 2447 5198 advenerit,
2479 5148 2645 5188 omne
2671 5133 2819 5204 quod
2839 5133 3187 5205 praeteritum
3207 5137 3314 5199 est,
3341 5129 3478 5187 nihil
3500 5126 3693 5197 adiuvat

462 5224 740 5297 propheta
762 5220 1023 5292 legimus,
1039 5223 1097 5273 et
1115 5218 1174 5272 in
1194 5217 1721 5275 comminationibus
1740 5227 1937 5276 contra
1953 5223 2061 5278 Da-
2142 5220 2539 5276 sustinentem.
2571 5220 2729 5275 Unde
2759 5220 2934 5277 stulta
2958 5220 3179 5293 Epicuri
3208 5219 3491 5276 sententia
3515 5220 3594 5272 est
3613 5208 3690 5283 qui

460 5312 572 5380 vid,
606 5328 731 5384 qua:
758 5311 1023 5365 dicuntur
1053 5307 1277 5373 futurae,
1308 5322 1412 5361 nec
1428 5307 1587 5364 facta
1617 5317 1767 5378 sunt,
1800 5328 1914 5367 non
1943 5312 2058 5368 Deo
2141 5311 2343 5366 asserit
2383 5327 2484 5382 per
2525 5311 2969 5367 recordationem
3015 5310 3427 5385 praeteritorum
3455 5307 3690 5362 bonorum

456 5405 713 5473 mutante
741 5398 1100 5464 sententiam,
1131 5395 1229 5450 sed
1261 5403 1596 5466 provocante
1626 5399 1938 5455 humanum
1957 5417 2060 5472 ge-
2142 5400 2292 5455 mala
2319 5401 2617 5471 praesentia
2647 5400 2919 5472 mitigari.
2941 5401 3087 5473 Ergo
3111 5399 3368 5457 Ezechias
3388 5400 3688 5469 reputsrese

459 5504 570 5545 nus
593 5489 665 5544 ad
692 5489 951 5544 notitiam
995 5485 1101 5541 sui.
1149 5483 1421 5540 Dominus
1465 5486 1616 5542 enim
1657 5489 1936 5559 paenitens
1973 5496 2060 5546 est
2139 5487 2274 5543 dicit
2288 5504 2482 5543 omnes
2508 5505 2685 5544 annos
2715 5489 2875 5561 regni
2903 5490 3011 5558 sui,
3043 5495 3103 5545 et
3129 5487 3441 5563 praeteritae,
3463 5490 3524 5542 ut
3548 5484 3688 5555 puta-

463 5575 879 5650 super
910 5593 921 5629 :
955 5590 1057 5630 nec
1083 5570 1359 5648 propheta
1381 5570 1748 5647 igiturfallax,
1763 5577 1897 5649 quia
1920 5581 2059 5633 tem-
2137 5576 2254 5646 bat,
2286 5576 2650 5635 beatitudinis
2681 5579 2739 5633 in
2768 5579 3030 5651 praesenti
3059 5577 3432 5635 amaritudine
3460 5594 3471 5628 :
3503 5578 3557 5629 et
3579 5569 3688 5642 quia
