  <div class='ocr_page' id='page_1' title='image "/cluster/home/n/w/nwhite01/storage/ocr_20150623/112/hvd.32044054759774/554.png"; bbox 0 0 3824 6152; ppageno 0'>
   <div class='ocr_carea' id='block_1_1' title="bbox 180 309 291 366">
    <p class='ocr_par' dir='ltr' id='par_1_1' title="bbox 180 309 291 366">
     <span class='ocr_line' id='line_1_1' title="bbox 180 309 291 366; baseline -0.036 1"><span class='ocrx_word' id='word_1_1' title='bbox 180 309 291 366; x_wconf 77' lang='grc'>1097</span> 
     </span>
    </p>
   </div>
   <div class='ocr_carea' id='block_1_2' title="bbox 786 295 2706 363">
    <p class='ocr_par' dir='ltr' id='par_1_2' title="bbox 786 295 2706 363">
     <span class='ocr_line' id='line_1_2' title="bbox 786 295 2706 363; baseline 0.001 -11"><span class='ocrx_word' id='word_1_2' title='bbox 786 297 1158 354; x_wconf 83' lang='lat' dir='ltr'>COMMENT.</span> <span class='ocrx_word' id='word_1_3' title='bbox 1199 299 1278 354; x_wconf 88' lang='lat' dir='ltr'><strong>IN</strong></span> <span class='ocrx_word' id='word_1_4' title='bbox 1315 299 1630 354; x_wconf 76' lang='lat' dir='ltr'>CANTICA</span> <span class='ocrx_word' id='word_1_5' title='bbox 1666 298 1830 363; x_wconf 70' lang='lat' dir='ltr'>QUAE</span> <span class='ocrx_word' id='word_1_6' title='bbox 1865 299 1963 353; x_wconf 85' lang='lat' dir='ltr'>AD</span> <span class='ocrx_word' id='word_1_7' title='bbox 2001 295 2280 354; x_wconf 84' lang='lat' dir='ltr'>LAUDES</span> <span class='ocrx_word' id='word_1_8' title='bbox 2317 300 2706 356; x_wconf 86' lang='lat' dir='ltr'>DICUNTUR.</span> 
     </span>
    </p>
   </div>
   <div class='ocr_carea' id='block_1_3' title="bbox 3248 305 3384 362">
    <p class='ocr_par' dir='ltr' id='par_1_3' title="bbox 3248 305 3384 362">
     <span class='ocr_line' id='line_1_3' title="bbox 3248 305 3384 362; baseline 0.022 -3"><span class='ocrx_word' id='word_1_9' title='bbox 3248 305 3384 362; x_wconf 88' lang='grc'>1098</span> 
     </span>
    </p>
   </div>
   <div class='ocr_carea' id='block_1_4' title="bbox 174 423 3384 505">
    <p class='ocr_par' dir='ltr' id='par_1_4' title="bbox 174 423 3384 505">
     <span class='ocr_line' id='line_1_4' title="bbox 174 423 3384 505; baseline -0.001 -18"><span class='ocrx_word' id='word_1_10' title='bbox 174 437 272 505; x_wconf 84' lang='lat' dir='ltr'>jam</span> <span class='ocrx_word' id='word_1_11' title='bbox 292 443 494 484; x_wconf 82' lang='lat' dir='ltr'>securus</span> <span class='ocrx_word' id='word_1_12' title='bbox 517 430 614 488; x_wconf 84' lang='lat' dir='ltr'>est,</span> <span class='ocrx_word' id='word_1_13' title='bbox 641 439 742 478; x_wconf 88' lang='lat' dir='ltr'>nec</span> <span class='ocrx_word' id='word_1_14' title='bbox 759 424 976 494; x_wconf 90' lang='lat' dir='ltr'>patitur</span> <span class='ocrx_word' id='word_1_15' title='bbox 1011 441 1134 496; x_wconf 67' lang='lat' dir='ltr'>quae</span> <span class='ocrx_word' id='word_1_16' title='bbox 1162 423 1334 478; x_wconf 81' lang='lat' dir='ltr'>refert</span> <span class='ocrx_word' id='word_1_17' title='bbox 1357 423 1426 478; x_wconf 92' lang='lat' dir='ltr'>de</span> <span class='ocrx_word' id='word_1_18' title='bbox 1457 423 1704 505; x_wconf 75' lang='lat' dir='ltr'>humano</span> <span class='ocrx_word' id='word_1_19' title='bbox 1724 424 1772 482; x_wconf 81' lang='grc' dir='ltr'>Α</span> <span class='ocrx_word' id='word_1_20' title='bbox 1789 423 2036 478; x_wconf 88' lang='lat' dir='ltr'>cordiam</span> <span class='ocrx_word' id='word_1_21' title='bbox 2077 429 2410 480; x_wconf 86' lang='lat' dir='ltr'>consecutus</span> <span class='ocrx_word' id='word_1_22' title='bbox 2447 432 2550 490; x_wconf 91' lang='lat' dir='ltr'>est,</span> <span class='ocrx_word' id='word_1_23' title='bbox 2585 425 2766 480; x_wconf 91' lang='lat' dir='ltr'>omnis</span> <span class='ocrx_word' id='word_1_24' title='bbox 2811 432 3048 481; x_wconf 87' lang='lat' dir='ltr'>ventura</span> <span class='ocrx_word' id='word_1_25' title='bbox 3083 431 3384 499; x_wconf 79' lang='lat' dir='ltr'>posteritas</span> 
     </span>
    </p>
   </div>
   <div class='ocr_carea' id='block_1_5' title="bbox 175 499 3380 589">
    <p class='ocr_par' dir='ltr' id='par_1_5' title="bbox 175 499 3380 589">
     <span class='ocr_line' id='line_1_5' title="bbox 175 499 3380 589; baseline -0 -15"><span class='ocrx_word' id='word_1_26' title='bbox 175 499 314 584; x_wconf 73' lang='lat' dir='ltr'>statu,</span> <span class='ocrx_word' id='word_1_27' title='bbox 342 513 744 589; x_wconf 79' lang='lat' dir='ltr'>philosophatur</span> <span class='ocrx_word' id='word_1_28' title='bbox 765 518 822 566; x_wconf 94' lang='lat' dir='ltr'>et</span> <span class='ocrx_word' id='word_1_29' title='bbox 851 512 988 567; x_wconf 87' lang='lat' dir='ltr'>dicit</span> <span class='ocrx_word' id='word_1_30' title='bbox 1011 531 1022 565; x_wconf 89' lang='lat'>:</span> <span class='ocrx_word' id='word_1_31' title='bbox 1051 533 1076 564; x_wconf 87' lang='grc'>‹‹</span> <span class='ocrx_word' id='word_1_32' title='bbox 1101 513 1356 578; x_wconf 86' lang='lat' dir='ltr'>Domine,</span> <span class='ocrx_word' id='word_1_33' title='bbox 1381 513 1461 566; x_wconf 91' lang='lat' dir='ltr'>sic</span> <span class='ocrx_word' id='word_1_34' title='bbox 1482 499 1706 580; x_wconf 72' lang='lat' dir='ltr'>vivitur,</span> <span class='ocrx_word' id='word_1_35' title='bbox 1789 513 1893 567; x_wconf 91' lang='lat' dir='ltr'>hoc</span> <span class='ocrx_word' id='word_1_36' title='bbox 1903 531 2240 584; x_wconf 84' lang='lat' dir='ltr'>cognoscens</span> <span class='ocrx_word' id='word_1_37' title='bbox 2255 515 2450 572; x_wconf 89' lang='lat' dir='ltr'>laudet</span> <span class='ocrx_word' id='word_1_38' title='bbox 2467 517 2588 585; x_wconf 87' lang='lat' dir='ltr'>ejus</span> <span class='ocrx_word' id='word_1_39' title='bbox 2601 513 2984 570; x_wconf 89' lang='lat' dir='ltr'>incredibilem</span> <span class='ocrx_word' id='word_1_40' title='bbox 3003 516 3380 572; x_wconf 88' lang='lat' dir='ltr'>clementiam.</span> 
     </span>
    </p>
   </div>
   <div class='ocr_carea' id='block_1_6' title="bbox 177 600 1701 671">
    <p class='ocr_par' dir='ltr' id='par_1_6' title="bbox 177 600 1701 671">
     <span class='ocr_line' id='line_1_6' title="bbox 177 600 1701 671; baseline -0.005 -9"><span class='ocrx_word' id='word_1_41' title='bbox 177 613 223 662; x_wconf 89' lang='lat' dir='ltr'>et</span> <span class='ocrx_word' id='word_1_42' title='bbox 237 606 318 662; x_wconf 89' lang='lat' dir='ltr'>tali</span> <span class='ocrx_word' id='word_1_43' title='bbox 343 620 520 658; x_wconf 90' lang='lat' dir='ltr'>sumus</span> <span class='ocrx_word' id='word_1_44' title='bbox 544 600 854 655; x_wconf 86' lang='lat' dir='ltr'>conditione</span> <span class='ocrx_word' id='word_1_45' title='bbox 882 600 1154 671; x_wconf 84' lang='lat' dir='ltr'>generati,</span> <span class='ocrx_word' id='word_1_46' title='bbox 1197 620 1219 650; x_wconf 75' lang='grc' dir='ltr'><strong><em>ι</em></strong></span> <span class='ocrx_word' id='word_1_47' title='bbox 1243 601 1563 671; x_wconf 81' lang='lat' dir='ltr'>corripuisti</span> <span class='ocrx_word' id='word_1_48' title='bbox 1593 619 1701 667; x_wconf 90' lang='lat' dir='ltr'>me,</span> 
     </span>
    </p>
   </div>
   <div class='ocr_carea' id='block_1_7' title="bbox 173 689 1702 761">
    <p class='ocr_par' dir='ltr' id='par_1_7' title="bbox 173 689 1702 761">
     <span class='ocr_line' id='line_1_7' title="bbox 173 689 1702 761; baseline -0.005 -9"><span class='ocrx_word' id='word_1_49' title='bbox 173 697 250 752; x_wconf 89' lang='lat' dir='ltr'>sed</span> <span class='ocrx_word' id='word_1_50' title='bbox 273 691 528 748; x_wconf 84' lang='lat' dir='ltr'>viviﬁcasti</span> <span class='ocrx_word' id='word_1_51' title='bbox 554 706 641 744; x_wconf 89' lang='lat' dir='ltr'>me</span> <span class='ocrx_word' id='word_1_52' title='bbox 661 706 966 761; x_wconf 84' lang='lat' dir='ltr'>pacemque</span> <span class='ocrx_word' id='word_1_53' title='bbox 993 689 1241 744; x_wconf 81' lang='lat' dir='ltr'>tribuisti</span> <span class='ocrx_word' id='word_1_54' title='bbox 1268 690 1460 760; x_wconf 87' lang='lat' dir='ltr'>fugato</span> <span class='ocrx_word' id='word_1_55' title='bbox 1489 691 1702 761; x_wconf 80' lang='lat' dir='ltr'>Asyro;</span> 
     </span>
    </p>
   </div>
   <div class='ocr_carea' id='block_1_8' title="bbox 1790 603 3385 676">
    <p class='ocr_par' dir='ltr' id='par_1_8' title="bbox 1790 603 3385 676">
     <span class='ocr_line' id='line_1_8' title="bbox 1790 603 3385 676; baseline 0.003 -19"><span class='ocrx_word' id='word_1_56' title='bbox 1790 603 2014 657; x_wconf 88' lang='lat' dir='ltr'>Salvum</span> <span class='ocrx_word' id='word_1_57' title='bbox 2035 615 2168 672; x_wconf 88' lang='lat' dir='ltr'>ergo</span> <span class='ocrx_word' id='word_1_58' title='bbox 2185 620 2275 658; x_wconf 84' lang='lat' dir='ltr'>me</span> <span class='ocrx_word' id='word_1_59' title='bbox 2298 603 2401 668; x_wconf 85' lang='lat' dir='ltr'>fac,</span> <span class='ocrx_word' id='word_1_60' title='bbox 2417 605 2672 668; x_wconf 80' lang='lat' dir='ltr'>Domine,</span> <span class='ocrx_word' id='word_1_61' title='bbox 2696 610 2760 658; x_wconf 89' lang='lat' dir='ltr'>ut</span> <span class='ocrx_word' id='word_1_62' title='bbox 2785 621 2980 658; x_wconf 89' lang='lat' dir='ltr'>omnes</span> <span class='ocrx_word' id='word_1_63' title='bbox 3003 605 3099 676; x_wconf 87' lang='lat' dir='ltr'>qui</span> <span class='ocrx_word' id='word_1_64' title='bbox 3117 605 3176 660; x_wconf 90' lang='lat' dir='ltr'>in</span> <span class='ocrx_word' id='word_1_65' title='bbox 3192 613 3248 660; x_wconf 90' lang='lat' dir='ltr'>te</span> <span class='ocrx_word' id='word_1_66' title='bbox 3268 624 3385 662; x_wconf 88' lang='lat' dir='ltr'>cre-</span> 
     </span>
    </p>
   </div>
   <div class='ocr_carea' id='block_1_9' title="bbox 1787 691 3382 762">
    <p class='ocr_par' dir='ltr' id='par_1_9' title="bbox 1787 691 3382 762">
     <span class='ocr_line' id='line_1_9' title="bbox 1787 691 3382 762; baseline 0.004 -18"><span class='ocrx_word' id='word_1_67' title='bbox 1787 691 1973 745; x_wconf 88' lang='lat' dir='ltr'>dimus</span> <span class='ocrx_word' id='word_1_68' title='bbox 1999 698 2208 762; x_wconf 89' lang='lat' dir='ltr'>tuoque</span> <span class='ocrx_word' id='word_1_69' title='bbox 2237 709 2435 746; x_wconf 90' lang='lat' dir='ltr'>sumus</span> <span class='ocrx_word' id='word_1_70' title='bbox 2457 693 2663 748; x_wconf 82' lang='lat' dir='ltr'>auxilio</span> <span class='ocrx_word' id='word_1_71' title='bbox 2681 692 2922 760; x_wconf 80' lang='lat' dir='ltr'>liberati,</span> <span class='ocrx_word' id='word_1_72' title='bbox 2955 695 3169 749; x_wconf 91' lang='lat' dir='ltr'>cunctis</span> <span class='ocrx_word' id='word_1_73' title='bbox 3187 696 3382 751; x_wconf 88' lang='lat' dir='ltr'>diebus</span> 
     </span>
    </p>
   </div>
   <div class='ocr_carea' id='block_1_10' title="bbox 173 779 2883 854">
    <p class='ocr_par' dir='ltr' id='par_1_10' title="bbox 173 779 2883 854">
     <span class='ocr_line' id='line_1_10' title="bbox 173 779 2883 854; baseline -0.002 -14"><span class='ocrx_word' id='word_1_74' title='bbox 173 785 250 840; x_wconf 87' lang='lat' dir='ltr'>sed</span> <span class='ocrx_word' id='word_1_75' title='bbox 273 799 366 854; x_wconf 80' lang='lat' dir='ltr'>pax</span> <span class='ocrx_word' id='word_1_76' title='bbox 402 796 520 834; x_wconf 90' lang='lat' dir='ltr'>mea</span> <span class='ocrx_word' id='word_1_77' title='bbox 544 779 692 834; x_wconf 90' lang='lat' dir='ltr'>omni</span> <span class='ocrx_word' id='word_1_78' title='bbox 733 779 871 832; x_wconf 90' lang='lat' dir='ltr'>mihi</span> <span class='ocrx_word' id='word_1_79' title='bbox 897 779 1275 834; x_wconf 77' lang='lat' dir='ltr'>amaritudine</span> <span class='ocrx_word' id='word_1_80' title='bbox 1306 779 1412 833; x_wconf 81' lang='lat' dir='ltr'>fuit</span> <span class='ocrx_word' id='word_1_81' title='bbox 1439 779 1702 845; x_wconf 88' lang='lat' dir='ltr'>amarior,</span> <span class='ocrx_word' id='word_1_82' title='bbox 1789 779 1912 833; x_wconf 69' lang='lat' dir='ltr'>vita:</span> <span class='ocrx_word' id='word_1_83' title='bbox 1940 786 2144 835; x_wconf 68' lang='lat' dir='ltr'>nostrae</span> <span class='ocrx_word' id='word_1_84' title='bbox 2172 787 2227 834; x_wconf 87' lang='lat' dir='ltr'>te</span> <span class='ocrx_word' id='word_1_85' title='bbox 2249 786 2540 834; x_wconf 87' lang='lat' dir='ltr'>cantemus</span> <span class='ocrx_word' id='word_1_86' title='bbox 2569 781 2626 835; x_wconf 92' lang='lat' dir='ltr'>in</span> <span class='ocrx_word' id='word_1_87' title='bbox 2655 783 2883 853; x_wconf 88' lang='lat' dir='ltr'>templo.</span> 
     </span>
    </p>
   </div>
   <div class='ocr_carea' id='block_1_11' title="bbox 172 867 1703 944">
    <p class='ocr_par' dir='ltr' id='par_1_11' title="bbox 172 867 1703 944">
     <span class='ocr_line' id='line_1_11' title="bbox 172 867 1703 944; baseline -0.003 -17"><span class='ocrx_word' id='word_1_88' title='bbox 172 873 280 944; x_wconf 87' lang='lat' dir='ltr'>quia</span> <span class='ocrx_word' id='word_1_89' title='bbox 299 867 674 940; x_wconf 85' lang='lat' dir='ltr'>tranquillitate</span> <span class='ocrx_word' id='word_1_90' title='bbox 705 867 894 939; x_wconf 89' lang='lat' dir='ltr'>populi</span> <span class='ocrx_word' id='word_1_91' title='bbox 944 867 1165 922; x_wconf 87' lang='lat' dir='ltr'>reddita</span> <span class='ocrx_word' id='word_1_92' title='bbox 1197 873 1255 920; x_wconf 91' lang='lat' dir='ltr'>et</span> <span class='ocrx_word' id='word_1_93' title='bbox 1301 867 1439 921; x_wconf 85' lang='lat' dir='ltr'>urbe</span> <span class='ocrx_word' id='word_1_94' title='bbox 1488 884 1703 932; x_wconf 86' lang='lat' dir='ltr'>secura,</span> 
     </span>
    </p>
   </div>
   <div class='ocr_carea' id='block_1_12' title="bbox 173 956 1704 1032">
    <p class='ocr_par' dir='ltr' id='par_1_12' title="bbox 173 956 1704 1032">
     <span class='ocr_line' id='line_1_12' title="bbox 173 956 1704 1032; baseline -0.003 -17"><span class='ocrx_word' id='word_1_95' title='bbox 173 978 254 1032; x_wconf 79' lang='lat' dir='ltr'>ego</span> <span class='ocrx_word' id='word_1_96' title='bbox 297 959 432 1014; x_wconf 89' lang='lat' dir='ltr'>solus</span> <span class='ocrx_word' id='word_1_97' title='bbox 480 956 670 1010; x_wconf 87' lang='lat' dir='ltr'>limina</span> <span class='ocrx_word' id='word_1_98' title='bbox 715 956 912 1011; x_wconf 90' lang='lat' dir='ltr'>mortis</span> <span class='ocrx_word' id='word_1_99' title='bbox 967 956 1190 1021; x_wconf 87' lang='lat' dir='ltr'>intravi,</span> <span class='ocrx_word' id='word_1_100' title='bbox 1243 957 1342 1010; x_wconf 87' lang='lat' dir='ltr'>sed</span> <span class='ocrx_word' id='word_1_101' title='bbox 1399 961 1461 1010; x_wconf 91' lang='lat' dir='ltr'>tu</span> <span class='ocrx_word' id='word_1_102' title='bbox 1511 957 1704 1012; x_wconf 88' lang='lat' dir='ltr'>eruisti</span> 
     </span>
    </p>
   </div>
   <div class='ocr_carea' id='block_1_13' title="bbox 169 1045 1706 1117">
    <p class='ocr_par' dir='ltr' id='par_1_13' title="bbox 169 1045 1706 1117">
     <span class='ocr_line' id='line_1_13' title="bbox 169 1045 1706 1117; baseline -0.002 -14"><span class='ocrx_word' id='word_1_103' title='bbox 169 1049 373 1104; x_wconf 81' lang='lat' dir='ltr'>animam</span> <span class='ocrx_word' id='word_1_104' title='bbox 401 1063 592 1110; x_wconf 89' lang='lat' dir='ltr'>meam,</span> <span class='ocrx_word' id='word_1_105' title='bbox 625 1051 689 1099; x_wconf 91' lang='lat' dir='ltr'>ut</span> <span class='ocrx_word' id='word_1_106' title='bbox 716 1062 830 1099; x_wconf 93' lang='lat' dir='ltr'>non</span> <span class='ocrx_word' id='word_1_107' title='bbox 875 1045 1105 1117; x_wconf 84' lang='lat' dir='ltr'>periret,</span> <span class='ocrx_word' id='word_1_108' title='bbox 1135 1046 1222 1099; x_wconf 86' lang='lat' dir='ltr'>vel</span> <span class='ocrx_word' id='word_1_109' title='bbox 1260 1045 1522 1116; x_wconf 67' lang='lat' dir='ltr'>praesenti</span> <span class='ocrx_word' id='word_1_110' title='bbox 1562 1046 1706 1110; x_wconf 56' lang='lat' dir='ltr'>vitae,</span> 
     </span>
    </p>
   </div>
   <div class='ocr_carea' id='block_1_14' title="bbox 169 1125 1081 1191">
    <p class='ocr_par' dir='ltr' id='par_1_14' title="bbox 169 1125 1081 1191">
     <span class='ocr_line' id='line_1_14' title="bbox 169 1125 1081 1191; baseline 0 -3"><span class='ocrx_word' id='word_1_111' title='bbox 169 1138 233 1191; x_wconf 90' lang='lat' dir='ltr'>vel</span> <span class='ocrx_word' id='word_1_112' title='bbox 256 1137 449 1190; x_wconf 68' lang='lat' dir='ltr'>futurae.</span> <span class='ocrx_word' id='word_1_113' title='bbox 1071 1125 1081 1141; x_wconf 86' lang='grc'><em>’</em></span> 
     </span>
    </p>
   </div>
   <div class='ocr_carea' id='block_1_15' title="bbox 225 1221 1702 1294">
    <p class='ocr_par' dir='ltr' id='par_1_15' title="bbox 225 1221 1702 1294">
     <span class='ocr_line' id='line_1_15' title="bbox 225 1221 1702 1294; baseline 0 -18"><span class='ocrx_word' id='word_1_114' title='bbox 225 1245 244 1276; x_wconf 75' lang='grc' dir='ltr'>ι</span> <span class='ocrx_word' id='word_1_115' title='bbox 266 1223 530 1294; x_wconf 88' lang='lat' dir='ltr'>Projecisti</span> <span class='ocrx_word' id='word_1_116' title='bbox 544 1228 670 1294; x_wconf 90' lang='lat' dir='ltr'>post</span> <span class='ocrx_word' id='word_1_117' title='bbox 689 1227 913 1292; x_wconf 83' lang='lat' dir='ltr'>tergum</span> <span class='ocrx_word' id='word_1_118' title='bbox 930 1227 1093 1277; x_wconf 88' lang='lat' dir='ltr'>tuum</span> <span class='ocrx_word' id='word_1_119' title='bbox 1113 1221 1302 1276; x_wconf 85' lang='lat' dir='ltr'>omnia</span> <span class='ocrx_word' id='word_1_120' title='bbox 1312 1230 1540 1292; x_wconf 88' lang='lat' dir='ltr'>peccata</span> <span class='ocrx_word' id='word_1_121' title='bbox 1559 1240 1702 1289; x_wconf 89' lang='lat' dir='ltr'>mea,</span> 
     </span>
    </p>
   </div>
   <div class='ocr_carea' id='block_1_16' title="bbox 168 1311 1706 1384">
    <p class='ocr_par' dir='ltr' id='par_1_16' title="bbox 168 1311 1706 1384">
     <span class='ocr_line' id='line_1_16' title="bbox 168 1311 1706 1384; baseline 0.001 -20"><span class='ocrx_word' id='word_1_122' title='bbox 168 1335 186 1364; x_wconf 77' lang='grc' dir='ltr'>ι</span> <span class='ocrx_word' id='word_1_123' title='bbox 211 1314 322 1384; x_wconf 85' lang='lat' dir='ltr'>quia</span> <span class='ocrx_word' id='word_1_124' title='bbox 367 1329 471 1366; x_wconf 91' lang='lat' dir='ltr'>non</span> <span class='ocrx_word' id='word_1_125' title='bbox 497 1311 748 1366; x_wconf 86' lang='lat' dir='ltr'>infernus</span> <span class='ocrx_word' id='word_1_126' title='bbox 794 1311 1153 1366; x_wconf 76' lang='lat' dir='ltr'>confitebitur</span> <span class='ocrx_word' id='word_1_127' title='bbox 1194 1311 1297 1364; x_wconf 88' lang='lat' dir='ltr'>tibi</span> <span class='ocrx_word' id='word_1_128' title='bbox 1332 1328 1514 1382; x_wconf 89' lang='lat' dir='ltr'>neque</span> <span class='ocrx_word' id='word_1_129' title='bbox 1557 1329 1706 1366; x_wconf 89' lang='lat' dir='ltr'>mors</span> 
     </span>
    </p>
   </div>
   <div class='ocr_carea' id='block_1_17' title="bbox 167 1399 1705 1470">
    <p class='ocr_par' dir='ltr' id='par_1_17' title="bbox 167 1399 1705 1470">
     <span class='ocr_line' id='line_1_17' title="bbox 167 1399 1705 1470; baseline 0 -16"><span class='ocrx_word' id='word_1_130' title='bbox 167 1423 186 1454; x_wconf 71' lang='grc' dir='ltr'><strong>ε</strong></span> <span class='ocrx_word' id='word_1_131' title='bbox 214 1401 432 1456; x_wconf 84' lang='lat' dir='ltr'>laudabit</span> <span class='ocrx_word' id='word_1_132' title='bbox 457 1406 528 1455; x_wconf 90' lang='lat' dir='ltr'>te.</span> <span class='ocrx_word' id='word_1_133' title='bbox 551 1418 576 1453; x_wconf 72' lang='grc' dir='ltr'><strong><em>ιι</em></strong></span> <span class='ocrx_word' id='word_1_134' title='bbox 600 1399 910 1470; x_wconf 89' lang='lat' dir='ltr'>Projecisti,</span> <span class='ocrx_word' id='word_1_135' title='bbox 939 1399 1142 1470; x_wconf 84' lang='lat' dir='ltr'>inquit,</span> <span class='ocrx_word' id='word_1_136' title='bbox 1175 1406 1302 1470; x_wconf 89' lang='lat' dir='ltr'>post</span> <span class='ocrx_word' id='word_1_137' title='bbox 1329 1405 1553 1470; x_wconf 82' lang='lat' dir='ltr'>tergum</span> <span class='ocrx_word' id='word_1_138' title='bbox 1582 1417 1705 1454; x_wconf 91' lang='lat' dir='ltr'>om-</span> 
     </span>
    </p>
   </div>
   <div class='ocr_carea' id='block_1_18' title="bbox 162 1487 1706 1562">
    <p class='ocr_par' dir='ltr' id='par_1_18' title="bbox 162 1487 1706 1562">
     <span class='ocr_line' id='line_1_18' title="bbox 162 1487 1706 1562; baseline -0.003 -16"><span class='ocrx_word' id='word_1_139' title='bbox 162 1491 238 1546; x_wconf 81' lang='lat' dir='ltr'>nia</span> <span class='ocrx_word' id='word_1_140' title='bbox 259 1496 464 1562; x_wconf 87' lang='lat' dir='ltr'>peccata</span> <span class='ocrx_word' id='word_1_141' title='bbox 488 1506 632 1556; x_wconf 88' lang='lat' dir='ltr'>mea,</span> <span class='ocrx_word' id='word_1_142' title='bbox 656 1505 728 1543; x_wconf 89' lang='lat' dir='ltr'>ne</span> <span class='ocrx_word' id='word_1_143' title='bbox 757 1489 854 1542; x_wconf 90' lang='lat' dir='ltr'>illa</span> <span class='ocrx_word' id='word_1_144' title='bbox 878 1488 1057 1542; x_wconf 86' lang='lat' dir='ltr'>tristis</span> <span class='ocrx_word' id='word_1_145' title='bbox 1079 1487 1404 1560; x_wconf 30' lang='lat' dir='ltr'>aspicerem,</span> <span class='ocrx_word' id='word_1_146' title='bbox 1429 1489 1526 1543; x_wconf 91' lang='lat' dir='ltr'>sed</span> <span class='ocrx_word' id='word_1_147' title='bbox 1548 1495 1706 1544; x_wconf 89' lang='lat' dir='ltr'>tuam</span> 
     </span>
    </p>
   </div>
   <div class='ocr_carea' id='block_1_19' title="bbox 162 1577 1708 1649">
    <p class='ocr_par' dir='ltr' id='par_1_19' title="bbox 162 1577 1708 1649">
     <span class='ocr_line' id='line_1_19' title="bbox 162 1577 1708 1649; baseline -0.001 -16"><span class='ocrx_word' id='word_1_148' title='bbox 162 1579 546 1634; x_wconf 88' lang='lat' dir='ltr'>misericordiam</span> <span class='ocrx_word' id='word_1_149' title='bbox 569 1579 980 1649; x_wconf 88' lang='lat' dir='ltr'>contemplarer</span> <span class='ocrx_word' id='word_1_150' title='bbox 1004 1595 1016 1631; x_wconf 89' lang='lat'>:</span> <span class='ocrx_word' id='word_1_151' title='bbox 1040 1577 1290 1631; x_wconf 90' lang='lat' dir='ltr'>infernus</span> <span class='ocrx_word' id='word_1_152' title='bbox 1311 1577 1462 1631; x_wconf 88' lang='lat' dir='ltr'>enim</span> <span class='ocrx_word' id='word_1_153' title='bbox 1483 1584 1541 1632; x_wconf 91' lang='lat' dir='ltr'>et</span> <span class='ocrx_word' id='word_1_154' title='bbox 1559 1595 1708 1632; x_wconf 90' lang='lat' dir='ltr'>mors</span> 
     </span>
    </p>
   </div>
   <div class='ocr_carea' id='block_1_20' title="bbox 160 1666 1708 1738">
    <p class='ocr_par' dir='ltr' id='par_1_20' title="bbox 160 1666 1708 1738">
     <span class='ocr_line' id='line_1_20' title="bbox 160 1666 1708 1738; baseline -0.001 -16"><span class='ocrx_word' id='word_1_155' title='bbox 160 1685 248 1722; x_wconf 91' lang='lat' dir='ltr'>non</span> <span class='ocrx_word' id='word_1_156' title='bbox 269 1667 666 1722; x_wconf 89' lang='lat' dir='ltr'>conﬁtebuntur</span> <span class='ocrx_word' id='word_1_157' title='bbox 703 1684 886 1738; x_wconf 89' lang='lat' dir='ltr'>neque</span> <span class='ocrx_word' id='word_1_158' title='bbox 925 1666 1240 1720; x_wconf 86' lang='lat' dir='ltr'>laudabunt</span> <span class='ocrx_word' id='word_1_159' title='bbox 1269 1672 1346 1731; x_wconf 91' lang='lat' dir='ltr'>te,</span> <span class='ocrx_word' id='word_1_160' title='bbox 1377 1667 1541 1736; x_wconf 83' lang='lat' dir='ltr'>juxta</span> <span class='ocrx_word' id='word_1_161' title='bbox 1570 1667 1708 1720; x_wconf 93' lang='lat' dir='ltr'>illud</span> 
     </span>
    </p>
   </div>
   <div class='ocr_carea' id='block_1_21' title="bbox 2497 1047 2683 1084">
    <p class='ocr_par' dir='ltr' id='par_1_21' title="bbox 2497 1047 2683 1084">
     <span class='ocr_line' id='line_1_21' title="bbox 2497 1047 2683 1084; baseline 0.005 -2"><span class='ocrx_word' id='word_1_162' title='bbox 2497 1047 2683 1084; x_wconf 70' lang='lat' dir='ltr'><strong>INCIPIT</strong></span> 
     </span>
    </p>
   </div>
   <div class='ocr_carea' id='block_1_22' title="bbox 2270 1147 2908 1214">
    <p class='ocr_par' dir='ltr' id='par_1_22' title="bbox 2270 1147 2908 1214">
     <span class='ocr_line' id='line_1_22' title="bbox 2270 1147 2908 1214; baseline 0.003 -14"><span class='ocrx_word' id='word_1_163' title='bbox 2270 1147 2639 1200; x_wconf 74' lang='lat' dir='ltr'>CANTICUM</span> <span class='ocrx_word' id='word_1_164' title='bbox 2669 1147 2908 1214; x_wconf 67' lang='grc' dir='ltr'>ΑΝΝίΕ,</span> 
     </span>
    </p>
   </div>
   <div class='ocr_carea' id='block_1_23' title="bbox 2180 1263 2989 1331">
    <p class='ocr_par' dir='ltr' id='par_1_23' title="bbox 2180 1263 2989 1331">
     <span class='ocr_line' id='line_1_23' title="bbox 2180 1263 2989 1331; baseline 0.001 -15"><span class='ocrx_word' id='word_1_165' title='bbox 2180 1263 2378 1316; x_wconf 78' lang='lat' dir='ltr'>Matris</span> <span class='ocrx_word' id='word_1_166' title='bbox 2403 1263 2678 1317; x_wconf 75' lang='lat' dir='ltr'>Samuelis</span> <span class='ocrx_word' id='word_1_167' title='bbox 2705 1263 2989 1331; x_wconf 66' lang='lat' dir='ltr'>prophetas.</span> 
     </span>
    </p>
   </div>
   <div class='ocr_carea' id='block_1_24' title="bbox 1859 1401 3386 1477">
    <p class='ocr_par' dir='ltr' id='par_1_24' title="bbox 1859 1401 3386 1477">
     <span class='ocr_line' id='line_1_24' title="bbox 1859 1401 3386 1477; baseline 0.003 -22"><span class='ocrx_word' id='word_1_168' title='bbox 1859 1401 2038 1471; x_wconf 82' lang='lat' dir='ltr'>Igitur</span> <span class='ocrx_word' id='word_1_169' title='bbox 2069 1403 2363 1457; x_wconf 90' lang='lat' dir='ltr'>Canticum</span> <span class='ocrx_word' id='word_1_170' title='bbox 2393 1404 2542 1474; x_wconf 90' lang='lat' dir='ltr'>quod</span> <span class='ocrx_word' id='word_1_171' title='bbox 2570 1403 2629 1457; x_wconf 91' lang='lat' dir='ltr'>in</span> <span class='ocrx_word' id='word_1_172' title='bbox 2657 1404 2800 1459; x_wconf 92' lang='lat' dir='ltr'>libro</span> <span class='ocrx_word' id='word_1_173' title='bbox 2823 1405 3040 1474; x_wconf 83' lang='lat' dir='ltr'>Regum</span> <span class='ocrx_word' id='word_1_174' title='bbox 3061 1407 3386 1477; x_wconf 88' lang='lat' dir='ltr'>pr0phetico</span> 
     </span>
    </p>
   </div>
   <div class='ocr_carea' id='block_1_25' title="bbox 1788 1491 3388 1568">
    <p class='ocr_par' dir='ltr' id='par_1_25' title="bbox 1788 1491 3388 1568">
     <span class='ocr_line' id='line_1_25' title="bbox 1788 1491 3388 1568; baseline 0.004 -23"><span class='ocrx_word' id='word_1_175' title='bbox 1788 1491 1988 1561; x_wconf 89' lang='lat' dir='ltr'>spiritu</span> <span class='ocrx_word' id='word_1_176' title='bbox 2015 1493 2179 1546; x_wconf 88' lang='lat' dir='ltr'>Anna</span> <span class='ocrx_word' id='word_1_177' title='bbox 2207 1499 2390 1547; x_wconf 88' lang='lat' dir='ltr'>mater</span> <span class='ocrx_word' id='word_1_178' title='bbox 2408 1492 2558 1546; x_wconf 89' lang='lat' dir='ltr'>beati</span> <span class='ocrx_word' id='word_1_179' title='bbox 2588 1493 2864 1547; x_wconf 89' lang='lat' dir='ltr'>Samuelis</span> <span class='ocrx_word' id='word_1_180' title='bbox 2893 1495 3181 1566; x_wconf 74' lang='lat' dir='ltr'>prOphetae</span> <span class='ocrx_word' id='word_1_181' title='bbox 3209 1497 3388 1568; x_wconf 86' lang='lat' dir='ltr'>profe-</span> 
     </span>
    </p>
   </div>
   <div class='ocr_carea' id='block_1_26' title="bbox 1790 1578 3390 1653">
    <p class='ocr_par' dir='ltr' id='par_1_26' title="bbox 1790 1578 3390 1653">
     <span class='ocr_line' id='line_1_26' title="bbox 1790 1578 3390 1653; baseline 0.004 -21"><span class='ocrx_word' id='word_1_182' title='bbox 1790 1578 1966 1645; x_wconf 86' lang='lat' dir='ltr'>rebat,</span> <span class='ocrx_word' id='word_1_183' title='bbox 1988 1586 2045 1633; x_wconf 90' lang='lat' dir='ltr'>et</span> <span class='ocrx_word' id='word_1_184' title='bbox 2063 1579 2166 1634; x_wconf 89' lang='lat' dir='ltr'>sub</span> <span class='ocrx_word' id='word_1_185' title='bbox 2186 1581 2352 1635; x_wconf 88' lang='lat' dir='ltr'>titulo</span> <span class='ocrx_word' id='word_1_186' title='bbox 2380 1581 2648 1635; x_wconf 85' lang='lat' dir='ltr'>orationis</span> <span class='ocrx_word' id='word_1_187' title='bbox 2677 1588 3050 1653; x_wconf 84' lang='lat' dir='ltr'>praenotatum</span> <span class='ocrx_word' id='word_1_188' title='bbox 3083 1589 3186 1650; x_wconf 89' lang='lat' dir='ltr'>est,</span> <span class='ocrx_word' id='word_1_189' title='bbox 3209 1585 3390 1639; x_wconf 87' lang='lat' dir='ltr'>multa</span> 
     </span>
    </p>
   </div>
   <div class='ocr_carea' id='block_1_27' title="bbox 1790 1669 3389 1744">
    <p class='ocr_par' dir='ltr' id='par_1_27' title="bbox 1790 1669 3389 1744">
     <span class='ocr_line' id='line_1_27' title="bbox 1790 1669 3389 1744; baseline 0.004 -22"><span class='ocrx_word' id='word_1_190' title='bbox 1790 1675 2143 1723; x_wconf 85' lang='lat' dir='ltr'>sacramenta</span> <span class='ocrx_word' id='word_1_191' title='bbox 2156 1669 2226 1723; x_wconf 90' lang='lat' dir='ltr'>de</span> <span class='ocrx_word' id='word_1_192' title='bbox 2242 1670 2462 1724; x_wconf 87' lang='lat' dir='ltr'>Christo</span> <span class='ocrx_word' id='word_1_193' title='bbox 2483 1677 2539 1724; x_wconf 89' lang='lat' dir='ltr'>et</span> <span class='ocrx_word' id='word_1_194' title='bbox 2558 1671 2805 1724; x_wconf 90' lang='lat' dir='ltr'>Ecclesia</span> <span class='ocrx_word' id='word_1_195' title='bbox 2824 1673 2948 1741; x_wconf 90' lang='lat' dir='ltr'>ejus</span> <span class='ocrx_word' id='word_1_196' title='bbox 2972 1673 3241 1741; x_wconf 86' lang='lat' dir='ltr'>continet,</span> <span class='ocrx_word' id='word_1_197' title='bbox 3257 1675 3389 1744; x_wconf 88' lang='lat' dir='ltr'>quia</span> 
     </span>
    </p>
   </div>
   <div class='ocr_carea' id='block_1_28' title="bbox 159 1745 3390 1843">
    <p class='ocr_par' dir='ltr' id='par_1_28' title="bbox 159 1745 3390 1843">
     <span class='ocr_line' id='line_1_28' title="bbox 159 1745 3390 1843; baseline 0.002 -33"><span class='ocrx_word' id='word_1_198' title='bbox 159 1757 276 1826; x_wconf 87' lang='lat' dir='ltr'>quod</span> <span class='ocrx_word' id='word_1_199' title='bbox 299 1756 550 1827; x_wconf 88' lang='lat' dir='ltr'>scriptum</span> <span class='ocrx_word' id='word_1_200' title='bbox 571 1761 698 1843; x_wconf 36' lang='lat' dir='ltr'>est;</span> <span class='ocrx_word' id='word_1_201' title='bbox 730 1775 754 1808; x_wconf 77' lang='grc' dir='ltr'>α</span> <span class='ocrx_word' id='word_1_202' title='bbox 782 1757 846 1810; x_wconf 89' lang='lat' dir='ltr'>In</span> <span class='ocrx_word' id='word_1_203' title='bbox 871 1755 1089 1809; x_wconf 87' lang='lat' dir='ltr'>inferno</span> <span class='ocrx_word' id='word_1_204' title='bbox 1119 1761 1312 1810; x_wconf 89' lang='lat' dir='ltr'>autem</span> <span class='ocrx_word' id='word_1_205' title='bbox 1333 1755 1458 1826; x_wconf 90' lang='lat' dir='ltr'>quis</span> <span class='ocrx_word' id='word_1_206' title='bbox 1485 1758 1712 1810; x_wconf 85' lang='lat' dir='ltr'>conﬁte-</span> <span class='ocrx_word' id='word_1_207' title='bbox 1727 1745 1772 1802; x_wconf 85' lang='grc' dir='ltr'>Β</span> <span class='ocrx_word' id='word_1_208' title='bbox 1788 1756 1962 1828; x_wconf 88' lang='lat' dir='ltr'>ipsius</span> <span class='ocrx_word' id='word_1_209' title='bbox 1990 1775 2222 1812; x_wconf 91' lang='lat' dir='ltr'>munere</span> <span class='ocrx_word' id='word_1_210' title='bbox 2244 1759 2360 1813; x_wconf 73' lang='lat' dir='ltr'>haec</span> <span class='ocrx_word' id='word_1_211' title='bbox 2379 1760 2815 1831; x_wconf 86' lang='lat' dir='ltr'>prophetizando</span> <span class='ocrx_word' id='word_1_212' title='bbox 2837 1761 3272 1832; x_wconf 67' lang='lat' dir='ltr'>praesagabatur,</span> <span class='ocrx_word' id='word_1_213' title='bbox 3298 1780 3390 1818; x_wconf 89' lang='lat' dir='ltr'>cu-</span> 
     </span>
    </p>
   </div>
   <div class='ocr_carea' id='block_1_29' title="bbox 158 1844 1711 1915">
    <p class='ocr_par' dir='ltr' id='par_1_29' title="bbox 158 1844 1711 1915">
     <span class='ocr_line' id='line_1_29' title="bbox 158 1844 1711 1915; baseline 0 -17"><span class='ocrx_word' id='word_1_214' title='bbox 158 1844 278 1899; x_wconf 84' lang='lat' dir='ltr'>bitur</span> <span class='ocrx_word' id='word_1_215' title='bbox 313 1845 404 1898; x_wconf 84' lang='lat' dir='ltr'>tibi</span> <span class='ocrx_word' id='word_1_216' title='bbox 434 1847 596 1913; x_wconf 79' lang='lat' dir='ltr'>(Psal.</span> <span class='ocrx_word' id='word_1_217' title='bbox 631 1848 754 1904; x_wconf 76' lang='lat' dir='ltr'>xxx‘,</span> <span class='ocrx_word' id='word_1_218' title='bbox 787 1845 811 1897; x_wconf 68' lang='grc' dir='ltr'>ἰ(</span> <span class='ocrx_word' id='word_1_219' title='bbox 844 1863 870 1896; x_wconf 72' lang='grc' dir='ltr'><strong>υ</strong></span> <span class='ocrx_word' id='word_1_220' title='bbox 905 1844 1308 1914; x_wconf 80' lang='lat' dir='ltr'>Confessioque</span> <span class='ocrx_word' id='word_1_221' title='bbox 1340 1861 1462 1915; x_wconf 67' lang='lat' dir='ltr'>quae</span> <span class='ocrx_word' id='word_1_222' title='bbox 1511 1844 1568 1898; x_wconf 90' lang='lat' dir='ltr'>in</span> <span class='ocrx_word' id='word_1_223' title='bbox 1604 1845 1711 1898; x_wconf 90' lang='lat' dir='ltr'>hoc</span> 
     </span>
    </p>
   </div>
   <div class='ocr_carea' id='block_1_30' title="bbox 155 1933 1710 2004">
    <p class='ocr_par' dir='ltr' id='par_1_30' title="bbox 155 1933 1710 2004">
     <span class='ocr_line' id='line_1_30' title="bbox 155 1933 1710 2004; baseline -0.001 -17"><span class='ocrx_word' id='word_1_224' title='bbox 155 1934 247 1987; x_wconf 89' lang='lat' dir='ltr'>loco</span> <span class='ocrx_word' id='word_1_225' title='bbox 271 1950 370 1987; x_wconf 90' lang='lat' dir='ltr'>non</span> <span class='ocrx_word' id='word_1_226' title='bbox 415 1950 514 2004; x_wconf 91' lang='lat' dir='ltr'>pro</span> <span class='ocrx_word' id='word_1_227' title='bbox 545 1933 896 2004; x_wconf 79' lang='lat' dir='ltr'>poenitentia,</span> <span class='ocrx_word' id='word_1_228' title='bbox 929 1933 1028 1987; x_wconf 91' lang='lat' dir='ltr'>sed</span> <span class='ocrx_word' id='word_1_229' title='bbox 1074 1951 1180 2004; x_wconf 91' lang='lat' dir='ltr'>pro</span> <span class='ocrx_word' id='word_1_230' title='bbox 1235 1933 1418 2003; x_wconf 83' lang='lat' dir='ltr'>gloria</span> <span class='ocrx_word' id='word_1_231' title='bbox 1445 1938 1502 1986; x_wconf 91' lang='lat' dir='ltr'>et</span> <span class='ocrx_word' id='word_1_232' title='bbox 1545 1933 1710 1987; x_wconf 86' lang='lat' dir='ltr'>laude</span> 
     </span>
    </p>
   </div>
   <div class='ocr_carea' id='block_1_31' title="bbox 153 2021 1710 2093">
    <p class='ocr_par' dir='ltr' id='par_1_31' title="bbox 153 2021 1710 2093">
     <span class='ocr_line' id='line_1_31' title="bbox 153 2021 1710 2093; baseline 0.001 -18"><span class='ocrx_word' id='word_1_233' title='bbox 153 2022 396 2093; x_wconf 84' lang='lat' dir='ltr'>accipitur,</span> <span class='ocrx_word' id='word_1_234' title='bbox 428 2021 572 2076; x_wconf 88' lang='lat' dir='ltr'>sicut</span> <span class='ocrx_word' id='word_1_235' title='bbox 615 2027 674 2076; x_wconf 92' lang='lat' dir='ltr'>et</span> <span class='ocrx_word' id='word_1_236' title='bbox 709 2022 768 2076; x_wconf 93' lang='lat' dir='ltr'>in</span> <span class='ocrx_word' id='word_1_237' title='bbox 801 2021 1105 2092; x_wconf 81' lang='lat' dir='ltr'>Evangelia</span> <span class='ocrx_word' id='word_1_238' title='bbox 1136 2021 1413 2092; x_wconf 88' lang='lat' dir='ltr'>legimus:</span> <span class='ocrx_word' id='word_1_239' title='bbox 1464 2041 1487 2072; x_wconf 76' lang='grc' dir='ltr'><strong><em>α</em></strong></span> <span class='ocrx_word' id='word_1_240' title='bbox 1523 2023 1710 2076; x_wconf 91' lang='lat' dir='ltr'>Conﬁ-</span> 
     </span>
    </p>
   </div>
   <div class='ocr_carea' id='block_1_32' title="bbox 151 2109 1705 2178">
    <p class='ocr_par' dir='ltr' id='par_1_32' title="bbox 151 2109 1705 2178">
     <span class='ocr_line' id='line_1_32' title="bbox 151 2109 1705 2178; baseline -0.001 -14"><span class='ocrx_word' id='word_1_241' title='bbox 151 2116 248 2164; x_wconf 82' lang='lat' dir='ltr'>teor</span> <span class='ocrx_word' id='word_1_242' title='bbox 269 2109 379 2174; x_wconf 87' lang='lat' dir='ltr'>tibi,</span> <span class='ocrx_word' id='word_1_243' title='bbox 402 2112 584 2178; x_wconf 90' lang='lat' dir='ltr'>Pater,</span> <span class='ocrx_word' id='word_1_244' title='bbox 609 2111 846 2166; x_wconf 90' lang='lat' dir='ltr'>Domine</span> <span class='ocrx_word' id='word_1_245' title='bbox 877 2111 1002 2165; x_wconf 69' lang='lat' dir='ltr'>caeli</span> <span class='ocrx_word' id='word_1_246' title='bbox 1039 2116 1098 2164; x_wconf 93' lang='lat' dir='ltr'>et</span> <span class='ocrx_word' id='word_1_247' title='bbox 1119 2115 1282 2164; x_wconf 80' lang='lat' dir='ltr'>terrae</span> <span class='ocrx_word' id='word_1_248' title='bbox 1315 2111 1527 2178; x_wconf 75' lang='lat' dir='ltr'>(Matth.</span> <span class='ocrx_word' id='word_1_249' title='bbox 1561 2117 1652 2178; x_wconf 68' lang='grc' dir='ltr'>χι).</span> <span class='ocrx_word' id='word_1_250' title='bbox 1683 2130 1705 2161; x_wconf 76' lang='grc' dir='ltr'>ι</span> 
     </span>
    </p>
   </div>
   <div class='ocr_carea' id='block_1_33' title="bbox 206 2199 1711 2271">
    <p class='ocr_par' dir='ltr' id='par_1_33' title="bbox 206 2199 1711 2271">
     <span class='ocr_line' id='line_1_33' title="bbox 206 2199 1711 2271; baseline 0.001 -18"><span class='ocrx_word' id='word_1_251' title='bbox 206 2217 228 2252; x_wconf 71' lang='grc' dir='ltr'><strong><em>ι</em></strong></span> <span class='ocrx_word' id='word_1_252' title='bbox 261 2200 374 2254; x_wconf 82' lang='grc' dir='ltr'>Νοη</span> <span class='ocrx_word' id='word_1_253' title='bbox 401 2200 811 2271; x_wconf 85' lang='lat' dir='ltr'>exspectabunt</span> <span class='ocrx_word' id='word_1_254' title='bbox 836 2200 932 2270; x_wconf 90' lang='lat' dir='ltr'>qui</span> <span class='ocrx_word' id='word_1_255' title='bbox 961 2200 1310 2254; x_wconf 88' lang='lat' dir='ltr'>descendunt</span> <span class='ocrx_word' id='word_1_256' title='bbox 1330 2199 1388 2254; x_wconf 93' lang='lat' dir='ltr'>in</span> <span class='ocrx_word' id='word_1_257' title='bbox 1410 2201 1594 2254; x_wconf 88' lang='lat' dir='ltr'>lacum</span> <span class='ocrx_word' id='word_1_258' title='bbox 1622 2217 1711 2254; x_wconf 87' lang='lat' dir='ltr'>ve-</span> 
     </span>
    </p>
   </div>
   <div class='ocr_carea' id='block_1_34' title="bbox 153 2288 1706 2360">
    <p class='ocr_par' dir='ltr' id='par_1_34' title="bbox 153 2288 1706 2360">
     <span class='ocr_line' id='line_1_34' title="bbox 153 2288 1706 2360; baseline 0.002 -21"><span class='ocrx_word' id='word_1_259' title='bbox 153 2305 174 2338; x_wconf 77' lang='grc' dir='ltr'>ι</span> <span class='ocrx_word' id='word_1_260' title='bbox 193 2288 392 2342; x_wconf 82' lang='lat' dir='ltr'>ritatem</span> <span class='ocrx_word' id='word_1_261' title='bbox 413 2295 604 2356; x_wconf 83' lang='lat' dir='ltr'>tuam;</span> <span class='ocrx_word' id='word_1_262' title='bbox 633 2289 825 2343; x_wconf 87' lang='lat' dir='ltr'>vivens</span> <span class='ocrx_word' id='word_1_263' title='bbox 857 2289 1044 2343; x_wconf 87' lang='lat' dir='ltr'>vivens</span> <span class='ocrx_word' id='word_1_264' title='bbox 1065 2289 1185 2360; x_wconf 89' lang='lat' dir='ltr'>ipse</span> <span class='ocrx_word' id='word_1_265' title='bbox 1211 2288 1570 2342; x_wconf 90' lang='lat' dir='ltr'>conﬁtebitur</span> <span class='ocrx_word' id='word_1_266' title='bbox 1587 2289 1706 2353; x_wconf 85' lang='lat' dir='ltr'>tibi,</span> 
     </span>
    </p>
   </div>
   <div class='ocr_carea' id='block_1_35' title="bbox 155 2376 1712 2449">
    <p class='ocr_par' dir='ltr' id='par_1_35' title="bbox 155 2376 1712 2449">
     <span class='ocr_line' id='line_1_35' title="bbox 155 2376 1712 2449; baseline 0.004 -21"><span class='ocrx_word' id='word_1_267' title='bbox 155 2394 173 2426; x_wconf 75' lang='grc' dir='ltr'>ι</span> <span class='ocrx_word' id='word_1_268' title='bbox 202 2376 324 2430; x_wconf 84' lang='lat' dir='ltr'>sicut</span> <span class='ocrx_word' id='word_1_269' title='bbox 342 2383 396 2431; x_wconf 91' lang='lat' dir='ltr'>et</span> <span class='ocrx_word' id='word_1_270' title='bbox 415 2395 515 2448; x_wconf 90' lang='lat' dir='ltr'>ego</span> <span class='ocrx_word' id='word_1_271' title='bbox 545 2378 734 2433; x_wconf 89' lang='lat' dir='ltr'>hodie.</span> <span class='ocrx_word' id='word_1_272' title='bbox 751 2397 778 2431; x_wconf 68' lang='grc' dir='ltr'><strong>ν</strong></span> <span class='ocrx_word' id='word_1_273' title='bbox 797 2379 921 2432; x_wconf 80' lang='lat' dir='ltr'>Non</span> <span class='ocrx_word' id='word_1_274' title='bbox 947 2377 1370 2448; x_wconf 80' lang='lat' dir='ltr'>exspectabunt,</span> <span class='ocrx_word' id='word_1_275' title='bbox 1391 2377 1592 2449; x_wconf 91' lang='lat' dir='ltr'>inquit,</span> <span class='ocrx_word' id='word_1_276' title='bbox 1617 2380 1712 2449; x_wconf 91' lang='lat' dir='ltr'>qui</span> 
     </span>
    </p>
   </div>
   <div class='ocr_carea' id='block_1_36' title="bbox 151 2465 1713 2532">
    <p class='ocr_par' dir='ltr' id='par_1_36' title="bbox 151 2465 1713 2532">
     <span class='ocr_line' id='line_1_36' title="bbox 151 2465 1713 2532; baseline 0.003 -14"><span class='ocrx_word' id='word_1_277' title='bbox 151 2465 452 2520; x_wconf 84' lang='lat' dir='ltr'>descendunt</span> <span class='ocrx_word' id='word_1_278' title='bbox 476 2467 534 2521; x_wconf 92' lang='lat' dir='ltr'>in</span> <span class='ocrx_word' id='word_1_279' title='bbox 565 2468 752 2522; x_wconf 88' lang='lat' dir='ltr'>lacum</span> <span class='ocrx_word' id='word_1_280' title='bbox 783 2467 1077 2520; x_wconf 84' lang='lat' dir='ltr'>veritatem</span> <span class='ocrx_word' id='word_1_281' title='bbox 1106 2472 1300 2532; x_wconf 89' lang='lat' dir='ltr'>tuam;</span> <span class='ocrx_word' id='word_1_282' title='bbox 1334 2467 1532 2520; x_wconf 90' lang='lat' dir='ltr'>melius</span> <span class='ocrx_word' id='word_1_283' title='bbox 1554 2469 1713 2522; x_wconf 83' lang='lat' dir='ltr'>enim</span> 
     </span>
    </p>
   </div>
   <div class='ocr_carea' id='block_1_37' title="bbox 154 2554 1713 2626">
    <p class='ocr_par' dir='ltr' id='par_1_37' title="bbox 154 2554 1713 2626">
     <span class='ocr_line' id='line_1_37' title="bbox 154 2554 1713 2626; baseline 0.003 -19"><span class='ocrx_word' id='word_1_284' title='bbox 154 2554 235 2608; x_wconf 88' lang='lat' dir='ltr'>hoc</span> <span class='ocrx_word' id='word_1_285' title='bbox 273 2555 335 2608; x_wconf 86' lang='lat' dir='ltr'>ad</span> <span class='ocrx_word' id='word_1_286' title='bbox 370 2555 722 2611; x_wconf 90' lang='lat' dir='ltr'>intellectum</span> <span class='ocrx_word' id='word_1_287' title='bbox 760 2556 1029 2626; x_wconf 89' lang='lat' dir='ltr'>pertinet,</span> <span class='ocrx_word' id='word_1_288' title='bbox 1064 2571 1232 2626; x_wconf 89' lang='lat' dir='ltr'>quam</span> <span class='ocrx_word' id='word_1_289' title='bbox 1263 2555 1418 2621; x_wconf 90' lang='lat' dir='ltr'>illud,</span> <span class='ocrx_word' id='word_1_290' title='bbox 1462 2557 1610 2626; x_wconf 92' lang='lat' dir='ltr'>quod</span> <span class='ocrx_word' id='word_1_291' title='bbox 1655 2557 1713 2611; x_wconf 93' lang='lat' dir='ltr'>in</span> 
     </span>
    </p>
   </div>
   <div class='ocr_carea' id='block_1_38' title="bbox 147 2642 1712 2716">
    <p class='ocr_par' dir='ltr' id='par_1_38' title="bbox 147 2642 1712 2716">
     <span class='ocr_line' id='line_1_38' title="bbox 147 2642 1712 2716; baseline 0.003 -20"><span class='ocrx_word' id='word_1_292' title='bbox 147 2642 264 2696; x_wconf 77' lang='lat' dir='ltr'>LXX</span> <span class='ocrx_word' id='word_1_293' title='bbox 288 2645 536 2714; x_wconf 86' lang='lat' dir='ltr'>legimus,</span> <span class='ocrx_word' id='word_1_294' title='bbox 570 2661 688 2700; x_wconf 90' lang='lat' dir='ltr'>non</span> <span class='ocrx_word' id='word_1_295' title='bbox 717 2644 1135 2716; x_wconf 84' lang='lat' dir='ltr'>exspectabuut,</span> <span class='ocrx_word' id='word_1_296' title='bbox 1165 2644 1260 2714; x_wconf 90' lang='lat' dir='ltr'>qui</span> <span class='ocrx_word' id='word_1_297' title='bbox 1290 2644 1636 2700; x_wconf 91' lang='lat' dir='ltr'>descendunt</span> <span class='ocrx_word' id='word_1_298' title='bbox 1654 2646 1712 2700; x_wconf 92' lang='lat' dir='ltr'>in</span> 
     </span>
    </p>
   </div>
   <div class='ocr_carea' id='block_1_39' title="bbox 147 2729 1714 2800">
    <p class='ocr_par' dir='ltr' id='par_1_39' title="bbox 147 2729 1714 2800">
     <span class='ocr_line' id='line_1_39' title="bbox 147 2729 1714 2800; baseline 0.003 -17"><span class='ocrx_word' id='word_1_299' title='bbox 147 2729 315 2796; x_wconf 87' lang='lat' dir='ltr'>lacum,</span> <span class='ocrx_word' id='word_1_300' title='bbox 348 2733 790 2787; x_wconf 89' lang='lat' dir='ltr'>misericordiam</span> <span class='ocrx_word' id='word_1_301' title='bbox 817 2739 1008 2800; x_wconf 89' lang='lat' dir='ltr'>tuam;</span> <span class='ocrx_word' id='word_1_302' title='bbox 1040 2733 1436 2800; x_wconf 86' lang='lat' dir='ltr'>maxime,cum</span> <span class='ocrx_word' id='word_1_303' title='bbox 1460 2734 1714 2789; x_wconf 89' lang='lat' dir='ltr'>Salvator</span> 
     </span>
    </p>
   </div>
   <div class='ocr_carea' id='block_1_40' title="bbox 145 2819 1708 2887">
    <p class='ocr_par' dir='ltr' id='par_1_40' title="bbox 145 2819 1708 2887">
     <span class='ocr_line' id='line_1_40' title="bbox 145 2819 1708 2887; baseline 0.004 -15"><span class='ocrx_word' id='word_1_304' title='bbox 145 2819 200 2872; x_wconf 82' lang='lat' dir='ltr'>ad</span> <span class='ocrx_word' id='word_1_305' title='bbox 224 2819 483 2876; x_wconf 86' lang='lat' dir='ltr'>infernum</span> <span class='ocrx_word' id='word_1_306' title='bbox 515 2823 892 2887; x_wconf 87' lang='lat' dir='ltr'>descenderit,</span> <span class='ocrx_word' id='word_1_307' title='bbox 925 2827 988 2876; x_wconf 91' lang='lat' dir='ltr'>ut</span> <span class='ocrx_word' id='word_1_308' title='bbox 1012 2821 1224 2876; x_wconf 89' lang='lat' dir='ltr'>vinctos</span> <span class='ocrx_word' id='word_1_309' title='bbox 1253 2822 1323 2876; x_wconf 92' lang='lat' dir='ltr'>de</span> <span class='ocrx_word' id='word_1_310' title='bbox 1351 2821 1542 2876; x_wconf 84' lang='lat' dir='ltr'>inferis</span> <span class='ocrx_word' id='word_1_311' title='bbox 1570 2823 1708 2878; x_wconf 92' lang='lat' dir='ltr'>libe-</span> 
     </span>
    </p>
   </div>
   <div class='ocr_carea' id='block_1_41' title="bbox 146 2910 1709 2966">
    <p class='ocr_par' dir='ltr' id='par_1_41' title="bbox 146 2910 1709 2966">
     <span class='ocr_line' id='line_1_41' title="bbox 146 2910 1709 2966; baseline 0.003 -5"><span class='ocrx_word' id='word_1_312' title='bbox 146 2914 284 2962; x_wconf 82' lang='lat' dir='ltr'>raret.</span> <span class='ocrx_word' id='word_1_313' title='bbox 314 2911 416 2964; x_wconf 87' lang='lat' dir='ltr'>Pro</span> <span class='ocrx_word' id='word_1_314' title='bbox 441 2911 571 2966; x_wconf 86' lang='lat' dir='ltr'>lacu</span> <span class='ocrx_word' id='word_1_315' title='bbox 603 2910 956 2965; x_wconf 84' lang='lat' dir='ltr'>manifestius</span> <span class='ocrx_word' id='word_1_316' title='bbox 975 2910 1145 2965; x_wconf 90' lang='lat' dir='ltr'>iidem</span> <span class='ocrx_word' id='word_1_317' title='bbox 1176 2910 1384 2965; x_wconf 87' lang='lat' dir='ltr'>inferos</span> <span class='ocrx_word' id='word_1_318' title='bbox 1403 2913 1709 2966; x_wconf 86' lang='lat' dir='ltr'>transtule-</span> 
     </span>
    </p>
   </div>
   <div class='ocr_carea' id='block_1_42' title="bbox 145 2998 1708 3072">
    <p class='ocr_par' dir='ltr' id='par_1_42' title="bbox 145 2998 1708 3072">
     <span class='ocr_line' id='line_1_42' title="bbox 145 2998 1708 3072; baseline 0.003 -22"><span class='ocrx_word' id='word_1_319' title='bbox 145 3003 266 3050; x_wconf 87' lang='lat' dir='ltr'>runt.</span> <span class='ocrx_word' id='word_1_320' title='bbox 300 3019 321 3048; x_wconf 74' lang='grc' dir='ltr'><strong>ε</strong></span> <span class='ocrx_word' id='word_1_321' title='bbox 348 2999 548 3054; x_wconf 79' lang='lat' dir='ltr'>Vivens</span> <span class='ocrx_word' id='word_1_322' title='bbox 576 3000 770 3054; x_wconf 88' lang='lat' dir='ltr'>vivens</span> <span class='ocrx_word' id='word_1_323' title='bbox 797 2999 916 3072; x_wconf 88' lang='lat' dir='ltr'>ipse</span> <span class='ocrx_word' id='word_1_324' title='bbox 945 2998 1322 3065; x_wconf 90' lang='lat' dir='ltr'>conﬁtebitur,</span> <span class='ocrx_word' id='word_1_325' title='bbox 1346 2999 1493 3054; x_wconf 90' lang='lat' dir='ltr'>sicut</span> <span class='ocrx_word' id='word_1_326' title='bbox 1521 3006 1578 3054; x_wconf 91' lang='lat' dir='ltr'>et</span> <span class='ocrx_word' id='word_1_327' title='bbox 1607 3017 1708 3071; x_wconf 88' lang='lat' dir='ltr'>ego</span> 
     </span>
    </p>
   </div>
   <div class='ocr_carea' id='block_1_43' title="bbox 1785 1847 3385 1922">
    <p class='ocr_par' dir='ltr' id='par_1_43' title="bbox 1785 1847 3385 1922">
     <span class='ocr_line' id='line_1_43' title="bbox 1785 1847 3385 1922; baseline 0.004 -23"><span class='ocrx_word' id='word_1_328' title='bbox 1785 1847 1880 1916; x_wconf 90' lang='lat' dir='ltr'>jus</span> <span class='ocrx_word' id='word_1_329' title='bbox 1913 1863 2016 1917; x_wconf 85' lang='lat' dir='ltr'>Ope</span> <span class='ocrx_word' id='word_1_330' title='bbox 2046 1847 2218 1902; x_wconf 87' lang='lat' dir='ltr'>totius</span> <span class='ocrx_word' id='word_1_331' title='bbox 2239 1848 2494 1902; x_wconf 84' lang='lat' dir='ltr'>Ecclesiae</span> <span class='ocrx_word' id='word_1_332' title='bbox 2523 1849 2780 1904; x_wconf 90' lang='lat' dir='ltr'>subsistit</span> <span class='ocrx_word' id='word_1_333' title='bbox 2798 1850 3085 1916; x_wconf 84' lang='lat' dir='ltr'>fortitudo,</span> <span class='ocrx_word' id='word_1_334' title='bbox 3111 1856 3168 1904; x_wconf 92' lang='lat' dir='ltr'>et</span> <span class='ocrx_word' id='word_1_335' title='bbox 3185 1853 3385 1922; x_wconf 83' lang='lat' dir='ltr'>ampli-</span> 
     </span>
    </p>
   </div>
   <div class='ocr_carea' id='block_1_44' title="bbox 1792 1935 3388 2011">
    <p class='ocr_par' dir='ltr' id='par_1_44' title="bbox 1792 1935 3388 2011">
     <span class='ocr_line' id='line_1_44' title="bbox 1792 1935 3388 2011; baseline 0.004 -23"><span class='ocrx_word' id='word_1_336' title='bbox 1792 1936 1993 1989; x_wconf 89' lang='lat' dir='ltr'>ﬁcatur</span> <span class='ocrx_word' id='word_1_337' title='bbox 2005 1935 2326 2000; x_wconf 88' lang='lat' dir='ltr'>multitudo,</span> <span class='ocrx_word' id='word_1_338' title='bbox 2341 1942 2400 1990; x_wconf 92' lang='lat' dir='ltr'>et</span> <span class='ocrx_word' id='word_1_339' title='bbox 2411 1938 2779 1992; x_wconf 88' lang='lat' dir='ltr'>conﬁrmatur</span> <span class='ocrx_word' id='word_1_340' title='bbox 2797 1939 3090 2006; x_wconf 83' lang='lat' dir='ltr'>stabilitas;</span> <span class='ocrx_word' id='word_1_341' title='bbox 3117 1940 3215 1993; x_wconf 92' lang='lat' dir='ltr'>sed</span> <span class='ocrx_word' id='word_1_342' title='bbox 3235 1957 3388 2011; x_wconf 66' lang='lat' dir='ltr'>qum-</span> 
     </span>
    </p>
   </div>
   <div class='ocr_carea' id='block_1_45' title="bbox 1793 2023 3388 2096">
    <p class='ocr_par' dir='ltr' id='par_1_45' title="bbox 1793 2023 3388 2096">
     <span class='ocr_line' id='line_1_45' title="bbox 1793 2023 3388 2096; baseline 0.004 -20"><span class='ocrx_word' id='word_1_343' title='bbox 1793 2023 1938 2077; x_wconf 89' lang='lat' dir='ltr'>ritur</span> <span class='ocrx_word' id='word_1_344' title='bbox 1964 2041 2064 2078; x_wconf 90' lang='lat' dir='ltr'>cur</span> <span class='ocrx_word' id='word_1_345' title='bbox 2081 2024 2374 2096; x_wconf 87' lang='lat' dir='ltr'>Scriptura</span> <span class='ocrx_word' id='word_1_346' title='bbox 2393 2025 2544 2079; x_wconf 88' lang='lat' dir='ltr'>dicat</span> <span class='ocrx_word' id='word_1_347' title='bbox 2569 2027 2788 2080; x_wconf 86' lang='lat' dir='ltr'>Annam</span> <span class='ocrx_word' id='word_1_348' title='bbox 2807 2028 3018 2081; x_wconf 91' lang='lat' dir='ltr'>orando</span> <span class='ocrx_word' id='word_1_349' title='bbox 3036 2029 3140 2082; x_wconf 88' lang='lat' dir='ltr'>hoc</span> <span class='ocrx_word' id='word_1_350' title='bbox 3159 2045 3388 2082; x_wconf 89' lang='lat' dir='ltr'>carmen</span> 
     </span>
    </p>
   </div>
   <div class='ocr_carea' id='block_1_46' title="bbox 1792 2113 3382 2186">
    <p class='ocr_par' dir='ltr' id='par_1_46' title="bbox 1792 2113 3382 2186">
     <span class='ocr_line' id='line_1_46' title="bbox 1792 2113 3382 2186; baseline 0.003 -20"><span class='ocrx_word' id='word_1_351' title='bbox 1792 2113 2058 2182; x_wconf 89' lang='lat' dir='ltr'>proferre,</span> <span class='ocrx_word' id='word_1_352' title='bbox 2092 2131 2221 2168; x_wconf 91' lang='lat' dir='ltr'>cum</span> <span class='ocrx_word' id='word_1_353' title='bbox 2258 2113 2438 2184; x_wconf 88' lang='lat' dir='ltr'>magis</span> <span class='ocrx_word' id='word_1_354' title='bbox 2481 2115 2542 2168; x_wconf 89' lang='lat' dir='ltr'>in</span> <span class='ocrx_word' id='word_1_355' title='bbox 2583 2131 2650 2169; x_wconf 89' lang='lat' dir='ltr'>ea</span> <span class='ocrx_word' id='word_1_356' title='bbox 2679 2115 3000 2186; x_wconf 74' lang='lat' dir='ltr'>praedicatio</span> <span class='ocrx_word' id='word_1_357' title='bbox 3038 2115 3382 2183; x_wconf 87' lang='lat' dir='ltr'>futurorum,</span> 
     </span>
    </p>
   </div>
   <div class='ocr_carea' id='block_1_47' title="bbox 1793 2202 3384 2272">
    <p class='ocr_par' dir='ltr' id='par_1_47' title="bbox 1793 2202 3384 2272">
     <span class='ocr_line' id='line_1_47' title="bbox 1793 2202 3384 2272; baseline 0.003 -18"><span class='ocrx_word' id='word_1_358' title='bbox 1793 2218 1960 2272; x_wconf 90' lang='lat' dir='ltr'>quam</span> <span class='ocrx_word' id='word_1_359' title='bbox 1990 2202 2291 2272; x_wconf 87' lang='lat' dir='ltr'>postulatio</span> <span class='ocrx_word' id='word_1_360' title='bbox 2320 2202 2556 2270; x_wconf 88' lang='lat' dir='ltr'>alicujus</span> <span class='ocrx_word' id='word_1_361' title='bbox 2588 2204 2668 2257; x_wconf 89' lang='lat' dir='ltr'>rei</span> <span class='ocrx_word' id='word_1_362' title='bbox 2717 2204 3050 2258; x_wconf 89' lang='lat' dir='ltr'>inveniatur.</span> <span class='ocrx_word' id='word_1_363' title='bbox 3103 2205 3192 2259; x_wconf 94' lang='lat' dir='ltr'>Sic</span> <span class='ocrx_word' id='word_1_364' title='bbox 3235 2206 3384 2259; x_wconf 88' lang='lat' dir='ltr'>enim</span> 
     </span>
    </p>
   </div>
   <div class='ocr_carea' id='block_1_48' title="bbox 1792 2290 2902 2361">
    <p class='ocr_par' dir='ltr' id='par_1_48' title="bbox 1792 2290 2902 2361">
     <span class='ocr_line' id='line_1_48' title="bbox 1792 2290 2902 2361; baseline 0.003 -18"><span class='ocrx_word' id='word_1_365' title='bbox 1792 2290 2064 2361; x_wconf 89' lang='lat' dir='ltr'>scriptum</span> <span class='ocrx_word' id='word_1_366' title='bbox 2089 2297 2192 2358; x_wconf 91' lang='lat' dir='ltr'>est,</span> <span class='ocrx_word' id='word_1_367' title='bbox 2216 2292 2285 2345; x_wconf 91' lang='lat' dir='ltr'>Et</span> <span class='ocrx_word' id='word_1_368' title='bbox 2312 2291 2491 2345; x_wconf 89' lang='lat' dir='ltr'>oravit</span> <span class='ocrx_word' id='word_1_369' title='bbox 2509 2293 2674 2346; x_wconf 89' lang='lat' dir='ltr'>Anna</span> <span class='ocrx_word' id='word_1_370' title='bbox 2699 2298 2756 2346; x_wconf 90' lang='lat' dir='ltr'>et</span> <span class='ocrx_word' id='word_1_371' title='bbox 2777 2293 2856 2346; x_wconf 87' lang='lat' dir='ltr'>ait</span> <span class='ocrx_word' id='word_1_372' title='bbox 2890 2311 2902 2346; x_wconf 89' lang='lat'>:</span> 
     </span>
    </p>
   </div>
   <div class='ocr_carea' id='block_1_49' title="bbox 1869 2381 3386 2458">
    <p class='ocr_par' dir='ltr' id='par_1_49' title="bbox 1869 2381 3386 2458">
     <span class='ocr_line' id='line_1_49' title="bbox 1869 2381 3386 2458; baseline 0.004 -28"><span class='ocrx_word' id='word_1_373' title='bbox 1869 2400 1892 2430; x_wconf 71' lang='grc' dir='ltr'>ι</span> <span class='ocrx_word' id='word_1_374' title='bbox 1927 2381 2236 2434; x_wconf 81' lang='lat' dir='ltr'>Exsultavit</span> <span class='ocrx_word' id='word_1_375' title='bbox 2267 2397 2362 2434; x_wconf 92' lang='lat' dir='ltr'>cor</span> <span class='ocrx_word' id='word_1_376' title='bbox 2390 2397 2580 2437; x_wconf 91' lang='lat' dir='ltr'>meum</span> <span class='ocrx_word' id='word_1_377' title='bbox 2611 2381 2670 2434; x_wconf 92' lang='lat' dir='ltr'>in</span> <span class='ocrx_word' id='word_1_378' title='bbox 2697 2381 2960 2458; x_wconf 84' lang='lat' dir='ltr'>Domino,</span> <span class='ocrx_word' id='word_1_379' title='bbox 2995 2388 3052 2436; x_wconf 91' lang='lat' dir='ltr'>et</span> <span class='ocrx_word' id='word_1_380' title='bbox 3081 2382 3386 2436; x_wconf 80' lang='lat' dir='ltr'>exaltatum</span> 
     </span>
    </p>
   </div>
   <div class='ocr_carea' id='block_1_50' title="bbox 1799 2470 3386 2525">
    <p class='ocr_par' dir='ltr' id='par_1_50' title="bbox 1799 2470 3386 2525">
     <span class='ocr_line' id='line_1_50' title="bbox 1799 2470 3386 2525; baseline 0.003 -5"><span class='ocrx_word' id='word_1_381' title='bbox 1799 2487 1822 2518; x_wconf 70' lang='grc' dir='ltr'>ι</span> <span class='ocrx_word' id='word_1_382' title='bbox 1855 2473 1942 2522; x_wconf 92' lang='lat' dir='ltr'>est</span> <span class='ocrx_word' id='word_1_383' title='bbox 1967 2485 2138 2523; x_wconf 90' lang='lat' dir='ltr'>cornu</span> <span class='ocrx_word' id='word_1_384' title='bbox 2169 2487 2355 2524; x_wconf 91' lang='lat' dir='ltr'>meum</span> <span class='ocrx_word' id='word_1_385' title='bbox 2389 2471 2449 2525; x_wconf 92' lang='lat' dir='ltr'>in</span> <span class='ocrx_word' id='word_1_386' title='bbox 2485 2471 2601 2525; x_wconf 90' lang='lat' dir='ltr'>Deo</span> <span class='ocrx_word' id='word_1_387' title='bbox 2629 2486 2773 2524; x_wconf 92' lang='lat' dir='ltr'>meo.</span> <span class='ocrx_word' id='word_1_388' title='bbox 2807 2489 2836 2521; x_wconf 83' lang='lat'><strong>»</strong></span> <span class='ocrx_word' id='word_1_389' title='bbox 2869 2471 2994 2524; x_wconf 78' lang='lat' dir='ltr'>Non</span> <span class='ocrx_word' id='word_1_390' title='bbox 3041 2470 3191 2524; x_wconf 87' lang='lat' dir='ltr'>enim</span> <span class='ocrx_word' id='word_1_391' title='bbox 3231 2470 3386 2524; x_wconf 90' lang='lat' dir='ltr'>inve-</span> 
     </span>
    </p>
   </div>
   <div class='ocr_carea' id='block_1_51' title="bbox 1796 2557 3384 2629">
    <p class='ocr_par' dir='ltr' id='par_1_51' title="bbox 1796 2557 3384 2629">
     <span class='ocr_line' id='line_1_51' title="bbox 1796 2557 3384 2629; baseline 0.001 -18"><span class='ocrx_word' id='word_1_392' title='bbox 1796 2557 1951 2612; x_wconf 89' lang='lat' dir='ltr'>nitur</span> <span class='ocrx_word' id='word_1_393' title='bbox 1970 2575 2130 2612; x_wconf 89' lang='lat' dir='ltr'>orare</span> <span class='ocrx_word' id='word_1_394' title='bbox 2165 2558 2224 2612; x_wconf 92' lang='lat' dir='ltr'>in</span> <span class='ocrx_word' id='word_1_395' title='bbox 2253 2560 2356 2614; x_wconf 90' lang='lat' dir='ltr'>hoc</span> <span class='ocrx_word' id='word_1_396' title='bbox 2385 2560 2620 2618; x_wconf 82' lang='lat' dir='ltr'>cantico,</span> <span class='ocrx_word' id='word_1_397' title='bbox 2653 2559 2760 2613; x_wconf 87' lang='lat' dir='ltr'>nisi</span> <span class='ocrx_word' id='word_1_398' title='bbox 2789 2575 2890 2629; x_wconf 90' lang='lat' dir='ltr'>per</span> <span class='ocrx_word' id='word_1_399' title='bbox 2916 2559 3027 2612; x_wconf 92' lang='lat' dir='ltr'>duo</span> <span class='ocrx_word' id='word_1_400' title='bbox 3056 2558 3224 2612; x_wconf 88' lang='lat' dir='ltr'>verba</span> <span class='ocrx_word' id='word_1_401' title='bbox 3257 2564 3384 2613; x_wconf 89' lang='lat' dir='ltr'>tan-</span> 
     </span>
    </p>
   </div>
   <div class='ocr_carea' id='block_1_52' title="bbox 1795 2647 3388 2713">
    <p class='ocr_par' dir='ltr' id='par_1_52' title="bbox 1795 2647 3388 2713">
     <span class='ocr_line' id='line_1_52' title="bbox 1795 2647 3388 2713; baseline 0.001 -13"><span class='ocrx_word' id='word_1_402' title='bbox 1795 2652 1935 2712; x_wconf 89' lang='lat' dir='ltr'>tum,</span> <span class='ocrx_word' id='word_1_403' title='bbox 1967 2653 2031 2701; x_wconf 91' lang='lat' dir='ltr'>ut</span> <span class='ocrx_word' id='word_1_404' title='bbox 2058 2648 2194 2702; x_wconf 89' lang='lat' dir='ltr'>dicit</span> <span class='ocrx_word' id='word_1_405' title='bbox 2226 2665 2236 2700; x_wconf 93' lang='lat'>:</span> <span class='ocrx_word' id='word_1_406' title='bbox 2275 2669 2298 2700; x_wconf 68' lang='grc' dir='ltr'>ί</span> <span class='ocrx_word' id='word_1_407' title='bbox 2323 2650 2534 2704; x_wconf 74' lang='lat' dir='ltr'>Lzetata</span> <span class='ocrx_word' id='word_1_408' title='bbox 2561 2665 2688 2703; x_wconf 89' lang='lat' dir='ltr'>sum</span> <span class='ocrx_word' id='word_1_409' title='bbox 2725 2647 2784 2702; x_wconf 91' lang='lat' dir='ltr'>in</span> <span class='ocrx_word' id='word_1_410' title='bbox 2826 2647 3058 2702; x_wconf 88' lang='lat' dir='ltr'>salutari</span> <span class='ocrx_word' id='word_1_411' title='bbox 3089 2665 3234 2713; x_wconf 89' lang='lat' dir='ltr'>meo,</span> <span class='ocrx_word' id='word_1_412' title='bbox 3273 2666 3299 2700; x_wconf 68' lang='grc' dir='ltr'>ι)</span> <span class='ocrx_word' id='word_1_413' title='bbox 3331 2653 3388 2702; x_wconf 91' lang='lat' dir='ltr'>et</span> 
     </span>
    </p>
   </div>
   <div class='ocr_carea' id='block_1_53' title="bbox 1795 2737 3386 2808">
    <p class='ocr_par' dir='ltr' id='par_1_53' title="bbox 1795 2737 3386 2808">
     <span class='ocr_line' id='line_1_53' title="bbox 1795 2737 3386 2808; baseline 0.001 -19"><span class='ocrx_word' id='word_1_414' title='bbox 1795 2737 1945 2790; x_wconf 88' lang='lat' dir='ltr'>aliud</span> <span class='ocrx_word' id='word_1_415' title='bbox 1974 2742 2076 2803; x_wconf 89' lang='lat' dir='ltr'>est,</span> <span class='ocrx_word' id='word_1_416' title='bbox 2106 2757 2126 2786; x_wconf 76' lang='grc' dir='ltr'>ι</span> <span class='ocrx_word' id='word_1_417' title='bbox 2154 2737 2288 2808; x_wconf 87' lang='lat' dir='ltr'>quia</span> <span class='ocrx_word' id='word_1_418' title='bbox 2315 2755 2424 2792; x_wconf 90' lang='lat' dir='ltr'>non</span> <span class='ocrx_word' id='word_1_419' title='bbox 2459 2744 2546 2792; x_wconf 88' lang='lat' dir='ltr'>est</span> <span class='ocrx_word' id='word_1_420' title='bbox 2572 2738 2722 2796; x_wconf 84' lang='lat' dir='ltr'>Deus</span> <span class='ocrx_word' id='word_1_421' title='bbox 2748 2743 2952 2808; x_wconf 64' lang='lat' dir='ltr'>praeter</span> <span class='ocrx_word' id='word_1_422' title='bbox 2978 2743 3054 2791; x_wconf 90' lang='lat' dir='ltr'>te.</span> <span class='ocrx_word' id='word_1_423' title='bbox 3095 2757 3116 2787; x_wconf 75' lang='grc' dir='ltr'><strong>ι</strong></span> <span class='ocrx_word' id='word_1_424' title='bbox 3146 2738 3386 2806; x_wconf 75' lang='lat' dir='ltr'>Aposto-</span> 
     </span>
    </p>
   </div>
   <div class='ocr_carea' id='block_1_54' title="bbox 1793 2825 3381 2894">
    <p class='ocr_par' dir='ltr' id='par_1_54' title="bbox 1793 2825 3381 2894">
     <span class='ocr_line' id='line_1_54' title="bbox 1793 2825 3381 2894; baseline -0.001 -16"><span class='ocrx_word' id='word_1_425' title='bbox 1793 2825 1880 2878; x_wconf 90' lang='lat' dir='ltr'>lus</span> <span class='ocrx_word' id='word_1_426' title='bbox 1899 2831 2086 2879; x_wconf 89' lang='lat' dir='ltr'>autem</span> <span class='ocrx_word' id='word_1_427' title='bbox 2111 2826 2273 2880; x_wconf 90' lang='lat' dir='ltr'>dicit:</span> <span class='ocrx_word' id='word_1_428' title='bbox 2299 2845 2325 2877; x_wconf 85' lang='lat'>«</span> <span class='ocrx_word' id='word_1_429' title='bbox 2357 2827 2528 2882; x_wconf 89' lang='lat' dir='ltr'>Orate</span> <span class='ocrx_word' id='word_1_430' title='bbox 2549 2827 2670 2880; x_wconf 90' lang='lat' dir='ltr'>sine</span> <span class='ocrx_word' id='word_1_431' title='bbox 2701 2825 3117 2880; x_wconf 81' lang='lat' dir='ltr'>intermissione</span> <span class='ocrx_word' id='word_1_432' title='bbox 3138 2826 3192 2894; x_wconf 79' lang='grc' dir='ltr'>(Ι</span> <span class='ocrx_word' id='word_1_433' title='bbox 3208 2827 3381 2880; x_wconf 82' lang='lat' dir='ltr'>Thess.</span> 
     </span>
    </p>
   </div>
   <div class='ocr_carea' id='block_1_55' title="bbox 1789 2913 3389 2984">
    <p class='ocr_par' dir='ltr' id='par_1_55' title="bbox 1789 2913 3389 2984">
     <span class='ocr_line' id='line_1_55' title="bbox 1789 2913 3389 2984; baseline 0.001 -20"><span class='ocrx_word' id='word_1_434' title='bbox 1789 2916 1866 2980; x_wconf 85' lang='lat' dir='ltr'>v).</span> <span class='ocrx_word' id='word_1_435' title='bbox 1906 2932 1928 2964; x_wconf 80' lang='grc'><strong>»</strong></span> <span class='ocrx_word' id='word_1_436' title='bbox 1959 2913 2046 2966; x_wconf 93' lang='lat' dir='ltr'>Illi</span> <span class='ocrx_word' id='word_1_437' title='bbox 2077 2913 2226 2966; x_wconf 91' lang='lat' dir='ltr'>enim</span> <span class='ocrx_word' id='word_1_438' title='bbox 2257 2913 2351 2984; x_wconf 90' lang='lat' dir='ltr'>qui</span> <span class='ocrx_word' id='word_1_439' title='bbox 2385 2914 2444 2968; x_wconf 92' lang='lat' dir='ltr'>in</span> <span class='ocrx_word' id='word_1_440' title='bbox 2462 2913 2650 2968; x_wconf 91' lang='lat' dir='ltr'>divino</span> <span class='ocrx_word' id='word_1_441' title='bbox 2677 2919 2934 2967; x_wconf 85' lang='lat' dir='ltr'>versatur</span> <span class='ocrx_word' id='word_1_442' title='bbox 2961 2913 3162 2978; x_wconf 88' lang='lat' dir='ltr'>ofﬁcio,</span> <span class='ocrx_word' id='word_1_443' title='bbox 3197 2913 3389 2966; x_wconf 88' lang='lat' dir='ltr'>omnia</span> 
     </span>
    </p>
   </div>
   <div class='ocr_carea' id='block_1_56' title="bbox 1789 3001 3390 3074">
    <p class='ocr_par' dir='ltr' id='par_1_56' title="bbox 1789 3001 3390 3074">
     <span class='ocr_line' id='line_1_56' title="bbox 1789 3001 3390 3074; baseline 0.001 -20"><span class='ocrx_word' id='word_1_444' title='bbox 1789 3006 1950 3070; x_wconf 87' lang='lat' dir='ltr'>gesta</span> <span class='ocrx_word' id='word_1_445' title='bbox 1977 3003 2118 3072; x_wconf 88' lang='lat' dir='ltr'>ejus,</span> <span class='ocrx_word' id='word_1_446' title='bbox 2153 3001 2413 3073; x_wconf 88' lang='lat' dir='ltr'>dictaque</span> <span class='ocrx_word' id='word_1_447' title='bbox 2431 3019 2544 3074; x_wconf 82' lang='lat' dir='ltr'>pro</span> <span class='ocrx_word' id='word_1_448' title='bbox 2571 3002 2824 3056; x_wconf 85' lang='lat' dir='ltr'>oratione</span> <span class='ocrx_word' id='word_1_449' title='bbox 2852 3007 3224 3072; x_wconf 85' lang='lat' dir='ltr'>reputantur;</span> <span class='ocrx_word' id='word_1_450' title='bbox 3257 3001 3390 3071; x_wconf 87' lang='lat' dir='ltr'>quia</span> 
     </span>
    </p>
   </div>
   <div class='ocr_carea' id='block_1_57' title="bbox 147 3083 3384 3162">
    <p class='ocr_par' dir='ltr' id='par_1_57' title="bbox 147 3083 3384 3162">
     <span class='ocr_line' id='line_1_57' title="bbox 147 3083 3384 3162; baseline 0.002 -26"><span class='ocrx_word' id='word_1_451' title='bbox 147 3083 301 3141; x_wconf 88' lang='lat' dir='ltr'>hodie.</span> <span class='ocrx_word' id='word_1_452' title='bbox 335 3106 361 3140; x_wconf 68' lang='grc' dir='ltr'>ι)</span> <span class='ocrx_word' id='word_1_453' title='bbox 393 3089 462 3143; x_wconf 88' lang='lat' dir='ltr'>Et</span> <span class='ocrx_word' id='word_1_454' title='bbox 500 3089 593 3144; x_wconf 89' lang='lat' dir='ltr'>hic</span> <span class='ocrx_word' id='word_1_455' title='bbox 637 3088 911 3144; x_wconf 85' lang='lat' dir='ltr'>confessio</span> <span class='ocrx_word' id='word_1_456' title='bbox 939 3105 1041 3159; x_wconf 92' lang='lat' dir='ltr'>pro</span> <span class='ocrx_word' id='word_1_457' title='bbox 1081 3087 1404 3142; x_wconf 88' lang='lat' dir='ltr'>laudatione</span> <span class='ocrx_word' id='word_1_458' title='bbox 1433 3089 1662 3159; x_wconf 90' lang='lat' dir='ltr'>ponitur</span> <span class='ocrx_word' id='word_1_459' title='bbox 1694 3107 1706 3143; x_wconf 92' lang='lat'>:</span> <span class='ocrx_word' id='word_1_460' title='bbox 1730 3089 1974 3160; x_wconf 90' lang='lat' dir='ltr'>Cjustus</span> <span class='ocrx_word' id='word_1_461' title='bbox 1993 3107 2120 3144; x_wconf 89' lang='lat' dir='ltr'>cum</span> <span class='ocrx_word' id='word_1_462' title='bbox 2149 3091 2270 3145; x_wconf 91' lang='lat' dir='ltr'>sine</span> <span class='ocrx_word' id='word_1_463' title='bbox 2299 3091 2734 3158; x_wconf 87' lang='lat' dir='ltr'>intermissione,</span> <span class='ocrx_word' id='word_1_464' title='bbox 2755 3108 2876 3162; x_wconf 67' lang='lat' dir='ltr'>quae</span> <span class='ocrx_word' id='word_1_465' title='bbox 2893 3092 3048 3161; x_wconf 90' lang='lat' dir='ltr'>justa</span> <span class='ocrx_word' id='word_1_466' title='bbox 3072 3096 3222 3156; x_wconf 88' lang='lat' dir='ltr'>sunt,</span> <span class='ocrx_word' id='word_1_467' title='bbox 3247 3089 3384 3160; x_wconf 88' lang='lat' dir='ltr'>agit,</span> 
     </span>
    </p>
   </div>
   <div class='ocr_carea' id='block_1_58' title="bbox 141 3177 1708 3248">
    <p class='ocr_par' dir='ltr' id='par_1_58' title="bbox 141 3177 1708 3248">
     <span class='ocr_line' id='line_1_58' title="bbox 141 3177 1708 3248; baseline 0.004 -22"><span class='ocrx_word' id='word_1_468' title='bbox 141 3187 291 3246; x_wconf 87' lang='lat' dir='ltr'>neque</span> <span class='ocrx_word' id='word_1_469' title='bbox 313 3177 458 3231; x_wconf 91' lang='lat' dir='ltr'>enim</span> <span class='ocrx_word' id='word_1_470' title='bbox 496 3195 604 3232; x_wconf 89' lang='lat' dir='ltr'>sua</span> <span class='ocrx_word' id='word_1_471' title='bbox 633 3178 845 3232; x_wconf 90' lang='lat' dir='ltr'>scelera</span> <span class='ocrx_word' id='word_1_472' title='bbox 871 3178 1188 3242; x_wconf 89' lang='lat' dir='ltr'>conﬁtetur,</span> <span class='ocrx_word' id='word_1_473' title='bbox 1223 3178 1319 3231; x_wconf 91' lang='lat' dir='ltr'>sed</span> <span class='ocrx_word' id='word_1_474' title='bbox 1346 3179 1558 3247; x_wconf 86' lang='lat' dir='ltr'>gratias</span> <span class='ocrx_word' id='word_1_475' title='bbox 1589 3179 1708 3248; x_wconf 84' lang='lat' dir='ltr'>agit</span> 
     </span>
    </p>
   </div>
   <div class='ocr_carea' id='block_1_59' title="bbox 140 3261 1700 3338">
    <p class='ocr_par' dir='ltr' id='par_1_59' title="bbox 140 3261 1700 3338">
     <span class='ocr_line' id='line_1_59' title="bbox 140 3261 1700 3338; baseline 0.003 -22"><span class='ocrx_word' id='word_1_476' title='bbox 140 3261 248 3328; x_wconf 86' lang='lat' dir='ltr'>Deo,</span> <span class='ocrx_word' id='word_1_477' title='bbox 277 3269 329 3318; x_wconf 87' lang='lat' dir='ltr'>et</span> <span class='ocrx_word' id='word_1_478' title='bbox 353 3283 464 3320; x_wconf 92' lang='lat' dir='ltr'>non</span> <span class='ocrx_word' id='word_1_479' title='bbox 495 3273 588 3321; x_wconf 89' lang='lat' dir='ltr'>est</span> <span class='ocrx_word' id='word_1_480' title='bbox 613 3266 852 3337; x_wconf 84' lang='lat' dir='ltr'>pulchra</span> <span class='ocrx_word' id='word_1_481' title='bbox 891 3265 1141 3320; x_wconf 90' lang='lat' dir='ltr'>laudatio</span> <span class='ocrx_word' id='word_1_482' title='bbox 1171 3265 1228 3320; x_wconf 91' lang='lat' dir='ltr'>in</span> <span class='ocrx_word' id='word_1_483' title='bbox 1249 3282 1346 3320; x_wconf 88' lang='lat' dir='ltr'>ore</span> <span class='ocrx_word' id='word_1_484' title='bbox 1374 3267 1700 3338; x_wconf 89' lang='lat' dir='ltr'>peccatoris.</span> 
     </span>
    </p>
   </div>
   <div class='ocr_carea' id='block_1_60' title="bbox 141 3350 1706 3424">
    <p class='ocr_par' dir='ltr' id='par_1_60' title="bbox 141 3350 1706 3424">
     <span class='ocr_line' id='line_1_60' title="bbox 141 3350 1706 3424; baseline 0.004 -20"><span class='ocrx_word' id='word_1_485' title='bbox 141 3350 357 3424; x_wconf 87' lang='lat' dir='ltr'>Cumque</span> <span class='ocrx_word' id='word_1_486' title='bbox 389 3354 649 3410; x_wconf 78' lang='lat' dir='ltr'>infernus</span> <span class='ocrx_word' id='word_1_487' title='bbox 671 3361 728 3410; x_wconf 89' lang='lat' dir='ltr'>et</span> <span class='ocrx_word' id='word_1_488' title='bbox 746 3372 897 3409; x_wconf 90' lang='lat' dir='ltr'>mors</span> <span class='ocrx_word' id='word_1_489' title='bbox 914 3371 1026 3408; x_wconf 91' lang='lat' dir='ltr'>non</span> <span class='ocrx_word' id='word_1_490' title='bbox 1055 3355 1447 3418; x_wconf 88' lang='lat' dir='ltr'>conﬁteantur,</span> <span class='ocrx_word' id='word_1_491' title='bbox 1463 3372 1564 3410; x_wconf 92' lang='lat' dir='ltr'>nec</span> <span class='ocrx_word' id='word_1_492' title='bbox 1586 3356 1706 3410; x_wconf 91' lang='lat' dir='ltr'>lau-</span> 
     </span>
    </p>
   </div>
   <div class='ocr_carea' id='block_1_61' title="bbox 139 3438 1708 3514">
    <p class='ocr_par' dir='ltr' id='par_1_61' title="bbox 139 3438 1708 3514">
     <span class='ocr_line' id='line_1_61' title="bbox 139 3438 1708 3514; baseline 0.004 -22"><span class='ocrx_word' id='word_1_493' title='bbox 139 3438 249 3494; x_wconf 83' lang='lat' dir='ltr'>dent</span> <span class='ocrx_word' id='word_1_494' title='bbox 266 3442 454 3510; x_wconf 87' lang='lat' dir='ltr'>Deum,</span> <span class='ocrx_word' id='word_1_495' title='bbox 479 3444 802 3500; x_wconf 88' lang='lat' dir='ltr'>econtrario</span> <span class='ocrx_word' id='word_1_496' title='bbox 824 3443 940 3497; x_wconf 90' lang='lat' dir='ltr'>vita</span> <span class='ocrx_word' id='word_1_497' title='bbox 957 3448 1126 3514; x_wconf 89' lang='lat' dir='ltr'>atque</span> <span class='ocrx_word' id='word_1_498' title='bbox 1137 3443 1382 3498; x_wconf 89' lang='lat' dir='ltr'>viventes</span> <span class='ocrx_word' id='word_1_499' title='bbox 1402 3444 1708 3499; x_wconf 88' lang='lat' dir='ltr'>Dominum</span> 
     </span>
    </p>
   </div>
   <div class='ocr_carea' id='block_1_62' title="bbox 137 3527 1063 3604">
    <p class='ocr_par' dir='ltr' id='par_1_62' title="bbox 137 3527 1063 3604">
     <span class='ocr_line' id='line_1_62' title="bbox 137 3527 1063 3604; baseline 0.004 -22"><span class='ocrx_word' id='word_1_500' title='bbox 137 3527 436 3598; x_wconf 82' lang='lat' dir='ltr'>gloriﬁcant,</span> <span class='ocrx_word' id='word_1_501' title='bbox 463 3533 733 3604; x_wconf 90' lang='lat' dir='ltr'>quodque</span> <span class='ocrx_word' id='word_1_502' title='bbox 763 3532 1019 3603; x_wconf 89' lang='lat' dir='ltr'>sequitur</span> <span class='ocrx_word' id='word_1_503' title='bbox 1051 3551 1063 3586; x_wconf 92' lang='lat'>:</span> 
     </span>
    </p>
   </div>
   <div class='ocr_carea' id='block_1_63' title="bbox 194 3619 1706 3684">
    <p class='ocr_par' dir='ltr' id='par_1_63' title="bbox 194 3619 1706 3684">
     <span class='ocr_line' id='line_1_63' title="bbox 194 3619 1706 3684; baseline 0.001 -12"><span class='ocrx_word' id='word_1_504' title='bbox 194 3634 222 3671; x_wconf 82' lang='grc'><strong>‹</strong></span> <span class='ocrx_word' id='word_1_505' title='bbox 236 3619 391 3675; x_wconf 87' lang='lat' dir='ltr'>Pater</span> <span class='ocrx_word' id='word_1_506' title='bbox 409 3622 544 3676; x_wconf 93' lang='lat' dir='ltr'>ﬁliis</span> <span class='ocrx_word' id='word_1_507' title='bbox 563 3627 763 3678; x_wconf 86' lang='lat' dir='ltr'>notam</span> <span class='ocrx_word' id='word_1_508' title='bbox 777 3621 943 3676; x_wconf 84' lang='lat' dir='ltr'>faciet</span> <span class='ocrx_word' id='word_1_509' title='bbox 963 3622 1253 3677; x_wconf 78' lang='lat' dir='ltr'>veritatem</span> <span class='ocrx_word' id='word_1_510' title='bbox 1267 3619 1706 3684; x_wconf 88' lang='lat' dir='ltr'>tuam.Domine,</span> 
     </span>
    </p>
   </div>
   <div class='ocr_carea' id='block_1_64' title="bbox 142 3707 1710 3786">
    <p class='ocr_par' dir='ltr' id='par_1_64' title="bbox 142 3707 1710 3786">
     <span class='ocr_line' id='line_1_64' title="bbox 142 3707 1710 3786; baseline 0.002 -27"><span class='ocrx_word' id='word_1_511' title='bbox 142 3721 164 3754; x_wconf 74' lang='grc' dir='ltr'>ί</span> <span class='ocrx_word' id='word_1_512' title='bbox 185 3707 377 3763; x_wconf 88' lang='lat' dir='ltr'>salvum</span> <span class='ocrx_word' id='word_1_513' title='bbox 420 3727 514 3778; x_wconf 85' lang='lat' dir='ltr'>me</span> <span class='ocrx_word' id='word_1_514' title='bbox 570 3712 662 3765; x_wconf 86' lang='lat' dir='ltr'>fac</span> <span class='ocrx_word' id='word_1_515' title='bbox 699 3716 758 3764; x_wconf 91' lang='lat' dir='ltr'>et</span> <span class='ocrx_word' id='word_1_516' title='bbox 797 3711 1040 3786; x_wconf 82' lang='lat' dir='ltr'>psalmos</span> <span class='ocrx_word' id='word_1_517' title='bbox 1095 3716 1318 3764; x_wconf 87' lang='lat' dir='ltr'>nostros</span> <span class='ocrx_word' id='word_1_518' title='bbox 1360 3708 1710 3762; x_wconf 88' lang='lat' dir='ltr'>cantabimus</span> 
     </span>
    </p>
   </div>
   <div class='ocr_carea' id='block_1_65' title="bbox 141 3797 1711 3854">
    <p class='ocr_par' dir='ltr' id='par_1_65' title="bbox 141 3797 1711 3854">
     <span class='ocr_line' id='line_1_65' title="bbox 141 3797 1711 3854; baseline 0.001 -4"><span class='ocrx_word' id='word_1_519' title='bbox 141 3811 159 3842; x_wconf 79' lang='grc' dir='ltr'>ι</span> <span class='ocrx_word' id='word_1_520' title='bbox 184 3798 378 3852; x_wconf 87' lang='lat' dir='ltr'>cunctis</span> <span class='ocrx_word' id='word_1_521' title='bbox 405 3798 612 3854; x_wconf 88' lang='lat' dir='ltr'>diebus</span> <span class='ocrx_word' id='word_1_522' title='bbox 636 3799 766 3854; x_wconf 72' lang='lat' dir='ltr'>vita:</span> <span class='ocrx_word' id='word_1_523' title='bbox 795 3805 998 3854; x_wconf 72' lang='lat' dir='ltr'>nostra:</span> <span class='ocrx_word' id='word_1_524' title='bbox 1018 3798 1077 3853; x_wconf 91' lang='lat' dir='ltr'>in</span> <span class='ocrx_word' id='word_1_525' title='bbox 1097 3799 1262 3853; x_wconf 90' lang='lat' dir='ltr'>domo</span> <span class='ocrx_word' id='word_1_526' title='bbox 1292 3797 1532 3852; x_wconf 90' lang='lat' dir='ltr'>Domini.</span> <span class='ocrx_word' id='word_1_527' title='bbox 1561 3817 1583 3848; x_wconf 77' lang='grc' dir='ltr'><strong><em>ι</em></strong></span> <span class='ocrx_word' id='word_1_528' title='bbox 1608 3797 1711 3851; x_wconf 93' lang='lat' dir='ltr'>Pa-</span> 
     </span>
    </p>
   </div>
   <div class='ocr_carea' id='block_1_66' title="bbox 137 3884 1702 3957">
    <p class='ocr_par' dir='ltr' id='par_1_66' title="bbox 137 3884 1702 3957">
     <span class='ocr_line' id='line_1_66' title="bbox 137 3884 1702 3957; baseline 0.003 -23"><span class='ocrx_word' id='word_1_529' title='bbox 137 3884 330 3940; x_wconf 82' lang='lat' dir='ltr'>terﬁliis</span> <span class='ocrx_word' id='word_1_530' title='bbox 341 3893 538 3942; x_wconf 87' lang='lat' dir='ltr'>notam</span> <span class='ocrx_word' id='word_1_531' title='bbox 559 3887 735 3942; x_wconf 87' lang='lat' dir='ltr'>faciet</span> <span class='ocrx_word' id='word_1_532' title='bbox 753 3889 1045 3942; x_wconf 88' lang='lat' dir='ltr'>veritatem</span> <span class='ocrx_word' id='word_1_533' title='bbox 1064 3891 1242 3942; x_wconf 87' lang='lat' dir='ltr'>tuam.</span> <span class='ocrx_word' id='word_1_534' title='bbox 1265 3888 1383 3942; x_wconf 89' lang='lat' dir='ltr'>Hoc</span> <span class='ocrx_word' id='word_1_535' title='bbox 1405 3886 1702 3957; x_wconf 88' lang='lat' dir='ltr'>signiﬁcat,</span> 
     </span>
    </p>
   </div>
   <div class='ocr_carea' id='block_1_67' title="bbox 135 3965 1706 4046">
    <p class='ocr_par' dir='ltr' id='par_1_67' title="bbox 135 3965 1706 4046">
     <span class='ocr_line' id='line_1_67' title="bbox 135 3965 1706 4046; baseline 0.003 -22"><span class='ocrx_word' id='word_1_536' title='bbox 135 3972 256 4040; x_wconf 87' lang='lat' dir='ltr'>quod</span> <span class='ocrx_word' id='word_1_537' title='bbox 280 3981 334 4028; x_wconf 90' lang='lat' dir='ltr'>et</span> <span class='ocrx_word' id='word_1_538' title='bbox 359 3976 419 4030; x_wconf 86' lang='lat' dir='ltr'>in</span> <span class='ocrx_word' id='word_1_539' title='bbox 454 3977 904 4032; x_wconf 81' lang='lat' dir='ltr'>Deuteronomlo</span> <span class='ocrx_word' id='word_1_540' title='bbox 932 3965 1137 4030; x_wconf 88' lang='lat' dir='ltr'>dicitur</span> <span class='ocrx_word' id='word_1_541' title='bbox 1177 3993 1188 4028; x_wconf 91' lang='lat'>:</span> <span class='ocrx_word' id='word_1_542' title='bbox 1227 3977 1569 4046; x_wconf 74' lang='lat' dir='ltr'>«Interroga</span> <span class='ocrx_word' id='word_1_543' title='bbox 1605 3991 1706 4044; x_wconf 91' lang='lat' dir='ltr'>pa-</span> 
     </span>
    </p>
   </div>
   <div class='ocr_carea' id='block_1_68' title="bbox 133 4061 1710 4132">
    <p class='ocr_par' dir='ltr' id='par_1_68' title="bbox 133 4061 1710 4132">
     <span class='ocr_line' id='line_1_68' title="bbox 133 4061 1710 4132; baseline 0.004 -22"><span class='ocrx_word' id='word_1_544' title='bbox 133 4061 254 4114; x_wconf 82' lang='lat' dir='ltr'>trem</span> <span class='ocrx_word' id='word_1_545' title='bbox 277 4067 436 4118; x_wconf 85' lang='lat' dir='ltr'>tuum</span> <span class='ocrx_word' id='word_1_546' title='bbox 471 4071 534 4120; x_wconf 91' lang='lat' dir='ltr'>et</span> <span class='ocrx_word' id='word_1_547' title='bbox 580 4064 944 4120; x_wconf 88' lang='lat' dir='ltr'>annuntiabit</span> <span class='ocrx_word' id='word_1_548' title='bbox 978 4064 1110 4132; x_wconf 89' lang='lat' dir='ltr'>tibi;</span> <span class='ocrx_word' id='word_1_549' title='bbox 1159 4065 1408 4119; x_wconf 88' lang='lat' dir='ltr'>seniores</span> <span class='ocrx_word' id='word_1_550' title='bbox 1453 4069 1601 4128; x_wconf 90' lang='lat' dir='ltr'>tuos,</span> <span class='ocrx_word' id='word_1_551' title='bbox 1653 4067 1710 4117; x_wconf 92' lang='lat' dir='ltr'>et</span> 
     </span>
    </p>
   </div>
   <div class='ocr_carea' id='block_1_69' title="bbox 131 4145 1712 4226">
    <p class='ocr_par' dir='ltr' id='par_1_69' title="bbox 131 4145 1712 4226">
     <span class='ocr_line' id='line_1_69' title="bbox 131 4145 1712 4226; baseline 0.004 -26"><span class='ocrx_word' id='word_1_552' title='bbox 131 4145 290 4204; x_wconf 86' lang='lat' dir='ltr'>dicent</span> <span class='ocrx_word' id='word_1_553' title='bbox 312 4152 413 4207; x_wconf 89' lang='lat' dir='ltr'>tibi</span> <span class='ocrx_word' id='word_1_554' title='bbox 451 4153 644 4221; x_wconf 81' lang='lat' dir='ltr'>(Deut.</span> <span class='ocrx_word' id='word_1_555' title='bbox 689 4161 876 4219; x_wconf 71' lang='grc' dir='ltr'><strong>χχχιι),</strong></span> <span class='ocrx_word' id='word_1_556' title='bbox 915 4172 939 4204; x_wconf 75' lang='grc' dir='ltr'><strong><em>ι</em></strong></span> <span class='ocrx_word' id='word_1_557' title='bbox 982 4158 1048 4208; x_wconf 89' lang='lat' dir='ltr'>ut</span> <span class='ocrx_word' id='word_1_558' title='bbox 1085 4171 1187 4226; x_wconf 89' lang='lat' dir='ltr'>per</span> <span class='ocrx_word' id='word_1_559' title='bbox 1232 4153 1606 4208; x_wconf 88' lang='lat' dir='ltr'>successiones</span> <span class='ocrx_word' id='word_1_560' title='bbox 1655 4158 1712 4206; x_wconf 88' lang='lat' dir='ltr'>et</span> 
     </span>
    </p>
   </div>
   <div class='ocr_carea' id='block_1_70' title="bbox 1789 3179 3389 3250">
    <p class='ocr_par' dir='ltr' id='par_1_70' title="bbox 1789 3179 3389 3250">
     <span class='ocr_line' id='line_1_70' title="bbox 1789 3179 3389 3250; baseline 0 -18"><span class='ocrx_word' id='word_1_561' title='bbox 1789 3195 1890 3250; x_wconf 89' lang='lat' dir='ltr'>per</span> <span class='ocrx_word' id='word_1_562' title='bbox 1906 3180 2010 3233; x_wconf 89' lang='lat' dir='ltr'>hoc</span> <span class='ocrx_word' id='word_1_563' title='bbox 2028 3179 2148 3233; x_wconf 87' lang='lat' dir='ltr'>sine</span> <span class='ocrx_word' id='word_1_564' title='bbox 2176 3179 2590 3234; x_wconf 87' lang='lat' dir='ltr'>intermissione</span> <span class='ocrx_word' id='word_1_565' title='bbox 2613 3181 2708 3250; x_wconf 91' lang='lat' dir='ltr'>jus</span> <span class='ocrx_word' id='word_1_566' title='bbox 2720 3187 2810 3233; x_wconf 85' lang='lat' dir='ltr'>tus</span> <span class='ocrx_word' id='word_1_567' title='bbox 2835 3179 3034 3233; x_wconf 90' lang='lat' dir='ltr'>orabit.</span> <span class='ocrx_word' id='word_1_568' title='bbox 3060 3181 3130 3234; x_wconf 91' lang='lat' dir='ltr'>Et</span> <span class='ocrx_word' id='word_1_569' title='bbox 3150 3179 3207 3233; x_wconf 92' lang='lat' dir='ltr'>in</span> <span class='ocrx_word' id='word_1_570' title='bbox 3237 3179 3389 3232; x_wconf 89' lang='lat' dir='ltr'>Psal-</span> 
     </span>
    </p>
   </div>
   <div class='ocr_carea' id='block_1_71' title="bbox 1788 3267 3385 3323">
    <p class='ocr_par' dir='ltr' id='par_1_71' title="bbox 1788 3267 3385 3323">
     <span class='ocr_line' id='line_1_71' title="bbox 1788 3267 3385 3323; baseline 0.001 -2"><span class='ocrx_word' id='word_1_571' title='bbox 1788 3269 1896 3322; x_wconf 90' lang='lat' dir='ltr'>mis</span> <span class='ocrx_word' id='word_1_572' title='bbox 1924 3269 2063 3322; x_wconf 90' lang='lat' dir='ltr'>dicit</span> <span class='ocrx_word' id='word_1_573' title='bbox 2095 3286 2106 3320; x_wconf 87' lang='lat'>:</span> <span class='ocrx_word' id='word_1_574' title='bbox 2142 3287 2167 3319; x_wconf 85' lang='lat'>«</span> <span class='ocrx_word' id='word_1_575' title='bbox 2201 3269 2448 3323; x_wconf 88' lang='lat' dir='ltr'>Elevatio</span> <span class='ocrx_word' id='word_1_576' title='bbox 2471 3285 2744 3322; x_wconf 88' lang='lat' dir='ltr'>manuum</span> <span class='ocrx_word' id='word_1_577' title='bbox 2773 3285 3028 3322; x_wconf 85' lang='lat' dir='ltr'>mearum</span> <span class='ocrx_word' id='word_1_578' title='bbox 3049 3267 3385 3322; x_wconf 89' lang='lat' dir='ltr'>sacriﬁcium</span> 
     </span>
    </p>
   </div>
   <div class='ocr_carea' id='block_1_72' title="bbox 1787 3357 3386 3428">
    <p class='ocr_par' dir='ltr' id='par_1_72' title="bbox 1787 3357 3386 3428">
     <span class='ocr_line' id='line_1_72' title="bbox 1787 3357 3386 3428; baseline 0 -18"><span class='ocrx_word' id='word_1_579' title='bbox 1787 3358 2167 3428; x_wconf 87' lang='lat' dir='ltr'>vespertinum</span> <span class='ocrx_word' id='word_1_580' title='bbox 2211 3360 2375 3424; x_wconf 71' lang='lat' dir='ltr'>(Psal.</span> <span class='ocrx_word' id='word_1_581' title='bbox 2410 3362 2554 3426; x_wconf 67' lang='lat' dir='ltr'>exc).</span> <span class='ocrx_word' id='word_1_582' title='bbox 2595 3377 2622 3414; x_wconf 67' lang='grc' dir='ltr'>ι)</span> <span class='ocrx_word' id='word_1_583' title='bbox 2661 3358 2853 3410; x_wconf 88' lang='lat' dir='ltr'>Elevat</span> <span class='ocrx_word' id='word_1_584' title='bbox 2890 3373 3092 3410; x_wconf 87' lang='lat' dir='ltr'>manus</span> <span class='ocrx_word' id='word_1_585' title='bbox 3142 3357 3257 3424; x_wconf 89' lang='lat' dir='ltr'>ille,</span> <span class='ocrx_word' id='word_1_586' title='bbox 3293 3357 3386 3428; x_wconf 91' lang='lat' dir='ltr'>qui</span> 
     </span>
    </p>
   </div>
   <div class='ocr_carea' id='block_1_73' title="bbox 1790 3444 3391 3516">
    <p class='ocr_par' dir='ltr' id='par_1_73' title="bbox 1790 3444 3391 3516">
     <span class='ocr_line' id='line_1_73' title="bbox 1790 3444 3391 3516; baseline -0.001 -16"><span class='ocrx_word' id='word_1_587' title='bbox 1790 3447 1970 3500; x_wconf 89' lang='lat' dir='ltr'>elevat</span> <span class='ocrx_word' id='word_1_588' title='bbox 1987 3452 2145 3500; x_wconf 88' lang='lat' dir='ltr'>actus</span> <span class='ocrx_word' id='word_1_589' title='bbox 2166 3463 2317 3500; x_wconf 90' lang='lat' dir='ltr'>suos.</span> <span class='ocrx_word' id='word_1_590' title='bbox 2338 3445 2532 3505; x_wconf 83' lang='lat' dir='ltr'>Aliter,</span> <span class='ocrx_word' id='word_1_591' title='bbox 2549 3447 2738 3516; x_wconf 80' lang='lat' dir='ltr'>Moyse</span> <span class='ocrx_word' id='word_1_592' title='bbox 2759 3445 3010 3499; x_wconf 89' lang='lat' dir='ltr'>elevante</span> <span class='ocrx_word' id='word_1_593' title='bbox 3029 3462 3249 3510; x_wconf 87' lang='lat' dir='ltr'>manus,</span> <span class='ocrx_word' id='word_1_594' title='bbox 3273 3444 3391 3498; x_wconf 89' lang='lat' dir='ltr'>vin-</span> 
     </span>
    </p>
   </div>
   <div class='ocr_carea' id='block_1_74' title="bbox 1790 3533 3390 3604">
    <p class='ocr_par' dir='ltr' id='par_1_74' title="bbox 1790 3533 3390 3604">
     <span class='ocr_line' id='line_1_74' title="bbox 1790 3533 3390 3604; baseline 0 -18"><span class='ocrx_word' id='word_1_595' title='bbox 1790 3533 1950 3587; x_wconf 88' lang='lat' dir='ltr'>cebat</span> <span class='ocrx_word' id='word_1_596' title='bbox 1977 3534 2493 3597; x_wconf 88' lang='lat' dir='ltr'>Israel,dimittente</span> <span class='ocrx_word' id='word_1_597' title='bbox 2520 3551 2670 3598; x_wconf 89' lang='lat' dir='ltr'>vero,</span> <span class='ocrx_word' id='word_1_598' title='bbox 2686 3533 3239 3600; x_wconf 87' lang='lat' dir='ltr'>vincebatAmalecb;</span> <span class='ocrx_word' id='word_1_599' title='bbox 3257 3533 3390 3604; x_wconf 88' lang='lat' dir='ltr'>quia</span> 
     </span>
    </p>
   </div>
   <div class='ocr_carea' id='block_1_75' title="bbox 1791 3621 3382 3686">
    <p class='ocr_par' dir='ltr' id='par_1_75' title="bbox 1791 3621 3382 3686">
     <span class='ocr_line' id='line_1_75' title="bbox 1791 3621 3382 3686; baseline -0.001 -10"><span class='ocrx_word' id='word_1_600' title='bbox 1791 3623 1968 3676; x_wconf 89' lang='lat' dir='ltr'>donec</span> <span class='ocrx_word' id='word_1_601' title='bbox 1995 3623 2242 3677; x_wconf 88' lang='lat' dir='ltr'>famulus</span> <span class='ocrx_word' id='word_1_602' title='bbox 2269 3623 2369 3677; x_wconf 91' lang='lat' dir='ltr'>Dei</span> <span class='ocrx_word' id='word_1_603' title='bbox 2397 3623 2580 3676; x_wconf 88' lang='lat' dir='ltr'>elevat</span> <span class='ocrx_word' id='word_1_604' title='bbox 2607 3629 2763 3678; x_wconf 88' lang='lat' dir='ltr'>actus</span> <span class='ocrx_word' id='word_1_605' title='bbox 2794 3639 2924 3677; x_wconf 90' lang='lat' dir='ltr'>suos</span> <span class='ocrx_word' id='word_1_606' title='bbox 2957 3622 3029 3675; x_wconf 89' lang='lat' dir='ltr'>ad</span> <span class='ocrx_word' id='word_1_607' title='bbox 3058 3621 3382 3686; x_wconf 89' lang='lat' dir='ltr'>Dominum,</span> 
     </span>
    </p>
   </div>
   <div class='ocr_carea' id='block_1_76' title="bbox 1790 3711 3384 3782">
    <p class='ocr_par' dir='ltr' id='par_1_76' title="bbox 1790 3711 3384 3782">
     <span class='ocr_line' id='line_1_76' title="bbox 1790 3711 3384 3782; baseline -0.001 -19"><span class='ocrx_word' id='word_1_608' title='bbox 1790 3711 1961 3764; x_wconf 90' lang='lat' dir='ltr'>vincit</span> <span class='ocrx_word' id='word_1_609' title='bbox 1990 3711 2144 3782; x_wconf 87' lang='lat' dir='ltr'>plebs</span> <span class='ocrx_word' id='word_1_610' title='bbox 2172 3711 2294 3776; x_wconf 91' lang='lat' dir='ltr'>Dei,</span> <span class='ocrx_word' id='word_1_611' title='bbox 2335 3728 2461 3765; x_wconf 92' lang='lat' dir='ltr'>cum</span> <span class='ocrx_word' id='word_1_612' title='bbox 2499 3717 2688 3766; x_wconf 89' lang='lat' dir='ltr'>autem</span> <span class='ocrx_word' id='word_1_613' title='bbox 2719 3711 2995 3765; x_wconf 86' lang='lat' dir='ltr'>dimiserit</span> <span class='ocrx_word' id='word_1_614' title='bbox 3037 3716 3195 3764; x_wconf 79' lang='lat' dir='ltr'>actus</span> <span class='ocrx_word' id='word_1_615' title='bbox 3235 3726 3384 3770; x_wconf 91' lang='lat' dir='ltr'>suos,</span> 
     </span>
    </p>
   </div>
   <div class='ocr_carea' id='block_1_77' title="bbox 1790 3797 3390 3868">
    <p class='ocr_par' dir='ltr' id='par_1_77' title="bbox 1790 3797 3390 3868">
     <span class='ocr_line' id='line_1_77' title="bbox 1790 3797 3390 3868; baseline -0.001 -14"><span class='ocrx_word' id='word_1_616' title='bbox 1790 3800 1964 3854; x_wconf 87' lang='lat' dir='ltr'>vincit</span> <span class='ocrx_word' id='word_1_617' title='bbox 1979 3800 2267 3866; x_wconf 87' lang='lat' dir='ltr'>Amalech,</span> <span class='ocrx_word' id='word_1_618' title='bbox 2294 3799 2548 3854; x_wconf 89' lang='lat' dir='ltr'>inimicus</span> <span class='ocrx_word' id='word_1_619' title='bbox 2574 3799 2676 3853; x_wconf 91' lang='lat' dir='ltr'>Dei</span> <span class='ocrx_word' id='word_1_620' title='bbox 2731 3819 2756 3848; x_wconf 94' lang='lat'><strong>«</strong></span> <span class='ocrx_word' id='word_1_621' title='bbox 2793 3797 3118 3864; x_wconf 76' lang='lat' dir='ltr'>Exsultavit,</span> <span class='ocrx_word' id='word_1_622' title='bbox 3149 3817 3172 3848; x_wconf 77' lang='grc' dir='ltr'><strong><em>ι</em></strong></span> <span class='ocrx_word' id='word_1_623' title='bbox 3203 3797 3390 3868; x_wconf 91' lang='lat' dir='ltr'>inquit</span> 
     </span>
    </p>
   </div>
   <div class='ocr_carea' id='block_1_78' title="bbox 1787 3885 3389 3953">
    <p class='ocr_par' dir='ltr' id='par_1_78' title="bbox 1787 3885 3389 3953">
     <span class='ocr_line' id='line_1_78' title="bbox 1787 3885 3389 3953; baseline -0.002 -11"><span class='ocrx_word' id='word_1_624' title='bbox 1787 3889 1970 3953; x_wconf 87' lang='lat' dir='ltr'>Anna,</span> <span class='ocrx_word' id='word_1_625' title='bbox 2003 3905 2032 3938; x_wconf 76' lang='grc' dir='ltr'>(ι</span> <span class='ocrx_word' id='word_1_626' title='bbox 2061 3903 2158 3942; x_wconf 91' lang='lat' dir='ltr'>cor</span> <span class='ocrx_word' id='word_1_627' title='bbox 2183 3903 2371 3941; x_wconf 89' lang='lat' dir='ltr'>meum</span> <span class='ocrx_word' id='word_1_628' title='bbox 2404 3905 2430 3938; x_wconf 87' lang='lat'>»</span> <span class='ocrx_word' id='word_1_629' title='bbox 2464 3892 2520 3940; x_wconf 90' lang='lat' dir='ltr'>ct</span> <span class='ocrx_word' id='word_1_630' title='bbox 2549 3885 2864 3940; x_wconf 88' lang='lat' dir='ltr'>necessarie</span> <span class='ocrx_word' id='word_1_631' title='bbox 2893 3885 3129 3946; x_wconf 83' lang='lat' dir='ltr'>addidit,</span> <span class='ocrx_word' id='word_1_632' title='bbox 3155 3903 3182 3939; x_wconf 69' lang='grc' dir='ltr'><strong>α</strong></span> <span class='ocrx_word' id='word_1_633' title='bbox 3201 3886 3262 3938; x_wconf 91' lang='lat' dir='ltr'>in</span> <span class='ocrx_word' id='word_1_634' title='bbox 3282 3885 3389 3939; x_wconf 92' lang='lat' dir='ltr'>Do-</span> 
     </span>
    </p>
   </div>
   <div class='ocr_carea' id='block_1_79' title="bbox 1789 3973 3388 4043">
    <p class='ocr_par' dir='ltr' id='par_1_79' title="bbox 1789 3973 3388 4043">
     <span class='ocr_line' id='line_1_79' title="bbox 1789 3973 3388 4043; baseline -0.002 -13"><span class='ocrx_word' id='word_1_635' title='bbox 1789 3976 1960 4043; x_wconf 90' lang='lat' dir='ltr'>mino,</span> <span class='ocrx_word' id='word_1_636' title='bbox 1996 3996 2020 4028; x_wconf 83' lang='grc'>›)</span> <span class='ocrx_word' id='word_1_637' title='bbox 2051 3983 2118 4030; x_wconf 90' lang='lat' dir='ltr'>ut</span> <span class='ocrx_word' id='word_1_638' title='bbox 2145 3976 2351 4030; x_wconf 89' lang='lat' dir='ltr'>Paulus</span> <span class='ocrx_word' id='word_1_639' title='bbox 2375 3975 2541 4029; x_wconf 86' lang='lat' dir='ltr'>dixit:</span> <span class='ocrx_word' id='word_1_640' title='bbox 2574 3995 2596 4026; x_wconf 76' lang='grc' dir='ltr'>ι</span> <span class='ocrx_word' id='word_1_641' title='bbox 2631 3975 2884 4029; x_wconf 87' lang='lat' dir='ltr'>Gaudete</span> <span class='ocrx_word' id='word_1_642' title='bbox 2906 3973 2964 4028; x_wconf 92' lang='lat' dir='ltr'>in</span> <span class='ocrx_word' id='word_1_643' title='bbox 2991 3974 3228 4029; x_wconf 91' lang='lat' dir='ltr'>Domino</span> <span class='ocrx_word' id='word_1_644' title='bbox 3247 3990 3388 4027; x_wconf 89' lang='lat' dir='ltr'>sem-</span> 
     </span>
    </p>
   </div>
   <div class='ocr_carea' id='block_1_80' title="bbox 1792 4063 3387 4137">
    <p class='ocr_par' dir='ltr' id='par_1_80' title="bbox 1792 4063 3387 4137">
     <span class='ocr_line' id='line_1_80' title="bbox 1792 4063 3387 4137; baseline -0.002 -17"><span class='ocrx_word' id='word_1_645' title='bbox 1792 4082 1893 4137; x_wconf 86' lang='lat' dir='ltr'>per</span> <span class='ocrx_word' id='word_1_646' title='bbox 1917 4066 2061 4134; x_wconf 77' lang='lat' dir='ltr'>(Ph-il</span> <span class='ocrx_word' id='word_1_647' title='bbox 2116 4068 2210 4127; x_wconf 84' lang='lat' dir='ltr'>1v),</span> <span class='ocrx_word' id='word_1_648' title='bbox 2242 4084 2264 4115; x_wconf 74' lang='grc' dir='ltr'><strong><em>ι</em></strong></span> <span class='ocrx_word' id='word_1_649' title='bbox 2299 4064 2431 4135; x_wconf 88' lang='lat' dir='ltr'>quia</span> <span class='ocrx_word' id='word_1_650' title='bbox 2460 4069 2645 4135; x_wconf 90' lang='lat' dir='ltr'>potest</span> <span class='ocrx_word' id='word_1_651' title='bbox 2675 4063 2802 4134; x_wconf 89' lang='lat' dir='ltr'>quis</span> <span class='ocrx_word' id='word_1_652' title='bbox 2829 4064 3076 4135; x_wconf 85' lang='lat' dir='ltr'>gaudere</span> <span class='ocrx_word' id='word_1_653' title='bbox 3104 4063 3163 4117; x_wconf 93' lang='lat' dir='ltr'>in</span> <span class='ocrx_word' id='word_1_654' title='bbox 3191 4079 3387 4118; x_wconf 89' lang='lat' dir='ltr'>carna-</span> 
     </span>
    </p>
   </div>
   <div class='ocr_carea' id='block_1_81' title="bbox 1791 4151 3390 4220">
    <p class='ocr_par' dir='ltr' id='par_1_81' title="bbox 1791 4151 3390 4220">
     <span class='ocr_line' id='line_1_81' title="bbox 1791 4151 3390 4220; baseline -0.003 -11"><span class='ocrx_word' id='word_1_655' title='bbox 1791 4155 1956 4210; x_wconf 89' lang='lat' dir='ltr'>libus.</span> <span class='ocrx_word' id='word_1_656' title='bbox 1992 4157 2132 4210; x_wconf 89' lang='lat' dir='ltr'>Cum</span> <span class='ocrx_word' id='word_1_657' title='bbox 2181 4171 2270 4208; x_wconf 91' lang='lat' dir='ltr'>me</span> <span class='ocrx_word' id='word_1_658' title='bbox 2301 4153 2558 4208; x_wconf 88' lang='lat' dir='ltr'>homines</span> <span class='ocrx_word' id='word_1_659' title='bbox 2601 4154 2851 4220; x_wconf 89' lang='lat' dir='ltr'>laudant,</span> <span class='ocrx_word' id='word_1_660' title='bbox 2889 4170 3002 4208; x_wconf 91' lang='lat' dir='ltr'>non</span> <span class='ocrx_word' id='word_1_661' title='bbox 3055 4153 3113 4207; x_wconf 94' lang='lat' dir='ltr'>in</span> <span class='ocrx_word' id='word_1_662' title='bbox 3151 4151 3390 4206; x_wconf 90' lang='lat' dir='ltr'>Domino</span> 
     </span>
    </p>
   </div>
   <div class='ocr_carea' id='block_1_82' title="bbox 133 4235 3391 4316">
    <p class='ocr_par' dir='ltr' id='par_1_82' title="bbox 133 4235 3391 4316">
     <span class='ocr_line' id='line_1_82' title="bbox 133 4235 3391 4316; baseline -0.001 -21"><span class='ocrx_word' id='word_1_663' title='bbox 133 4235 351 4307; x_wconf 78' lang='lat' dir='ltr'>Singulas</span> <span class='ocrx_word' id='word_1_664' title='bbox 367 4242 772 4312; x_wconf 86' lang='lat' dir='ltr'>generationes</span> <span class='ocrx_word' id='word_1_665' title='bbox 787 4241 888 4296; x_wconf 92' lang='lat' dir='ltr'>Dei</span> <span class='ocrx_word' id='word_1_666' title='bbox 909 4242 968 4296; x_wconf 91' lang='lat' dir='ltr'>in</span> <span class='ocrx_word' id='word_1_667' title='bbox 988 4247 1240 4314; x_wconf 88' lang='lat' dir='ltr'>posteros</span> <span class='ocrx_word' id='word_1_668' title='bbox 1259 4241 1556 4296; x_wconf 89' lang='lat' dir='ltr'>clementia</span> <span class='ocrx_word' id='word_1_669' title='bbox 1573 4258 1712 4312; x_wconf 85' lang='lat' dir='ltr'>prae-</span> <span class='ocrx_word' id='word_1_670' title='bbox 1789 4244 2028 4316; x_wconf 88' lang='lat' dir='ltr'>gaudeo,</span> <span class='ocrx_word' id='word_1_671' title='bbox 2061 4244 2158 4299; x_wconf 89' lang='lat' dir='ltr'>sed</span> <span class='ocrx_word' id='word_1_672' title='bbox 2192 4244 2413 4314; x_wconf 87' lang='lat' dir='ltr'>gaudeo</span> <span class='ocrx_word' id='word_1_673' title='bbox 2457 4243 2516 4297; x_wconf 92' lang='lat' dir='ltr'>in</span> <span class='ocrx_word' id='word_1_674' title='bbox 2547 4243 2792 4297; x_wconf 87' lang='lat' dir='ltr'>vanitate</span> <span class='ocrx_word' id='word_1_675' title='bbox 2824 4262 2834 4295; x_wconf 99' lang='lat'>:</span> <span class='ocrx_word' id='word_1_676' title='bbox 2881 4243 3011 4296; x_wconf 88' lang='lat' dir='ltr'>hinc</span> <span class='ocrx_word' id='word_1_677' title='bbox 3045 4256 3391 4311; x_wconf 88' lang='lat' dir='ltr'>compungar</span> 
     </span>
    </p>
   </div>
   <div class='ocr_carea' id='block_1_83' title="bbox 131 4321 3390 4423">
    <p class='ocr_par' dir='ltr' id='par_1_83' title="bbox 131 4321 3390 4423">
     <span class='ocr_line' id='line_1_83' title="bbox 131 4321 3390 4423; baseline -0.008 -16"><span class='ocrx_word' id='word_1_678' title='bbox 131 4321 336 4423; x_wconf 39' lang='grc' dir='ltr'>(ἔφθιτ’</span> <span class='ocrx_word' id='word_1_679' title='bbox 367 4347 470 4401; x_wconf 64' lang='lat' dir='ltr'>Pro</span> <span class='ocrx_word' id='word_1_680' title='bbox 519 4345 637 4402; x_wconf 86' lang='lat' dir='ltr'>quo</span> <span class='ocrx_word' id='word_1_681' title='bbox 689 4331 834 4384; x_wconf 83' lang='lat' dir='ltr'>LXX</span> <span class='ocrx_word' id='word_1_682' title='bbox 873 4337 1198 4402; x_wconf 89' lang='lat' dir='ltr'>posuerunt.</span> <span class='ocrx_word' id='word_1_683' title='bbox 1235 4329 1320 4385; x_wconf 85' lang='lat' dir='ltr'>Ab</span> <span class='ocrx_word' id='word_1_684' title='bbox 1365 4330 1529 4384; x_wconf 83' lang='lat' dir='ltr'>hodie</span> <span class='ocrx_word' id='word_1_685' title='bbox 1559 4330 2020 4423; x_wconf 81' lang='lat' dir='ltr'>enimDpropter</span> <span class='ocrx_word' id='word_1_686' title='bbox 2055 4332 2285 4388; x_wconf 86' lang='lat' dir='ltr'>verbum</span> <span class='ocrx_word' id='word_1_687' title='bbox 2329 4333 2445 4396; x_wconf 91' lang='lat' dir='ltr'>Dei,</span> <span class='ocrx_word' id='word_1_688' title='bbox 2493 4349 2621 4386; x_wconf 89' lang='lat' dir='ltr'>cum</span> <span class='ocrx_word' id='word_1_689' title='bbox 2667 4331 2839 4385; x_wconf 87' lang='lat' dir='ltr'>dicit:</span> <span class='ocrx_word' id='word_1_690' title='bbox 2887 4349 2914 4384; x_wconf 70' lang='grc' dir='ltr'><strong><em>α</em></strong></span> <span class='ocrx_word' id='word_1_691' title='bbox 2955 4329 3264 4423; x_wconf 82' lang='lat' dir='ltr'>Exsultavit</span> <span class='ocrx_word' id='word_1_692' title='bbox 3295 4345 3390 4382; x_wconf 90' lang='lat' dir='ltr'>cor</span> 
     </span>
    </p>
   </div>
   <div class='ocr_carea' id='block_1_84' title="bbox 132 4412 3391 4490">
    <p class='ocr_par' dir='ltr' id='par_1_84' title="bbox 132 4412 3391 4490">
     <span class='ocr_line' id='line_1_84' title="bbox 132 4412 3391 4490; baseline 0.002 -26"><span class='ocrx_word' id='word_1_693' title='bbox 132 4412 252 4468; x_wconf 84' lang='lat' dir='ltr'>ﬁlios</span> <span class='ocrx_word' id='word_1_694' title='bbox 276 4417 496 4484; x_wconf 80' lang='lat' dir='ltr'>faciam,</span> <span class='ocrx_word' id='word_1_695' title='bbox 525 4419 629 4490; x_wconf 87' lang='lat' dir='ltr'>qui</span> <span class='ocrx_word' id='word_1_696' title='bbox 651 4419 1066 4474; x_wconf 89' lang='lat' dir='ltr'>annuntiabunt</span> <span class='ocrx_word' id='word_1_697' title='bbox 1078 4419 1360 4489; x_wconf 88' lang='lat' dir='ltr'>justitiam</span> <span class='ocrx_word' id='word_1_698' title='bbox 1380 4425 1558 4485; x_wconf 90' lang='lat' dir='ltr'>tuam,</span> <span class='ocrx_word' id='word_1_699' title='bbox 1583 4436 1712 4474; x_wconf 88' lang='lat' dir='ltr'>cau-</span> <span class='ocrx_word' id='word_1_700' title='bbox 1729 4412 1770 4423; x_wconf 56' lang='grc' dir='ltr'><em>υ</em></span> <span class='ocrx_word' id='word_1_701' title='bbox 1791 4439 1981 4476; x_wconf 90' lang='lat' dir='ltr'>meum</span> <span class='ocrx_word' id='word_1_702' title='bbox 2010 4421 2069 4475; x_wconf 93' lang='lat' dir='ltr'>in</span> <span class='ocrx_word' id='word_1_703' title='bbox 2089 4421 2346 4476; x_wconf 90' lang='lat' dir='ltr'>Domino.</span> <span class='ocrx_word' id='word_1_704' title='bbox 2369 4439 2395 4472; x_wconf 73' lang='grc' dir='ltr'><strong><em>ιο</em></strong></span> <span class='ocrx_word' id='word_1_705' title='bbox 2418 4419 2579 4474; x_wconf 88' lang='lat' dir='ltr'>Dicat</span> <span class='ocrx_word' id='word_1_706' title='bbox 2599 4436 2732 4489; x_wconf 89' lang='lat' dir='ltr'>ergo</span> <span class='ocrx_word' id='word_1_707' title='bbox 2763 4421 2942 4482; x_wconf 86' lang='lat' dir='ltr'>Anna,</span> <span class='ocrx_word' id='word_1_708' title='bbox 2968 4435 3090 4488; x_wconf 70' lang='lat' dir='ltr'>quae</span> <span class='ocrx_word' id='word_1_709' title='bbox 3117 4416 3391 4486; x_wconf 89' lang='lat' dir='ltr'>interpre-</span> 
     </span>
    </p>
   </div>
   <div class='ocr_carea' id='block_1_85' title="bbox 130 4501 1708 4579">
    <p class='ocr_par' dir='ltr' id='par_1_85' title="bbox 130 4501 1708 4579">
     <span class='ocr_line' id='line_1_85' title="bbox 130 4501 1708 4579; baseline 0.004 -24"><span class='ocrx_word' id='word_1_710' title='bbox 130 4501 257 4568; x_wconf 66' lang='lat' dir='ltr'>mlis,</span> <span class='ocrx_word' id='word_1_711' title='bbox 288 4523 409 4578; x_wconf 76' lang='lat' dir='ltr'>quae</span> <span class='ocrx_word' id='word_1_712' title='bbox 455 4507 786 4578; x_wconf 89' lang='lat' dir='ltr'>conjunctio</span> <span class='ocrx_word' id='word_1_713' title='bbox 834 4509 1129 4579; x_wconf 89' lang='lat' dir='ltr'>sequentia</span> <span class='ocrx_word' id='word_1_714' title='bbox 1169 4525 1296 4562; x_wconf 90' lang='lat' dir='ltr'>cum</span> <span class='ocrx_word' id='word_1_715' title='bbox 1325 4508 1708 4578; x_wconf 89' lang='lat' dir='ltr'>superioribus</span> 
     </span>
    </p>
   </div>
   <div class='ocr_carea' id='block_1_86' title="bbox 129 4594 1710 4668">
    <p class='ocr_par' dir='ltr' id='par_1_86' title="bbox 129 4594 1710 4668">
     <span class='ocr_line' id='line_1_86' title="bbox 129 4594 1710 4668; baseline 0.005 -25"><span class='ocrx_word' id='word_1_716' title='bbox 129 4594 344 4662; x_wconf 84' lang='lat' dir='ltr'>copulat,</span> <span class='ocrx_word' id='word_1_717' title='bbox 379 4597 536 4667; x_wconf 89' lang='lat' dir='ltr'>quod</span> <span class='ocrx_word' id='word_1_718' title='bbox 579 4596 838 4650; x_wconf 84' lang='lat' dir='ltr'>videlicet</span> <span class='ocrx_word' id='word_1_719' title='bbox 874 4597 1082 4651; x_wconf 91' lang='lat' dir='ltr'>idcirco</span> <span class='ocrx_word' id='word_1_720' title='bbox 1119 4597 1366 4652; x_wconf 86' lang='lat' dir='ltr'>viventes</span> <span class='ocrx_word' id='word_1_721' title='bbox 1403 4603 1460 4651; x_wconf 93' lang='lat' dir='ltr'>et</span> <span class='ocrx_word' id='word_1_722' title='bbox 1488 4597 1605 4668; x_wconf 90' lang='lat' dir='ltr'>ipse</span> <span class='ocrx_word' id='word_1_723' title='bbox 1634 4597 1710 4651; x_wconf 90' lang='lat' dir='ltr'>vi-</span> 
     </span>
    </p>
   </div>
   <div class='ocr_carea' id='block_1_87' title="bbox 129 4681 1711 4756">
    <p class='ocr_par' dir='ltr' id='par_1_87' title="bbox 129 4681 1711 4756">
     <span class='ocr_line' id='line_1_87' title="bbox 129 4681 1711 4756; baseline 0.004 -23"><span class='ocrx_word' id='word_1_724' title='bbox 129 4692 242 4736; x_wconf 65' lang='lat' dir='ltr'>vens</span> <span class='ocrx_word' id='word_1_725' title='bbox 269 4681 616 4739; x_wconf 85' lang='lat' dir='ltr'>benedicant</span> <span class='ocrx_word' id='word_1_726' title='bbox 658 4685 793 4751; x_wconf 91' lang='lat' dir='ltr'>Deo,</span> <span class='ocrx_word' id='word_1_727' title='bbox 827 4685 959 4756; x_wconf 84' lang='lat' dir='ltr'>quia</span> <span class='ocrx_word' id='word_1_728' title='bbox 989 4685 1060 4739; x_wconf 90' lang='lat' dir='ltr'>ab</span> <span class='ocrx_word' id='word_1_729' title='bbox 1098 4686 1204 4740; x_wconf 89' lang='lat' dir='ltr'>hac</span> <span class='ocrx_word' id='word_1_730' title='bbox 1239 4685 1330 4740; x_wconf 91' lang='lat' dir='ltr'>die</span> <span class='ocrx_word' id='word_1_731' title='bbox 1360 4686 1610 4740; x_wconf 89' lang='lat' dir='ltr'>facturus</span> <span class='ocrx_word' id='word_1_732' title='bbox 1637 4685 1711 4740; x_wconf 89' lang='lat' dir='ltr'>sit</span> 
     </span>
    </p>
   </div>
   <div class='ocr_carea' id='block_1_88' title="bbox 129 4767 1709 4845">
    <p class='ocr_par' dir='ltr' id='par_1_88' title="bbox 129 4767 1709 4845">
     <span class='ocr_line' id='line_1_88' title="bbox 129 4767 1709 4845; baseline 0.006 -26"><span class='ocrx_word' id='word_1_733' title='bbox 129 4767 268 4835; x_wconf 85' lang='lat' dir='ltr'>ﬁlios,</span> <span class='ocrx_word' id='word_1_734' title='bbox 313 4773 407 4843; x_wconf 90' lang='lat' dir='ltr'>qui</span> <span class='ocrx_word' id='word_1_735' title='bbox 454 4773 810 4828; x_wconf 86' lang='lat' dir='ltr'>annuntient</span> <span class='ocrx_word' id='word_1_736' title='bbox 845 4773 1139 4828; x_wconf 77' lang='lat' dir='ltr'>veritatem</span> <span class='ocrx_word' id='word_1_737' title='bbox 1169 4775 1292 4844; x_wconf 88' lang='lat' dir='ltr'>ejus</span> <span class='ocrx_word' id='word_1_738' title='bbox 1327 4791 1338 4826; x_wconf 91' lang='lat'>:</span> <span class='ocrx_word' id='word_1_739' title='bbox 1385 4774 1532 4845; x_wconf 90' lang='lat' dir='ltr'>quod</span> <span class='ocrx_word' id='word_1_740' title='bbox 1559 4780 1709 4828; x_wconf 89' lang='lat' dir='ltr'>certe</span> 
     </span>
    </p>
   </div>
   <div class='ocr_carea' id='block_1_89' title="bbox 130 4861 1710 4934">
    <p class='ocr_par' dir='ltr' id='par_1_89' title="bbox 130 4861 1710 4934">
     <span class='ocr_line' id='line_1_89' title="bbox 130 4861 1710 4934; baseline 0.003 -22"><span class='ocrx_word' id='word_1_741' title='bbox 130 4869 224 4912; x_wconf 75' lang='lat' dir='ltr'>suae</span> <span class='ocrx_word' id='word_1_742' title='bbox 241 4875 348 4915; x_wconf 92' lang='lat' dir='ltr'>non</span> <span class='ocrx_word' id='word_1_743' title='bbox 384 4868 514 4916; x_wconf 89' lang='lat' dir='ltr'>erat</span> <span class='ocrx_word' id='word_1_744' title='bbox 532 4861 852 4934; x_wconf 88' lang='lat' dir='ltr'>potestatis,</span> <span class='ocrx_word' id='word_1_745' title='bbox 870 4879 1052 4934; x_wconf 90' lang='lat' dir='ltr'>neque</span> <span class='ocrx_word' id='word_1_746' title='bbox 1073 4863 1225 4917; x_wconf 90' lang='lat' dir='ltr'>enim</span> <span class='ocrx_word' id='word_1_747' title='bbox 1251 4879 1354 4934; x_wconf 92' lang='lat' dir='ltr'>per</span> <span class='ocrx_word' id='word_1_748' title='bbox 1372 4864 1710 4934; x_wconf 88' lang='lat' dir='ltr'>Prophetam</span> 
     </span>
    </p>
   </div>
   <div class='ocr_carea' id='block_1_90' title="bbox 127 4943 1708 5022">
    <p class='ocr_par' dir='ltr' id='par_1_90' title="bbox 127 4943 1708 5022">
     <span class='ocr_line' id='line_1_90' title="bbox 127 4943 1708 5022; baseline 0.005 -23"><span class='ocrx_word' id='word_1_749' title='bbox 127 4943 192 4998; x_wconf 87' lang='lat' dir='ltr'>illi</span> <span class='ocrx_word' id='word_1_750' title='bbox 231 4947 388 5004; x_wconf 87' lang='lat' dir='ltr'>liberi</span> <span class='ocrx_word' id='word_1_751' title='bbox 445 4949 782 5022; x_wconf 88' lang='lat' dir='ltr'>repromissi</span> <span class='ocrx_word' id='word_1_752' title='bbox 825 4956 976 5016; x_wconf 89' lang='lat' dir='ltr'>sunt,</span> <span class='ocrx_word' id='word_1_753' title='bbox 1013 4951 1107 5006; x_wconf 88' lang='lat' dir='ltr'>sed</span> <span class='ocrx_word' id='word_1_754' title='bbox 1149 4968 1392 5022; x_wconf 87' lang='lat' dir='ltr'>praesens</span> <span class='ocrx_word' id='word_1_755' title='bbox 1435 4951 1550 5005; x_wconf 87' lang='lat' dir='ltr'>vita</span> <span class='ocrx_word' id='word_1_756' title='bbox 1576 4968 1708 5006; x_wconf 90' lang='lat' dir='ltr'>con-</span> 
     </span>
    </p>
   </div>
   <div class='ocr_carea' id='block_1_91' title="bbox 129 5039 1711 5110">
    <p class='ocr_par' dir='ltr' id='par_1_91' title="bbox 129 5039 1711 5110">
     <span class='ocr_line' id='line_1_91' title="bbox 129 5039 1711 5110; baseline 0.004 -23"><span class='ocrx_word' id='word_1_757' title='bbox 129 5047 274 5102; x_wconf 83' lang='lat' dir='ltr'>cessa,</span> <span class='ocrx_word' id='word_1_758' title='bbox 301 5039 626 5108; x_wconf 61' lang='lat' dir='ltr'>praesertim</span> <span class='ocrx_word' id='word_1_759' title='bbox 662 5056 791 5093; x_wconf 91' lang='lat' dir='ltr'>cum</span> <span class='ocrx_word' id='word_1_760' title='bbox 820 5039 1216 5110; x_wconf 86' lang='lat' dir='ltr'>impiissimum</span> <span class='ocrx_word' id='word_1_761' title='bbox 1244 5040 1422 5094; x_wconf 90' lang='lat' dir='ltr'>ﬁlium</span> <span class='ocrx_word' id='word_1_762' title='bbox 1451 5041 1711 5110; x_wconf 88' lang='lat' dir='ltr'>genuerit</span> 
     </span>
    </p>
   </div>
   <div class='ocr_carea' id='block_1_92' title="bbox 125 5120 1710 5201">
    <p class='ocr_par' dir='ltr' id='par_1_92' title="bbox 125 5120 1710 5201">
     <span class='ocr_line' id='line_1_92' title="bbox 125 5120 1710 5201; baseline 0.004 -25"><span class='ocrx_word' id='word_1_763' title='bbox 125 5120 411 5194; x_wconf 75' lang='lat' dir='ltr'>Manassen,</span> <span class='ocrx_word' id='word_1_764' title='bbox 431 5128 534 5198; x_wconf 89' lang='lat' dir='ltr'>qui</span> <span class='ocrx_word' id='word_1_765' title='bbox 559 5127 859 5198; x_wconf 87' lang='lat' dir='ltr'>repleverit</span> <span class='ocrx_word' id='word_1_766' title='bbox 876 5129 1189 5183; x_wconf 89' lang='lat' dir='ltr'>Jerusalem</span> <span class='ocrx_word' id='word_1_767' title='bbox 1206 5129 1480 5199; x_wconf 88' lang='lat' dir='ltr'>sanguine</span> <span class='ocrx_word' id='word_1_768' title='bbox 1496 5147 1529 5184; x_wconf 89' lang='lat' dir='ltr'>a</span> <span class='ocrx_word' id='word_1_769' title='bbox 1548 5137 1710 5201; x_wconf 87' lang='lat' dir='ltr'>porta</span> 
     </span>
    </p>
   </div>
   <div class='ocr_carea' id='block_1_93' title="bbox 128 5216 1712 5287">
    <p class='ocr_par' dir='ltr' id='par_1_93' title="bbox 128 5216 1712 5287">
     <span class='ocr_line' id='line_1_93' title="bbox 128 5216 1712 5287; baseline 0.004 -21"><span class='ocrx_word' id='word_1_770' title='bbox 128 5223 278 5282; x_wconf 69' lang='lat' dir='ltr'>usque</span> <span class='ocrx_word' id='word_1_771' title='bbox 309 5216 378 5269; x_wconf 88' lang='lat' dir='ltr'>ad</span> <span class='ocrx_word' id='word_1_772' title='bbox 410 5223 666 5287; x_wconf 78' lang='lat' dir='ltr'>portam,</span> <span class='ocrx_word' id='word_1_773' title='bbox 707 5221 765 5270; x_wconf 91' lang='lat' dir='ltr'>et</span> <span class='ocrx_word' id='word_1_774' title='bbox 809 5234 923 5272; x_wconf 90' lang='lat' dir='ltr'>non</span> <span class='ocrx_word' id='word_1_775' title='bbox 959 5217 1260 5284; x_wconf 86' lang='lat' dir='ltr'>benedixit,</span> <span class='ocrx_word' id='word_1_776' title='bbox 1298 5218 1396 5272; x_wconf 88' lang='lat' dir='ltr'>sed</span> <span class='ocrx_word' id='word_1_777' title='bbox 1426 5219 1712 5273; x_wconf 81' lang='lat' dir='ltr'>maledixit</span> 
     </span>
    </p>
   </div>
   <div class='ocr_carea' id='block_1_94' title="bbox 121 5297 1711 5377">
    <p class='ocr_par' dir='ltr' id='par_1_94' title="bbox 121 5297 1711 5377">
     <span class='ocr_line' id='line_1_94' title="bbox 121 5297 1711 5377; baseline 0.005 -24"><span class='ocrx_word' id='word_1_778' title='bbox 121 5297 236 5366; x_wconf 89' lang='lat' dir='ltr'>Deo,</span> <span class='ocrx_word' id='word_1_779' title='bbox 263 5321 622 5376; x_wconf 88' lang='lat' dir='ltr'>persequens</span> <span class='ocrx_word' id='word_1_780' title='bbox 650 5311 842 5360; x_wconf 89' lang='lat' dir='ltr'>sancto</span> <span class='ocrx_word' id='word_1_781' title='bbox 867 5307 918 5376; x_wconf 90' lang='lat' dir='ltr'>ej</span> <span class='ocrx_word' id='word_1_782' title='bbox 928 5323 1010 5361; x_wconf 90' lang='lat' dir='ltr'>us.</span> <span class='ocrx_word' id='word_1_783' title='bbox 1045 5307 1350 5361; x_wconf 87' lang='lat' dir='ltr'>Possumus</span> <span class='ocrx_word' id='word_1_784' title='bbox 1374 5324 1526 5377; x_wconf 89' lang='lat' dir='ltr'>ergo,</span> <span class='ocrx_word' id='word_1_785' title='bbox 1549 5308 1711 5377; x_wconf 85' lang='lat' dir='ltr'>juxta</span> 
     </span>
    </p>
   </div>
   <div class='ocr_carea' id='block_1_95' title="bbox 124 5385 1706 5466">
    <p class='ocr_par' dir='ltr' id='par_1_95' title="bbox 124 5385 1706 5466">
     <span class='ocr_line' id='line_1_95' title="bbox 124 5385 1706 5466; baseline 0.006 -25"><span class='ocrx_word' id='word_1_786' title='bbox 124 5385 263 5454; x_wconf 70' lang='lat' dir='ltr'>LXX,</span> <span class='ocrx_word' id='word_1_787' title='bbox 285 5393 390 5447; x_wconf 90' lang='lat' dir='ltr'>hoc</span> <span class='ocrx_word' id='word_1_788' title='bbox 419 5394 642 5458; x_wconf 86' lang='lat' dir='ltr'>dicere,</span> <span class='ocrx_word' id='word_1_789' title='bbox 668 5395 817 5466; x_wconf 88' lang='lat' dir='ltr'>quod</span> <span class='ocrx_word' id='word_1_790' title='bbox 847 5411 960 5449; x_wconf 91' lang='lat' dir='ltr'>non</span> <span class='ocrx_word' id='word_1_791' title='bbox 979 5395 1182 5450; x_wconf 83' lang='lat' dir='ltr'>dixerit</span> <span class='ocrx_word' id='word_1_792' title='bbox 1199 5396 1346 5450; x_wconf 88' lang='lat' dir='ltr'>ﬁlios</span> <span class='ocrx_word' id='word_1_793' title='bbox 1365 5395 1585 5461; x_wconf 89' lang='lat' dir='ltr'>faciam,</span> <span class='ocrx_word' id='word_1_794' title='bbox 1611 5397 1706 5450; x_wconf 88' lang='lat' dir='ltr'>sed</span> 
     </span>
    </p>
   </div>
   <div class='ocr_carea' id='block_1_96' title="bbox 125 5482 1710 5556">
    <p class='ocr_par' dir='ltr' id='par_1_96' title="bbox 125 5482 1710 5556">
     <span class='ocr_line' id='line_1_96' title="bbox 125 5482 1710 5556; baseline 0.007 -29"><span class='ocrx_word' id='word_1_795' title='bbox 125 5490 267 5547; x_wconf 79' lang='lat' dir='ltr'><strong>PInIA,</strong></span> <span class='ocrx_word' id='word_1_796' title='bbox 299 5483 452 5553; x_wconf 88' lang='lat' dir='ltr'>quod</span> <span class='ocrx_word' id='word_1_797' title='bbox 481 5482 580 5536; x_wconf 87' lang='lat' dir='ltr'>vel</span> <span class='ocrx_word' id='word_1_798' title='bbox 609 5484 885 5554; x_wconf 88' lang='lat' dir='ltr'>parvulos,</span> <span class='ocrx_word' id='word_1_799' title='bbox 916 5484 1001 5538; x_wconf 87' lang='lat' dir='ltr'>vel</span> <span class='ocrx_word' id='word_1_800' title='bbox 1032 5501 1236 5556; x_wconf 90' lang='lat' dir='ltr'>pueros</span> <span class='ocrx_word' id='word_1_801' title='bbox 1267 5485 1382 5538; x_wconf 89' lang='lat' dir='ltr'>sive</span> <span class='ocrx_word' id='word_1_802' title='bbox 1404 5484 1710 5538; x_wconf 88' lang='lat' dir='ltr'>infantulos</span> 
     </span>
    </p>
   </div>
   <div class='ocr_carea' id='block_1_97' title="bbox 127 5571 1712 5643">
    <p class='ocr_par' dir='ltr' id='par_1_97' title="bbox 127 5571 1712 5643">
     <span class='ocr_line' id='line_1_97' title="bbox 127 5571 1712 5643; baseline 0 -18"><span class='ocrx_word' id='word_1_803' title='bbox 127 5571 174 5617; x_wconf 68' lang='lat' dir='ltr'>et</span> <span class='ocrx_word' id='word_1_804' title='bbox 194 5576 440 5638; x_wconf 79' lang='lat' dir='ltr'>posteros</span> <span class='ocrx_word' id='word_1_805' title='bbox 463 5571 862 5643; x_wconf 86' lang='lat' dir='ltr'>intelligimus,</span> <span class='ocrx_word' id='word_1_806' title='bbox 895 5577 961 5627; x_wconf 88' lang='lat' dir='ltr'>ut</span> <span class='ocrx_word' id='word_1_807' title='bbox 987 5589 1053 5626; x_wconf 82' lang='lat' dir='ltr'>ex</span> <span class='ocrx_word' id='word_1_808' title='bbox 1080 5589 1146 5627; x_wconf 91' lang='lat' dir='ltr'>eo</span> <span class='ocrx_word' id='word_1_809' title='bbox 1175 5573 1324 5643; x_wconf 91' lang='lat' dir='ltr'>quod</span> <span class='ocrx_word' id='word_1_810' title='bbox 1353 5573 1472 5642; x_wconf 89' lang='lat' dir='ltr'>ipse</span> <span class='ocrx_word' id='word_1_811' title='bbox 1499 5572 1712 5627; x_wconf 89' lang='lat' dir='ltr'>miseri-</span> 
     </span>
    </p>
   </div>
   <div class='ocr_carea' id='block_1_98' title="bbox 342 5670 845 5734">
    <p class='ocr_par' dir='ltr' id='par_1_98' title="bbox 342 5670 845 5734">
     <span class='ocr_line' id='line_1_98' title="bbox 342 5670 845 5734; baseline 0.002 -3"><span class='ocrx_word' id='word_1_812' title='bbox 342 5671 628 5734; x_wconf 75' lang='grc' dir='ltr'>ΡΑτιιοι.</span> <span class='ocrx_word' id='word_1_813' title='bbox 662 5670 845 5733; x_wconf 87' lang='lat' dir='ltr'><strong>CXII.</strong></span> 
     </span>
    </p>
   </div>
   <div class='ocr_carea' id='block_1_99' title="bbox 1791 4504 3388 4580">
    <p class='ocr_par' dir='ltr' id='par_1_99' title="bbox 1791 4504 3388 4580">
     <span class='ocr_line' id='line_1_99' title="bbox 1791 4504 3388 4580; baseline -0.004 -15"><span class='ocrx_word' id='word_1_814' title='bbox 1791 4515 1946 4565; x_wconf 89' lang='lat' dir='ltr'>tatur</span> <span class='ocrx_word' id='word_1_815' title='bbox 1970 4509 2172 4580; x_wconf 89' lang='lat' dir='ltr'>gratia,</span> <span class='ocrx_word' id='word_1_816' title='bbox 2198 4507 2440 4562; x_wconf 89' lang='lat' dir='ltr'>Ecclesia</span> <span class='ocrx_word' id='word_1_817' title='bbox 2467 4507 2723 4560; x_wconf 90' lang='lat' dir='ltr'>videlicet</span> <span class='ocrx_word' id='word_1_818' title='bbox 2753 4505 2980 4571; x_wconf 87' lang='lat' dir='ltr'>Christi,</span> <span class='ocrx_word' id='word_1_819' title='bbox 3011 4504 3202 4558; x_wconf 81' lang='lat' dir='ltr'>civitas</span> <span class='ocrx_word' id='word_1_820' title='bbox 3239 4505 3388 4575; x_wconf 89' lang='lat' dir='ltr'>regis</span> 
     </span>
    </p>
   </div>
   <div class='ocr_carea' id='block_1_100' title="bbox 1793 4593 3386 4670">
    <p class='ocr_par' dir='ltr' id='par_1_100' title="bbox 1793 4593 3386 4670">
     <span class='ocr_line' id='line_1_100' title="bbox 1793 4593 3386 4670; baseline -0.004 -17"><span class='ocrx_word' id='word_1_821' title='bbox 1793 4599 2000 4670; x_wconf 82' lang='lat' dir='ltr'>magni,</span> <span class='ocrx_word' id='word_1_822' title='bbox 2047 4597 2233 4669; x_wconf 87' lang='lat' dir='ltr'>gratia</span> <span class='ocrx_word' id='word_1_823' title='bbox 2277 4597 2461 4667; x_wconf 85' lang='lat' dir='ltr'>plena,</span> <span class='ocrx_word' id='word_1_824' title='bbox 2513 4595 2666 4666; x_wconf 90' lang='lat' dir='ltr'>prole</span> <span class='ocrx_word' id='word_1_825' title='bbox 2714 4593 2970 4659; x_wconf 85' lang='lat' dir='ltr'>fecunda,</span> <span class='ocrx_word' id='word_1_826' title='bbox 2996 4593 3182 4670; x_wconf 81' lang='lat' dir='ltr'>dicat.</span> <span class='ocrx_word' id='word_1_827' title='bbox 3238 4593 3386 4664; x_wconf 90' lang='lat' dir='ltr'>quod</span> 
     </span>
    </p>
   </div>
   <div class='ocr_carea' id='block_1_101' title="bbox 1790 4669 3388 4754">
    <p class='ocr_par' dir='ltr' id='par_1_101' title="bbox 1790 4669 3388 4754">
     <span class='ocr_line' id='line_1_101' title="bbox 1790 4669 3388 4754; baseline -0.004 -13"><span class='ocrx_word' id='word_1_828' title='bbox 1790 4692 1949 4741; x_wconf 90' lang='lat' dir='ltr'>tanto</span> <span class='ocrx_word' id='word_1_829' title='bbox 1980 4692 2111 4740; x_wconf 90' lang='lat' dir='ltr'>ante</span> <span class='ocrx_word' id='word_1_830' title='bbox 2138 4685 2208 4740; x_wconf 89' lang='lat' dir='ltr'>de</span> <span class='ocrx_word' id='word_1_831' title='bbox 2227 4701 2287 4738; x_wconf 89' lang='lat' dir='ltr'>se</span> <span class='ocrx_word' id='word_1_832' title='bbox 2317 4683 2714 4754; x_wconf 82' lang='lat' dir='ltr'>prophetatum</span> <span class='ocrx_word' id='word_1_833' title='bbox 2741 4699 2842 4752; x_wconf 89' lang='lat' dir='ltr'>per</span> <span class='ocrx_word' id='word_1_834' title='bbox 2869 4699 2930 4737; x_wconf 91' lang='lat' dir='ltr'>os</span> <span class='ocrx_word' id='word_1_835' title='bbox 2955 4669 3125 4752; x_wconf 81' lang='lat' dir='ltr'>hujus</span> <span class='ocrx_word' id='word_1_836' title='bbox 3149 4681 3254 4753; x_wconf 61' lang='lat' dir='ltr'>pia:</span> <span class='ocrx_word' id='word_1_837' title='bbox 3275 4697 3388 4734; x_wconf 89' lang='lat' dir='ltr'>ma-</span> 
     </span>
    </p>
   </div>
   <div class='ocr_carea' id='block_1_102' title="bbox 1789 4771 3390 4846">
    <p class='ocr_par' dir='ltr' id='par_1_102' title="bbox 1789 4771 3390 4846">
     <span class='ocr_line' id='line_1_102' title="bbox 1789 4771 3390 4846; baseline -0.004 -16"><span class='ocrx_word' id='word_1_838' title='bbox 1789 4776 1894 4830; x_wconf 90' lang='lat' dir='ltr'>tris</span> <span class='ocrx_word' id='word_1_839' title='bbox 1921 4775 2204 4846; x_wconf 86' lang='lat' dir='ltr'>agnoscit:</span> <span class='ocrx_word' id='word_1_840' title='bbox 2234 4792 2260 4825; x_wconf 88' lang='lat'>«</span> <span class='ocrx_word' id='word_1_841' title='bbox 2285 4772 2590 4827; x_wconf 84' lang='lat' dir='ltr'>Exsultavit</span> <span class='ocrx_word' id='word_1_842' title='bbox 2613 4789 2710 4825; x_wconf 92' lang='lat' dir='ltr'>cor</span> <span class='ocrx_word' id='word_1_843' title='bbox 2736 4788 2924 4826; x_wconf 89' lang='lat' dir='ltr'>meum</span> <span class='ocrx_word' id='word_1_844' title='bbox 2956 4771 3014 4825; x_wconf 92' lang='lat' dir='ltr'>in</span> <span class='ocrx_word' id='word_1_845' title='bbox 3043 4771 3300 4836; x_wconf 91' lang='lat' dir='ltr'>Domino,</span> <span class='ocrx_word' id='word_1_846' title='bbox 3333 4776 3390 4824; x_wconf 88' lang='lat' dir='ltr'>et</span> 
     </span>
    </p>
   </div>
   <div class='ocr_carea' id='block_1_103' title="bbox 1791 4859 3389 4920">
    <p class='ocr_par' dir='ltr' id='par_1_103' title="bbox 1791 4859 3389 4920">
     <span class='ocr_line' id='line_1_103' title="bbox 1791 4859 3389 4920; baseline -0.004 -1"><span class='ocrx_word' id='word_1_847' title='bbox 1791 4865 2096 4920; x_wconf 84' lang='lat' dir='ltr'>exaltatum</span> <span class='ocrx_word' id='word_1_848' title='bbox 2145 4868 2232 4916; x_wconf 93' lang='lat' dir='ltr'>est</span> <span class='ocrx_word' id='word_1_849' title='bbox 2285 4877 2458 4916; x_wconf 89' lang='lat' dir='ltr'>cornu</span> <span class='ocrx_word' id='word_1_850' title='bbox 2493 4876 2684 4914; x_wconf 88' lang='lat' dir='ltr'>meum</span> <span class='ocrx_word' id='word_1_851' title='bbox 2738 4860 2797 4913; x_wconf 92' lang='lat' dir='ltr'>in</span> <span class='ocrx_word' id='word_1_852' title='bbox 2838 4860 2953 4914; x_wconf 92' lang='lat' dir='ltr'>Deo</span> <span class='ocrx_word' id='word_1_853' title='bbox 2994 4876 3138 4914; x_wconf 92' lang='lat' dir='ltr'>meo.</span> <span class='ocrx_word' id='word_1_854' title='bbox 3179 4879 3204 4911; x_wconf 89' lang='lat'><strong>»</strong></span> <span class='ocrx_word' id='word_1_855' title='bbox 3245 4859 3389 4912; x_wconf 87' lang='lat' dir='ltr'>Vere</span> 
     </span>
    </p>
   </div>
   <div class='ocr_carea' id='block_1_104' title="bbox 1791 4947 3386 5021">
    <p class='ocr_par' dir='ltr' id='par_1_104' title="bbox 1791 4947 3386 5021">
     <span class='ocr_line' id='line_1_104' title="bbox 1791 4947 3386 5021; baseline -0.006 -13"><span class='ocrx_word' id='word_1_856' title='bbox 1791 4951 2084 5008; x_wconf 81' lang='lat' dir='ltr'>exsultavit</span> <span class='ocrx_word' id='word_1_857' title='bbox 2118 4967 2232 5018; x_wconf 87' lang='lat' dir='ltr'>cor,</span> <span class='ocrx_word' id='word_1_858' title='bbox 2266 4950 2402 5021; x_wconf 90' lang='lat' dir='ltr'>quia</span> <span class='ocrx_word' id='word_1_859' title='bbox 2439 4949 2497 5002; x_wconf 92' lang='lat' dir='ltr'>in</span> <span class='ocrx_word' id='word_1_860' title='bbox 2527 4947 2783 5010; x_wconf 87' lang='lat' dir='ltr'>Domino,</span> <span class='ocrx_word' id='word_1_861' title='bbox 2817 4952 2874 5000; x_wconf 90' lang='lat' dir='ltr'>et</span> <span class='ocrx_word' id='word_1_862' title='bbox 2915 4964 3044 5000; x_wconf 87' lang='lat' dir='ltr'>vere</span> <span class='ocrx_word' id='word_1_863' title='bbox 3082 4947 3386 5000; x_wconf 84' lang='lat' dir='ltr'>exaltatum</span> 
     </span>
    </p>
   </div>
   <div class='ocr_carea' id='block_1_105' title="bbox 1791 5035 3389 5111">
    <p class='ocr_par' dir='ltr' id='par_1_105' title="bbox 1791 5035 3389 5111">
     <span class='ocr_line' id='line_1_105' title="bbox 1791 5035 3389 5111; baseline -0.006 -15"><span class='ocrx_word' id='word_1_864' title='bbox 1791 5058 1984 5107; x_wconf 89' lang='lat' dir='ltr'>cornu,</span> <span class='ocrx_word' id='word_1_865' title='bbox 2013 5039 2147 5111; x_wconf 89' lang='lat' dir='ltr'>quia</span> <span class='ocrx_word' id='word_1_866' title='bbox 2175 5055 2287 5092; x_wconf 92' lang='lat' dir='ltr'>non</span> <span class='ocrx_word' id='word_1_867' title='bbox 2313 5055 2380 5092; x_wconf 84' lang='lat' dir='ltr'>ex</span> <span class='ocrx_word' id='word_1_868' title='bbox 2399 5054 2478 5102; x_wconf 90' lang='lat' dir='ltr'>se,</span> <span class='ocrx_word' id='word_1_869' title='bbox 2502 5037 2597 5090; x_wconf 90' lang='lat' dir='ltr'>sed</span> <span class='ocrx_word' id='word_1_870' title='bbox 2629 5036 2686 5089; x_wconf 90' lang='lat' dir='ltr'>in</span> <span class='ocrx_word' id='word_1_871' title='bbox 2716 5036 2954 5090; x_wconf 89' lang='lat' dir='ltr'>Domino</span> <span class='ocrx_word' id='word_1_872' title='bbox 2980 5037 3096 5090; x_wconf 89' lang='lat' dir='ltr'>Deo</span> <span class='ocrx_word' id='word_1_873' title='bbox 3117 5051 3217 5088; x_wconf 94' lang='lat' dir='ltr'>suo</span> <span class='ocrx_word' id='word_1_874' title='bbox 3243 5035 3389 5088; x_wconf 86' lang='lat' dir='ltr'>exal-</span> 
     </span>
    </p>
   </div>
   <div class='ocr_carea' id='block_1_106' title="bbox 1791 5124 3389 5184">
    <p class='ocr_par' dir='ltr' id='par_1_106' title="bbox 1791 5124 3389 5184">
     <span class='ocr_line' id='line_1_106' title="bbox 1791 5124 3389 5184; baseline -0.005 0"><span class='ocrx_word' id='word_1_875' title='bbox 1791 5135 1972 5184; x_wconf 88' lang='lat' dir='ltr'>tatum</span> <span class='ocrx_word' id='word_1_876' title='bbox 2003 5133 2104 5181; x_wconf 87' lang='lat' dir='ltr'>est.</span> <span class='ocrx_word' id='word_1_877' title='bbox 2141 5129 2206 5182; x_wconf 89' lang='lat' dir='ltr'>Et</span> <span class='ocrx_word' id='word_1_878' title='bbox 2233 5128 2292 5180; x_wconf 77' lang='lat' dir='ltr'>in</span> <span class='ocrx_word' id='word_1_879' title='bbox 2314 5127 2424 5180; x_wconf 82' lang='lat' dir='ltr'>alio</span> <span class='ocrx_word' id='word_1_880' title='bbox 2451 5127 2570 5180; x_wconf 93' lang='lat' dir='ltr'>loco</span> <span class='ocrx_word' id='word_1_881' title='bbox 2599 5125 2734 5179; x_wconf 91' lang='lat' dir='ltr'>dicit</span> <span class='ocrx_word' id='word_1_882' title='bbox 2757 5143 2767 5178; x_wconf 91' lang='lat'><strong>:</strong></span> <span class='ocrx_word' id='word_1_883' title='bbox 2796 5144 2818 5175; x_wconf 87' lang='grc'><strong><em>‹‹</em></strong></span> <span class='ocrx_word' id='word_1_884' title='bbox 2846 5124 3252 5179; x_wconf 77' lang='lat' dir='ltr'>Exaltabuntur</span> <span class='ocrx_word' id='word_1_885' title='bbox 3270 5140 3389 5177; x_wconf 88' lang='lat' dir='ltr'>cor-</span> 
     </span>
    </p>
   </div>
   <div class='ocr_carea' id='block_1_107' title="bbox 1791 5211 3388 5286">
    <p class='ocr_par' dir='ltr' id='par_1_107' title="bbox 1791 5211 3388 5286">
     <span class='ocr_line' id='line_1_107' title="bbox 1791 5211 3388 5286; baseline -0.003 -16"><span class='ocrx_word' id='word_1_886' title='bbox 1791 5235 1905 5272; x_wconf 90' lang='lat' dir='ltr'>nua</span> <span class='ocrx_word' id='word_1_887' title='bbox 1927 5215 2067 5286; x_wconf 88' lang='lat' dir='ltr'>justi</span> <span class='ocrx_word' id='word_1_888' title='bbox 2095 5218 2258 5283; x_wconf 76' lang='lat' dir='ltr'>(Psal.</span> <span class='ocrx_word' id='word_1_889' title='bbox 2293 5217 2445 5282; x_wconf 79' lang='lat' dir='ltr'>Lxx),</span> <span class='ocrx_word' id='word_1_890' title='bbox 2465 5231 2491 5266; x_wconf 85' lang='grc'><strong>››</strong></span> <span class='ocrx_word' id='word_1_891' title='bbox 2524 5213 2658 5284; x_wconf 90' lang='lat' dir='ltr'>quia</span> <span class='ocrx_word' id='word_1_892' title='bbox 2685 5213 2754 5266; x_wconf 91' lang='lat' dir='ltr'>de</span> <span class='ocrx_word' id='word_1_893' title='bbox 2779 5211 2956 5266; x_wconf 89' lang='lat' dir='ltr'>crucis</span> <span class='ocrx_word' id='word_1_894' title='bbox 2987 5211 3193 5266; x_wconf 87' lang='lat' dir='ltr'>Christi</span> <span class='ocrx_word' id='word_1_895' title='bbox 3223 5211 3388 5282; x_wconf 86' lang='lat' dir='ltr'>apici-</span> 
     </span>
    </p>
   </div>
   <div class='ocr_carea' id='block_1_108' title="bbox 1791 5300 3390 5374">
    <p class='ocr_par' dir='ltr' id='par_1_108' title="bbox 1791 5300 3390 5374">
     <span class='ocr_line' id='line_1_108' title="bbox 1791 5300 3390 5374; baseline -0.004 -14"><span class='ocrx_word' id='word_1_896' title='bbox 1791 5305 1913 5371; x_wconf 89' lang='lat' dir='ltr'>bus,</span> <span class='ocrx_word' id='word_1_897' title='bbox 1931 5305 2103 5374; x_wconf 91' lang='lat' dir='ltr'>justis</span> <span class='ocrx_word' id='word_1_898' title='bbox 2121 5303 2486 5357; x_wconf 83' lang='lat' dir='ltr'>conferuntur</span> <span class='ocrx_word' id='word_1_899' title='bbox 2509 5303 2623 5358; x_wconf 65' lang='lat' dir='ltr'>haec</span> <span class='ocrx_word' id='word_1_900' title='bbox 2645 5318 2873 5363; x_wconf 89' lang='lat' dir='ltr'>cornua,</span> <span class='ocrx_word' id='word_1_901' title='bbox 2899 5301 2957 5354; x_wconf 92' lang='lat' dir='ltr'>in</span> <span class='ocrx_word' id='word_1_902' title='bbox 2988 5300 3076 5354; x_wconf 88' lang='lat' dir='ltr'>his</span> <span class='ocrx_word' id='word_1_903' title='bbox 3103 5300 3390 5355; x_wconf 84' lang='lat' dir='ltr'>ventilabi-</span> 
     </span>
    </p>
   </div>
   <div class='ocr_carea' id='block_1_109' title="bbox 1790 5389 3387 5464">
    <p class='ocr_par' dir='ltr' id='par_1_109' title="bbox 1790 5389 3387 5464">
     <span class='ocr_line' id='line_1_109' title="bbox 1790 5389 3387 5464; baseline -0.003 -15"><span class='ocrx_word' id='word_1_904' title='bbox 1790 5412 1916 5449; x_wconf 92' lang='lat' dir='ltr'>mus</span> <span class='ocrx_word' id='word_1_905' title='bbox 1934 5399 2104 5464; x_wconf 90' lang='lat' dir='ltr'>atque</span> <span class='ocrx_word' id='word_1_906' title='bbox 2118 5392 2472 5446; x_wconf 88' lang='lat' dir='ltr'>destruemus</span> <span class='ocrx_word' id='word_1_907' title='bbox 2489 5391 2836 5444; x_wconf 82' lang='lat' dir='ltr'>adversarias</span> <span class='ocrx_word' id='word_1_908' title='bbox 2857 5393 3162 5461; x_wconf 86' lang='lat' dir='ltr'>potestates</span> <span class='ocrx_word' id='word_1_909' title='bbox 3185 5389 3387 5445; x_wconf 78' lang='lat' dir='ltr'>animae</span> 
     </span>
    </p>
   </div>
   <div class='ocr_carea' id='block_1_110' title="bbox 1792 5481 2371 5538">
    <p class='ocr_par' dir='ltr' id='par_1_110' title="bbox 1792 5481 2371 5538">
     <span class='ocr_line' id='line_1_110' title="bbox 1792 5481 2371 5538; baseline -0.007 0"><span class='ocrx_word' id='word_1_910' title='bbox 1792 5489 1997 5538; x_wconf 79' lang='lat' dir='ltr'>nostrae</span> <span class='ocrx_word' id='word_1_911' title='bbox 2025 5481 2371 5536; x_wconf 88' lang='lat' dir='ltr'>insidiantes.</span> 
     </span>
    </p>
   </div>
   <div class='ocr_carea' id='block_1_111' title="bbox 1867 5567 3383 5638">
    <p class='ocr_par' dir='ltr' id='par_1_111' title="bbox 1867 5567 3383 5638">
     <span class='ocr_line' id='line_1_111' title="bbox 1867 5567 3383 5638; baseline -0.004 -14"><span class='ocrx_word' id='word_1_912' title='bbox 1867 5592 1892 5623; x_wconf 72' lang='grc' dir='ltr'>ι</span> <span class='ocrx_word' id='word_1_913' title='bbox 1926 5571 2234 5624; x_wconf 90' lang='lat' dir='ltr'>Dilatatum</span> <span class='ocrx_word' id='word_1_914' title='bbox 2264 5575 2349 5623; x_wconf 88' lang='lat' dir='ltr'>est</span> <span class='ocrx_word' id='word_1_915' title='bbox 2367 5586 2429 5622; x_wconf 91' lang='lat' dir='ltr'>os</span> <span class='ocrx_word' id='word_1_916' title='bbox 2455 5585 2644 5622; x_wconf 90' lang='lat' dir='ltr'>meum</span> <span class='ocrx_word' id='word_1_917' title='bbox 2671 5584 2840 5638; x_wconf 87' lang='lat' dir='ltr'>super</span> <span class='ocrx_word' id='word_1_918' title='bbox 2868 5567 3125 5622; x_wconf 88' lang='lat' dir='ltr'>inimicos</span> <span class='ocrx_word' id='word_1_919' title='bbox 3159 5585 3329 5621; x_wconf 86' lang='lat' dir='ltr'>meos.</span> <span class='ocrx_word' id='word_1_920' title='bbox 3359 5589 3383 5618; x_wconf 82' lang='lat'><strong><em>»</em></strong></span> 
     </span>
    </p>
   </div>
   <div class='ocr_carea' id='block_1_112' title="bbox 3080 5670 3155 5727">
    <p class='ocr_par' dir='ltr' id='par_1_112' title="bbox 3080 5670 3155 5727">
     <span class='ocr_line' id='line_1_112' title="bbox 3080 5670 3155 5727; baseline -0.027 0"><span class='ocrx_word' id='word_1_921' title='bbox 3080 5670 3155 5727; x_wconf 77' lang='lat'>33</span> 
     </span>
    </p>
   </div>
  </div>
