3824 6152
231 284 341 350 ilol

848 278 1216 341 COMMENT.
1259 280 1339 339 ΙΝ
1376 284 1688 339 ΟΑΝΤΙΟΛ
1726 284 1776 348 Q

1928 284 2027 338 AD
2063 283 2341 339 LAUDES
2379 283 2768 340 DICUNFUR.

3305 288 3450 345 “0‘2-

226 418 476 489 sequitur:
502 413 563 467 Et
581 411 695 464 vita
715 417 898 464 vestra
919 409 1249 463 abscondita
1269 416 1354 464 est
1387 425 1513 463 cum
1545 410 1767 463 Christo
1785 413 1831 469 Ᾱ
1853 409 2124 463 Dominus
2152 409 2438 463 inﬁrmum
2468 410 2633 465 faciet
2668 411 3048 466 adversarium
3079 413 3221 483 ejus.
3253 413 3450 469 Potest

224 511 273 563 in
296 509 413 561 Deo.
435 504 561 557 Ecce
581 500 860 571 quomodo
876 500 1099 553 eosdem
1122 500 1270 570 ipsos
1309 500 1548 553 viviﬁcat
1573 500 1722 552 Deus
1755 490 1776 551 ε’
1854 515 1919 550 ex
1946 498 2212 568 ambiguo
2238 515 2419 567 graeco
2457 499 2693 569 intelligi
2750 507 2807 554 et
2844 502 3226 556 adversarium
3255 519 3442 556 suum.

225 597 303 651 sed
321 589 783 663 nunquideosd'em
817 588 1048 642 deduxit
1076 589 1151 641 ad
1176 589 1381 642 inferos
1410 594 1467 642 et
1503 589 1725 642 reduxit
1749 589 1773 640 7

224 686 320 740 Hoc
334 686 613 749 utrumme
636 678 757 731 sine
779 678 1154 731 controversia
1184 678 1433 731 ﬁdelium
1466 678 1519 731 in
1552 678 1644 731 illo
1672 692 1771 747 po-'

221 775 313 829 tius
336 771 573 824 videmus
596 768 908 838 impletum,
940 767 1121 837 capite
1153 767 1365 820 scilicet
1406 772 1614 830 nostro,
1646 782 1774 819 cum

222 877 314 933 quo
338 859 494 913 vitam
518 860 767 910 nostram
798 857 855 910 in
884 857 1314 927 DecrApostolus
1330 857 1471 910 dixit
1490 855 1772 909 abscondi

222 959 334 1004 tam.
366 950 495 1002 Nam
527 946 618 1017 qui
646 946 870 1017 proprio
909 946 1023 998 ﬁlio
1072 956 1182 999 non
1230 945 1493 1015 pepercit,
1535 946 1629 999 sed
1678 956 1778 1015 pro

222 1038 357 1092 nobis
382 1034 630 1090 omnibus
649 1035 885 1088 tradidit
905 1050 1055 1100 eum,
1076 1034 1181 1088 iste
1210 1035 1375 1087 modo
1404 1034 1597 1105 utique
1627 1052 1777 1087 mor-

222 1128 387 1191 tiﬁca’t,
419 1131 473 1178 et
498 1124 629 1194 quia
658 1123 1010 1177 resuscitavit
1039 1139 1071 1176 a
1094 1123 1349 1187 mortuis,
1375 1123 1632 1177 eumdem
1651 1136 1779 1177 rur-

218 1232 301 1270 sus
319 1212 612 1267 viviﬁcavit.
651 1213 719 1266 Et
750 1212 883 1283 quia
910 1213 965 1266 in
991 1213 1285 1283 prephetia
1326 1228 1427 1265 vox
1458 1214 1579 1282 ejus
1605 1229 1780 1282 agno-

219 1304 389 1357 scitur:
412 1320 434 1351 ι
459 1302 579 1355 Non
611 1300 966 1371 derelinques
991 1302 1236 1354 animam
1269 1316 1451 1354 meam
1478 1301 1534 1354 in
1564 1302 1781 1355 inferno

222 1396 365 1459 (Psal.
412 1392 517 1455 xv),
564 1391 825 1443 eumdem
857 1389 1085 1443 deduxit
1115 1390 1186 1442 ad
1220 1390 1425 1443 inferos
1456 1397 1513 1443 et
1541 1390 1778 1455 reduxit,

220 1483 304 1535 hac
329 1482 442 1550 ejus
470 1484 801 1548 paupertate
830 1479 991 1532 ditati
1019 1495 1231 1532 sumus.

282 1590 301 1618 α
333 1568 591 1621 Dominus
621 1567 771 1620 enim
804 1583 1078 1637 pauperes
1106 1567 1239 1621 facit
1269 1574 1326 1620 et
1364 1567 1525 1621 ditat.
1563 1586 1591 1620 ιι
1641 1570 1784 1621 Nam

1856 587 1996 640 Cum
2024 587 2172 640 enim
2202 588 2473 642 Dominus
2504 589 2788 658 possidere
2807 606 2907 643 nos
2933 597 3182 661 cmpent,
3204 591 3455 661 profecto

1857 677 2224 740 adversarius,
2261 678 2359 747 qui
2389 684 2579 732 noster
2606 678 2790 732 fuerat
2818 679 2993 750 ipsius
3022 681 3104 747 ﬁt,
3129 680 3456 734 etvincetur
3516 728 3519 731 .

1859 781 1893 818 a
1919 764 2098 829 nobis,
2140 782 2253 819 non
2286 766 2494 820 viribus
2542 768 2766 833 nostris,
2803 768 2936 838 quia
2980 785 3094 822 non
3142 769 3201 822 in
3246 769 3457 823 virtute

1859 855 2087 925 propria
2106 860 2304 925 potens
2317 862 2403 909 est
2412 857 2514 909 vir.
2532 856 2807 911 Dominus
2816 873 2949 927 ergo
2978 858 3273 912 inﬁrmum
3290 858 3458 912 faciet

1860 944 2237 998 adversarium
2269 960 2453 998 suum.
2486 945 2756 999 Dominus
2776 951 3023 1009 sanctus,
3049 953 3114 1000 ut
3138 946 3396 1001 vincatur
3423 964 3459 1001 a

1860 1032 2085 1095 sanctis,
2137 1048 2276 1103 quos
2322 1034 2593 1087 Dominus
2637 1040 2864 1089 sanctus
2910 1041 3232 1089 sanctorum
3287 1035 3461 1091 efﬁcit

1860 1128 2101 1187 sanctos,
2136 1138 2200 1175 ac
2242 1138 2341 1192 per
2385 1123 2490 1176 hoc
2536 1139 2647 1177 non
2694 1125 2968 1193 glorietur
3010 1128 3209 1195 potens
3253 1125 3311 1178 in
3357 1138 3462 1179 sua

1863 1211 2133 1280 potentia,
2169 1214 2225 1264 et
2257 1227 2368 1264 non
2397 1212 2670 1280 glorietur
2682 1213 2928 1282 prudens
2946 1213 3119 1266 insua
3137 1213 3465 1283 prudentia-,-

1864 1316 1965 1352 nec
2010 1299 2162 1352 dives
2220 1299 2277 1352 in
2330 1299 2537 1353 divitiis
2585 1301 2740 1365 suis;
2792 1301 2889 1354 sed
2928 1301 2986 1355 in
3034 1302 3138 1355 hoc
3164 1301 3459 1371 glorietur,

1867 1388 1959 1457 qui
1988 1388 2264 1456 gloriatur
2294 1388 2613 1458 intelligere
2641 1394 2697 1442 et
2726 1389 2867 1443 scire
2882 1389 3182 1443 Dominum
3204 1396 3262 1444 et
3281 1389 3465 1444 facere

1861 1476 2134 1545 judicium
2159 1484 2216 1530 et
2231 1477 2509 1546 justitiam
2550 1478 2607 1531 in
2638 1479 2822 1532 medio
2850 1483 3032 1543 terrae,
3061 1494 3172 1532 non
3202 1474 3373 1549 parva
3402 1496 3468 1535 ex

1868 1572 2027 1635 parte
2056 1566 2360 1635 intellligit,
2397 1573 2452 1620 et
2481 1567 2585 1620 scit
2614 1567 2936 1643 Dominum,
2972 1569 3067 1639 qui
3095 1567 3380 1638 intelligit,
3412 1573 3470 1622 et

219 1656 329 1727 quid
358 1658 453 1710 hoc
483 1656 557 1710 sit
584 1662 649 1709 ut
677 1656 940 1719 sciamus,
976 1657 1125 1726 quod
1163 1657 1418 1726 sequitur
1465 1657 1780 1710 audiamus.
1826 1724 1835 1727 Α
1868 1654 1974 1708 scit
1994 1655 2163 1707 etiam
2194 1656 2299 1708 hoc
2325 1655 2428 1709 sibi
2453 1674 2487 1709 a
2533 1657 2769 1710 Domino
2800 1657 2940 1721 dari,
2978 1663 3042 1710 ut
3088 1657 3369 1727 intelligat
3414 1663 3471 1711 et

281 1766 300 1795 ι
328 1746 589 1799 Humiliat
618 1752 675 1798 et
707 1724 1053 1798 sublimatd»
1088 1724 1292 1815 Utique
1320 1746 1588 1816 superbos
1608 1724 2010 1799 humi-Bsciat
2051 1744 2372 1797 Dominum.
2409 1746 2517 1798 Sed
2557 1746 2690 1814 quia
2736 1746 3031 1800 retributio
3072 1748 3230 1816 justa
3379 1747 3470 1802 die

222 1834 305 1886 ﬁat
328 1838 379 1886 et
402 1834 641 1888 humiles
663 1835 907 1899 exaltat;
953 1834 1098 1904 quod
1145 1835 1292 1887 enim
1343 1834 1474 1887 alibi
1526 1835 1731 1903 legitur
1771 1854 1782 1888 :

222 1940 243 1973 ρ
270 1924 404 1976 Deus
432 1923 688 1993 superbis
714 1923 944 1983 resistit,
980 1923 1284 1977 humilibus
1314 1930 1503 1977 autem
1545 1924 1642 1977 dat
1664 1941 1790 1993 gra-

216 2011 333 2064 tiam
380 2014 509 2076 (Jac.
566 2017 687 2079 1v);
718 2032 738 2061 ι
799 2013 905 2065 hoc
960 2017 1114 2065 totus
1152 2012 1321 2066 habet
1367 2028 1569 2078 sermo,
1630 2015 1791 2083 cujus

219 2108 395 2153 nomen
450 2101 859 2172 interpretatur
881 2102 1070 2172 gratia
1095 2103 1234 2172 ejus.
1286 2104 1411 2155 Jam
1442 2118 1590 2169 vero,
1644 2103 1792 2173 quod

226 2189 528 2259 adjungimr
560 2209 570 2242 :

278 2286 297 2327 ἀ
330 2278 572 2332 Suscitat
600 2284 807 2332 aterra
836 2294 1159 2349 pauperem,
1188 2297 1214 2329 ν
1251 2280 1321 2332 de
1370 2280 1545 2332 multo
1593 2277 1794 2331 melius

213 2370 359 2435 quam
387 2367 454 2420 de
482 2368 587 2421 illo
616 2367 867 2437 intelligo
894 2368 989 2438 qui
1019 2373 1248 2438 propter
1262 2384 1363 2421 nos
1382 2383 1597 2438 pauper
1614 2369 1793 2420 tactus

211 2460 298 2517 est,
324 2471 444 2509 cum
461 2456 623 2510 dives
647 2462 811 2521 esset,
845 2462 908 2510 ut
933 2458 1055 2526 ejus
1077 2462 1425 2527 paupertate,
1465 2457 1609 2510 sicut
1625 2457 1791 2526 paulo

211 2548 324 2597 ante
340 2544 544 2598 dictum
579 2551 680 2610 est,
706 2545 1053 2599 ditaremur:
1089 2546 1273 2616 ipsum
1316 2547 1465 2599 enim
1518 2546 1586 2599 de
1638 2551 1791 2598 terra

208 2633 469 2687 suscitavit
498 2640 625 2688 tam
657 2635 784 2699 cito,
818 2640 883 2688 ut
928 2650 1056 2688 caro
1105 2636 1226 2704 ejus
1276 2648 1387 2688 non
1433 2635 1648 2687 videret
1675 2644 1792 2687 cor-

212 2723 526 2791 ruptionem,
564 2738 673 2777 nec
719 2723 856 2777 illud
904 2723 973 2776 ab
1021 2722 1117 2777 illo
1150 2723 1424 2783 alienabo,
1477 2724 1623 2793 quod
1672 2723 1789 2775 dic-

207 2816 309 2863 tum
338 2819 419 2866 est
449 2832 459 2864 :

269 2920 287 2950 ι
321 2901 385 2955 Εῖ
430 2902 498 2955 de
542 2906 796 2956 stercore
842 2902 1006 2971 erigit
1030 2903 1274 2973 inopem.
1314 2922 1335 2952 ι
1371 2903 1537 2973 Inops
1586 2903 1789 2973 quippe

206 2986 332 3042 Metti
364 2991 455 3061 qui
488 3006 714 3062 pauper
741 3011 751 3043 :
787 2997 1001 3045 stercus
1026 3004 1178 3051 vero,
1223 2980 1370 3045 unde
1417 2998 1635 3045 erectus
1683 2998 1786 3058 est,

202 3077 486 3131 rectissime
537 3078 938 3149 intelliguntur
994 3086 1376 3150 persecutores
1433 3080 1608 3133 Judaei
1662 3100 1672 3133 :

200 3168 417 3233 quorum
452 3185 717 3233 numero,
751 3185 876 3222 cum
907 3184 966 3222 se
1011 3169 1241 3222 dixisset
1270 3169 1570 3239 Apostolus
1600 3168 1788 3223 Eccle-

382 3263 746 3326 persecutum
786 3276 796 3310 :
836 3276 861 3309 «
912 3258 1045 3321 Quae
1094 3257 1249 3311 mihi.
1310 3257 1512 3327 inquit,
1562 3258 1790 3312 fuerunt

198 3340 351 3407 lucra,
382 3344 499 3399 haec
532 3353 771 3417 propter
798 3346 1083 3399 Christum
1114 3347 1322 3400 damna
1351 3363 1472 3400 esse
1500 3347 1649 3409 duxi,
1686 3362 1787 3401 nec

193 3431 355 3485 solum
385 3434 758 3495 detrimenta,
781 3452 977 3489 verum
1004 3436 1175 3489 etiam
1205 3442 1451 3489 stercora
1477 3435 1785 3489 existimavi

195 3522 316 3580 esse,
343 3528 405 3575 ut
422 3524 719 3577 Christum
744 3524 1128 3578 lucrifacerem
1160 3527 1315 3579 ‘Phil.
1342 3528 1437 3591 In).
1472 3546 1490 3572 ι
1526 3526 1605 3578 De
1635 3531 1787 3578 terra

189 3616 316 3679 ergo’
334 3613 647 3667 suscitatus
678 3619 781 3673 est,
809 3614 903 3666 ille
932 3630 1104 3684 supra
1136 3630 1331 3667 omnes
1353 3614 1550 3667 divites
1575 3630 1788 3684 pauper

192 3700 391 3753 erectus
440 3708 548 3767 est,
592 3708 649 3755 et
675 3702 746 3756 de
793 3703 886 3757 illo
916 3710 1159 3757 stercore
1203 3718 1372 3774 super
1413 3718 1607 3756 omnes
1646 3719 1786 3772 opu-

192 3785 354 3841 lentos
385 3790 482 3844 ille
516 3791 705 3861 inops.

255 3894 276 3925 ε
308 3878 381 3932 Ut
432 3879 637 3934 sedeat
687 3896 813 3934 cum
860 3880 1219 3950 principibus,
1256 3887 1311 3934 et
1357 3881 1556 3934 solium
1594 3882 1786 3950 gloria;

191 3976 217 4010 ι’
241 3969 443 4020 teneat.
482 3986 509 4019 ι
538 3967 761 4032 Quibus
787 3968 866 4021 ait
892 3986 903 4019 ε
939 3989 960 4017 α
990 3969 1265 4023 Sedebitis
1294 3984 1465 4039 super
1493 3970 1785 4023 duodecim

188 4053 331 4106 sedes
357 4045 579 4121 (Μαιιιι.
606 4060 719 4113 Xixl
750 4076 761 4119 ;
788 4075 815 4108 »
848 4062 905 4111 et
931 4058 1120 4111 sedem
1159 4058 1352 4127 gloriae
1401 4058 1785 4111 hrcreditatem

187 4140 323 4195 ditus
334 4144 434 4197 eis.
466 4166 490 4195 ι
518 4145 747 4199 Domini
769 4146 918 4199 enim
936 4147 1333 4201 suntcardines
1352 4153 1514 4201 terrae
1527 4153 1583 4200 et
1603 4148 1789 4218 posuit

191 4246 212 4275 ι
241 4238 405 4301 super
436 4250 539 4287 eos
570 4234 782 4288 orbem.
820 4253 846 4286 n
881 4235 1024 4298 Quia
1052 4236 1170 4306 ipse
1216 4237 1540 4289 dominatur
1580 4254 1612 4289 a
1642 4236 1785 4289 mari

1865 1833 2067 1901 judicii
2096 1834 2289 1887 futura
2316 1838 2402 1887 est
2424 1851 2458 1887 ει
2484 1834 2722 1888 Domino
2752 1850 2921 1905 super
2947 1834 3092 1889 ﬁlios
3122 1835 3292 1901 Adae;
3342 1835 3472 1890 inde

1872 1922 2127 1991 sequitur
2152 1940 2162 1975 :

1951 2030 1973 2061 «
2007 2012 2189 2081 Super
2217 2012 2365 2081 ipsos
2406 2012 2462 2064 in
2509 2012 2662 2065 caelis
2702 2011 2937 2065 tonabit.
2977 2030 3000 2061 ι
3035 2013 3159 2081 Ipse
3196 2012 3473 2082 judicabit

1877 2106 2185 2154 extremum
2218 2107 2399 2163 terrae,
2435 2101 2568 2170 quia
2593 2102 2781 2170 justus
2820 2106 2921 2165 est,
2956 2117 3185 2170 prorsus
3215 2101 3470 2156 ordinem

1874 2189 2061 2243 tenuit
2085 2189 2447 2243 confessionis
2460 2190 2706 2243 ﬁdelium
2730 2190 2843 2243 haec
2886 2189 3257 2259 prophetissa,
3276 2206 3472 2245 ascen-

1876 2278 1960 2332 dit
1988 2278 2136 2331 enim
2164 2279 2221 2331 in
2255 2280 2455 2332 cmlum
2488 2278 2757 2332 Dominus
2785 2277 3058 2343 Christus,
3094 2283 3153 2331 et
3178 2278 3310 2332 inde
3337 2288 3473 2333 vent-

1875 2374 2036 2421 turus
2067 2373 2152 2421 est
2171 2368 2241 2420 ad
2268 2367 2641 2437 judicandum
2672 2367 2821 2420 vivos
2850 2373 2908 2419 et
2940 2373 3210 2421 mortuos.
3247 2386 3273 2419 ‹‹
3328 2369 3471 2422 Nam

1876 2457 1999 2527 quis
2030 2455 2300 2521 ascendit,
2349 2476 2373 2507 ι
2410 2457 2554 2510 sicut
2599 2456 2736 2509 dicit
2776 2456 3075 2525 Apostolus
3125 2457 3333 2524 (Ephcs.
3376 2460 3469 2525 xv),

1877 2564 1903 2597 α
1932 2546 2039 2599 nisi
2072 2552 2128 2598 et
2157 2546 2252 2616 qui
2269 2544 2624 2600 descenditin
2647 2544 2936 2598 inferiores
2957 2545 3473 2615 partesterrae?Qui

1873 2635 2178 2700 descendit,
2214 2635 2333 2705 ipse
2365 2641 2449 2688 est
2477 2634 2579 2704 qui
2602 2633 2853 2687 ascendit
2878 2650 3047 2704 super
3062 2650 3256 2687 omnes
3278 2635 3465 2697 caelos,

1874 2730 1939 2777 ut
1963 2723 2299 2794 adimpleret
2328 2724 2536 2777 omnia.
2577 2743 2599 2773 ι
2632 2724 2741 2777 Per
2768 2723 2945 2776 nubes
2965 2738 3097 2793 ergo
3118 2739 3249 2777 suos
3261 2723 3466 2788 tonuit,

1872 2829 2010 2883 quas
2036 2818 2228 2866 sancto
2268 2812 2482 2883 Spiritu
2523 2828 2652 2866 cum
2703 2812 3047 2866 ascendisset
3074 2812 3346 2882 implevit.
3390 2812 3470 2866 De

1873 2901 2075 2972 quibus
2104 2902 2317 2955 carnali
2363 2903 2694 2965 Jerusalem,
2728 2902 2834 2955 hoc
2880 2907 2982 2961 est,
3018 2901 3253 2970 ingratas
3299 2900 3472 2955 vineae

1871 2991 2242 3045 comminatus
2274 2996 2361 3045 est
2378 2990 2528 3062 apud
2559 2991 2762 3045 Isaiam
2794 2990 3145 3061 prophetam,
3176 3006 3247 3044 ne
3276 2989 3475 3061 plua‘nt

1734 3080 1791 3133 in
1811 3072 2041 3151 C-super
2061 3095 2185 3134 eam
2218 3080 2473 3134 imbrem.
2502 3081 2593 3134 Sic
2621 3086 2807 3134 autem
2840 3080 3061 3133 dictum
3084 3084 3172 3132 est
3201 3097 3215 3134 :

1948 3188 1969 3220 α
1998 3169 2268 3222 Dominus
2288 3168 2717 3238 judicabitﬁnes
2731 3173 2914 3222 terrae.
2943 3186 2963 3219 ι
3002 3170 3080 3221 Ac
3107 3168 3155 3221 si
3192 3167 3474 3223 diceretur

1872 3256 2144 3311 Dominus
2167 3257 2446 3327 judicabit
2471 3263 2719 3311 extrema
2741 3256 2985 3309 hominis
3017 3274 3027 3308 :
3062 3256 3328 3327 quoniam
3357 3264 3470 3311 non

1865 3346 2285 3415 judicabuntur,
2321 3363 2443 3416 quae
2470 3346 2527 3399 in
2558 3345 2776 3409 melius,
2811 3345 2895 3398 vel
2926 3345 2985 3398 in
3013 3345 3262 3399 deterius
3287 3345 3470 3399 medio

1869 3440 2123 3504 tempore
2153 3440 2589 3493 commutantur,
2627 3434 2722 3487 sed
2754 3433 2811 3485 in
2843 3432 3045 3502 quibus
3095 3433 3360 3487 extremis
3390 3434 3471 3487 in-

1870 3529 2066 3577 ventus
2096 3523 2282 3575 fuerat
2310 3521 2404 3592 qui
2421 3521 2785 3591 judicabitur.
2825 3543 2845 3569 c
2885 3522 2954 3574 Et
2982 3520 3140 3574 dabit
3170 3521 3470 3592 imperium

1874 3630 1899 3663 α
1925 3612 2042 3681 regi
2074 3628 2195 3671 suo,
2231 3630 2251 3661 ι
2287 3612 2389 3664 hoc
2436 3616 2539 3673 est,
2590 3610 2794 3680 populo
2843 3609 3147 3663 christiano
3181 3627 3192 3661 :
3227 3609 3325 3664 dat
3386 3610 3466 3664 eis

1870 3701 2153 3763 virtutem,
2188 3717 2297 3770 qua
2325 3716 2548 3752 carnem
2588 3699 2733 3752 sicut
2764 3715 2923 3767 reges
2954 3704 3167 3767 regant,
3195 3704 3252 3751 et
3271 3697 3325 3751 in
3346 3697 3460 3761 illo,

1870 3790 1965 3859 qui
1998 3795 2225 3859 propter
2269 3805 2362 3841 eos
2406 3788 2550 3841 fudit
2590 3787 2925 3857 sanguinem
2970 3802 3155 3852 suum,
3190 3788 3463 3840 mundum

1869 3879 2116 3931 vincant.
2146 3878 2412 3948 Sequitur
2440 3898 2449 3930 :

1943 3985 1969 4018 «
2004 3967 2070 4020 Et
2115 3965 2439 4021 sublimabit
2481 3982 2653 4020 cornu
2702 3964 2907 4019 Christi
2955 3966 3061 4020 sui.
3103 3985 3123 4015 1
3174 3965 3465 4029 Quomodo

1870 4055 2124 4110 Christus
2144 4056 2411 4109 exaltabit
2429 4072 2602 4109 cornu
2623 4055 2829 4109 Christi
2862 4055 2947 4109 sui
2966 4056 2990 4107 ?
3028 4056 3236 4109 Omnes
3259 4055 3464 4126 quippe

1870 4151 2065 4198 unctos
2121 4147 2243 4215 ejus
2292 4145 2614 4210 chrismate,
2670 4152 2820 4198 recte
2862 4145 3113 4199 Christos
3168 4160 3465 4215 possumus

1870 4234 2071 4301 dicere,
2106 4236 2253 4305 quod
2280 4241 2472 4288 tamen
2504 4239 2685 4288 totum
2717 4250 2843 4288 cum
2891 4251 2992 4288 suo
3040 4233 3220 4303 capite
3264 4244 3465 4303 corpus

183 4330 349 4388 usque
362 4322 433 4375 ad
458 4338 642 4389 mare,
668 4329 726 4377 et
745 4338 783 4376 a‘
800 4324 1032 4377 ﬂumine
1047 4341 1223 4394 usque
1245 4325 1311 4377 ad
1336 4325 1605 4412 termipos
1635 4325 1785 4379 orbis
1804 4356 1848 4413 D
1867 4340 2014 4377 unus
2046 4330 2133 4376 cst
2159 4324 2433 4377 Christus.
2488 4325 2615 4377 Haec
2657 4324 2821 4376 Anna
2861 4322 3215 4393 prophetavit
3238 4321 3465 4375 Samuel

180 4410 528 4477 ten‘ae'(Psul.
574 4416 743 4479 LXXI).
779 4432 800 4463 ι
834 4413 1075 4475 Domini,
1113 4414 1313 4484 inquit,
1355 4410 1786 4467 sunt-cardines

182 4497 363 4551 tam:
394 4519 415 4549 ρ
447 4500 561 4554 hoc
602 4504 704 4563 est,
742 4507 983 4571 quatuor
1032 4503 1209 4573 plagae
1240 4503 1454 4565 mundi,
1491 4503 1543 4556 in
1585 4504 1785 4573 quibus

182 4581 433 4641 dilatabit‘
448 4589 655 4643 orb’e‘m
674 4590 930 4645 Ecclesiae
947 4606 1080 4655 suae,
1100 4606 1222 4662 quae
1243 4609 1275 4645 a
1301 4591 1431 4645 solis
1451 4597 1577 4646 ortu
1607 4608 1784 4663 usque

179 4672 242 4726 ad
270 4686 539 4731 occasum
575 4679 770 4733 laudat
799 4696 1002 4733 nomen
1027 4680 1166 4749 ejus.

246 4780 272 4813 α
299 4765 482 4820 Pedes
512 4772 841 4822 sanctorum
871 4784 1102 4823 suorum
1152 4769 1411 4823 servabit.
1450 4790 1471 4819 ι
1508 4771 1624 4823 Ηοθ
1676 4775 1779 4837 θεῖ,

179 4848 479 4909 electorum
530 4870 767 4911 suorum
798 4866 969 4929 Opera
997 4858 1055 4911 in
1083 4858 1174 4911 via
1196 4859 1429 4927 justitite
1452 4858 1661 4928 dirigit.

243 4960 266 4987 ε
300 4934 369 4996 Et
394 4944 573 5015 impii
605 4945 663 4999 in
694 4945 938 5000 tenebris
968 4947 1359 5001 conticescent.
1387 4967 1413 4999 ))
1436 4948 1541 5011 Qui
1562 4948 1788 5002 mitten-

175 5031 262 5081 tur
286 5030 343 5084 in
374 5032 654 5087 tenebras
676 5035 997 5097 exteriores,
1031 5035 1124 5089 ubi
1154 5036 1262 5089 erit
1291 5037 1455 5090 ﬂetus
1483 5042 1539 5091 et
1582 5037 1788 5091 stridor

172 5115 444 5174 dentium.
501 5122 616 5176 Ubi
658 5122 1049 5189 contieescent,
1103 5124 1169 5178 id'
1207 5131 1309 5190 est,
1345 5126 1414 5179 ab
1464 5127 1787 5197 arrogantia

175 5208 444 5277 Superbiae
479 5225 606 5264 sua!
633 5212 948 5266 cessabunt.

241 5302 267 5343 ό
294 5294 447 5360 Quia
480 5304 606 5353 rion
638 5300 693 5353 in
724 5300 1052 5356 fortitudine
1082 5302 1438 5356 roborabitur
1466 5303 1568 5356 vir.
1617 5323 1638 5353 ι
1674 5301 1792 5358 Hoc

171 5386 401 5447 estnon
426 5388 489 5440 in
508 5386 845 5444 fortitudine
877 5391 1119 5462 propria,
1154 5386 1261 5445 sed'
1282 5392 1339 5445 in
1362 5393 1567 5445 virtute
1596 5392 1785 5445 divina

168 5478 360 5539 potens
394 5482 488 5530 est
519 5476 628 5542 vir,
660 5479 714 5532 id
745 5486 848 5541 est,
885 5481 1519 5550 populus‘credentium‘.

239 5576 269 5609 et
296 5562 630 5619 Dbmixium
664 5567 1048 5624 formid‘abunt
1071 5569 1373 5624 adVersarii
1404 5571 1546 5639 ejus.
1586 5590 1607 5619 ι
1643 5571 1783 5634 Quia

1868 4419 2049 4466 mater
2067 4413 2245 4466 sancti
2258 4413 2378 4478 viri,
2398 4413 2751 4482 multumque
2764 4411 2993 4475 laudati,
3019 4411 3077 4463 in
3098 4427 3209 4480 quo
3233 4410 3461 4480 quidem

1866 4508 2002 4555 tunc
2031 4484 2274 4572 ﬁgurata
2305 4507 2389 4555 est
2410 4501 2646 4554 mutatio
2661 4500 2862 4552 veteris
2882 4498 3200 4564 sacerdotii,
3237 4504 3294 4552 et
3316 4512 3465 4553 nunc

1866 4592 2116 4661 impleta,
2152 4590 2375 4661 quando
2402 4589 2686 4643 inﬁrmata
2724 4593 2826 4653 est,
2859 4605 2982 4659 quas
3029 4588 3208 4642 multa
3253 4595 3376 4642 erat
3404 4588 3461 4642 in

1868 4678 2016 4741 ﬁliis,
2070 4685 2132 4733 ut
2179 4694 2383 4733 novum
2436 4678 2668 4731 haberet
2712 4677 2769 4730 in
2812 4676 3034 4732 Christo
3064 4677 3460 4743 sacerdotium,

1867 4769 2074 4822 sterilis
2123 4785 2244 4839 quae
2284 4768 2500 4839 peperit
2544 4773 2779 4838 septem.

2561 4944 2764 4982 INCIPIT.

2342 5018 2713 5073 CANTICUM
2746 5017 2984 5072 EXODI.

1948 5146 1968 5176 α
2003 5128 2308 5180 Cantemus
2336 5126 2575 5180 Domino
2600 5144 2609 5177 :
2640 5125 2883 5193 gloriose
2900 5123 3051 5177 enim
3073 5122 3462 5193 magniﬁcatus

1876 5236 1898 5266 ι
1934 5221 2035 5269 θεῖ.
2060 5234 2088 5265 n
2114 5216 2289 5269 Multa
2321 5214 2545 5285 quidem
2571 5214 2788 5267 cantica
2806 5212 2927 5266 ﬁeri
2945 5211 3183 5282 legimus
3202 5213 3262 5265 in
3285 5214 3466 5285 Scrip-

1870 5304 2014 5358 turis
2030 5303 2250 5369 divinis,
2284 5305 2483 5357 horum
2510 5309 2700 5357 tamen
2727 5299 2980 5355 omnium
3026 5300 3272 5370 primum
3314 5303 3465 5358 istud

1867 5400 1951 5447 est
1966 5394 2243 5447 canticum
2260 5394 2428 5463 quod,
2456 5392 2712 5464 zEgyptis
2733 5398 2790 5445 et
2833 5391 3125 5444 Phameae
3151 5390 3458 5461 submerso,

1867 5483 2104 5553 populus
2143 5483 2243 5536 Dei
2300 5489 2426 5553 pust
2464 5482 2751 5536 victoriam
2780 5480 2984 5534 cecinit
3014 5499 3025 5533 :
3063 5481 3235 5535 moris
3262 5483 3465 5554 quippe

1866 5572 2187 5625 sanctorum
2228 5579 2330 5637 est,
2363 5571 2456 5627 ubi
2505 5571 2859 5626 adversarius
2906 5568 3463 5642 vincitur,'tanquam
