3942 6158
439 299 574 355 1103

1019 300 1080 352 Β.
1123 298 1392 352 RABANI
1431 298 1664 352 MAURI
1715 299 2050 354 ARCHIEP.
2093 297 2418 353 MOGUNT.
2464 297 2761 352 OPERUM
2801 299 2983 353 PARS
3021 300 3118 354 III.

3529 305 3634 361 ll04

437 425 532 494 qui
563 425 761 488 sciant,
794 439 905 475 non
936 439 1038 476 sua
1057 422 1278 490 virtute,
1310 427 1405 479 sed
1427 427 1528 479 Dei
1545 427 1728 494 gratia
1743 427 2028 480 victoriam
2047 426 2098 484 Α
2120 445 2141 470 α
2167 423 2479 492 Adjuvator
2499 429 2554 477 et
2579 429 2862 494 protector
2880 426 3058 480 factus
3079 431 3161 479 est
3180 427 3305 479 mihi
3319 427 3372 480 in
3389 430 3634 485 salutem.-

433 517 710 586 paratam,
735 511 1007 581 hymnum
1039 512 1152 565 Deo
1177 515 1575 582 gratulationis
1606 516 1804 568 oﬁ‘erre
1839 534 1848 568 :
1885 517 2029 569 acci-

431 603 594 674 piunt
623 605 814 654 tamen
841 600 1116 670 hymnum
1157 608 1448 656 cantantes
1479 603 1648 657 etiam
1678 611 1947 675 tympana
1969 606 2026 658 in

433 689 712 756 manibus,
751 689 896 744 sicut
935 689 1003 742 de
1055 691 1233 744 Maria
1279 709 1468 746 sorore
1517 693 1695 762 Moysi
1739 699 1796 746 et
1841 695 2027 746 Aaron

434 780 692 842 refertur,
727 784 783 832 et
819 784 880 831 tu
909 795 1042 848 ergo
1071 779 1117 831 si
1153 797 1306 833 mare.
1348 780 1582 834 rubrum
1638 783 1946 844 transieris,
1981 782 2028 834 si

431 869 723 940 ngyptios
743 867 1027 938 submergi
1048 868 1269 933 videris,
1291 869 1636 938 etexstingui
1655 871 2022 929 Pharaonem.

431 963 601 1029 atque
626 957 684 1010 in
707 957 894 1027 abyssi
916 957 1254 1026 profundum
1291 959 1646 1028 praecipitari.
1680 966 1838 1028 potes
1863 960 2028 1029 hym-

432 1065 568 1102 num
609 1051 836 1100 cantare
874 1046 1008 1110 Deo,
1041 1052 1196 1116 potes
1221 1064 1410 1100 vocem
1435 1047 1829 1116 gratulationis
1860 1049 2026 1102 emit-

431 1144 550 1191 tere
577 1141 634 1190 et
663 1135 849 1189 dicere
879 1152 889 1186 :
926 1156 949 1186 α
980 1137 1284 1189 Cantemus
1307 1137 1544 1189 Domino
1574 1154 1584 1188 ε
1610 1137 1848 1203 gloriose
1876 1137 2024 1190 enim

423 1226 823 1280 honoriﬁca—tus
849 1231 952 1282 est,
985 1241 1192 1294 equum
1224 1231 1280 1277 et
1310 1242 1660 1278 ascensorem
1697 1227 1932 1295 projecit
1967 1227 2026 1279 in

427 1332 603 1369 mare.
633 1333 658 1365 »
685 1313 882 1368 Melius
896 1319 1084 1366 autem
1108 1320 1165 1366 et
1177 1313 1400 1382 dignius
1421 1315 1536 1367 haec
1554 1314 1709 1378 dicis,
1735 1315 1778 1367 si
1815 1315 2025 1368 habue—

427 1405 506 1458 ris
535 1410 868 1475 tympanum
901 1403 957 1454 in
989 1419 1160 1455 manu
1187 1408 1304 1467 tua,
1336 1403 1514 1468 idest,
1541 1403 1586 1455 si
1615 1421 1840 1456 carnem
1869 1411 2025 1457 tuam

428 1493 769 1546 cruciﬁxeris
789 1508 916 1545 cum
947 1491 1094 1543 vitiis
1123 1496 1178 1544 et
1207 1491 1690 1560 concupiscentiis,
1724 1498 1780 1545 et
1808 1493 1854 1545 si
1884 1511 2028 1546 inor-

426 1581 726 1635 tiﬁcaveris
765 1579 1020 1632 membra
1045 1585 1162 1644 tua,
1199 1597 1320 1645 quae
1352 1585 1484 1633 sunt
1512 1598 1681 1650 supra
1709 1586 1939 1645 terram,
1972 1588 2028 1636 et

425 1676 618 1724 tamen
648 1669 935 1723 videamus
959 1669 1094 1738 quid
1123 1668 1259 1720 dicit
1292 1687 1302 1720 :
1341 1687 1366 1720 α
1399 1670 1701 1722 Cantemus
1734 1671 1972 1724 Domino
2011 1689 2021 1724 :

2112 511 2402 566 Fortitudo
2431 530 2564 582 ergo
2595 519 2656 565 et
2686 515 2808 566 laus
2838 532 3123 568 servorum
3155 533 3362 568 suorum
3390 525 3464 570 est
3488 520 3642 574 Domi-

2111 617 2235 666 nus,
2262 601 2356 670 qui
2373 619 2467 655 eos
2485 603 2713 670 adjuvat
2739 603 2794 656 in
2825 603 3286 660 tribulationibus.
3309 612 3358 657 et
3386 609 3595 676 protegit
3615 625 3642 661 a

2109 691 2322 742 cunctis
2373 690 2645 744 hostibus.
2692 694 2864 761 ﬁtque
2909 711 3102 746 eorum
3144 695 3287 746 salus
3315 693 3402 763 qui
3443 695 3491 747 in
3515 695 3644 749 illum

2108 786 2338 848 sperant
2361 799 2370 832 :
2407 780 2540 850 quia
2557 781 2719 849 juxta
2749 781 2896 834 Petri
2924 783 3160 852 apostoli
3187 784 3492 836 sententiam
3515 802 3524 835 :
3545 785 3643 838 Non

2109 874 2194 920 est
2219 868 2275 921 in
2305 869 2413 921 alio
2441 869 2628 939 aliquo
2651 871 2818 932 salus,
2866 872 2961 923 sed
3015 872 3133 942 ipse
3176 871 3412 925 Salvator
3437 873 3648 926 omnium

2111 957 2352 1010 maxime
2376 964 2570 1011 autem
2596 959 2865 1011 ﬁdelium.

2184 1067 2212 1096 α
2244 1047 2354 1098 Iste
2377 1047 2526 1100 Deus
2555 1063 2713 1100 meus
2736 1053 2792 1100 et
2821 1047 3145 1116 glorificabo
3165 1065 3306 1100 eum.
3340 1049 3475 1102 Deus
3501 1051 3651 1103 Patris

2109 1135 2238 1199 mei,
2259 1135 2512 1188 exaltabo
2529 1153 2677 1188 cum.
2709 1158 2730 1182 ιι
2759 1135 2859 1188 Hic
2891 1153 3022 1205 ergo
3050 1142 3107 1189 et
3137 1154 3290 1190 meus
3323 1143 3402 1190 est
3452 1139 3578 1192 Deus
3609 1150 3651 1191 et

2111 1223 2292 1276 Patris
2325 1224 2452 1276 mei.
2500 1225 2667 1278 Pater
2702 1231 2912 1288 noster,
2946 1225 3041 1294 qui
3075 1243 3175 1278 nos
3217 1225 3342 1279 fecit
3379 1233 3432 1280 et
3471 1229 3649 1296 genuit.

2110 1313 2366 1366 Christus
2396 1318 2499 1366 est.
2529 1313 2730 1382 Etipse
2745 1313 2882 1366 dicit
2911 1332 2922 1364 :
2951 1336 2974 1360 τι
3005 1315 3160 1367 V'ado
3191 1315 3258 1367 ad
3279 1316 3486 1368 Patrem
3499 1331 3654 1368 meum

2109 1407 2166 1453 et
2185 1403 2252 1454 ad
2285 1403 2509 1454 Patrem
2533 1408 2797 1466 vestrum,
2832 1403 3011 1457 Deum
3055 1420 3241 1456 meum
3283 1411 3338 1456 et
3380 1405 3539 1457 Deum
3580 1421 3655 1456 ve-

2109 1494 2256 1543 trum
2304 1494 2482 1550 (.luan.
2530 1494 2662 1558 xw).
2711 1514 2735 1538 ι»
2789 1491 2844 1544 Si
2876 1508 3008 1560 ergo
3038 1509 3332 1560 agnoscam
3363 1493 3497 1562 quod
3535 1493 3656 1545 Deus

2109 1595 2268 1631 meus
2297 1579 2558 1641 sitDeus,
2578 1580 2902 1649 glorificabo
2929 1597 3056 1633 eum
3079 1600 3090 1645 ;
3127 1581 3173 1634 si
3195 1598 3320 1634 vero
3357 1581 3510 1634 etiam
3537 1578 3661 1634 istud

2107 1683 2426 1733 agnoscai'n.
2459 1669 2736 1738 quomodo
2769 1669 2949 1722 Patris
3001 1669 3108 1722 mei
3153 1670 3354 1722 Christi
3410 1669 3477 1722 sit
3519 1670 3657 1733 Deus,

427 1759 671 1828 gloriose
701 1757 851 1811 enim
880 1757 1280 1812 honoriﬁcatus
1301 1762 1404 1822 est,
1434 1779 1456 1808 »
1474 1759 1632 1827 quasi
1660 1776 1772 1812 non
1801 1760 2024 1814 sufﬁce-
2047 1740 2090 1798 Β
2109 1757 2362 1809 exaltabo
2385 1774 2532 1810 eum.

431 1853 520 1901 ret
545 1847 891 1917 gloriﬁcatus
918 1853 1020 1909 est,
1055 1845 1134 1899 ita
1167 1846 1383 1898 addidit
1408 1847 1649 1914 gloriose
1680 1849 2026 1915 gloriﬁcatus

429 1942 532 2002 est,
558 1942 615 1989 et
635 1935 882 2006 quidem,
903 1941 1176 2004 quantum
1200 1952 1495 2004 possumus
1507 1937 2028 2006 conjicere,vidctur

427 2025 578 2079 enim
608 2024 766 2090 mihi,
802 2025 948 2095 quod
965 2023 1118 2076 aliud
1149 2023 1220 2076 sit
1247 2024 1568 2091 gloriﬁcari,
1613 2025 1764 2078 aliud
1783 2027 2025 2095 gloriose

425 2114 746 2185 glorificari.
773 2115 914 2166 Naxi
939 2112 1209 2167 Dominus
1233 2130 1388 2165 meus
1413 2115 1439 2166 J
1447 2131 1575 2166 esus
1599 2114 1874 2176 Christus,
1900 2134 2024 2168 cum

429 2220 656 2258 carnem
689 2220 752 2256 ex
784 2201 1014 2271 Virgine
1036 2219 1135 2272 pro
1152 2202 1331 2255 salute
1363 2209 1557 2256 nostra
1577 2204 1836 2273 suscepit,
1860 2205 2028 2274 glori-

429 2294 628 2347 ﬁcatus
657 2297 745 2346 est
772 2291 1016 2362 quidem,
1051 2291 1185 2361 quia
1221 2292 1374 2344 venit
1399 2309 1646 2362 quzerere
1685 2293 1832 2362 quod
1853 2293 2029 2362 perie-

428 2388 534 2448 rat,
561 2398 672 2436 non
691 2385 882 2434 tamen
899 2379 1142 2449 gloriose
1160 2380 1504 2449 gloril'icatus
1523 2387 1624 2442 est,
1649 2381 1852 2434 dicitur
1877 2383 2024 2435 enim

429 2471 498 2524 de
525 2471 667 2541 ipso,
707 2489 733 2520 «
767 2469 898 2539 quia
925 2469 1166 2522 vidimus
1195 2485 1344 2534 eum,
1384 2475 1441 2523 et
1488 2486 1600 2522 non
1633 2470 1873 2524 habebat
1901 2489 2028 2541 spe-

432 2560 574 2613 ciem
599 2575 780 2629 neque
810 2559 1088 2623 decorem,
1123 2563 1179 2611 et
1209 2559 1392 2611 vultus
1431 2559 1552 2626 ejus
1581 2559 1838 2628 ignobilis
1863 2577 2032 2630 super

433 2649 580 2702 ﬁlios
608 2647 902 2701 hominum
918 2646 1262 2716 gloriﬁcatus
1282 2650 1507 2700 estflsa.
1540 2653 1590 2716 γ)
1621 2667 1630 2704 :
1663 2666 1687 2698 »
1719 2655 1776 2700 et
1801 2666 1928 2701 cum
1959 2651 2028 2703 ad

429 2753 650 2791 crucem
679 2735 832 2788 venit
861 2741 916 2788 et
947 2735 1179 2805 pertulit
1207 2742 1443 2789 mortem
1473 2737 1620 2801 ;sed,
1641 2742 1701 2790 ut
1721 2737 1800 2792 ita
1823 2738 2023 2805 dicam,

428 2824 739 2888 humiliter,
771 2840 883 2877 non
903 2825 1145 2894 gloriose
1171 2824 1516 2893 glorificatus
1549 2827 1874 2879 est.Verum
1897 2829 2029 2897 quia

434 2933 460 2965 «
492 2915 611 2969 haec
663 2911 956 2984 Oportebat
1005 2913 1120 2982 pati
1163 2913 1448 2966 Christum
1496 2921 1553 2967 et
1595 2915 1672 2967 sic
1711 2915 1945 2968 introire
1969 2917 2027 2970 in

429 3001 667 3072 gloriam
699 3017 860 3054 suam
885 3002 1028 3066 (Llu'.
1052 3005 1224 3066 xxnv).
1270 3023 1290 3050 ι
1339 3003 1480 3056 Cum
1513 3004 1727 3056 venerit
1757 3005 1812 3056 in
1846 3006 2028 3074 gloria

433 3091 617 3145 Patris
667 3095 726 3144 et
771 3095 1092 3144 sanctorum
1141 3091 1490 3160 angelorum,
1542 3109 1670 3146 cum
1713 3094 1930 3146 venerit
1969 3095 2025 3147 in

2182 1867 2205 1892 α
2241 1846 2512 1899 Dominus
2539 1846 2697 1916 quasi
2717 1847 2800 1898 vir
2819 1853 3117 1916 pugnator.
3135 1847 3476 1918 omnipotens
3491 1863 3662 1900 nomen

2113 1957 2137 1982 η
2164 1935 2304 2003 ejus.
2337 1957 2354 1978 μ
2379 1935 2478 1987 Vel
2489 1936 2650 2003 juxta
2670 1936 2840 1987 aliam
2863 1935 3196 1989 editionem:
3221 1958 3246 1984 κ
3272 1935 3528 1989 Dominus
3553 1951 3661 1987 con-

2108 2026 2295 2075 terens
2325 2023 2486 2088 bella,
2526 2024 2793 2078 Dominus
2824 2041 3026 2078 nomen
3060 2033 3146 2078 est
3175 2025 3275 2077 illi.
3315 2046 3335 2073 ιι
3367 2025 3502 2078 Vere
3543 2023 3664 2076 enim

2109 2112 2462 2182 omnipotens
2491 2118 2575 2165 est
2626 2113 2897 2166 Dominus
2939 2119 3148 2178 noster,
3179 2114 3276 2184 qui
3319 2113 3470 2166 fortis
3511 2119 3585 2166 est
3621 2111 3665 2164 in

2109 2201 2316 2270 przelio,
2355 2207 2412 2254 et
2449 2208 2700 2254 conteret
2716 2203 2903 2254 hostes
2923 2219 3072 2267 suos,
3095 2220 3196 2256 nec
3222 2203 3456 2256 estullus
3471 2201 3553 2271 qui
3569 2197 3670 2271 pos-

2111 2289 2184 2340 sit
2209 2289 2289 2341 illi
2321 2291 2601 2342 resistere.
2636 2293 2777 2344 Nolo
2822 2299 3004 2361 putes,
3056 2292 3189 2362 quia
3221 2298 3438 2345 tantum
3465 2289 3668 2343 visibiles

2111 2395 2326 2448 pugnas
2348 2381 2588 2432 conterit
2615 2380 2906 2444 Dominus,
2936 2380 3032 2433 sed
3059 2387 3114 2434 et
3145 2381 3272 2433 illas
3293 2385 3542 2436 conteret,
3571 2393 3673 2448 quae

2111 2467 2270 2519 nobis
2292 2473 2424 2520 sunt
2443 2485 2552 2520 non
2575 2469 2868 2521 adversum
2891 2485 3115 2522 carnem
3142 2477 3193 2522 et
3235 2469 3564 2538 sanguinem,
3593 2465 3672 2518 sed

2114 2557 2408 2609 adversum
2458 2557 2803 2626 principatus
2855 2565 2912 2610 et
2949 2564 3280 2628 potestates,
3321 2565 3373 2610 et
3417 2556 3674 2610 adversum

2113 2645 2306 2698 mundi
2338 2646 2506 2714 hujus
2527 2653 2772 2699 rectores
2796 2646 3156 2700 tenebrarum
3189 2647 3414 2700 harum.
3437 2644 3670 2698 Dominus

2113 2735 2262 2786 enim
2295 2751 2498 2787 nomen
2529 2740 2614 2787 est
2645 2735 2744 2798 illi,
2777 2742 2833 2788 et
2863 2752 2975 2789 non
2999 2741 3086 2789 est
3113 2737 3234 2789 ulla
3266 2740 3513 2788 creatura
3536 2733 3671 2802 cujus

2110 2823 2381 2876 Dominus
2410 2840 2522 2876 non
2554 2824 2645 2876 sit.

2184 2931 2212 2961 ει
2243 2912 2454 2964 Currus
2485 2913 2795 2965 Pharaonis
2824 2917 2877 2965 et
2907 2912 3216 2965 exercitum
3250 2914 3371 2982 ejus
3391 2910 3607 2983 projecit
3629 2909 3676 2961 in

2113 3021 2138 3046 α
2169 3016 2339 3062 mare,
2375 3001 2536 3052 electi
2567 3001 2846 3070 principes
2865 3002 2987 3070 ejus
3009 3001 3292 3054 submersi
3335 3001 3534 3055 suntin
3559 2997 3676 3052 mari

2113 3089 2369 3141 «Rubro.
2410 3109 2431 3139 ι
2470 3089 2650 3142 Simul
2677 3107 2809 3159 ergo
2855 3090 3072 3160 praelati
3129 3096 3186 3142 et
3237 3089 3444 3143 subditi
3483 3104 3668 3148 currus,

430 3181 727 3250 majestate
769 3196 870 3232 sua
900 3179 1154 3247 judicare
1203 3185 1432 3242 terram,
1468 3181 1690 3250 quando
1739 3189 1795 3234 et
1832 3200 2026 3236 verum
2109 3177 2325 3246 equites
2357 3183 2413 3228 et
2457 3178 2692 3247 pedites,
2731 3184 2786 3231 et
2840 3179 3022 3232 omnis
3075 3179 3357 3232 exercitus
3404 3175 3676 3232 Pharaonis

434 3269 804 3332 Pharaonem,
829 3269 883 3320 id
907 3273 1008 3332 est,
1045 3268 1327 3322 diabolum
1357 3269 1655 3323 interﬁciet
1683 3270 1886 3340 spiritu
1916 3272 2027 3324 oris
2109 3265 2383 3319 subuiersi
2403 3273 2535 3319 sunt
2555 3267 2613 3320 in
2637 3267 2822 3320 Rubro
2853 3268 3016 3330 mari.
3057 3268 3126 3320 de
3151 3285 3272 3338 quo
3308 3268 3563 3338 scriptum
3587 3270 3674 3327 est,

431 3358 538 3412 sui.
565 3359 706 3411 Cum
729 3374 862 3426 ergo
886 3357 1184 3427 refulgebit
1205 3358 1261 3410 in
1301 3360 1595 3428 majestate
1629 3359 1809 3412 Patris
1841 3361 1928 3413 sui
1973 3367 2027 3414 et
2113 3371 2138 3404 «
2165 3356 2424 3424 quodncc
2437 3372 2582 3409 unus
2599 3357 2824 3425 quidem
2843 3357 3268 3426 superfueritex
3285 3358 3365 3410 eis
3385 3375 3396 3409 ε
3415 3355 3680 3410 ﬁliiautem

429 3453 556 3518 post
570 3447 874 3500 adventum
893 3447 1262 3500 humanitatis
1283 3448 1587 3501 secundum
1603 3448 1761 3501 nobis
1783 3449 1838 3502 in
1847 3451 2028 3518 gloria
2110 3443 2282 3497 Israel
2303 3452 2671 3514 perrexerunt
2693 3462 2793 3514 per
2821 3446 3067 3498 medium
3097 3446 3231 3498 sicci
3260 3447 3432 3500 maris
3462 3452 3516 3499 et
3541 3458 3675 3513 aqua:

429 3535 676 3590 ostendit
709 3535 1032 3601 adventum,
1081 3541 1216 3589 tunc
1251 3553 1362 3590 non
1414 3537 1594 3589 solum
1659 3538 2024 3606 glorificatur.

425 3626 570 3680 Cum
598 3641 792 3678 omnes
818 3624 898 3678 ita
937 3625 1310 3678 honoriﬁcant
1341 3625 1563 3684 Filium,
1597 3626 1743 3678 sicut
1765 3626 2026 3680 honoriﬁ-

426 3720 558 3768 cant
580 3715 826 3768 Patrem.

465 3821 531 3856 .u
577 3803 796 3874 Equum
843 3805 901 3855 et
940 3816 1289 3853 ascensorem
1320 3799 1524 3868 dcjccit
1550 3800 1607 3852 in
1638 3818 1810 3854 mare.
1851 3822 1870 3852 ν
1917 3804 2025 3856 lIo-

426 3891 605 3946 mines
617 3908 712 3962 qni
727 3890 1216 3958 nosinsequuntur
1245 3887 1372 3957 equi
1390 3893 1538 3954 sunt,
1565 3894 1621 3941 et
1634 3896 1698 3942 ut
1719 3890 1798 3943 ita
1819 3891 2021 3954 dicam,

425 3996 639 4045 omnes,
669 3979 838 4049 quiin
859 3995 1027 4031 carne
1041 3977 1159 4030 nati
1177 3981 1328 4035 sunt,
1355 3977 1666 4044 ﬁguraliter
1691 3980 1818 4049 equi
1853 3987 1984 4034 sunt
2009 4001 2018 4034 :

425 4069 522 4122 sed
571 4067 667 4138 qui
713 4067 922 4120 habent
968 4082 1291 4119 ascensores
1341 4081 1488 4130 suos,
1523 4073 1655 4120 sunt
1703 4069 1850 4138 equi,
1887 4087 2026 4139 quos

425 4157 700 4210 Dominus
735 4155 1001 4220 ascendit,
1037 4159 1094 4208 et
1135 4154 1486 4208 circumeunt
1530 4173 1754 4210 omnem
1791 4164 2022 4222 terram,

425 4245 495 4300 de
524 4245 726 4316 quibus
747 4244 954 4299 dicitur
978 4263 988 4296 :
1022 4261 1048 4294 ι(
1069 4244 1138 4297 Et
1157 4244 1440 4314 equitatus
1469 4251 1603 4298 tuus
1629 4246 1797 4299 salus.
1822 4268 1846 4296 ιι
1885 4240 2026 4302 8υ⁶ῐιΐ

2111 3532 2190 3584 eis
2221 3539 2381 3586 erant
2413 3534 2571 3602 quasi
2604 3551 2702 3603 pro
2735 3551 2896 3587 muro
2945 3552 2980 3587 a
3032 3535 3246 3588 dextris
3289 3543 3348 3588 et
3386 3553 3422 3588 a
3467 3530 3682 3588 sinistris

2110 3622 2296 3686 (EJ‘Ud.
2333 3627 2467 3682 XIV).
2504 3645 2523 3669 ι
2555 3622 2699 3684 Quia
2737 3623 2919 3675 omnis
2950 3623 3044 3692 qui
3082 3625 3406 3677 contrarius
3427 3619 3676 3675 exstiterit

2105 3709 2378 3762 voluntati
2408 3709 2528 3774 Dei,
2565 3715 2621 3762 et
2646 3727 2821 3780 usque
2846 3711 2917 3764 ad
2939 3713 3107 3764 ﬁnem
3129 3712 3189 3764 in
3213 3712 3434 3765 malitia
3455 3722 3682 3782 perseve-

2106 3799 2326 3862 raverit,
2381 3799 2604 3851 aeternis
2653 3801 2950 3852 tormentis
2988 3800 3328 3867 involvitur;
3392 3801 3486 3870 qui
3522 3805 3684 3852 autem

2109 3887 2364 3956 sequitur
2392 3905 2583 3940 verum
2608 3889 2855 3958 Moysen,
2878 3889 2979 3941 hoc
3000 3893 3102 3949 est,
3133 3890 3320 3960 legem
3339 3890 3458 3956 Dei,
3483 3901 3682 3942 securus

2109 3976 2295 4029 hostes
2325 3976 2540 4041 evadet,
2575 3982 2630 4029 et
2657 3995 2758 4046 per
2783 3977 2992 4031 siccum
3032 3978 3317 4046 graditur,
3348 3979 3480 4048 quia
3518 3972 3686 4028 mundi

2107 4064 2382 4118 illecebris
2409 4082 2519 4118 non
2553 4065 2936 4135 permiscetur.
2970 4066 3206 4134 Cogitur
3231 4084 3369 4137 ergo
3409 4067 3600 4120 ﬂuctus
3638 4061 3686 4114 in

2108 4155 2394 4206 cumulum
2425 4160 2480 4207 et
2508 4155 2660 4207 unda
2688 4155 2744 4207 in
2777 4155 3080 4224 semetipsa
3120 4171 3388 4225 repressa
3433 4159 3687 4214 curvatur,

2109 4242 2448 4296 soliditatem
2472 4243 2670 4312 recipit
2697 4244 2881 4314 liquor
2908 4250 2965 4296 et
2998 4245 3180 4296 solum
3210 4245 3390 4297 maris
3423 4242 3617 4296 arescit
3638 4240 3687 4291 in

425 4342 616 4390 autem
647 4334 794 4406 equi,
829 4333 924 4404 qui
955 4349 1276 4387 ascensores
1300 4331 1509 4386 habent
1536 4333 1818 4387 diabolum
1847 4342 1902 4387 et
1919 4353 2085 4429 an-D
2108 4331 2392 4400 pulverem
2427 4351 2436 4384 :
2473 4331 2776 4385 bonitatem
2816 4332 2917 4385 Dei
2950 4333 3221 4386 creatoris
3243 4333 3515 4401 intellige,
3543 4331 3586 4384 si
3609 4344 3691 4382 vo-

421 4425 576 4496 gelos
601 4425 743 4495 ejus.
775 4424 946 4477 Judas
974 4439 1151 4492 equus
1179 4427 1318 4482 erat,
1353 4421 1450 4474 sed
1472 4422 1647 4475 donec
1667 4440 2018 4478 ascensorem
2043 4419 2081 4429 ”
2101 4420 2303 4473 luntati
2336 4422 2456 4489 ejus
2481 4421 2848 4490 obtemperes,
2873 4421 2920 4474 si
2945 4423 3124 4490 legem
3146 4420 3553 4493 ejussequariso
3588 4419 3688 4488 ἱρδιι

425 4513 620 4567 habuit
639 4513 962 4574 Dominum,
991 4512 1061 4564 de
1089 4511 1343 4580 equitatu
1373 4510 1570 4564 salutis
1597 4511 1720 4564 fuit.
1755 4513 1897 4566 Cum
1923 4531 2022 4568 ca:-

425 4601 562 4655 teris
612 4601 822 4654 etenim
869 4600 1137 4672 apostolis
1184 4599 1387 4653 missus
1429 4600 1653 4668 aegrotis
1692 4601 1930 4654 salutem
1971 4609 2028 4656 et

425 4689 726 4744 sanitatem
743 4689 1139 4759 languentibus
1161 4687 1422 4758 praestitit
1448 4707 1459 4752 ;
1496 4689 1591 4741 sed
1614 4688 1706 4741 ubi
1727 4708 1785 4742 se
1806 4690 2025 4744 diabolo

425 4777 748 4843 substravit,
783 4784 910 4849 post
957 4778 1262 4832 buccellam
1308 4777 1458 4830 enim
1491 4777 1747 4831 introivit
1796 4779 1853 4831 in
1897 4797 2024 4834 eum

426 4869 682 4934 Satanas,
730 4883 993 4921 ascensor
1043 4867 1216 4936 ipsius
1264 4867 1492 4919 ell'ectus
1541 4873 1626 4919 est
1687 4867 1922 4922 Satanas
1970 4874 2026 4922 et

425 4957 575 5012 illius
598 4956 833 5011 habenis
853 4957 1052 5010 ductus
1074 4955 1338 5008 adversus
1354 4955 1658 5007 Dominum
1675 4953 1742 5008 'et
1771 4957 2024 5009 Salvato-

425 5063 545 5101 rem
572 5052 829 5101 nostrum
853 5044 1022 5115 coepit
1055 5044 1326 5114 equitare.
1355 5044 1562 5098 Omnes
1591 5061 1742 5112 ergo,
1781 5045 1874 5114 qui
1904 5061 2025 5114 per-

423 5142 738 5206 sequuntur
757 5140 996 5194 sanctos,
1034 5133 1162 5203 equi
1195 5137 1327 5186 sunt
1349 5133 1687 5194 hinnientes,
1709 5134 1804 5186 sed
1821 5133 2029 5186 habent

424 5240 747 5279 ascensores
795 5223 998 5295 quibus
1028 5226 1274 5292 aguntur
1307 5223 1535 5290 angelos
1568 5223 1760 5278 malos,
1813 5229 1868 5275 et
1901 5223 2025 5276 ideo

425 5312 636 5366 feroces
660 5317 809 5367 sunt.
846 5311 1116 5366 Dominus
1143 5327 1274 5380 ergo
1323 5327 1528 5380 equum
1579 5315 1636 5363 et
1674 5327 2025 5364 ascensorem

427 5400 664 5469 projecit
681 5401 740 5454 in
764 5417 917 5454 mare
947 5406 1005 5454 et
1024 5399 1202 5453 factus
1232 5404 1318 5452 est
1347 5399 1480 5452 mihi
1511 5399 1570 5452 in
1601 5399 1858 5454 salutem.

2103 4508 2202 4560 tibi
2239 4511 2518 4562 elementa
2541 4510 2711 4562 etiam
2733 4515 2928 4562 contra
2944 4510 3029 4562 sui
3057 4517 3326 4564 naturam
3353 4511 3691 4564 servit-ecum-

2109 4598 2282 4667 pellit.
2315 4599 2614 4668 Apostolus
2643 4615 2794 4667 ergo,
2818 4599 2948 4668 quid
2970 4598 3532 4668 signiﬁcettransitus
3564 4595 3688 4648 ﬁlio-

2110 4703 2232 4739 rum
2246 4688 2416 4740 Israel
2431 4705 2528 4757 per
2539 4705 2691 4740 mare
2706 4687 3224 4750 Rubrum,ostendit
3238 4688 3435 4742 dicens
3449 4707 3460 4739 :
3474 4709 3494 4736 ι
3505 4686 3689 4740 Omnes

2108 4775 2333 4844 quidem
2351 4793 2503 4830 mare
2515 4777 2880 4841 transierunt,
2909 4783 2964 4829 et
2980 4793 3173 4830 omnes
3196 4777 3432 4846 quidem
3449 4769 3686 4844 baptizati

2107 4865 2317 4917 suntin
2337 4866 2545 4935 Moyse,
2576 4865 2634 4917 in
2658 4865 2804 4918 nube
2825 4871 2882 4918 et
2907 4865 2961 4917 in
3001 4866 3144 4918 mari
3168 4868 3210 4928 (Ι
3241 4867 3351 4920 Cor
3399 4873 3476 4930 π).
3512 4886 3534 4913 ι
3569 4861 3692 4929 Bap-

2107 4954 2336 5007 tismum
2365 4971 2498 5023 ergo
2526 4955 2630 5006 hoc
2669 4953 2968 5024 mysticum
3022 4954 3281 5023 designat
3327 4970 3432 5023 per
3484 4953 3688 5020 Mopen

2107 5045 2524 5112 przeﬁguratum
2549 5043 2606 5096 in
2631 5043 2778 5096 nube
2801 5050 2858 5096 et
2875 5043 2936 5095 in
2955 5043 3117 5102 mari.
3142 5048 3205 5096 ut
3234 5048 3295 5095 et
3329 5048 3414 5106 tu,
3449 5041 3542 5112 qui
3569 5039 3688 5107 bap-

2109 5132 2299 5184 tizaris
2321 5132 2376 5184 in
2396 5132 2636 5197 Christo,
2669 5133 2725 5184 in
2747 5149 2894 5202 aqua
2913 5137 2970 5185 et
2989 5132 3046 5184 in
3067 5131 3280 5202 Spiritu
3321 5137 3535 5193 sancto,
3567 5126 3690 5181 scias

2109 5226 2162 5274 te
2193 5220 2453 5274 insectari
2472 5221 2695 5290 quidem
2727 5227 3034 5290 potestates
3063 5219 3375 5290 zEgyptias,
3412 5225 3470 5270 et
3489 5216 3618 5269 velle
3641 5216 3687 5265 te

2108 5327 2365 5363 revocare
2387 5311 2456 5362 ad
2477 5309 2764 5363 servitium
2807 5326 2990 5372 suum,
3023 5316 3268 5362 rectores
3298 5307 3514 5360 scilicet
3541 5304 3689 5372 hujus

2103 5399 2296 5452 mundi
2328 5404 2385 5452 et
2399 5398 2678 5469 spiritales
2699 5398 2996 5468 nequitias.
3021 5397 3218 5468 quibus
3236 5401 3376 5450 ante
3388 5390 3682 5450 deservisti,

503 5505 527 5537 ε
560 5487 990 5542 Fortitudomea
1007 5487 2020 5553 etlaudatiomeaDominus,etfactus
2103 5505 2225 5558 qua)
2263 5498 2538 5541 conantur
2576 5487 2745 5540 fidem
2791 5486 3028 5555 insequi,
3062 5486 3158 5539 sed
3193 5491 3254 5538 tu
3299 5480 3592 5537 descendis
3632 5479 3682 5530 in

433 5597 454 5622 ιι
490 5581 574 5629 est
604 5577 740 5630 mihi
771 5577 828 5630 in
851 5577 1106 5629 salutem.
1144 5595 1172 5626 ιι
1211 5576 1334 5629 Alia
1366 5581 1553 5629 autem
1592 5576 1763 5630 editio
1812 5577 2009 5630 habet:

2101 5593 2325 5647 aquam,
2359 5581 2418 5630 et
2445 5576 2644 5628 evades
2665 5575 2958 5628 incolumis
2987 5581 3154 5644 atque
3182 5571 3393 5626 ablutis
3440 5566 3680 5623 sordibus

3867 4009 3869 4110 Ι

3867 4201 3869 4316 φ
