3824 6152
263 335 377 389 1105

883 330 1252 383 COMMENT.
1296 330 1374 384 IN
1413 329 1726 383 CANTICA
1762 329 1926 393 QUZE
1964 330 2060 382 ΑΙ)
2100 328 2378 382 LAUDES
2415 328 2804 383 DICUNTUR.

3346 324 3484 380 1106

258 462 566 529 peceatorum
610 454 776 506 homo
820 470 993 506 novus
1024 454 1275 507 ascendis
1308 461 1537 523 paratus
1573 453 1642 505 ad
1673 469 1799 505 can—
1815 455 1863 511 A
1882 452 2086 505 struxit
2116 470 2264 517 eum,
2297 453 2391 523 qui
2422 452 2665 506 habebat
2694 453 2891 506 mortis
2932 452 3251 523 imperium,
3286 449 3343 504 id
3375 453 3477 514 est,

254 546 455 599 tandum
498 542 766 595 canticum
816 554 1038 595 novum;
1100 543 1341 612 .Egyptii
1388 560 1514 594 vero
1576 549 1699 611 post
1742 550 1799 593 te

254 637 568 703 insequentes
597 631 993 700 demergentur
1040 630 1096 683 in
1142 630 1424 700 abyssum,
1469 630 1688 683 etiamsi
1718 629 1797 681 vi-

251 725 425 776 dentur
450 737 631 789 rogare
662 722 959 777 Jesum,ne
994 738 1085 771 eos
1110 720 1333 772 interim
1358 721 1545 773 mittat
1565 719 1620 772 in
1641 718 1800 788 abys-

249 829 369 864 sum.
398 809 699 863 Notandum
732 826 879 869 vero,
924 809 1067 878 quod
1098 811 1259 878 juxta
1289 809 1457 861 aliam
1492 808 1797 861 editionem

1882 540 2183 605 diabolum,
2226 561 2251 592 α
2283 542 2520 611 alligans
2566 542 2768 595 fortem
2800 548 2856 594 et
2903 558 3033 594 vasa
3062 542 3184 611 ejus
3213 539 3484 610 diripiens

1884 632 2096 696 (.l/ll/HI.
2133 634 2246 696 xu),
2278 650 2304 682 »
2336 636 2505 700 atque
2535 631 2855 695 draconem,
2888 637 3205 701 serpentem
3230 627 3482 681 videlicet

1882 718 2194 788 antiquum,
2245 720 2339 789 qui
2371 721 2548 775 cauda
2577 737 2679 773 sua
2726 719 2967 773 detraxit
2994 720 3222 773 tertiam
3256 721 3477 788 partem

1881 807 2128 860 siderum
2159 816 2215 861 et
2244 809 2396 862 misit
2418 809 2475 861 in
2504 814 2769 877 stagnum
2800 808 2945 879 ignis
2967 808 3235 869 ardentis,
3270 806 3366 877 qui
3388 822 3482 877 pa-

249 900 447 969 legitur:
471 897 774 967 Quadrigas
806 897 1115 950 Pharaonis
1138 904 1193 950 et
1209 898 1511 951 exercitum
1535 899 1655 965 ejus
1678 915 1801 967 pro-
1882 904 2039 949 ratus
2066 905 2152 949 est
2182 897 2285 949 sibi
2319 904 2375 950 et
2404 899 2619 965 angelis
2648 899 2799 967 ejus;
2832 898 2978 951 unde
3020 897 3297 968 sequitur:

241 989 354 1057 jecit
396 988 447 1040 in
490 1004 658 1039 mare.
710 987 928 1039 Electos
970 1003 1288 1040 ascensores
1333 994 1520 1039 ternos
1562 992 1800 1039 statores

243 1075 538 1129 demersitin
561 1075 807 1128 Rubrum
832 1092 1003 1130 mare.
1034 1077 1247 1127 Pharao
1273 1092 1415 1136 vero,
1437 1077 1583 1127 velut
1608 1082 1797 1144 puten-

1956 1003 1982 1036 «
2026 986 2092 1038 Et
2114 986 2171 1037 in
2203 986 2561 1039 multitudine
2588 986 2779 1054 gloriae
2810 991 2920 1039 tua:
2948 985 3256 1056 deposuisti
3286 979 3479 1038 adver-

1886 1091 1913 1122 ι(
1947 1074 2343 1127 Szll‘lOSanOS.»
2369 1075 2559 1127 Gloria
2576 1076 2769 1145 utique
2794 1074 3221 1129 resurrectionis
3235 1073 3482 1128 Domini-

241 1165 391 1217 tiorin
410 1165 611 1217 malitia
633 1170 685 1216 et
709 1182 944 1232 regnum
970 1164 1232 1233 nequitiae
1264 1170 1479 1223 tenens,
1497 1165 1796 1233 quadrigas
1878 1180 1953 1215 ea:
1986 1163 2233 1215 confusio
2287 1163 2392 1216 fuit
2433 1171 2601 1233 atque
2651 1164 2914 1217 contritio
2961 1163 3185 1230 diaboli,
3222 1163 3318 1233 qui
3351 1178 3478 1216 cum

240 1254 360 1321 agit:
385 1270 485 1305 non
515 1253 592 1305 illi
622 1253 757 1305 satis
780 1260 865 1305 est
894 1254 988 1305 uni
1020 1270 1161 1322 equo
1183 1254 1501 1317 ascendere,
1528 1254 1793 1322 plurimos

237 1343 375 1394 simul
405 1343 588 1411 agitat,
614 1342 886 1411 plurimos
908 1342 1073 1394 simul
1108 1343 1283 1411 plagis
1313 1343 1441 1395 torti
1472 1342 1793 1395 verberibus

237 1434 374 1501 cogit,
407 1448 755 1501 quoscunque
790 1430 994 1483 videris
1042 1431 1099 1483 in
1142 1432 1361 1483 luxuria
1398 1431 1695 1501 turpiores,
1736 1432 1791 1484 in

235 1520 581 1573 incredulitate
613 1520 885 1583 sarviores,
924 1521 981 1572 in
1011 1520 1249 1572 avaritia
1288 1520 1565 1584 tetriores,
1602 1521 1654 1573 in
1686 1521 1787 1573 im-

234 1611 408 1679 pietate
445 1608 848 1677 ﬂagitiosiores,
894 1610 1031 1661 scito
1090 1610 1189 1662 hos
1239 1610 1305 1661 de
1348 1610 1632 1678 quadrigis
1664 1627 1783 1662 esse

234 1697 499 1751 Pharaonis
522 1698 685 1767 ipsis:
708 1699 803 1750 sed
825 1698 1040 1767 etipsos
1062 1698 1249 1750 currui
1267 1714 1365 1751 suo
1389 1698 1509 1766 subj
1522 1699 1697 1765 ungit,
1726 1700 1781 1751 in

1877 1252 2083 1303 Judaeis
2115 1252 2416 1305 meditatus
2445 1260 2528 1305 est
2556 1260 2793 1306 mortem
2817 1253 3044 1307 Christi.

1950 1358 1974 1391 «
2006 1341 2206 1393 Misisti
2233 1342 2374 1394 iram
2396 1349 2573 1405 tuam,
2595 1359 2717 1412 quze
2730 1342 3015 1395 devoravit
3034 1358 3129 1395 eos
3147 1340 3479 1411 sicutstipu-

1881 1454 1897 1472 ιι
1932 1430 2062 1481 lam.
2094 1448 2119 1481 υ
2146 1431 2295 1483 Ultio
2321 1430 2639 1497 novissima,
2665 1448 2786 1501 quae
2811 1430 3031 1485 diabolo
3051 1437 3107 1484 et
3125 1430 3338 1500 angelis
3355 1430 3476 1499 ejus

1870 1518 2166 1586 inﬂigitur,
2200 1520 2420 1572 videtur
2450 1520 2791 1590 patientibus
2816 1536 2940 1574 eam
2976 1521 3061 1573 ira
3083 1536 3222 1585 esse,
3257 1519 3352 1572 sed
3384 1524 3473 1572 ta-

1868 1623 1997 1659 men
2018 1608 2086 1660 ab
2110 1608 2221 1671 illo,
2250 1610 2345 1677 qui
2366 1609 2626 1662 universa
2646 1627 2774 1662 cum
2794 1609 3211 1678 tranquillitate
3234 1607 3470 1677 judicat,

1865 1695 1986 1748 sine
2015 1698 2435 1765 perturbatione
2456 1698 2630 1751 animi
2654 1698 2737 1750 sui
2755 1700 2908 1766 justo
2930 1696 3315 1768 peccatoribus
3336 1697 3475 1749 irro-

231 1787 340 1856 ipsis
366 1787 529 1839 feitur
560 1792 615 1839 et
639 1788 850 1849 volitat,
885 1795 941 1839 et
972 1804 1070 1855 per
1090 1794 1311 1856 apertos
1343 1788 1613 1839 scelerum
1633 1805 1784 1839 cam-
1807 1773 1850 1830 Β
1866 1792 2051 1853 gatur,
2089 1804 2208 1856 quae
2234 1804 2327 1839 eos
2356 1787 2499 1840 sicut
2524 1787 2785 1856 stipulam
2817 1788 3065 1851 devorat,
3093 1786 3227 1856 quia
3256 1785 3475 1839 fortiter

231 1892 310 1945 pos
341 1875 513 1928 eﬂusis
559 1892 655 1927 eos
683 1876 799 1943 agit
832 1876 1080 1928 habenis.
1118 1878 1259 1929 Sunt
1289 1876 1382 1928 alii
1408 1876 1568 1929 electi
1600 1894 1788 1930 ascen-
1868 1874 2136 1939 devastat,
2173 1883 2228 1928 et
2258 1893 2321 1927 ex
2355 1876 2507 1928 omni
2535 1884 2691 1946 parte
2725 1877 2958 1929 cruciat.

230 1980 371 2025 sores,
415 1964 566 2017 electi
606 1964 727 2017 sine
757 1964 925 2017 dubio
955 1965 1023 2017 ad
1076 1965 1369 2017 malitiam.
1404 1966 1506 2019 Sed
1559 1967 1677 2033 jam
1718 1967 1785 2020 de

230 2053 571 2106 ascensoribus
619 2070 791 2123 supra
819 2055 1082 2113 diximus,
1118 2072 1263 2107 nunc
1307 2055 1495 2118 etiam,
1533 2055 1627 2124 qui
1672 2055 1785 2109 sint

227 2143 345 2194 terni
374 2150 597 2195 statores
624 2143 932 2195 videmnus.
956 2143 1091 2195 Mihi
1109 2143 1368 2197 videntur
1389 2143 1782 2197 ternistatores

226 2246 307 2299 pro
325 2247 381 2283 eo
397 2231 513 2293 dici,
541 2232 691 2301 quod
705 2232 903 2302 triplex
921 2239 1006 2284 est
1025 2232 1346 2285 hominibus
1368 2234 1628 2302 peccandi
1657 2234 1741 2285 via
1766 2253 1777 2287 :

224 2324 304 2371 aut
337 2320 471 2373 enim
501 2319 557 2373 in
587 2320 754 2383 facto,
793 2327 891 2373 aut
921 2320 977 2373 in
1019 2321 1187 2385 dicto,
1233 2330 1331 2373 aut
1360 2320 1415 2373 in
1446 2322 1781 2387 cogitatione

225 2414 446 2475 peccatur
468 2427 477 2461 :
503 2414 558 2461 et
575 2409 701 2461 ideo
724 2409 857 2461 trini
880 2415 1118 2462 statores
1138 2427 1237 2479 per
1256 2410 1505 2478 singulos
1530 2428 1781 2480 quosque

222 2496 464 2562 dicuntur,
490 2498 581 2567 qui
608 2504 723 2550 tres
747 2497 879 2549 istas
908 2498 965 2549 in
1001 2497 1161 2550 nobis
1194 2499 1457 2567 peccandi
1490 2498 1782 2552 obsideant

222 2584 330 2649 vias,
351 2593 402 2637 et
419 2587 774 2655 speculentur
802 2604 1025 2656 semper
1053 2593 1220 2655 atque
1253 2587 1307 2639 in
1342 2586 1556 2638 insidiis
1587 2594 1775 2655 agant,

219 2682 267 2726 ut
292 2683 377 2727 aut
404 2675 489 2727 1110
518 2692 582 2728 ex
612 2676 819 2728 misero
850 2676 1075 2728 homine
1107 2692 1419 2728 sermonem
1454 2677 1658 2728 malum
1685 2677 1780 2729 eli-

220 2761 323 2826 ciat,
350 2770 440 2815 aut
465 2763 554 2817 ille
582 2764 841 2833 iniquum
864 2781 1002 2834 opus
1025 2770 1369 2833 extorqueat,
1393 2771 1490 2816 aut
1521 2765 1609 2817 ille
1636 2766 1780 2832 cogi-

219 2851 452 2905 tationem
482 2853 783 2923 pessimam
817 2854 1015 2922 rapiat.
1048 2853 1301 2922 Denique
1333 2859 1388 2905 et
1415 2871 1603 2906 semen
1628 2854 1777 2908 verbi

219 2939 315 3003 Dei,
346 2940 430 2993 ubi
478 2942 629 3011 capit
659 2950 713 2994 et
744 2942 979 3012 deperit,
1011 2943 1209 3011 triplex
1240 2943 1575 2995 describitur
1601 2944 1771 3009 locus,

216 3044 332 3081 unus
366 3047 515 3083 secus
562 3032 709 3083 viam
745 3032 1002 3093 refertur,
1038 3031 1132 3100 qui
1188 3032 1544 3084 conculcatur
1571 3032 1639 3084 ab
1675 3034 1777 3085 ho-

214 3116 441 3177 minibus,
476 3120 620 3173 alius
654 3120 710 3172 in
743 3120 934 3189 spinis,
961 3120 1105 3172 alius
1136 3121 1190 3172 in
1226 3121 1481 3189 Pctl'OSlS.
1519 3122 1585 3173 Et
1618 3139 1776 3174 econ-

212 3206 357 3259 trario
388 3213 532 3261 terra
580 3209 731 3261 bona
759 3210 957 3261 aﬂerre
990 3209 1197 3261 dicitur
1225 3210 1500 3278 triplicem
1530 3210 1772 3263 fructum

212 3294 279 3346 vel
305 3297 678 3357 centesimum,
716 3298 797 3349 vel
838 3297 1265 3365 sexagesimum,
1290 3298 1372 3349 vel
1404 3298 1767 3351 tricesimum.

213 3382 418 3453 lstiergo
430 3387 560 3439 trini
583 3392 825 3439 statores
841 3393 973 3438 sunt
986 3404 1011 3438 a
1024 3387 1169 3451 ngeli
1183 3404 1423 3456 nequam
1441 3388 1508 3439 de
1525 3388 1772 3441 exercitu

211 3470 497 3539 Pharaonis,
517 3475 613 3544 qui
637 3480 791 3527 stant
812 3475 868 3527 in
890 3476 1271 3544 hujuscemodi
1295 3476 1393 3527 viis
1417 3475 1773 3529 observantes

209 3574 633 3633 unumquemque
684 3571 938 3616 nostrum
972 3581 1070 3633 per
1117 3564 1230 3617 haec
1260 3582 1425 3629 agere
1475 3567 1529 3616 in
1579 3582 1770 3634 pecca-

208 3656 324 3711 tum,
357 3668 485 3721 quos
514 3653 807 3721 demerget
836 3653 1106 3705 Dominus
1138 3652 1193 3705 in
1226 3653 1475 3705 Rubrum
1507 3670 1679 3711 mare.
1714 3658 1770 3705 et

208 3735 367 3804 ignitis
394 3758 483 3793 eos
514 3742 568 3794 in
582 3741 892 3810 judicii-die
917 3741 1176 3794 ﬂuetibus
1198 3743 1380 3794 tradet
1400 3760 1462 3794 ac
1477 3759 1634 3811 poena
1646 3759 1769 3794 rum

207 3826 373 3897 pelago
400 3836 566 3899 teget.

265 3936 283 3963 (ί
332 3917 521 3988 Abyssi
573 3926 923 3989 operuerunt
963 3936 1075 3982 eos,
1124 3920 1531 3973 descenderunt
1562 3920 1617 3972 in
1648 3936 1769 3990 pro-

206 4024 223 4049 (ε
258 4005 470 4061 fundum
490 4009 653 4078 quasi
670 4009 826 4078 lapis.
850 4032 870 4061 λδ
887 4008 1087 4078 Abyssi
1102 4010 1295 4079 utique
1313 4009 1389 4061 illi
1406 4010 1473 4061 de
1492 4009 1693 4078 quibus
1710 4009 1763 4060 in

203 4092 303 4153 Job,
326 4096 411 4148 ubi
432 4098 498 4150 de
514 4098 821 4151 Leviathan
838 4105 1116 4151 narratur.
1141 4100 1407 4168 scriptum
1424 4104 1526 4151 est.
1558 4117 1579 4145 ί(
1608 4098 1767 4151 .Esti-

203 4182 349 4237 mabit
372 4185 633 4256 abyssum
666 4187 823 4257 quasi
844 4194 1221 4239 senescentem
1249 4190 1377 4248 (Job.
1398 4203 1482 4239 XLI
1512 4196 1550 4248 ).
1586 4208 1608 4233 ν
1636 4186 1768 4239 Etin

206 4270 470 4341 Evangelio
520 4275 796 4345 rogabant
825 4277 1104 4328 daunones
1134 4278 1322 4329 Jesum
1367 4293 1436 4328 ne
1470 4276 1771 4345 imperaret

204 4358 293 4413 illis
314 4370 367 4415 ut
386 4363 440 4416 in
454 4364 721 4435 abyssum
736 4365 899 4427 irent,
923 4365 1331 4417 descenderunt
1350 4366 1406 4417 in
1432 4365 1767 4434 profundum

203 4457 439 4519 tanquam
488 4454 669 4523 lapis:
714 4470 884 4523 quare
931 4453 1250 4506 ceciderunt
1308 4454 1361 4505 in
1428 4454 1765 4522 profundum

202 4541 439 4607 tanquam
490 4542 677 4613 lapis?
729 4542 858 4611 quia
903 4559 1011 4594 non
1043 4549 1204 4595 erant
1252 4543 1391 4594 tales
1435 4542 1665 4611 lapides,
1699 4542 1766 4595 de

203 4626 376 4693 quibus
402 4632 659 4684 suscitari
710 4638 933 4701 possent
964 4631 1061 4683 lilii
1117 4631 1418 4691 Abraham,
1463 4631 1555 4683 sed
1604 4632 1763 4686 tales.

203 4715 280 4782 qui
299 4728 546 4775 amarent
567 4721 902 4790 profundum
926 4729 981 4771 et
1010 4721 1283 4789 liquidum
1322 4721 1623 4787 diligerent
1656 4721 1767 4771 ele-

202 4812 445 4871 mentum,
479 4810 533 4862 id
568 4818 670 4872 est,
706 4810 797 4878 qui
818 4826 1069 4861 amaram
1091 4816 1147 4862 et
1171 4811 1375 4862 ﬂuxam
1410 4809 1770 4877 przesentium

202 4907 364 4947 rerum
398 4904 667 4966 cuperent
696 4898 1055 4967 voluptatem.

262 5000 285 5033 π
307 4983 536 5038 Dextera
553 4992 669 5049 tua,
690 4986 941 5048 Domine,
962 4987 1315 5054 inagniﬂcata
1329 4992 1413 5039 est
1428 4986 1773 5038 infortitudi-

206 5087 225 5114 υ
254 5085 314 5122 ne
329 5090 339 5135 ς
356 5074 581 5127 dextera
604 5076 1263 5144 tua.Domine.percussit
1279 5075 1583 5127 inimicum.
1601 5102 1619 5119 η
1638 5078 1770 5137 Quae

201 5164 271 5210 est
296 5160 396 5214 ista
422 5162 669 5225 dextera,
690 5164 797 5216 nisi
829 5164 923 5215 illa
942 5164 1009 5215 de
1035 5181 1144 5233 qua
1168 5164 1224 5216 in
1256 5165 1469 5233 psalmo
1500 5163 1768 5232 scriptum

203 5262 301 5299 est:
330 5270 350 5298 ι
374 5251 611 5305 Dextera
643 5253 865 5305 Domini
903 5252 1030 5306 fecit
1086 5254 1366 5315 virtutem,
1403 5254 1629 5305 dextera
1659 5253 1770 5305 Do-

204 5335 319 5389 mini
365 5342 625 5394 exaltavit
656 5359 742 5394 me
790 5344 951 5409 (Psai.
978 5356 1126 5401 cxvn}
1155 5344 1175 5393 ζ’
1206 5361 1231 5394 »
1283 5343 1410 5394 Haec
1457 5342 1513 5393 in
1545 5342 1766 5407 virtute,

198 5422 335 5486 juxta
362 5428 525 5481 aiiam
559 5430 878 5489 editionem,
903 5431 1214 5498 glorificata
1246 5438 1346 5491 est,
1369 5431 1592 5498 quando
1622 5430 1768 5482 anti-

202 5526 352 5579 quum
382 5516 599 5571 hoswm
626 5527 681 5572 et
712 5520 995 5573 inimicum
1016 5537 1204 5572 verum
1226 5536 1324 5589 per
1353 5519 1532 5570 crucis
1564 5525 1768 5587 myste-

204 5599 331 5655 rium
358 5606 628 5675 confregit
656 5615 825 5679 atque
856 5609 1151 5673 interfecit,
1183 5615 1239 5662 et
1268 5625 1366 5677 per
1402 5614 1640 5660 mortem
1671 5608 1768 5660 de-

1942 1980 1967 2013 «
1994 1964 2059 2016 Et
2083 1964 2139 2017 in
2169 1964 2370 2034 spiritu
2394 1964 2597 2017 furoris
2621 1966 2703 2018 tui
2723 1972 3074 2035 congregatae
3103 1970 3237 2019 sunt
3254 1980 3468 2035 aquae.»

1870 2053 2141 2121 Stagnum
2162 2054 2353 2122 utique
2382 2054 2667 2123 sulphuris
2683 2053 3021 2123 condignum
3043 2053 3259 2106 meritis
3275 2068 3469 2106 eorum

1867 2140 2229 2210 impenditur,
2256 2142 2358 2194 sub
2389 2160 2496 2211 quo
2516 2143 2757 2195 demersi
2776 2148 3013 2211 gemunt
3034 2142 3089 2195 in
3110 2148 3464 2213 perpetuum.

1869 2229 1973 2282 Sed
2009 2231 2142 2299 quia
2170 2231 2285 2283 haec
2318 2248 2479 2300 poena
2511 2232 2577 2283 ad
2612 2231 2896 2300 integrum
2928 2231 2986 2284 in
3013 2230 3313 2284 novissimo
3344 2246 3470 2283 exa-

1866 2318 2015 2371 mine
2041 2320 2403 2387 persolvenda
2423 2320 2548 2383 erit,
2585 2326 2641 2372 et
2676 2321 2812 2372 hora
2844 2320 3100 2372 vindictae
3130 2318 3313 2372 adhuc
3342 2334 3467 2389 pro-

1864 2408 2089 2465 telatur:
2136 2408 2389 2461 hostibus
2434 2409 2651 2462 videtur
2693 2408 3042 2461 occasionem
3090 2406 3467 2477 persequendi

1862 2496 2129 2561 tribuere,
2149 2497 2244 2567 qui
2278 2497 2549 2566 patientia
2570 2498 2669 2550 Dei
2691 2496 3002 2551 abutuntur
3021 2496 3465 2550 thesaurizantes

1863 2584 1965 2637 sibi
1994 2585 2135 2637 iram
2170 2586 2225 2638 in
2246 2586 2334 2638 die
2359 2586 2473 2650 irae,
2495 2592 2551 2639 et
2575 2586 2929 2639 revelatiunis
2952 2586 3093 2655 justi
3117 2584 3315 2655 judicii
3337 2584 3458 2638 Dei.

1863 2675 2002 2726 Cum
2016 2674 2134 2744 ipse
2150 2682 2337 2727 tamen
2352 2675 2661 2728 certissime
2680 2675 2863 2728 veniet
2877 2675 3083 2728 sanctis
3098 2674 3215 2728 suis
3227 2674 3461 2727 reddere

1863 2762 2092 2831 praemia
2118 2768 2341 2816 (eterna)
2366 2764 2746 2830 beatitudinis,
2770 2769 2824 2817 et
2837 2763 3169 2817 adversariis
3190 2762 3305 2816 suis
3326 2762 3461 2817 dare

1860 2850 2228 2904 vindictamm
2254 2855 2481 2905 ﬂamma
2510 2853 2657 2923 ignis
2682 2872 2693 2920 ;
2726 2853 2873 2906 unde
2903 2853 3157 2923 sequitur
3183 2868 3196 2908 :

1936 2960 1955 2987 α
1993 2941 2160 2993 Stetit
2194 2943 2340 2994 unda
2388 2944 2586 3007 ﬂuens,
2635 2949 2985 3011 congregata:
3015 2947 3149 2996 sunt
3178 2942 3365 3013 abyssi
3402 2941 3457 2995 in

1863 3049 1888 3077 ‹‹
1923 3030 2107 3081 medio
2121 3031 2281 3083 mari.
2308 3031 2459 3084 Dixit
2482 3032 2765 3085 inimicus:
2796 3032 3107 3101 Persequar
3135 3037 3191 3085 et
3210 3047 3460 3101 compre-

1862 3136 1889 3166 ι(
1920 3118 2182 3183 hendam,
2234 3120 2476 3173 dividam
2503 3121 2700 3191 spolia,
2745 3120 3067 3191 implebitur
3097 3121 3289 3174 anima
3309 3136 3454 3185 mea,

1860 3223 1885 3256 (ί
1920 3207 2226 3274 evaginabo
2278 3210 2528 3277 gladium
2558 3226 2768 3274 meum,
2804 3209 3101 3263 interﬁciet
3130 3226 3224 3262 eos
3256 3225 3456 3262 manus

1861 3314 1883 3345 ι
1918 3312 2069 3348 mea:
2098 3297 2246 3349 ﬂavit
2276 3298 2506 3367 spiritus
2524 3304 2653 3351 tuus
2675 3305 2731 3350 et
2754 3298 2974 3369 operuit
3000 3314 3094 3352 eos
3122 3314 3296 3364 mare,
3321 3296 3454 3351 sub-

1858 3400 1887 3436 ¢
1915 3385 2083 3436 mersi
2117 3391 2248 3437 sunt
2286 3387 2443 3455 quasi
2481 3387 2773 3457 plumbum
2812 3388 2869 3440 in
2910 3386 3071 3457 aquis
3110 3386 3455 3440 vehementi-

1861 3494 1885 3519 α
1920 3472 2039 3525 hus.
2072 3496 2094 3524 υ
2125 3496 2148 3523 (ι
2183 3474 2401 3534 Misisti,
2438 3476 2640 3544 inquit,
2679 3476 2938 3546 spiritum
2969 3482 3133 3528 tuum
3162 3482 3220 3529 et
3259 3491 3453 3545 coope-

1856 3561 1967 3613 ruit
1999 3578 2093 3613 eOs
2128 3579 2298 3614 mare.
2338 3584 2357 3611 ι
2410 3564 2541 3615 1ἷι·ιτο
2568 3566 2686 3632 jam
2743 3565 2938 3634 quinto
2978 3568 3453 3616 commemoratur

1851 3649 2080 3718 spiritus
2095 3651 2210 3715 Dei,
2232 3658 2292 3702 ut
2312 3651 2367 3703 in
2392 3651 2493 3703 hoc
2512 3669 2745 3704 numero
2774 3652 3113 3722 accipiamus
3126 3658 3183 3704 et
3199 3652 3346 3721 quod
3363 3652 3449 3704 di-

1851 3746 2001 3790 ctum
2026 3746 2142 3791 est:
2184 3756 2210 3788 «
2240 3738 2460 3807 Digitus
2494 3740 2594 3794 Dei
2634 3746 2717 3793 est
2738 3741 2826 3792 hic
2841 3742 3034 3811 (Exod.
3074 3746 3202 3807 vm).
3235 3741 3444 3803 Primo,

1854 3827 1942 3879 ubi
1956 3828 2225 3897 scriptum
2244 3834 2352 3880 est:
2382 3852 2406 3879 ς
2423 3828 2662 3897 Spiritus
2684 3829 2783 3881 Dei
2796 3828 3079 3881 ferebatur
3091 3845 3261 3899 super
3274 3845 3448 3899 aquas

1854 3917 2001 3978 (ϐέῃ.
2036 3926 2092 3984 ι).
2130 3938 2156 3966 ››
2192 3917 2445 3970 Secundo
2476 3916 2571 3969 ubi
2603 3917 2842 3971 dicitur:
2882 3936 2909 3969 ε(
2940 3918 3067 3971 Non
3096 3917 3450 3988 permanebit

1849 4005 1903 4056 in
1940 4005 2061 4058 istis
2092 4005 2410 4059 hominibus
2448 4006 2689 4076 Spiritus
2732 4024 2914 4072 meus,
2960 4006 3226 4077 quoniam
3252 4023 3447 4060 carnes

1850 4100 1998 4146 sunt.
2038 4117 2058 4139 »
2091 4095 2296 4152 Tertio,
2332 4095 2424 4148 ubi
2456 4096 2679 4149 Pharao
2708 4095 2841 4148 dicit
2864 4096 2933 4148 ad
2967 4096 3208 4166 Joseph:
3245 4114 3271 4147 ((
3303 4096 3448 4159 Quo-

1852 4182 2003 4235 niam
2027 4183 2267 4253 Spiritus
2282 4184 2377 4236 Dei
2401 4191 2483 4237 est
2502 4185 2642 4237 inte.
2666 4206 2688 4236 »
2717 4184 3449 4251 Quarto,ubiincantatores

1852 4272 2241 4342 .Egyptiorum
2255 4273 2449 4326 dicunt
2468 4292 2476 4324 :
2501 4300 2519 4323 ι.‹
2543 4274 2763 4344 Digitus
2779 4275 2879 4328 Dei
2893 4282 2978 4328 est
2989 4275 3097 4329 hic.
3120 4282 3151 4327 ὐ
3170 4275 3376 4339 Quinto
3390 4274 3448 4328 in

1853 4362 1955 4413 hoc
1969 4362 2210 4414 cantico:
2233 4386 2256 4412 (ς
2278 4362 2475 4415 Misisti
2499 4364 2772 4432 Spiritum
2786 4371 2947 4417 tuum
2973 4371 3030 4416 et
3052 4365 3340 4434 cooperuit
3353 4380 3449 4417 eos

1852 4468 2024 4503 mare.
2048 4472 2069 4499 η
2089 4451 2507 4504 Meminerimus
2524 4457 2711 4504 autem
2733 4453 2993 4521 spiritum
3007 4453 3245 4517 Dei,non
3265 4453 3447 4506 solum

1850 4540 1920 4591 ad
1930 4539 2033 4591 ben
2043 4540 2416 4603 eticia,verum
2429 4540 2597 4593 etiam
2609 4540 2678 4592 ad
2690 4540 2991 4594 vindictam
3000 4541 3448 4610 commemorari;

1853 4646 1983 4680 nam
1996 4629 2126 4697 quid
2142 4630 2291 4681 aliud
2305 4630 2473 4681 etiam
2488 4646 2657 4698 supra
2670 4628 2944 4682 dixit?Per
2954 4628 3321 4699 spiritumirze
3335 4637 3449 4685 tua:

1852 4717 2027 4769 divisa
2047 4724 2133 4769 est
2152 4735 2314 4786 aqua.
2343 4720 2450 4771 Iste
2468 4718 2656 4787 itaque
2679 4717 2910 4787 spiritus
2928 4719 3028 4771 Dei
3060 4719 3115 4772 in
3136 4719 3445 4790 zEgyptios,

1854 4823 1983 4858 nam
2014 4806 2242 4875 spiritus
2268 4807 2361 4859 irae
2382 4808 2522 4875 ejus,
2560 4806 2761 4876 quibus
2800 4808 2991 4861 nocuit
3011 4824 3287 4877 aquarum
3310 4808 3450 4861 divi-

1854 4895 1955 4958 sio,
1990 4902 2053 4946 ut
2090 4895 2367 4947 intrantes
2398 4902 2624 4965 possent
2669 4897 2831 4966 aquis
2862 4896 3224 4951 redeuntibus
3254 4897 3446 4950 obrui:

1856 4982 1981 5035 [iliis
2028 5001 2155 5036 vero
2193 4986 2384 5043 Israel,
2434 4985 2635 5054 quibus
2661 4987 2887 5056 profuit,
2923 4987 3071 5056 quod
3101 5004 3249 5056 aqua
3276 4985 3453 5039 divisa

1856 5079 1955 5131 est.
1980 5090 2089 5125 non
2124 5073 2229 5125 fuit.
2260 5074 2351 5126 ille
2374 5074 2603 5144 spiritus
2626 5076 2721 5129 ira
2740 5077 2879 5129 Dei?
2907 5075 3065 5130 Unde
3102 5075 3454 5145 signiﬁcatur

1854 5169 2082 5232 propter
2111 5164 2358 5216 diversas
2409 5164 2782 5233 operationes,
2835 5172 2891 5218 et
2928 5166 3156 5219 elfectus
3187 5163 3452 5234 spiritum

1854 5251 1953 5303 Dei
1987 5251 2333 5304 dissimiliter
2361 5252 2649 5322 appellari,
2675 5270 2799 5306 cum
2828 5254 2902 5306 sit
2920 5270 3065 5306 unus
3086 5258 3256 5324 atque
3279 5252 3447 5319 idem,

1856 5341 1947 5393 ille.
1979 5342 2265 5403 duntaxat,
2303 5342 2399 5411 qui
2428 5341 2599 5394 etiam
2630 5350 2855 5395 sanctus
2880 5342 3120 5412 Spiritus
3154 5342 3213 5396 in
3234 5343 3451 5397 unitate

1854 5429 2145 5483 Trinitatis
2192 5431 2478 5499 accipitur.
2517 5431 2757 5483 Proinde
2802 5448 2913 5484 non
2961 5430 3205 5485 arbitror
3256 5432 3449 5495 alium,

1855 5537 2021 5591 quem
2080 5519 2335 5571 eumdem
2380 5519 2704 5587 significari,
2756 5519 2849 5573 ubi
2918 5520 3055 5575 dicit
3107 5522 3448 5592 Apostolus:

1859 5633 1880 5663 ι(
1918 5612 2039 5664 Non
2064 5610 2215 5663 enim
2244 5608 2535 5678 accepistis
2556 5609 2816 5679 spiritum
2846 5610 3130 5665 servitutis
3160 5610 3368 5665 iterum
3397 5609 3455 5663 in
