3942 6158
426 314 574 376 M07

1030 311 1096 367 B.
1132 309 1410 379 meum
1444 307 1678 379 mum
1708 308 2052 381 κωφῇ).
2082 307 2417 381 prosum.
2450 306 2751 369 apsumi
2782 306 2973 379 rens
3006 307 3106 364 III.
3528 309 3651 381 nos

431 439 639 497 timore
652 426 676 507 ’ς
696 438 799 499 sed
826 437 1126 509 accepistis
1161 435 1425 508 spiritum
1450 433 1790 511 adoptionis,
1827 434 1888 491 in
1916 439 2089 508 qqu
2109 434 2252 493 dixi:
2273 433 2363 491 Dii
2393 433 2528 491 estis
2563 435 2742 502 (Joan.
2778 438 2858 507 χ).
2884 452 2913 489 ι
2943 434 3014 493 Et
3038 434 3240 497 iterum
3263 452 3277 487 ς
3307 457 3332 486 ι
3357 435 3496 497 nam
3518 438 3655 495 sntit

430 529 769 587 damamns:
801 526 977 594 Abba,
1009 527 1180 583 Pater
1214 528 1388 591 (Rom.
1426 527 1540 595 vm)
1566 543 1580 585 ;
1604 541 1634 578 ι
1667 524 1798 595 quia
1828 524 2031 581 eodem

429 617 634 690 spiritu
663 617 784 683 Dei,
804 615 864 675 id
892 621 998 681 est,
1020 615 1197 686 digito
1224 614 1346 682 Dei,
1378 631 1488 686 quo
1517 615 1607 671 lex
1635 615 1695 669 in
1721 613 1928 669 tabulis
1954 614 2031 667 la-

432 705 612 779 pideis
651 705 968 778 conscripta
1003 710 1108 769 est,
1142 704 1316 763 timor
1373 704 1630 763 incussus
1677 709 1764 759 est
1806 703 1888 763 eis
1933 702 2030 774 qui

428 795 675 868 gratiam
692 795 945 855 nondum
962 793 1375 864 mtolligebant,
1396 800 1462 857 ut
1489 793 1558 851 de
1575 809 1685 853 sua
1699 792 2029 855 murmitate'
1895 791 1906 802 '

431 889 602 957 atque
616 883 857 956 peccatis
874 900 976 956 per
1002 883 1186 954 legem
1205 881 1688 947 convincerentur,
1722 887 1782 937 et
1806 882 1896 939 lex
1918 880 2030 936 illis

429 974 594 1031 ﬂeret
619 973 975 1045 pmdagogus,
1018 988 1133 1044 quo
1170 972 1614 1044 perducerentur
1650 971 1723 1028 ad
1757 970 2024 1042 gratiam,

430 1077 555 1134 qum
588 1067 680 1121 est
704 1061 766 1119 in
801 1061 912 1117 ﬁde
933 1063 1066 1119 Jesu
1358 1061 1441 1119 De
1468 1060 1574 1114 hoc
1602 1064 1794 1117 autem
1825 1058 2026 1131 spiritu

426 1151 746 1223 adoptionis
773 1156 831 1209 et
850 1150 1068 1220 gratia,
1100 1149 1157 1207 id
1187 1155 1289 1213 est,
1340 1149 1411 1205 de
1453 1149 1557 1203 hoc
1594 1165 1763 1220 opere
1795 1148 2027 1220 spiritus

427 1240 548 1304 Dei,
583 1257 694 1312 quo
734 1240 1059 1312 impertitur
1085 1239 1271 1310 gratia
1299 1245 1356 1293 et
1383 1238 1737 1308 regeneratio
1764 1239 1824 1293 in
1853 1237 2026 1295 vitam

424 1334 716 1395 sternam,
760 1329 998 1385 dicitur:
1052 1348 1075 1381 ι
1126 1328 1374 1400 Spiritus
1410 1334 1601 1383 autem
1650 1326 1894 1383 viviﬁcat
1931 1338 1941 1389 ί
1973 1329 2033 1382 II

424 1418 551 1485 Dor.
576 1418 679 1488 ut),
719 1439 742 1473 υ
773 1433 901 1475 cum
929 1432 1104 1487 supra
1126 1415 1429 1481 diceretur,
1464 1436 1490 1469 α
1527 1415 1716 1473 littera
1739 1414 1960 1479 occidit,
1996 1436 2022 1467 »

422 1506 486 1565 id
502 1511 606 1572 est,
627 1505 945 1577 conscripta
976 1504 1368 1566 tantummodo
1381 1503 1587 1575 iubens
1601 1504 1724 1559 sine
1743 1503 2025 1575 adjutorio

422 1595 640 1665 gratim.
659 1594 911 1653 Demersi
928 1599 1081 1654 sunt,
1116 1592 1320 1664 inquit,
1352 1597 1621 1664 tanquam
1652 1591 1945 1664 plumbum
1964 1592 2025 1657 in

2108 523 2170 586 in
2187 523 2621 594 congregatione
2640 522 2894 578 deorum.
2925 543 2948 577 ι
2974 523 3083 585 Sed
3098 523 3174 591 hi,
3192 524 3430 596 quamvis
3455 541 3655 597 capaces

2108 612 2227 667 sint
2250 612 2372 679 Dei,
2391 618 2450 668 et
2466 613 2570 669 hoc
2590 612 2819 667 nomine
2853 612 3050 673 donari
3074 629 3175 691 per
3196 613 3428 684 gmtiam
3456 613 3655 674 videan-

2110 707 2225 769 tur,
2248 702 2436 759 nullus
2457 707 2651 759 tamen
2681 702 2797 764 Deo
2830 701 3033 770 similis
3070 701 3364 773 invenitur,
3393 702 3473 757 vel
3494 701 3551 771 in
3578 720 3659 777 po-

2111 791 2309 859 tentia,
2341 791 2427 846 vel
2446 791 2509 849 in
2526 796 2761 859 natura;
2796 796 2855 849 et
2874 791 3010 861 licet
3034 791 3275 857 Joannes
3300 791 3563 865 apostolus
3583 791 3656 851 di-

2110 886 2230 938 cat:
2263 901 2293 932 ιι
2325 879 2530 947 Filioli,
2548 880 2799 937 nondum
2822 879 3177 953 scimusquid
3194 879 3366 939 futuri
3395 895 3601 942 sumus:
3632 903 3654 937 ρ

2106 970 2157 1034 si
2182 975 2376 1025 autem
2398 969 2683 1027 revelatus
2707 968 2870 1027 nobis
2892 969 3086 1037 fuerit,
3115 969 3185 1024 de
3221 969 3451 1037 Domino
3477 968 3659 1025 scilicet

2108 1057 2316 1123 dicens,
2339 1057 2551 1113 similes
2560 1058 2610 1112 ei
2627 1059 2857 1113 erimus.
2882 1058 3202 1117 Similitudo
3221 1064 3409 1123 tamen
3418 1057 3542 1125 hac,
3562 1074 3658 1115 non

2107 1147 2180 1205 ad
2209 1152 2490 1215 naturam,
2516 1147 2614 1202 sed
2635 1147 2704 1202 ad
2730 1147 2976 1219 gratiam
3000 1153 3324 1206 revocatur:
3352 1147 3492 1205 verbi
3516 1163 3659 1207 causa

2108 1241 2173 1293 ut
2201 1236 2249 1290 si
2298 1237 2571 1305 dicamus,
2610 1236 2887 1310 picturam
2919 1236 3163 1293 similem
3190 1253 3313 1291 esse
3362 1237 3499 1309 ejus,
3526 1237 3661 1309 cujus

2106 1325 2292 1397 imago
2316 1325 2376 1380 in
2402 1326 2624 1398 pictura
2644 1325 2864 1383 videtur
2883 1341 3170 1399 expressa:
3191 1330 3458 1399 quantum
3476 1325 3541 1381 ad
3556 1341 3663 1397 gm-

2108 1415 2246 1471 tiam
2267 1415 2515 1487 pertinet
2531 1415 2681 1471 visus
2694 1414 2897 1473 similis
2917 1415 3143 1481 dicitur,
3165 1420 3437 1489 quantum
3460 1414 3525 1472 ad
3550 1412 3661 1471 sub-

2107 1503 2567 1575 stantiam,longe
2578 1503 2997 1561 dissimilis.llla
3009 1503 3161 1562 enim
3172 1502 3384 1577 species
3398 1501 3572 1567 carnis
3593 1510 3664 1567 est

2103 1599 2166 1649 et
2192 1592 2441 1665 corporis
2468 1592 2592 1660 vivi,
2627 1591 2738 1647 ista
2762 1592 3013 1647 colorum
3043 1591 3204 1649 fucus
3229 1598 3332 1658 est,
3369 1597 3427 1647 et
3458 1596 3664 1647 cerata-

423 1700 632 1754 aquam
652 1683 1055 1739 validissimam
1080 1701 1091 1750 ξ
1134 1687 1453 1753 peccatores
1468 1698 1669 1754 graves
1686 1687 1840 1747 sunt,
1862 1681 2024 1740 deni-
2106 1681 2254 1739 bulis
2278 1699 2448 1739 sensu
2477 1681 2801 1737 carentibus
2838 1681 3212 1755 superposita.
3247 1681 3446 1737 Nullus
3472 1697 3592 1751 ergo
3614 1679 3664 1737 ia

424 1789 537 1844 que
556 1777 614 1827 et
640 1772 910 1843 iniquitas
926 1788 1097 1843 super
1114 1772 1389 1827 talentum
1401 1771 1616 1842 plumbi
1634 1771 1830 1825 sedere
1859 1787 2021 1827 mon-
2037 1756 2084 1817 Β
2102 1771 2210 1832 diis
2237 1771 2438 1827 similis
2466 1771 2725 1838 Domino,
2758 1771 2948 1827 nullus
2978 1771 3133 1827 enim
3174 1769 3478 1831 invisibilis,
3506 1769 3664 1828 nullus

425 1866 658 1926 stratur,
689 1861 836 1915 sicut
863 1860 1160 1918 Zacharias
1189 1860 1465 1931 propheta
1480 1859 1643 1917 dicit:
1683 1879 1704 1911 ι
1741 1859 1889 1925 Vidi,
1930 1859 2020 1913 in-

424 1949 568 2020 quit,
584 1949 880 2008 mulierem
896 1949 1185 2009 sedentem
1218 1965 1388 2020 super
1405 1949 1684 2009 talentum
1702 1947 1938 2019 plumbi,
1965 1953 2023 2002 et

420 2037 558 2103 dixi,
598 2053 724 2109 quia
770 2043 859 2095 est
899 2038 1062 2095 haec?
1089 2043 1148 2095 et
1181 2037 1490 2109 respondit,
1528 2036 1802 2108 iniquitas
1834 2038 2015 2106 (Zach.

422 2125 496 2198 v).
533 2146 556 2185 ο
599 2127 739 2187 Inde
782 2132 870 2185 est
916 2143 1070 2198 ergo,
1114 2126 1264 2198 quod
1314 2126 1495 2198 iniqui
1519 2125 1761 2184 demersi
1789 2132 1925 2181 sunt
1958 2126 2019 2189 in

421 2215 780 2288 profundum,
812 2216 961 2273 sicut
999 2215 1293 2287 plumbum
1341 2215 1400 2273 in
1437 2232 1587 2287 aqua
1635 2215 2013 2275 validissima:

419 2305 601 2363 sancti
624 2312 819 2363 autem
836 2321 951 2363 non
968 2305 1399 2376 demerguntur,
1421 2305 1519 2359 sed
1537 2303 1833 2363 ambulant
1848 2322 2019 2376 super

418 2410 619 2466 aquas,
641 2395 777 2466 quia
796 2395 943 2451 leves
968 2402 1122 2461 sunt,
1152 2399 1210 2449 et
1229 2394 1441 2466 peccati
1475 2394 1721 2465 pondere
1751 2411 1863 2451 non
1881 2411 2016 2464 gra-

421 2489 643 2541 vantur.
676 2482 929 2554 Denique
957 2483 1230 2543 Dominus
1258 2488 1316 2539 et
1361 2483 1616 2555 Salvator
1645 2499 1816 2554 super
1842 2499 2019 2554 aquas

419 2571 744 2631 ambulavit.
763 2572 888 2643 Ipse
914 2572 1068 2629 enim
1095 2579 1199 2639 est,
1232 2571 1329 2643 qui
1349 2588 1477 2631 vere
1502 2579 1791 2643 peceatum
1819 2572 2014 2631 nescit.

417 2659 744 2723 Ambulavit
756 2666 815 2717 et
838 2661 1146 2732 discipulus
1174 2663 1298 2732 ejus
1326 2661 1547 2729 Petrus,
1576 2662 1708 2717 licet
1728 2662 2019 2733 paululum

418 2748 818 2820 trepidaverit:
858 2765 971 2807 non
996 2750 1149 2808 enim
1176 2754 1369 2807 tantus
1396 2756 1522 2809 erat
1549 2756 1607 2805 et
1625 2751 1772 2816 talis,
1802 2750 1902 2822 qui
1926 2749 2016 2807 ni-

416 2837 499 2892 hil
546 2837 776 2895 omnino
821 2838 892 2897 de
933 2838 1119 2910 specie
1165 2839 1381 2910 plumbi
1432 2839 1490 2899 in
1534 2856 1597 2895 se
1638 2839 1875 2897 haberet
1916 2839 2017 2895 ad-

420 2925 673 2990 mistum.
708 2924 936 2992 Habuit,
960 2927 1093 2985 licet
1120 2944 1341 3000 parum,
1366 2935 1597 3000 propter
1613 2929 1761 3000 quod
1781 2928 1918 2987 dicit
1944 2928 2015 2982 ad

421 3029 550 3071 eum
579 3014 880 3079 Dominus:
919 3034 946 3067 (ί
980 3015 1207 3075 Modica;
1243 3017 1393 3084 fidei,
1426 3034 1600 3088 quare
1629 3017 1897 3077 dubitasti
1927 3016 1952 3070 ?
1985 3036 2011 3071 »

421 3104 639 3204 ςιαιιιι.
699 3113 830 3204 an.)
868 3104 1111 3204 “Idcirco.
1160 3105 1356 3204 igitur,
1382 3078 1526 3204 'q‘ur
1554 3106 1740 3204 salvus
1785 3108 1868 3204 ﬁt,
1915 3078 2076 3204 pera

419 3192 613 3263 iam
644 3192 830 3254 salvus
863 3193 945 3259 tit,
979 3198 1044 3253 ut
1066 3192 1116 3247 si
1164 3194 1298 3265 quid
1327 3194 1469 3251 forte
1493 3195 1563 3251 de
1590 3195 1774 3266 specie
1802 3194 2017 3267 plumbi

368 3314 375 3323 -
420 3279 687 3341 habuerit
698 3281 1023 3349 admistum,
1038 3282 1097 3341 id
1115 3282 1262 3354 ignis
1285 3283 1563 3355 decoquat
1588 3289 1646 3339 et
1673 3285 1933 3353 resolvat,
1952 3290 2019 3344 ut

413 3370 740 3448 .eﬁiciantur
756 3387 953 3432 omnes
980 3388 1182 3437 aurum
1203 3371 1414 3433 bonum
1435 3391 1446 3429 :
1470 3373 1607 3445 quia
1631 3390 1835 3431 aurum
1853 3379 2018 3435 teme

420 3459 572 3521 illius
592 3458 802 3523 bonum
830 3477 954 3519 esse
979 3460 1190 3521 dicitur
1207 3478 1378 3534 quam
1406 3461 1715 3523 habitaturi
1742 3470 1877 3523 sunt
1893 3480 2021 3521 san-

346 3612 357 3617 _
423 3548 528 3617 oti;
559 3553 619 3607 et
643 3547 793 3607 sicut
819 3549 1016 3607 fornax
1044 3549 1247 3621 probat
1283 3567 1506 3618 aurum,
1526 3551 1609 3607 ita
1645 3552 1901 3609 homines
1923 3553 2020 3624 ju-

424 3642 542 3700 stas
575 3637 834 3699 tentatio.
903 3638 1254 3697 Veniendum
1310 3645 1400 3695 est
1451 3657 1586 3712 ergo
1642 3640 1904 3699 omnibus
1949 3642 2022 3699 ad

424 3726 635 3797 ignem,
661 3727 996 3786 veniendum
1023 3733 1112 3783 est
1139 3728 1209 3783 ad
1237 3729 1650 3787 conflatorium.
1685 3731 1855 3789 Sedet
1870 3731 2021 3790 enim

426 3815 701 3881 Dominus
731 3821 790 3875 et
813 3817 1040 3884 confiat,
1073 3823 1130 3873 et
1150 3824 1356 3889 purgat
1374 3818 1520 3890 filios
1547 3819 1711 3875 inda.
1755 3819 1863 3877 Sed
1893 3820 2024 3875 illuc

427 3920 558 3966 cum
576 3904 815 3972 venitur,
830 3905 882 3963 si
904 3905 1002 3976 qui
1031 3906 1210 3965 multa
1227 3923 1400 3978 opera
1422 3906 1586 3973 bona,
1612 3913 1670 3963 et
1688 3924 1888 3979 parum
1916 3909 2022 3963 ali-

426 3992 565 4064 quid
611 3993 926 4065 iniquitatis
973 3995 1246 4062 attulerit,
1307 3995 1445 4055 illud
1501 4013 1704 4067 parum
1751 4002 2022 4068 tanquam

2100 1860 2484 1933 incorporeus,
2508 1860 2897 1923 immutabilis,
2930 1859 3121 1917 nullus
3151 1859 3276 1915 sine
3305 1858 3463 1918 initio
3496 1857 3666 1915 etsine

2101 1951 2233 2017 ﬁne,
2265 1951 2456 2009 nullus
2486 1955 2708 2014 creator
2748 1949 3021 2017 omnium,
3068 1949 3179 2005 nisi
3208 1949 3378 2011 Pater
3404 1964 3524 2005 cum
3548 1947 3665 2007 Filio

2102 2046 2160 2095 et
2186 2039 2401 2112 Spiritu
2428 2044 2642 2105 sancto,
2680 2038 2776 2112 qui
2802 2038 2942 2095 facit
3283 2037 3449 2099 solus.

2176 2148 2204 2183 α
2238 2128 2548 2189 Extendisti
2564 2144 2796 2185 manum
2816 2134 2978 2185 tuam
2995 2132 3055 2183 et
3079 2125 3369 2183 devoravit
3381 2142 3473 2207 eos
3486 2131 3662 2189 terra;

2100 2218 2275 2273 Terra
2292 2234 2394 2289 pro
2414 2233 2564 2288 aqua
2580 2217 2849 2275 nimirum
2875 2222 2962 2273 est
2979 2216 3184 2291 posita,
3207 2221 3331 2277 ωω
3348 2214 3540 2293 quippe
3558 2229 3667 2285 Pars

2099 2305 2210 2361 ista
2237 2312 2506 2371 extrema,
2530 2306 2615 2363 vel
2644 2305 2870 2365 inﬁrma
2905 2303 3102 2364 mundi
3127 2310 3296 2361 terra
3318 2302 3532 2364 nomine
3555 2318 3666 2357 cen-

2096 2402 2274 2457 setur,
2304 2394 2615 2451 secundum
2658 2394 2715 2451 id
2761 2393 2909 2466 quod
2936 2409 3087 2467 saepe
3113 2392 3325 2451 dicitur
3355 2411 3367 2446 :
3403 2392 3561 2457 Deus,
3587 2389 3667 2463 qui

2099 2483 2232 2539 fecit
2251 2483 2453 2539 ccelum
2484 2490 2542 2538 et
2583 2490 2813 2539 terram.
2847 2483 2916 2544 Et
2942 2482 3001 2537 in
3028 2482 3182 2551 illius
3209 2481 3413 2554 psalmi
3439 2478 3667 2537 distribu-

2099 2572 2253 2629 tione
2269 2572 2723 2631 commemoratis
2735 2571 3085 2634 coslestibus:
3124 2589 3151 2623 ι
3187 2570 3462 2636 Laudato,
3490 2568 3665 2643 inquit,

2099 2663 2402 2719 Dominum
2425 2661 2495 2716 de
2523 2668 2679 2717 terra
2712 2663 2878 2729 (Psal.
2900 2664 3135 2730 sxum),
3166 2680 3194 2713 ιι
3254 2666 3314 2715 et
3339 2675 3409 2721 ea
3442 2657 3667 2729 exsequi-

2097 2757 2193 2809 tur
2210 2751 2269 2809 in
2282 2751 2469 2819 laude,
2485 2768 2609 2827 quas
2628 2750 2803 2809 etiam
2823 2749 2895 2805 ad
2913 2766 3090 2833 aquas
3113 2749 3459 2824 pertineant.
3488 2746 3668 2823 impios

2097 2840 2326 2912 quidem
2343 2846 2401 2894 et
2418 2839 2583 2898 hodie
2593 2839 2826 2897 devorat
2848 2845 3033 2913 terra;
3046 2844 3148 2897 aut
3162 2855 3286 2894 non
3302 2837 3405 2903 tibi
3418 2837 3619 2900 Videtur
3639 2851 3669 2901 8

2096 2934 2252 2990 terra
2269 2929 2526 2985 devorari
2556 2929 2671 2995 ille,
2705 2928 2803 3000 qui
2822 2945 3048 3001 semper
3082 2928 3152 2985 de
3180 2934 3343 2985 terra
3371 2923 3667 3001 cogitat,qu

2098 3033 2323 3088 semper
2347 3021 2602 3083 terrenos
2628 3015 2800 3075 habet
2822 3022 2999 3083 actus,
3024 3016 3122 3089 qui
3152 3016 3231 3074 de
3251 3022 3407 3073 terra
3430 3013 3666 3089 loquitur.

2097 3105 2168 3162 de
2194 3111 2349 3162 terra
2385 3105 2591 3177 litigat,
2622 3111 2832 3161 terram
2869 3105 3155 3167 desiderat
3183 3111 3250 3160 et
3294 3119 3512 3163 omnem
3534 3117 3667 3175 spem

2098 3211 2259 3254 suam
2279 3195 2438 3268 ponit
2455 3195 2516 3251 in
2536 3200 2708 3265 terra,
2749 3194 2846 3266 qui
2865 3195 2937 3251 ad
2955 3194 3160 3250 omium
3190 3211 3314 3250 non
3346 3191 3573 3267 respicit,
3588 3189 3670 3267 qui

2099 3285 2290 3343 futura
2315 3300 2428 3341 non
2455 3282 2685 3355 cogitat,
2698 3283 2795 3355 qui
2810 3283 3086 3356 judicium
3102 3283 3202 3340 Dei
3228 3300 3344 3353 non
3362 3281 3568 3347 metuit,
3586 3294 3672 3347 nec

2099 3372 2266 3431 beata
2293 3373 2416 3444 ejus
2446 3371 2723 3445 promissa
2746 3371 3046 3439 desiderat,
3078 3371 3177 3429 sed
3204 3388 3436 3453 semper
3459 3371 3525 3429 de
3549 3384 3671 3443 prie—

2100 3461 2352 3519 sentibus
2380 3461 2590 3532 cogitat
2610 3465 2669 3517 et
2695 3467 2924 3519 terrena
2942 3460 3193 3534 suspirat
3210 3461 3240 3515 ?
3257 3462 3449 3521 Talem
3466 3475 3584 3521 cum
3604 3457 3670 3511 νί-

2101 3550 2268 3617 deris,
2307 3550 2496 3617 dicito,
2525 3550 2659 3626 quia
2688 3550 2974 3607 devoravit
3000 3567 3134 3613 eum
3161 3554 3321 3609 terra
3358 3569 3372 3621 ς
3419 3548 3515 3607 sed
3564 3543 3672 3604 etsi

2103 3656 2272 3711 quem
2292 3639 2497 3695 videris
2522 3639 2755 3697 luxuria:
2766 3639 2952 3697 carnis
2969 3644 3029 3697 et
3044 3638 3429 3714 voluptatibus
3454 3634 3673 3713 corporis

2102 3728 2378 3795 deditum,
2410 3727 2471 3784 in
2508 3745 2620 3801 quo
2662 3727 2888 3785 animus
2914 3727 3058 3786 nihil
3090 3728 3262 3797 valet,
3294 3729 3392 3785 sed
3419 3732 3590 3791 totum
3615 3722 3671 3781 lie

2104 3817 2234 3872 bido
2262 3817 2448 3872 carnis
2467 3817 2726 3882 obtinuit,
2751 3817 2922 3872 dicito
2951 3824 3010 3871 et
3027 3817 3096 3872 de
3116 3816 3242 3885 hoc,
3272 3817 3408 3890 quia
3423 3811 3675 3881 devoravit

2105 3923 2233 3963 eum
2258 3912 2431 3964 terra.
2452 3905 2655 3963 Adhuc
2676 3922 2765 3963 me
2786 3911 2988 3973 movet,
3013 3906 3165 3981 quod
3177 3906 3297 3969 ait:
3334 3927 3358 3958 ι
3396 3900 3674 3969 Extendisti

2104 3995 2391 4053 dexteram
2422 4000 2580 4053 tuam
2602 4001 2661 4051 et
2682 3995 2968 4053 devoravit
2982 4000 3265 4063 eosterra,
3294 4015 3317 4049 ι
3354 3994 3512 4067 quasi
3528 3997 3587 4051 ut
3599 3990 3677 4045 de-

428 4079 723 4152 plumbum
750 4080 879 4151 igne
906 4081 1206 4141 resolvitur
1231 4099 1297 4138 ac
1323 4090 1616 4154 purgatur,
1635 4091 1695 4140 et
1720 4090 1904 4141 totum
1931 4103 2023 4141 re-
2107 4089 2377 4141 vorantur
2404 4100 2438 4139 a
2469 4089 2639 4151 terra,
2681 4083 2798 4139 haec
2843 4100 3014 4139 causa
3055 4082 3247 4153 fuerit,
3280 4084 3430 4157 quod
3457 4078 3677 4139 extudit

431 4173 628 4230 manet
653 4185 856 4227 aurum
878 4186 1102 4241 purum,
1126 4176 1185 4227 et
1207 4171 1254 4226 si
1283 4172 1379 4242 qui
1408 4173 1535 4244 plus
1550 4173 1683 4231 illuc
1702 4174 1917 4245 plumbi
1935 4175 2029 4230 de-
2110 4173 2382 4243 Dominus
2406 4173 2694 4231 dexteram
2722 4189 2887 4231 suam
2925 4191 2938 4226 :
2979 4173 3027 4229 si
3051 4173 3393 4240 consideres,
3426 4166 3676 4245 quomodo

432 4256 648 4324 tulerit,
664 4257 791 4333 plus
818 4259 1089 4326 exuritur,
1120 4265 1186 4317 ut
1220 4261 1464 4332 amplius
1490 4262 1853 4334 decoquatur,
1887 4269 1954 4321 ut
1979 4263 2029 4318 si
2110 4262 2383 4323 Dominus
2411 4262 2687 4319 exaltatus
2712 4261 2774 4325 in
2791 4277 2954 4319 cruce
2972 4266 3093 4319 tota
3117 4261 3209 4317 die
3228 4261 3478 4323 extendit
3501 4271 3676 4315 manus

431 4360 635 4416 parum
659 4344 873 4417 aliquid
903 4346 1030 4406 auri
1058 4348 1282 4419 purgati
1320 4356 1510 4409 tamen
1538 4350 1782 4406 resideat
1826 4370 1839 4417 ;
1879 4351 2029 4422 quod
2110 4367 2244 4409 suas
2271 4351 2343 4407 ad
2362 4351 2632 4422 populum
2648 4366 2761 4407 non
2781 4350 3101 4407 credentem
3120 4353 3181 4409 et
3204 4349 3672 4410 contradicentems

432 4433 484 4499 Si
527 4433 734 4506 aliquis
763 4433 896 4499 illuc
932 4441 1086 4500 totus
1121 4437 1418 4511 plumbeus
1444 4439 1677 4505 venerit,
1709 4442 1808 4499 lict
1835 4439 1904 4497 de
1931 4440 2028 4495 illo
2046 4437 2095 4496 D
2112 4447 2172 4497 et
2189 4439 2434 4512 qualiter
2457 4439 2742 4497 inﬁdelem
2761 4438 3461 4513 populum,quiclamavit,
3478 4433 3677 4493 «Cruci:

437 4523 543 4588 hoc
579 4523 730 4595 quod
758 4525 1030 4598 scriptum
1061 4530 1180 4583 est:
1223 4545 1249 4583 α
1282 4527 1642 4599 Demergitur
1665 4528 1724 4589 in
1753 4528 2030 4600 profundo

435 4617 707 4684 tauquam
736 4613 1029 4684 plumbum
1050 4614 1111 4671 in
1142 4631 1290 4686 aqua
1316 4616 1677 4673 validissima.
1708 4637 1731 4671 ο

513 4719 541 4752 α
571 4701 710 4771 Quis
737 4702 937 4763 similis
957 4703 1042 4761 tui
1072 4703 1132 4759 in
1158 4704 1414 4769 fortibus,
1453 4705 1718 4763 Domine?
1739 4706 1863 4778 quis
1881 4707 2034 4765 simi-

354 4850 365 4859 ,
443 4808 469 4851 σι
520 4788 590 4853 lis
631 4790 715 4849 tui
762 4791 1091 4861 magniﬁcus
1127 4792 1187 4851 in
1233 4794 1548 4859 sanctitate,
1569 4794 1839 4855 terribilis
1862 4802 2032 4868 atque

444 4895 470 4933 (ι
511 4877 827 4948 laudabilis,
875 4886 934 4942 et
972 4880 1183 4941 faciens
1228 4882 1551 4941 mirabilia?
1600 4904 1626 4937 υ
1656 4884 1784 4941 Alia
1818 4884 2028 4944 editio:

443 4985 471 5023 α
511 4966 650 5035 Quis
677 4967 880 5031 similis
905 4968 1005 5029 tibi
1031 4970 1091 5025 in
1110 4970 1238 5037 diis,
1271 4971 1527 5039 Domine,
1552 4973 1678 5044 quis
1711 4973 1910 5031 similis
1930 4974 2035 5034 tibi

438 5055 718 5127 gloriosus
745 5057 807 5117 in
834 5059 1063 5126 sanctis,
1112 5058 1385 5117 mirabilis
1412 5060 1472 5119 in
1501 5061 1912 5133 majestatibus,
1950 5063 2034 5121 fa-

440 5143 594 5212 ciens
622 5145 920 5221 prodigia?
950 5167 973 5198 ι
1007 5147 1165 5211 Quod
1189 5147 1359 5205 dicit:
1395 5166 1421 5203 α
1454 5148 1592 5213 Quis
1620 5149 1823 5207 similis
1848 5149 1949 5209 tibi
1975 5150 2034 5211 in

442 5231 568 5301 diis,
586 5254 610 5285 ι
634 5234 822 5297 sivein
848 5234 1105 5304 fortibus,
1128 5253 1242 5293 non
1260 5237 1578 5297 simulacris
1595 5239 1852 5310 gentium
1881 5257 2036 5297 com-

442 5328 607 5393 parat
625 5324 825 5395 Deum,
848 5341 951 5387 nec
979 5325 1346 5394 daemonibus,
1379 5328 1475 5398 qui
1505 5327 1611 5385 sibi
1640 5328 1779 5385 falso
1804 5328 2039 5383 deorum

442 5407 560 5476 sive
586 5410 817 5477 fortium
843 5429 1047 5473 nomen
1076 5422 1378 5487 usurpant;
1422 5417 1523 5475 sed
1562 5417 1696 5473 deos
1725 5417 1852 5475 illos
1880 5417 2033 5475 dicit.

445 5497 1089 5573 quipergenerationem
1119 5510 1177 5558 et
1206 5505 1691 5577 participationem
1723 5507 1822 5563 Dei
1850 5507 2038 5578 appel-

448 5584 637 5657 lantur
654 5584 753 5657 dii.
771 5587 843 5653 de
864 5589 1066 5665 quibus
1092 5600 1150 5653 et
1173 5593 1306 5651 alibi
1340 5594 1632 5673 Scriptura
1660 5595 1829 5653 dicit;
1865 5616 1886 5651 ι
1920 5596 2038 5668 Ego

2112 4529 2511 4601 ﬁge,cruciﬁge
2529 4545 2680 4597 eum,
2702 4550 2727 4581 »
2745 4544 2897 4585 mors
2923 4527 3154 4585 admissi
3164 4528 3394 4593 sceleris
3409 4521 3675 4603 oppressit.

2114 4618 2400 4674 evidenter
2408 4617 2658 4687 invenies
2677 4617 2955 4689 quomodo
2973 4615 3226 4676 extendit
3243 4617 3527 4683 dexteram
3538 4624 3675 4671 suam

2114 4714 2174 4765 et
2202 4706 2488 4763 devoravit
2518 4706 2644 4763 illos
2672 4712 2845 4765 terra.
2878 4707 2994 4763 Nec
3032 4712 3223 4761 tamen
3253 4707 3477 4779 penitus
3502 4702 3676 4773 despe-

2114 4795 2357 4857 randum
2387 4800 2475 4850 est
2510 4814 2521 4849 :
2575 4794 2841 4868 possibile
2867 4810 3112 4869 namque
3145 4799 3233 4851 est
3255 4801 3339 4861 ut,
3369 4794 3418 4849 si
3442 4793 3575 4859 forte
3600 4803 3677 4855 re-

2116 4884 2368 4957 sipiscat,
2394 4883 2490 4956 qui
2517 4883 2816 4939 devoratus
2829 4890 2933 4953 est,
2956 4900 3183 4943 rursum
3195 4883 3373 4956 possit
3384 4880 3573 4947 evomi,
3592 4876 3678 4933 εἰσ·

2116 4980 2182 5035 ut
2199 4975 2389 5031 Jonas.

2190 5082 2212 5114 θ
2248 5063 2373 5119 Dux
2389 5061 2543 5122 fuisti
2563 5062 2624 5119 in
2650 5062 3041 5125 misericordia
3056 5068 3159 5123 tua
3174 5062 3401 5135 populo,
3432 5073 3590 5133 quem
3601 5069 3677 5111 re-

2122 5170 2147 5205 ι
2177 5151 2424 5220 demisti,
2453 5159 2510 5210 et
2538 5151 2775 5223 portasti
2801 5168 2931 5217 eum
2951 5151 3010 5217 in
3032 5150 3361 5211 fortitudine
3387 5156 3486 5211 tua
3507 5146 3572 5209 ad
3591 5146 3676 5199 ινι-

2124 5261 2147 5293 ι
2182 5239 2487 5299 bitaculum
2514 5246 2769 5299 sanctum
2796 5247 2978 5299 tuum.
3007 5260 3033 5295 λ)
3074 5241 3183 5307 Pro
3213 5256 3323 5311 quo
3346 5240 3507 5311 juxta
3531 5234 3677 5290 aliam

2120 5329 2423 5387 editionem
2434 5329 2669 5400 legitur;
2693 5348 2722 5379 «ι
2739 5329 3075 5387 Gubernasti
3087 5328 3310 5399 iustitia
3325 5333 3428 5385 tua
3436 5322 3675 5399 populum

2120 5424 2282 5477 tuum
2315 5419 2480 5487 hunc,
2513 5435 2681 5489 quem
2714 5418 3022 5475 redemisti.
3055 5418 3389 5475 Exhortatus
3416 5431 3474 5469 es
3500 5412 3556 5471 in
3581 5409 3677 5467 vir-

2120 5512 2241 5562 tute
2285 5512 2401 5576 tua,
2444 5512 2500 5562 et
2539 5507 2598 5565 in
2640 5506 2940 5565 refectione
2984 5513 3179 5567 sancta
3220 5514 3336 5566 tua.
3368 5524 3392 5557 υ
3431 5498 3675 5567 Domini"

2118 5597 2584 5669 populum,quem
2592 5595 2852 5659 liberavit
2860 5613 2963 5669 per
2972 5582 3674 5665 lavacmmregenerationis
