3942 6158
234 214 407 297 'uoe

937 241 1316 301 Comm.
1354 244 1434 299 ne
1468 244 1786 300 omnes
1821 244 1986 309 ρυλε
2025 245 2121 300 AD
2158 225 2437 305 munus
2472 244 2863 303 DICUNTUR.

3394 247 3543 313 “10

267 365 492 421 deducit
510 366 569 421 in
585 367 823 436 iustitia.
846 369 1180 422 Com-solatur
1206 368 1377 422 etiam
1400 369 1515 421 sive
1538 368 1717 422 reiicit
1733 385 1863 421 eum
1888 372 2197 428 Atranseat
2224 368 2464 439 populus
2484 373 2634 422 tuus.
2663 386 2685 418 ι
2710 368 2832 433 Quo
2857 368 3072 423 scilicet
3088 374 3216 439 post
3236 371 3540 427 causin

269 471 367 525 per
393 456 835 531 consolationem
865 457 1104 527 Spiritus
1133 457 1309 512 sancti
1342 460 1545 511 virtute
1574 474 1694 521 sua,
1719 463 1777 511 et
1802 457 1861 510 in

268 545 463 613 requie
482 562 588 599 sua
607 562 622 610 ;
645 545 964 601 ﬁaturarum
984 562 1231 616 namque
1248 547 1462 616 species
1482 546 1862 600 laborantibus

268 634 520 702 requiem
570 634 735 705 parit,
770 634 915 689 sicut
948 642 1007 689 et
1043 636 1102 688 in
1142 651 1321 704 agone
1365 635 1564 705 positis
1612 636 1861 690 dolorem

267 721 557 777 vulnerum
586 723 813 793 mitigat
838 742 967 794 spes
993 741 1230 778 coronm.

332 830 357 863 α
378 812 773 869 Asoenderunt
790 814 981 884 populi
1002 820 1059 867 et
1069 814 1198 867 irati
1210 820 1360 877 sunt,
1378 813 1600 866 dolores
1610 813 1862 867 obtinue-

265 917 291 951 ι
322 906 457 954 runt
488 901 828 971 habitatores
849 903 1218 956 Philisthiim:
1243 909 1377 956 tunc
1399 902 1717 956 conturbati
1730 908 1864 955 sunt

267 1010 285 1038 ι
322 988 605 1059 principes
635 991 830 1052 Edom,
867 992 1123 1046 robustos
1155 991 1317 1045 Moab
1354 991 1599 1044 obtinuit
1630 998 1859 1058 tremor,

265 1096 285 1125 ε
317 1076 693 1147 obriguerunt
735 1097 929 1133 omnes
961 1080 1303 1134 habitatores
1332 1082 1618 1134 Chanaan.
1672 1100 1696 1133 υ
1738 1081 1862 1134 Alia

261 1172 448 1220 autem
502 1168 671 1221 editio
720 1168 801 1221 sic
851 1169 1020 1222 habet
1062 1188 1072 1220 :
1123 1188 1148 1220 (ί
1204 1169 1519 1223 Audierant
1558 1176 1755 1237 gentes
1801 1178 1857 1223 et

260 1255 416 1309 iratae
446 1264 598 1321 sunt,
638 1257 860 1311 dolores
901 1259 1448 1328 comprehenderunt
1476 1258 1856 1312 inhabitantes

260 1344 599 1401 Philisthiim
626 1363 638 1397 :
664 1351 802 1400 tunc
833 1347 1236 1401 festinaverunt
1252 1347 1422 1401 duces
1441 1348 1613 1401 Edoni
1631 1354 1688 1400 et
1707 1347 1857 1417 prin-

230 1433 411 1517 ‘cipes
452 1434 845 1502 Moabitarum,
886 1436 1259 1506 apprehendit
1294 1453 1390 1490 eos
1429 1436 1615 1502 timor,
1655 1436 1853 1490 tabue-

260 1530 394 1577 runt
421 1539 617 1578 omnes
646 1524 1025 1579 inhabitantes
1063 1526 1350 1579 Chanaan.
1392 1547 1413 1577 ο
1460 1526 1747 1589 Quantum
1784 1526 1855 1580 ad

258 1612 554 1667 historiam
583 1614 844 1682 pertinet.
896 1616 1111 1669 nullum
1150 1629 1216 1668 ex
1254 1615 1343 1669 his
1376 1615 1638 1683 gentibus
1677 1615 1854 1669 inter-

1943 458 2133 527 populi
2160 474 2273 511 non
2294 457 2403 511 sint
2429 464 2562 526 tauq
2574 474 2701 510 nam
2731 456 2961 527 lapides,
2998 457 3057 511 in
3082 475 3194 528 quo
3224 458 3364 513 mihi
3396 460 3545 514 vide-

1945 552 2040 600 tur
2071 546 2376 616 prophetiae
2403 546 2616 616 aliquid
2639 547 2834 600 latere.
2866 547 3039 600 Video
3062 548 3210 602 enim
3232 548 3368 618 quia
3394 550 3548 619 prior

1946 637 2202 705 populus,
2223 635 2316 705 qui
2343 635 2452 689 fuit
2473 642 2604 689 ante
2624 652 2744 700 nos,
2769 636 2950 689 factus
2972 642 3060 690 est
3086 642 3359 706 tanquam
3380 638 3541 708 lapis,

1944 724 2119 778 durus
2146 731 2206 777 et
2244 724 2581 778 incredulus.
2613 724 2821 777 Verum
2854 741 2966 778 non
3002 732 3239 779 eatenus
3270 732 3336 781 ut
3360 727 3419 781 in
3458 728 3543 781 la-

1946 812 2089 883 pidis
2111 818 2314 867 natura
2334 818 2680 883 permaneat,
2705 814 2802 867 sed
2825 813 3003 867 donec
3028 820 3278 868 transeat
3304 817 3543 885 populus

1946 902 2050 965 hic,
2077 903 2312 972 populus
2338 919 2506 972 quem
2525 902 2837 972 acquisivit.
2854 903 3086 956 Caecitas
3113 903 3260 958 enim
3287 922 3351 956 ex
3384 912 3543 975 parte

1940 991 2215 1061 contingit
2234 991 2292 1045 in
2323 993 2493 1046 Israel
2519 991 2613 1045 illo
2630 991 2935 1045 secundum
2958 1008 3204 1057 carnem,
3226 994 3406 1047 donec
3427 994 3540 1064 ple-

1944 1080 2140 1133 nitudo
2180 1080 2431 1149 gentium
2483 1080 2903 1145 subintrorerit;
2954 1088 3086 1135 tunc
3132 1082 3305 1135 etiam
3348 1082 3533 1137 omnis

1944 1169 2133 1234 lsi-uel,
2154 1170 2249 1238 qui
2275 1186 2374 1238 per
2404 1169 2812 1223 incredulitatis
2835 1170 3102 1223 duritiam
3150 1170 3330 1224 factus
3358 1171 3542 1225 fuerat

1939 1257 2083 1311 sicut
2110 1257 2268 1327 lapis,
2288 1257 2609 1311 salvabitur.
2639 1259 2706 1311 Et
2727 1258 2808 1309 vis
2836 1258 3019 1311 videre
3039 1265 3122 1326 tu,
3138 1260 3415 1329 quomodo
3436 1261 3543 1313 sal-

1939 1346 2191 1401 vabitur?
2218 1370 2237 1399 ιιι
2262 1348 2465 1400 Potens
2484 1353 2588 1411 est,
2616 1346 2815 1416 inquit,
2847 1348 2994 1400 Deus
3015 1348 3083 1400 de
3113 1348 3392 1418 lapidibus
3419 1365 3539 1402 sus-

1937 1436 2107 1490 citare
2140 1436 2284 1489 ﬁlios
2314 1435 2568 1489 Abrahae.
2612 1460 2634 1485 »
2670 1436 2898 1489 Manent
2947 1452 3078 1505 ergo
3120 1437 3332 1507 lapides
3363 1454 3532 1501 nunc,

1937 1525 2113 1579 donec
2145 1530 2393 1578 transeat
2424 1525 2659 1594 populus
2691 1530 2821 1577 tuus
2861 1524 2969 1589 hic,
3006 1541 3173 1594 quem
3210 1526 3533 1596 acquisisti;

1937 1615 2029 1668 sed
2060 1614 2180 1684 ipse
2221 1613 2493 1667 Dominus
2522 1622 2743 1666 creator
2788 1620 2873 1667 est
2901 1614 3177 1668 omnium.
3222 1614 3536 1668 Videndum

258 1699 430 1754 fuisse
486 1701 837 1757 mirabilibus
885 1721 1007 1773 quin
1058 1704 1206 1758 facta
1252 1708 1385 1758 sunt
1424 1711 1661 1758 constat.
1703 1692 2038 1768 Quo-Best,
2068 1703 2344 1773 quomodo
2385 1703 2473 1755 hic
2496 1702 2804 1773 acquisnsse
2834 1702 3071 1768 dicatur,
3109 1719 3232 1772 quae
3279 1720 3382 1756 sua
3412 1722 3533 1756 esse

258 1790 425 1843 modo
468 1806 603 1859 ergo
657 1791 991 1847 videbuntur
1026 1798 1270 1847 tremore
1310 1793 1608 1857 deterritas,
1653 1793 1733 1846 vel
1773 1793 1855 1847 fe-

257 1878 517 1943 stinasse,
564 1886 627 1935 ut
684 1881 837 1945 dicit,
897 1882 983 1935 vel
1044 1882 1198 1935 iratae
1244 1899 1386 1946 esse,
1450 1884 1742 1936 festinasse
1799 1888 1856 1936 et

260 1967 522 2023 Hoabitte
552 1976 609 2022 et
638 1970 812 2024 Edoni
842 1978 900 2023 et
932 1971 1178 2040 reliquae,
1225 1988 1366 2039 quas
1413 1977 1724 2034 enumerat,
1760 1989 1856 2025 na-

258 2056 461 2110 tiones.
497 2058 606 2112 b‘ed
644 2058 690 2111 si
724 2059 1020 2114 redeamus
1057 2060 1128 2113 ad
1164 2059 1590 2128 intelligentiam
1631 2060 1857 2130 spirita-

257 2145 385 2209 lem,
420 2145 668 2201 invenies
697 2147 828 2216 quia
858 2148 1216 2212 Philisthiim,
1249 2148 1305 2201 id
1335 2155 1442 2212 est,
1471 2149 1733 2202 cadentes
1762 2165 1855 2218 po-

254 2233 409 2302 pulo,
447 2240 503 2288 et
539 2235 731 2291 Edom.
768 2236 862 2305 qui
906 2236 1311 2306 interpretatur
1357 2242 1632 2293 terrenus,
1679 2235 1851 2306 trepi-

253 2322 392 2377 dant
409 2330 469 2377 et
488 2323 688 2379 horum
713 2326 963 2381 omnium
986 2326 1264 2395 principes
1284 2327 1558 2379 cursitant
1574 2332 1632 2379 et
1652 2331 1855 2395 pavent

250 2412 542 2467 constricti
571 2413 872 2477 doloribus,
915 2431 1043 2468 cum
1094 2414 1352 2467 videntur
1377 2431 1551 2482 regna
1579 2431 1700 2477 sua,
1732 2430 1854 2483 quae

252 2501 307 2557 in
356 2501 578 2559 inferno
611 2510 761 2566 sunt,
790 2510 1084 2573 penetrata
1112 2504 1181 2557 ab
1212 2520 1296 2565 eo,
1342 2503 1436 2573 qui
1478 2502 1766 2556 descendit
1796 2503 1853 2557 in

250 2589 523 2644 inferiora
549 2598 732 2656 terrm,
766 2598 827 2645 ut
871 2592 1114 2662 eriperet
1152 2609 1245 2646 eos
1282 2592 1380 2661 qui
1424 2591 1855 2662 possidebantur

250 2695 281 2735 a
320 2685 528 2743 morte,
573 2680 661 2734 hic
698 2696 792 2735 eos
837 2681 1268 2751 comprehendit
1296 2681 1465 2734 timor
1518 2686 1575 2733 et
1618 2686 1850 2748 tremor,

250 2766 387 2836 quia
427 2776 726 2823 senserunt
770 2769 1218 2838 magnitudinem
1266 2767 1477 2822 brachii
1519 2769 1661 2837 ejus.
1706 2768 1850 2822 Hinc

251 2855 426 2913 etiam
446 2856 956 2911 tabueruntomnes
978 2857 1294 2912 habitantes
1316 2858 1600 2911 Chanaan.
1622 2857 1716 2927 qui
1734 2874 1850 2911 mu-

1938 1808 2050 1846 non
2080 1792 2313 1846 dubium
2342 1797 2444 1845 est.

2012 1900 2035 1931 ε
2072 1880 2397 1935 Introduces
2426 1897 2538 1945 eos,
2564 1884 2622 1933 et
2651 1879 2929 1949 plantabis
2953 1880 3007 1933 in
3032 1886 3222 1934 monte
3246 1881 3538 1935 binmdita-

1946 1988 1971 2021 «
1995 1969 2066 2022 tis
2095 1976 2221 2023 tua}.
2256 1994 2276 2021 υ
2310 1970 2435 2023 Non
2466 1968 2583 2021 vult
2602 1984 2702 2021 nos
2730 1969 2878 2022 Deus
2907 1968 2965 2021 in
2999 1968 3234 2039 (Egypto
3260 1970 3536 2038 plantare,

1940 2076 2043 2114 nec
2071 2058 2130 2112 in
2150 2057 2380 2127 dejectis
2403 2064 2461 2111 et
2480 2056 2786 2111 humilibus
2810 2057 2960 2119 locis,
2995 2057 3091 2110 sed
3119 2056 3177 2109 in
3207 2064 3398 2112 monte
3430 2059 3533 2112 han-

1937 2147 2192 2201 reditatis
2213 2164 2327 2200 suae
2361 2147 2476 2199 vult
2503 2146 2776 2216 plantare,
2805 2146 3209 2215 quosplantat.
3253 2147 3537 2216 l’rOpheta

1935 2236 2070 2292 dicit
2096 2256 2106 2289 :
2139 2262 2159 2285 α
2192 2237 2428 2289 "Vincam
2455 2252 2518 2288 ex
2547 2236 2786 2304 :Egypto
2809 2234 3166 2301 transtulisti,
3191 2242 3248 2288 et
3269 2236 3531 2305 expulisti

1932 2330 2150 2394 gentes,
2183 2329 2240 2377 et
2280 2323 2545 2394 plantasti
2575 2341 2731 2389 eam;
2768 2323 3017 2394 pervium
3048 2323 3156 2376 iter
3194 2324 3371 2377 fecisti
3403 2332 3534 2379 ante

1938 2430 2080 2479 eam,
2142 2413 2407 2484 plantasti
2460 2412 2675 2466 radices
2732 2414 2854 2483 ejus
2911 2416 2968 2465 et
3024 2412 3256 2482 replevit
3302 2418 3531 2467 terram.

1938 2502 2175 2572 Operuit
2204 2507 2422 2555 montes
2455 2501 2649 2554 umbra
2681 2502 2803 2571 ejus
2842 2507 2901 2554 ct
2927 2500 3157 2555 arbusta
3188 2502 3312 2570 ejus
3338 2502 3533 2556 cedros

1935 2593 2037 2648 Dei
2070 2595 2234 2658 (l’sul.
2270 2593 2477 2657 LXXIX).
2515 2615 2535 2638 ιο
2578 2590 2835 2643 Advertis
2876 2592 3015 2659 jam,
3048 2590 3328 2661 quomodo
3371 2591 3531 2660 plan-

1935 2685 2021 2735 tat
2061 2681 2227 2747 Deus,
2277 2687 2335 2733 et
2381 2679 2472 2732 ubi
2528 2680 2745 2750 plantat
2788 2696 2797 2730 :
2865 2695 2977 2733 non
3025 2679 3243 2749 plantat
3290 2679 3349 2733 in
3384 2679 3535 2733 valli-

1930 2769 2053 2837 bus,
2094 2770 2190 2822 scd
2245 2769 2304 2822 in
2360 2767 2662 2831 montibus,
2700 2768 2759 2821 in
2816 2767 3045 2822 excelsis
3096 2774 3156 2822 et
3198 2767 3531 2824 sublimibus

1930 2859 2084 2913 locis.
2125 2858 2277 2921 Quos
2322 2857 2473 2912 enim
2504 2857 2690 2911 educit
2736 2874 2804 2910 ex
2844 2857 3103 2928 zEgypto,
3143 2873 3284 2926 quos
3321 2857 3390 2911 de
3420 2875 3524 2914 sae.
3596 2926 3607 2933 _

250 2944 455 3001 tabiles
490 2945 936 3016 interpretantur
972 2953 1027 3001 et
1066 2946 1317 3009 mobiles,
1351 2963 1478 3000 cum
1510 2946 1699 2999 vident
1728 2963 1848 3000 mo-
1876 3009 1906 3016 _
1932 2949 2056 3001 culo
2084 2947 2313 3002 adducit
2341 2947 2410 3001 ad
2442 2947 2629 3011 ﬁdem,
2664 2962 2775 3001 non
2804 2947 2924 3001 vult
2965 2963 3061 2999 eos
3090 2946 3296 3000 iterum
3334 2946 3391 3001 in
3423 2947 3524 3001 hu-

249 3034 361 3089 veri
394 3050 570 3103 regna
600 3052 718 3097 sua,
750 3035 969 3105 alligari
1019 3037 1219 3090 fortem
1258 3040 1314 3088 et
1351 3052 1480 3089 vasa
1510 3036 1632 3103 ejus
1661 3035 1847 3105 diripi.
1869 3009 1910 3071 C
1933 3036 2157 3091 milibus
2186 3037 2476 3099 collocare,
2515 3035 2613 3089 sed
2657 3035 3137 3089 conversationem
3176 3050 3373 3088 eorum
3413 3036 3531 3091 vult

317 3141 346 3175 ε
373 3124 565 3179 lrruat
593 3136 761 3194 super
788 3141 888 3178 eos
909 3125 1176 3178 fortitudo
1203 3131 1261 3178 et
1280 3141 1449 3195 pavor
1477 3124 1535 3178 in
1565 3125 1849 3195 magnitu-

248 3212 438 3269 (dine
467 3212 679 3268 brachii
719 3213 823 3267 tui.
876 3236 897 3263 ››
940 3214 1087 3277 Quid
1124 3215 1331 3268 timent
1365 3215 1664 3279 daemones,
1714 3214 1848 3284 quid

244 3306 502 3357 tremunt
515 3302 537 3352 ‘3
558 3302 678 3356 sine
706 3302 874 3355 dubio
902 3320 1120 3358 crucem
1155 3303 1385 3368 Christi,
1420 3302 1477 3357 in
1505 3320 1616 3372 qua
1644 3304 1847 3356 trium-

245 3390 403 3459 phati
437 3396 587 3452 sunt,
620 3391 677 3443 in
706 3407 818 3460 qua
843 3392 997 3444 exuti
1027 3398 1159 3446 sunt
1196 3391 1538 3462 principatus
1568 3408 1763 3445 eorum
1791 3399 1848 3447 et

244 3485 574 3548 potestates.
610 3480 801 3535 Timor
829 3497 961 3549 ergo
992 3486 1049 3532 et
1066 3487 1279 3534 tremor
1317 3480 1481 3534 cadet
1530 3497 1699 3549 super
1729 3498 1843 3546 eos,

239 3584 370 3623 cum
401 3568 625 3637 signum
656 3568 713 3625 in
744 3568 903 3625 nobis
921 3569 1099 3623 crucis
1122 3569 1364 3623 viderint
1384 3552 1623 3622 ﬁdeliter
1656 3570 1842 3634 ﬁxum,

241 3664 295 3713 et
328 3657 779 3725 magnitudinem
810 3657 1023 3712 brachii
1064 3658 1232 3724 illius,
1268 3659 1415 3727 quod
1450 3657 1720 3710 Dominus
1747 3674 1845 3710 ex-

242 3746 445 3815 pandit
467 3746 525 3801 in
546 3762 726 3801 cruce.
761 3747 904 3800 sicut
932 3747 1099 3800 dicit:
1130 3768 1155 3796 α
1187 3748 1327 3801 Tota
1356 3746 1445 3799 die
1465 3746 1701 3817 expandi
1735 3762 1847 3798 ma-

242 3851 347 3891 nus
384 3851 544 3891 meas
582 3836 651 3889 ad
684 3837 952 3905 populum
982 3852 1092 3890 non
1124 3836 1444 3891 credentem
1478 3843 1534 3897 et
1561 3835 1847 3889 contradi-

240 3931 465 3977 centem
486 3923 623 3976 mihi
647 3927 817 3989 (Rom.
836 3929 906 3991 χ).
932 3948 954 3975 ιι
980 3926 1101 3978 Non
1132 3930 1187 3978 te
1206 3942 1337 3994 ergo
1357 3925 1521 3997 aliter
1544 3923 1841 3979 timebunt.

242 4029 341 4068 nec
361 4012 532 4068 aliter
545 4019 759 4067 tremor
777 4020 908 4068 tuus
939 4015 1124 4069 veniet
1149 4031 1318 4084 super
1348 4031 1460 4077 eos,
1486 4014 1594 4067 nisi
1622 4014 1847 4067 videant

240 4102 295 4155 in
317 4109 378 4155 te
394 4116 622 4157 crucem
638 4102 865 4165 Christi,
888 4102 991 4157 nisi
1008 4112 1066 4156 et
1085 4108 1146 4157 tu
1166 4102 1374 4172 poteris
1402 4102 1596 4155 dicere
1620 4120 1628 4152 2
1661 4121 1685 4154 ci
1710 4102 1844 4155 Mihi

238 4196 437 4246 autem
466 4190 613 4245 absit
637 4191 887 4259 gloriari,
920 4192 1025 4245 nisi
1056 4192 1113 4244 in
1143 4208 1309 4245 cruce
1330 4190 1552 4245 Domini
1584 4190 1692 4243 mei
1712 4191 1844 4244 Jesu

239 4279 474 4343 Christi,
518 4297 618 4349 per
651 4295 814 4349 quem
848 4280 983 4333 mihi
1028 4281 1271 4334 mundus
1309 4278 1603 4334 cruciﬁxus
1644 4283 1746 4345 est,
1791 4284 1847 4332 et

238 4385 346 4435 ego
378 4368 592 4423 mundo
619 4368 761 4431 (Gal.
796 4374 886 4434 vi).
924 4387 949 4420 ι

316 4476 340 4509 ι
376 4457 544 4515 Fiant
570 4457 885 4511 immobiles
905 4457 1063 4527 quasi
1092 4457 1253 4527 lapis.
1281 4457 1457 4510 donec
1478 4462 1730 4511 transeat
1753 4473 1845 4527 po-

241 4564 267 4601 α
303 4546 473 4615 pulus
485 4546 1081 4611 tuus,Domine,donec
1100 4551 1454 4616 pertranseat
1467 4548 1705 4617 populus
1716 4552 1845 4600 tuus

241 4652 268 4686 α
306 4635 436 4698 iste,
470 4651 639 4703 quem
682 4635 995 4707 possedisti.
1034 4656 1058 4685 »
1094 4635 1243 4690 Fieri
1272 4642 1544 4706 tanquam
1576 4635 1843 4706 lapidem,

236 4739 354 4777 non
386 4730 473 4775 est
508 4729 711 4779 natura
740 4739 861 4776 esse
899 4722 1178 4793 lapidem;
1213 4740 1323 4777 non
1347 4724 1495 4779 enim
1530 4727 1704 4789 ﬁeret,
1739 4723 1843 4777 nisi

237 4812 391 4880 quod
424 4827 538 4865 non
567 4816 705 4867 erat.
734 4812 851 4865 Hoc
872 4816 1102 4881 propter
1130 4812 1253 4865 illos
1282 4812 1536 4877 dicimus,
1565 4812 1659 4882 qui
1683 4812 1842 4866 malae

238 4910 463 4957 naturae
492 4900 862 4964 Pharaonem,
895 4900 977 4953 vel
1007 4900 1297 4970 zEgyptios
1325 4901 1517 4954 dicunt
1571 4900 1760 4966 fuisse,
1785 4906 1843 4956 et

240 5005 358 5047 non
386 5004 451 5042 ex
472 4988 691 5042 arbitrii
712 4987 967 5041 libertate
987 4988 1044 5041 in
1064 4988 1181 5042 haec
1201 5004 1321 5042 esse
1346 4989 1642 5053 deductos;
1666 4989 1761 5042 sed
1785 4995 1842 5043 et

238 5083 475 5147 propter
493 5093 588 5130 eos
618 5077 711 5146 qui
741 5082 1050 5131 creatorem
1072 5078 1249 5131 Deum
1274 5084 1555 5143 accusant,
1576 5083 1842 5149 tanquam

237 5181 469 5228 sevum,
513 5166 662 5235 quod
696 5165 953 5219 homines
995 5171 1177 5221 vertat
1207 5165 1264 5218 in
1304 5165 1536 5237 lapides.
1589 5165 1658 5219 lli
1706 5182 1838 5234 ergo

236 5255 573 5325 priusquam
602 5254 1005 5325 blaSphement,
1038 5254 1391 5309 considerent
1419 5272 1638 5309 summa
1666 5254 1837 5309 libra-

239 5344 417 5408 ﬁone,
452 5359 575 5413 quia
612 5343 821 5413 scripta
847 5348 997 5398 sunt.
1032 5344 1155 5398 Non
1183 5343 1332 5397 enim
1361 5342 1517 5404 dixit,
1545 5343 1685 5396 fiant
1710 5348 1835 5397 tan-

239 5447 416 5502 quam
438 5432 598 5503 lapis,
625 5437 682 5487 et
711 5432 905 5497 tacuit,
940 5431 1035 5484 sed
1061 5438 1284 5503 tempus
1304 5432 1504 5485 statuit
1533 5437 1590 5483 et
1621 5446 1839 5485 mensu-

238 5537 370 5575 ram
406 5520 887 5583 condemnationis
919 5520 1169 5575 decernit
1207 5539 1217 5575 :
1261 5521 1341 5575 ait
1390 5520 1559 5583 enim,
1601 5541 1620 5570 ι
1664 5519 1839 5573 donec

1933 3143 2053 3179 esse
2110 3125 2427 3187 sublimem,
2463 3125 2579 3177 vult
2639 3140 2739 3177 nos
2796 3124 2852 3176 in
2900 3123 3183 3178 montibus
3236 3123 3525 3191 habitare;

1932 3215 2029 3269 sed
2055 3221 2111 3269 et
2140 3216 2197 3269 in
2229 3214 2364 3285 ipsis
2389 3213 2754 3267 nihilominus
2786 3212 3065 3267 montibus
3108 3229 3222 3268 non
3260 3213 3379 3267 vult
3426 3230 3527 3267 nos

1932 3319 2031 3373 per
2068 3310 2278 3357 terram
2325 3317 2540 3372 repere,
2582 3316 2685 3353 nec
2733 3299 2881 3353 ultra
2935 3300 3052 3353 vult
3095 3301 3318 3355 vineam
3367 3317 3529 3356 suam

1930 3392 2087 3445 humi
2103 3391 2190 3460 dej
2200 3397 2348 3444 ectos
2368 3389 2573 3443 habere
2594 3388 2807 3441 fructus
2833 3406 2844 3453 ;
2871 3388 2966 3441 sed
2989 3388 3107 3441 vult
3128 3388 3385 3459 palmites
3406 3391 3528 3459 ejus

1929 3496 2152 3535 sursum
2183 3478 2327 3539 duci,
2352 3478 2407 3531 in
2429 3479 2541 3531 alto
2570 3476 2846 3539 collocari,
2876 3476 3136 3530 traduces
3164 3477 3307 3543 ﬁeri,
3341 3483 3399 3530 et
3418 3485 3529 3532 tra-

1930 3568 2100 3622 duces
2119 3585 2229 3621 non
2254 3568 2311 3619 in
2325 3565 2748 3637 quibuscunque
2778 3564 3081 3618 humilibus
3100 3564 3409 3631 arboribus,
3432 3567 3528 3619 sed

1930 3657 1987 3710 in
2019 3656 2245 3710 excelsis
2277 3660 2333 3707 et
2360 3653 2648 3708 altissimis
2678 3653 2855 3705 cedris
2881 3653 2999 3705 Dei.
3035 3653 3243 3707 Ccdros
3274 3653 3375 3707 Dei
3418 3671 3567 3723 ego-

1930 3745 2234 3817 prophetas
2270 3750 2326 3797 et
2353 3743 2634 3813 apostolos
2664 3746 2818 3813 puto,
2852 3740 3054 3811 quibus
3083 3757 3204 3807 nos,
3245 3741 3293 3794 si
3323 3742 3526 3813 adjun-

1926 3850 2128 3903 gamur
2184 3831 2327 3895 vitis,
2379 3848 2547 3902 quam
2599 3830 2665 3883 de
2720 3830 2960 3901 .Egypto
3013 3829 3294 3884 transtuli?
3353 3831 3521 3893 Deus,

1929 3928 1987 3975 et
2014 3939 2117 3994 per
2158 3937 2345 3974 ramos
2375 3936 2570 3975 eorum
2614 3918 2789 3972 nostri
2819 3917 3080 3989 palmites
3110 3918 3513 3983 diffundantur,

1928 4016 2097 4081 atque
2142 4010 2198 4063 in
2231 4010 2365 4081 ipsis
2414 4006 2582 4061 innisi
2623 4008 2880 4061 traduces
2923 4007 3181 4078 quaedam
3218 4007 3528 4063 efﬁciamur

1927 4099 2218 4153 charitatis
2250 4099 2319 4152 ad
2351 4098 2587 4152 invicem
2627 4095 2863 4150 vinculis
2918 4096 3064 4163 nexi,
3110 4096 3353 4153 fructum
3402 4097 3523 4152 sine

1927 4187 2095 4242 dubio
2130 4187 2437 4258 plurimum
2481 4185 2784 4240 alferimus.
2829 4183 2973 4240 Nam
3016 4206 3041 4236 (ι
3101 4186 3282 4240 omnis
3333 4184 3519 4251 arbor,

1928 4294 2050 4349 qua}
2104 4293 2217 4330 non
2261 4276 2391 4330 facit
2436 4275 2680 4329 fructum
2740 4274 2964 4340 bonum,
3025 4273 3311 4329 cxcidetur
3366 4282 3423 4327 et
3464 4275 3522 4327 in

1859 4363 2111 4436 Dignem
2146 4366 2404 4421 mittetur
2437 4365 2650 4433 (Matth.
2684 4354 2781 4431 in).
2813 4383 2834 4413 ι

2005 4476 2025 4507 α
2061 4455 2405 4509 Firmissimo
2449 4452 2764 4507 habitacula
2813 4459 2926 4519 tuo,
2960 4452 3108 4522 quod
3146 4458 3410 4522 operatus
3439 4468 3520 4517 es,

1934 4568 1953 4593 ‹,‹
1992 4544 2246 4597 Domine.
2299 4564 2319 4593 υ
2366 4542 2502 4596 Vide
2551 4528 2842 4596 clementis
2884 4539 3107 4594 Domini
3156 4539 3464 4595 bonitatem
3508 4560 3518 4593 :

1930 4650 2043 4687 non
2074 4633 2191 4687 vult
2216 4637 2272 4685 te
2303 4631 2566 4684 inducere
2605 4631 2675 4684 ad
2702 4630 2970 4691 laborem,
3007 4645 3118 4683 non
3150 4629 3268 4684 vult
3310 4634 3375 4684 ut
3403 4629 3524 4700 ipse

1928 4721 2027 4776 tibi
2060 4721 2227 4776 facias
2258 4720 2660 4783 habitaculum,
2690 4720 2807 4790 jam
2837 4724 2892 4773 te
2923 4719 2993 4774 ad
3022 4725 3396 4791 praeparatam
3420 4720 3518 4774 de.

1926 4811 2081 4864 ducit
2120 4808 2540 4863 habitationem.
2592 4809 2733 4863 Audi
2784 4808 3085 4863 Dominum
3130 4810 3188 4865 in
3226 4810 3523 4880 Evangelia

1925 4899 2228 4953 dicentem:
2262 4918 2280 4947 ε
2312 4897 2421 4950 Alii
2444 4897 2836 4950 laboraverunt
2856 4903 2911 4949 et
2934 4913 3027 4949 vos
3053 4897 3300 4950 laborem
3323 4914 3518 4950 eorum

1925 4987 2197 5041 introistis
2230 4989 2407 5053 (Jama.
2439 4991 2528 5051 vi).
2573 5010 2591 5033 ι›

2002 5096 2021 5123 ‹‹
2059 5074 2471 5139 Sanctuarium,
2498 5074 2751 5137 Domine,
2769 5075 2911 5143 quod
2938 5075 3302 5126 ﬁrmaverunt
3318 5089 3516 5126 manus

1927 5185 1947 5214 ι(
1980 5170 2107 5217 tuae.
2132 5182 2148 5211 ι
2178 5163 2571 5216 Sanctuarium
2602 5163 2715 5216 sive
2745 5161 3177 5215 sanctimonium
3199 5159 3404 5215 dicitur
3425 5168 3513 5216 ta-

1920 5251 2279 5307 bernaculum
2314 5252 2413 5306 Dei
2442 5252 2593 5306 velut
2622 5251 2892 5323 templum
2923 5250 2993 5306 ab
3021 5267 3106 5317 eo,
3138 5251 3285 5323 quod
3311 5252 3515 5306 sancti-

1923 5342 2049 5396 ﬁcat
2061 5341 2405 5405 accedentes,
2426 5341 2528 5394 hoc
2548 5357 2659 5395 non
2682 5340 2816 5394 dicit
2830 5356 3000 5395 manu
3020 5340 3260 5395 hominis
3286 5341 3514 5409 factum,

1921 5430 2017 5483 sed
2038 5446 2208 5484 manu
2224 5430 2342 5484 Dei.
2360 5428 2463 5493 Qui
2483 5446 2615 5499 ergo
2634 5436 2863 5501 propter
2880 5434 2938 5483 te
2956 5430 3107 5484 Deus
3125 5435 3182 5483 et
3202 5431 3438 5501 plantat,
3456 5438 3513 5486 et

1922 5519 2431 5588 zediﬁcat.agricola
2442 5518 2948 5583 efficitur,structor
2958 5518 3291 5586 efﬁcitur,ne
3302 5520 3512 5577 tibiali-
