  <div class='ocr_page' id='page_1' title='image "/cluster/home/n/w/nwhite01/storage/ocr_20150623/112/hvd.32044054759774/561.png"; bbox 0 0 3942 6158; ppageno 0'>
   <div class='ocr_carea' id='block_1_1' title="bbox 470 292 3665 376">
    <p class='ocr_par' dir='ltr' id='par_1_1' title="bbox 470 292 3665 376">
     <span class='ocr_line' id='line_1_1' title="bbox 470 292 3665 376; baseline 0.007 -22"><span class='ocrx_word' id='word_1_1' title='bbox 470 300 602 355; x_wconf 75' lang='lat' dir='ltr'>illi</span> <span class='ocrx_word' id='word_1_2' title='bbox 958 292 975 302; x_wconf 69' lang='grc'><em>’</em></span> <span class='ocrx_word' id='word_1_3' title='bbox 1066 307 1129 362; x_wconf 89' lang='grc' dir='ltr'>Β.</span> <span class='ocrx_word' id='word_1_4' title='bbox 1168 306 1443 367; x_wconf 79' lang='lat' dir='ltr'>RABANI</span> <span class='ocrx_word' id='word_1_5' title='bbox 1480 308 1712 366; x_wconf 80' lang='lat' dir='ltr'><strong>MAURI</strong></span> <span class='ocrx_word' id='word_1_6' title='bbox 1749 311 2091 370; x_wconf 80' lang='lat' dir='ltr'>ARCHIEP.</span> <span class='ocrx_word' id='word_1_7' title='bbox 2126 311 2452 370; x_wconf 84' lang='lat' dir='ltr'>MOGUNT.</span> <span class='ocrx_word' id='word_1_8' title='bbox 2493 312 2791 369; x_wconf 85' lang='lat' dir='ltr'>OPERUM</span> <span class='ocrx_word' id='word_1_9' title='bbox 2827 312 3013 369; x_wconf 73' lang='lat' dir='ltr'>PARS</span> <span class='ocrx_word' id='word_1_10' title='bbox 3048 313 3144 370; x_wconf 90' lang='grc' dir='ltr'>ΙΙΙ.</span> <span class='ocrx_word' id='word_1_11' title='bbox 3554 317 3665 376; x_wconf 71' lang='lat' dir='ltr'>illi</span> 
     </span>
    </p>
   </div>
   <div class='ocr_carea' id='block_1_2' title="bbox 466 425 3666 514">
    <p class='ocr_par' dir='ltr' id='par_1_2' title="bbox 466 425 3666 514">
     <span class='ocr_line' id='line_1_2' title="bbox 466 425 3666 514; baseline 0.005 -33"><span class='ocrx_word' id='word_1_12' title='bbox 466 425 603 497; x_wconf 90' lang='lat' dir='ltr'>quid</span> <span class='ocrx_word' id='word_1_13' title='bbox 627 427 794 482; x_wconf 83' lang='lat' dir='ltr'>desit.</span> <span class='ocrx_word' id='word_1_14' title='bbox 815 429 1034 484; x_wconf 86' lang='lat' dir='ltr'>Audiet</span> <span class='ocrx_word' id='word_1_15' title='bbox 1052 430 1292 486; x_wconf 89' lang='lat' dir='ltr'>Paulum</span> <span class='ocrx_word' id='word_1_16' title='bbox 1303 433 1518 488; x_wconf 87' lang='lat' dir='ltr'>dicere:</span> <span class='ocrx_word' id='word_1_17' title='bbox 1538 435 1679 489; x_wconf 69' lang='lat' dir='ltr'>«Dei</span> <span class='ocrx_word' id='word_1_18' title='bbox 1692 437 2056 506; x_wconf 88' lang='lat' dir='ltr'>agricultura,</span> <span class='ocrx_word' id='word_1_19' title='bbox 2080 438 2260 505; x_wconf 83' lang='lat' dir='ltr'>ADei,</span> <span class='ocrx_word' id='word_1_20' title='bbox 2298 457 2322 490; x_wconf 72' lang='grc' dir='ltr'><strong><em>ι</em></strong></span> <span class='ocrx_word' id='word_1_21' title='bbox 2354 443 2414 492; x_wconf 92' lang='lat' dir='ltr'>et</span> <span class='ocrx_word' id='word_1_22' title='bbox 2440 438 2501 492; x_wconf 91' lang='lat' dir='ltr'>in</span> <span class='ocrx_word' id='word_1_23' title='bbox 2545 437 2850 493; x_wconf 88' lang='lat' dir='ltr'>centesimo</span> <span class='ocrx_word' id='word_1_24' title='bbox 2887 439 3070 511; x_wconf 88' lang='lat' dir='ltr'>primo</span> <span class='ocrx_word' id='word_1_25' title='bbox 3099 456 3112 494; x_wconf 90' lang='lat'>:</span> <span class='ocrx_word' id='word_1_26' title='bbox 3157 456 3186 494; x_wconf 72' lang='grc' dir='ltr'><strong><em>ι</em></strong></span> <span class='ocrx_word' id='word_1_27' title='bbox 3213 438 3393 495; x_wconf 88' lang='lat' dir='ltr'>Oratio</span> <span class='ocrx_word' id='word_1_28' title='bbox 3427 443 3666 514; x_wconf 78' lang='lat' dir='ltr'>paupen&#39;s,</span> 
     </span>
    </p>
   </div>
   <div class='ocr_carea' id='block_1_3' title="bbox 465 515 3671 602">
    <p class='ocr_par' dir='ltr' id='par_1_3' title="bbox 465 515 3671 602">
     <span class='ocr_line' id='line_1_3' title="bbox 465 515 3671 602; baseline 0.005 -33"><span class='ocrx_word' id='word_1_29' title='bbox 465 515 567 570; x_wconf 94' lang='lat' dir='ltr'>Dei</span> <span class='ocrx_word' id='word_1_30' title='bbox 582 515 878 571; x_wconf 78' lang='lat' dir='ltr'>aediﬁcatio</span> <span class='ocrx_word' id='word_1_31' title='bbox 907 518 1042 572; x_wconf 85' lang='lat' dir='ltr'>estis</span> <span class='ocrx_word' id='word_1_32' title='bbox 1078 521 1129 586; x_wconf 91' lang='lat' dir='ltr'>(I</span> <span class='ocrx_word' id='word_1_33' title='bbox 1156 521 1436 592; x_wconf 58' lang='lat' dir='ltr'>001nm.)-</span> <span class='ocrx_word' id='word_1_34' title='bbox 1467 523 1627 587; x_wconf 86' lang='lat' dir='ltr'>Quod</span> <span class='ocrx_word' id='word_1_35' title='bbox 1651 541 1785 596; x_wconf 83' lang='lat' dir='ltr'>ergo</span> <span class='ocrx_word' id='word_1_36' title='bbox 1804 525 1957 581; x_wconf 88' lang='lat' dir='ltr'>istud</span> <span class='ocrx_word' id='word_1_37' title='bbox 1975 532 2063 582; x_wconf 89' lang='lat' dir='ltr'>est</span> <span class='ocrx_word' id='word_1_38' title='bbox 2140 544 2268 582; x_wconf 91' lang='lat' dir='ltr'>cum</span> <span class='ocrx_word' id='word_1_39' title='bbox 2296 527 2496 582; x_wconf 83' lang='lat' dir='ltr'>anxius</span> <span class='ocrx_word' id='word_1_40' title='bbox 2522 527 2714 595; x_wconf 79' lang='lat' dir='ltr'>fuerit,</span> <span class='ocrx_word' id='word_1_41' title='bbox 2736 544 2927 582; x_wconf 90' lang='lat' dir='ltr'>coram</span> <span class='ocrx_word' id='word_1_42' title='bbox 2952 527 3188 584; x_wconf 88' lang='lat' dir='ltr'>Domino</span> <span class='ocrx_word' id='word_1_43' title='bbox 3226 528 3467 584; x_wconf 72' lang='lat' dir='ltr'>eﬂ&#39;uderit</span> <span class='ocrx_word' id='word_1_44' title='bbox 3485 547 3671 602; x_wconf 79' lang='lat' dir='ltr'><strong>precem</strong></span> 
     </span>
    </p>
   </div>
   <div class='ocr_carea' id='block_1_4' title="bbox 469 605 3670 688">
    <p class='ocr_par' dir='ltr' id='par_1_4' title="bbox 469 605 3670 688">
     <span class='ocr_line' id='line_1_4' title="bbox 469 605 3670 688; baseline 0.006 -31"><span class='ocrx_word' id='word_1_45' title='bbox 469 605 923 673; x_wconf 77' lang='lat' dir='ltr'>sanctimonium,</span> <span class='ocrx_word' id='word_1_46' title='bbox 938 607 1088 679; x_wconf 90' lang='lat' dir='ltr'>quod</span> <span class='ocrx_word' id='word_1_47' title='bbox 1108 626 1220 664; x_wconf 91' lang='lat' dir='ltr'>non</span> <span class='ocrx_word' id='word_1_48' title='bbox 1237 608 1408 666; x_wconf 86' lang='lat' dir='ltr'>manu</span> <span class='ocrx_word' id='word_1_49' title='bbox 1425 612 1718 668; x_wconf 86' lang='lat' dir='ltr'>hominum</span> <span class='ocrx_word' id='word_1_50' title='bbox 1728 614 1936 670; x_wconf 83' lang='lat' dir='ltr'>factum</span> <span class='ocrx_word' id='word_1_51' title='bbox 1953 621 2056 683; x_wconf 91' lang='lat' dir='ltr'>est,</span> <span class='ocrx_word' id='word_1_52' title='bbox 2140 632 2343 685; x_wconf 86' lang='lat' dir='ltr'>suam;</span> <span class='ocrx_word' id='word_1_53' title='bbox 2391 623 2450 671; x_wconf 90' lang='lat' dir='ltr'>et</span> <span class='ocrx_word' id='word_1_54' title='bbox 2494 615 2673 672; x_wconf 86' lang='lat' dir='ltr'>sicubi</span> <span class='ocrx_word' id='word_1_55' title='bbox 2726 616 2862 672; x_wconf 90' lang='lat' dir='ltr'>alibi</span> <span class='ocrx_word' id='word_1_56' title='bbox 2902 632 3110 673; x_wconf 87' lang='lat' dir='ltr'><strong>nomen</strong></span> <span class='ocrx_word' id='word_1_57' title='bbox 3148 617 3407 675; x_wconf 83' lang='lat' dir='ltr'>orationis</span> <span class='ocrx_word' id='word_1_58' title='bbox 3452 618 3670 688; x_wconf 77' lang='lat' dir='ltr'>infertur,</span> 
     </span>
    </p>
   </div>
   <div class='ocr_carea' id='block_1_5' title="bbox 465 694 3675 778">
    <p class='ocr_par' dir='ltr' id='par_1_5' title="bbox 465 694 3675 778">
     <span class='ocr_line' id='line_1_5' title="bbox 465 694 3675 778; baseline 0.005 -31"><span class='ocrx_word' id='word_1_59' title='bbox 465 694 564 749; x_wconf 85' lang='lat' dir='ltr'>sed</span> <span class='ocrx_word' id='word_1_60' title='bbox 592 695 852 750; x_wconf 90' lang='lat' dir='ltr'>manibus</span> <span class='ocrx_word' id='word_1_61' title='bbox 880 697 983 752; x_wconf 85' lang='lat' dir='ltr'>Dei</span> <span class='ocrx_word' id='word_1_62' title='bbox 1012 703 1293 768; x_wconf 89' lang='lat' dir='ltr'>paratum,</span> <span class='ocrx_word' id='word_1_63' title='bbox 1325 701 1458 756; x_wconf 92' lang='lat' dir='ltr'>audi</span> <span class='ocrx_word' id='word_1_64' title='bbox 1489 701 1838 773; x_wconf 83' lang='lat' dir='ltr'>Sapientiam</span> <span class='ocrx_word' id='word_1_65' title='bbox 1874 705 2060 760; x_wconf 84' lang='lat' dir='ltr'>dicen-</span> <span class='ocrx_word' id='word_1_66' title='bbox 2138 710 2392 761; x_wconf 78' lang='lat' dir='ltr'>attamen</span> <span class='ocrx_word' id='word_1_67' title='bbox 2418 705 2573 760; x_wconf 90' lang='lat' dir='ltr'>nullo</span> <span class='ocrx_word' id='word_1_68' title='bbox 2601 706 2723 761; x_wconf 91' lang='lat' dir='ltr'>loco</span> <span class='ocrx_word' id='word_1_69' title='bbox 2761 722 2890 761; x_wconf 90' lang='lat' dir='ltr'>cum</span> <span class='ocrx_word' id='word_1_70' title='bbox 2928 705 3142 762; x_wconf 85' lang='lat' dir='ltr'>cantico</span> <span class='ocrx_word' id='word_1_71' title='bbox 3184 705 3398 778; x_wconf 79' lang='lat' dir='ltr'>legitur,</span> <span class='ocrx_word' id='word_1_72' title='bbox 3434 713 3490 763; x_wconf 90' lang='lat' dir='ltr'>et</span> <span class='ocrx_word' id='word_1_73' title='bbox 3519 709 3675 766; x_wconf 83' lang='lat' dir='ltr'>nescio</span> 
     </span>
    </p>
   </div>
   <div class='ocr_carea' id='block_1_6' title="bbox 464 784 3676 868">
    <p class='ocr_par' dir='ltr' id='par_1_6' title="bbox 464 784 3676 868">
     <span class='ocr_line' id='line_1_6' title="bbox 464 784 3676 868; baseline 0.005 -32"><span class='ocrx_word' id='word_1_74' title='bbox 464 788 600 849; x_wconf 89' lang='lat' dir='ltr'>tem,</span> <span class='ocrx_word' id='word_1_75' title='bbox 632 784 766 855; x_wconf 87' lang='lat' dir='ltr'>quia</span> <span class='ocrx_word' id='word_1_76' title='bbox 796 802 822 837; x_wconf 82' lang='lat'>«</span> <span class='ocrx_word' id='word_1_77' title='bbox 854 786 1150 842; x_wconf 65' lang='lat' dir='ltr'>aediﬁcavit</span> <span class='ocrx_word' id='word_1_78' title='bbox 1177 787 1283 842; x_wconf 89' lang='lat' dir='ltr'>sibi</span> <span class='ocrx_word' id='word_1_79' title='bbox 1312 789 1542 844; x_wconf 92' lang='lat' dir='ltr'>domum</span> <span class='ocrx_word' id='word_1_80' title='bbox 1565 791 1742 858; x_wconf 76' lang='lat' dir='ltr'>(Prov.</span> <span class='ocrx_word' id='word_1_81' title='bbox 1776 795 1876 861; x_wconf 64' lang='grc' dir='ltr'>ιχ).</span> <span class='ocrx_word' id='word_1_82' title='bbox 1910 794 2058 866; x_wconf 70' lang='lat' dir='ltr'>sEgo</span> <span class='ocrx_word' id='word_1_83' title='bbox 2140 811 2214 850; x_wconf 91' lang='lat' dir='ltr'>an</span> <span class='ocrx_word' id='word_1_84' title='bbox 2250 794 2454 849; x_wconf 90' lang='lat' dir='ltr'>decens</span> <span class='ocrx_word' id='word_1_85' title='bbox 2481 794 2557 849; x_wconf 90' lang='lat' dir='ltr'>sit</span> <span class='ocrx_word' id='word_1_86' title='bbox 2593 811 2757 850; x_wconf 90' lang='lat' dir='ltr'>orare</span> <span class='ocrx_word' id='word_1_87' title='bbox 2796 811 2925 850; x_wconf 91' lang='lat' dir='ltr'>cum</span> <span class='ocrx_word' id='word_1_88' title='bbox 2974 794 3208 862; x_wconf 84' lang='lat' dir='ltr'>cantico,</span> <span class='ocrx_word' id='word_1_89' title='bbox 3236 794 3343 850; x_wconf 87' lang='lat' dir='ltr'>nisi</span> <span class='ocrx_word' id='word_1_90' title='bbox 3384 795 3515 851; x_wconf 78' lang='lat' dir='ltr'>forte</span> <span class='ocrx_word' id='word_1_91' title='bbox 3542 798 3676 868; x_wconf 81' lang='lat' dir='ltr'>juxta</span> 
     </span>
    </p>
   </div>
   <div class='ocr_carea' id='block_1_7' title="bbox 467 873 3676 956">
    <p class='ocr_par' dir='ltr' id='par_1_7' title="bbox 467 873 3676 956">
     <span class='ocr_line' id='line_1_7' title="bbox 467 873 3676 956; baseline 0.005 -31"><span class='ocrx_word' id='word_1_92' title='bbox 467 876 658 926; x_wconf 89' lang='lat' dir='ltr'>autem</span> <span class='ocrx_word' id='word_1_93' title='bbox 684 873 792 928; x_wconf 91' lang='lat' dir='ltr'>hoc</span> <span class='ocrx_word' id='word_1_94' title='bbox 835 874 905 929; x_wconf 92' lang='lat' dir='ltr'>de</span> <span class='ocrx_word' id='word_1_95' title='bbox 943 875 1330 932; x_wconf 82' lang='lat' dir='ltr'>incarnatione</span> <span class='ocrx_word' id='word_1_96' title='bbox 1357 878 1582 934; x_wconf 90' lang='lat' dir='ltr'>Domini</span> <span class='ocrx_word' id='word_1_97' title='bbox 1610 881 1820 936; x_wconf 89' lang='lat' dir='ltr'>rectius</span> <span class='ocrx_word' id='word_1_98' title='bbox 1847 881 2058 937; x_wconf 85' lang='lat' dir='ltr'>intelli-</span> <span class='ocrx_word' id='word_1_99' title='bbox 2141 883 2512 955; x_wconf 80' lang='lat' dir='ltr'>Septuaginta</span> <span class='ocrx_word' id='word_1_100' title='bbox 2535 899 2710 939; x_wconf 84' lang='lat' dir='ltr'>orare-</span> <span class='ocrx_word' id='word_1_101' title='bbox 2721 883 2962 940; x_wconf 89' lang='lat' dir='ltr'>dicimus</span> <span class='ocrx_word' id='word_1_102' title='bbox 2991 884 3323 956; x_wconf 86' lang='lat' dir='ltr'>Prophetam</span> <span class='ocrx_word' id='word_1_103' title='bbox 3356 900 3451 956; x_wconf 87' lang='lat' dir='ltr'>pro</span> <span class='ocrx_word' id='word_1_104' title='bbox 3474 884 3676 941; x_wconf 87' lang='lat' dir='ltr'>adventu</span> 
     </span>
    </p>
   </div>
   <div class='ocr_carea' id='block_1_8' title="bbox 463 961 3677 1045">
    <p class='ocr_par' dir='ltr' id='par_1_8' title="bbox 463 961 3677 1045">
     <span class='ocr_line' id='line_1_8' title="bbox 463 961 3677 1045; baseline 0.004 -30"><span class='ocrx_word' id='word_1_105' title='bbox 463 961 712 1029; x_wconf 82' lang='lat' dir='ltr'>gendum</span> <span class='ocrx_word' id='word_1_106' title='bbox 740 969 905 1034; x_wconf 87' lang='lat' dir='ltr'>puto:</span> <span class='ocrx_word' id='word_1_107' title='bbox 936 981 1048 1020; x_wconf 90' lang='lat' dir='ltr'>non</span> <span class='ocrx_word' id='word_1_108' title='bbox 1063 966 1217 1020; x_wconf 87' lang='lat' dir='ltr'>enim</span> <span class='ocrx_word' id='word_1_109' title='bbox 1229 982 1401 1022; x_wconf 87' lang='lat' dir='ltr'>manu</span> <span class='ocrx_word' id='word_1_110' title='bbox 1420 968 1934 1026; x_wconf 88' lang='lat' dir='ltr'>hominumfactum</span> <span class='ocrx_word' id='word_1_111' title='bbox 1949 978 2053 1040; x_wconf 89' lang='lat' dir='ltr'>est,</span> <span class='ocrx_word' id='word_1_112' title='bbox 2139 972 2368 1040; x_wconf 79' lang='lat' dir='ltr'>Christi,</span> <span class='ocrx_word' id='word_1_113' title='bbox 2405 978 2463 1028; x_wconf 89' lang='lat' dir='ltr'>et</span> <span class='ocrx_word' id='word_1_114' title='bbox 2506 973 2614 1028; x_wconf 89' lang='lat' dir='ltr'>hoc</span> <span class='ocrx_word' id='word_1_115' title='bbox 2664 973 2854 1045; x_wconf 91' lang='lat' dir='ltr'>ipsum</span> <span class='ocrx_word' id='word_1_116' title='bbox 2906 989 3034 1028; x_wconf 88' lang='lat' dir='ltr'>cum</span> <span class='ocrx_word' id='word_1_117' title='bbox 3076 972 3432 1028; x_wconf 81' lang='lat' dir='ltr'>delectatione</span> <span class='ocrx_word' id='word_1_118' title='bbox 3468 978 3522 1028; x_wconf 90' lang='lat' dir='ltr'>et</span> <span class='ocrx_word' id='word_1_119' title='bbox 3552 976 3677 1045; x_wconf 83' lang='lat' dir='ltr'>psal-</span> 
     </span>
    </p>
   </div>
   <div class='ocr_carea' id='block_1_9' title="bbox 466 1049 3675 1134">
    <p class='ocr_par' dir='ltr' id='par_1_9' title="bbox 466 1049 3675 1134">
     <span class='ocr_line' id='line_1_9' title="bbox 466 1049 3675 1134; baseline 0.005 -31"><span class='ocrx_word' id='word_1_120' title='bbox 466 1049 524 1103; x_wconf 92' lang='lat' dir='ltr'>id</span> <span class='ocrx_word' id='word_1_121' title='bbox 542 1056 646 1118; x_wconf 91' lang='lat' dir='ltr'>est,</span> <span class='ocrx_word' id='word_1_122' title='bbox 661 1067 775 1106; x_wconf 89' lang='lat' dir='ltr'>non</span> <span class='ocrx_word' id='word_1_123' title='bbox 793 1069 962 1124; x_wconf 88' lang='lat' dir='ltr'>opere</span> <span class='ocrx_word' id='word_1_124' title='bbox 978 1054 1226 1110; x_wconf 88' lang='lat' dir='ltr'>humano</span> <span class='ocrx_word' id='word_1_125' title='bbox 1242 1057 1518 1128; x_wconf 84' lang='lat' dir='ltr'>templum</span> <span class='ocrx_word' id='word_1_126' title='bbox 1542 1058 1728 1113; x_wconf 89' lang='lat' dir='ltr'>carnis</span> <span class='ocrx_word' id='word_1_127' title='bbox 1750 1060 2058 1116; x_wconf 78' lang='lat' dir='ltr'>aediﬁcatur</span> <span class='ocrx_word' id='word_1_128' title='bbox 2137 1061 2246 1116; x_wconf 87' lang='lat' dir='ltr'>mis</span> <span class='ocrx_word' id='word_1_129' title='bbox 2273 1067 2332 1116; x_wconf 92' lang='lat' dir='ltr'>et</span> <span class='ocrx_word' id='word_1_130' title='bbox 2352 1061 2569 1117; x_wconf 89' lang='lat' dir='ltr'>cantico</span> <span class='ocrx_word' id='word_1_131' title='bbox 2588 1062 2942 1134; x_wconf 84' lang='lat' dir='ltr'>prophetare,</span> <span class='ocrx_word' id='word_1_132' title='bbox 2966 1067 3033 1117; x_wconf 89' lang='lat' dir='ltr'>ut</span> <span class='ocrx_word' id='word_1_133' title='bbox 3057 1062 3116 1116; x_wconf 90' lang='lat' dir='ltr'>in</span> <span class='ocrx_word' id='word_1_134' title='bbox 3145 1078 3230 1130; x_wconf 91' lang='lat' dir='ltr'>eo,</span> <span class='ocrx_word' id='word_1_135' title='bbox 3252 1062 3396 1133; x_wconf 90' lang='lat' dir='ltr'>quod</span> <span class='ocrx_word' id='word_1_136' title='bbox 3412 1062 3572 1117; x_wconf 85' lang='lat' dir='ltr'>oratio</span> <span class='ocrx_word' id='word_1_137' title='bbox 3590 1068 3675 1131; x_wconf 85' lang='lat' dir='ltr'>est,</span> 
     </span>
    </p>
   </div>
   <div class='ocr_carea' id='block_1_10' title="bbox 463 1138 3677 1223">
    <p class='ocr_par' dir='ltr' id='par_1_10' title="bbox 463 1138 3677 1223">
     <span class='ocr_line' id='line_1_10' title="bbox 463 1138 3677 1223; baseline 0.005 -31"><span class='ocrx_word' id='word_1_138' title='bbox 463 1138 520 1192; x_wconf 91' lang='lat' dir='ltr'>in</span> <span class='ocrx_word' id='word_1_139' title='bbox 552 1139 784 1210; x_wconf 83' lang='lat' dir='ltr'>virgine,</span> <span class='ocrx_word' id='word_1_140' title='bbox 808 1142 907 1196; x_wconf 90' lang='lat' dir='ltr'>sed</span> <span class='ocrx_word' id='word_1_141' title='bbox 925 1143 1070 1197; x_wconf 90' lang='lat' dir='ltr'>sicut</span> <span class='ocrx_word' id='word_1_142' title='bbox 1089 1161 1260 1215; x_wconf 84' lang='lat' dir='ltr'>supra</span> <span class='ocrx_word' id='word_1_143' title='bbox 1278 1145 1547 1218; x_wconf 86' lang='lat' dir='ltr'>scriptum</span> <span class='ocrx_word' id='word_1_144' title='bbox 1567 1152 1656 1202; x_wconf 90' lang='lat' dir='ltr'>est</span> <span class='ocrx_word' id='word_1_145' title='bbox 1682 1148 1741 1202; x_wconf 91' lang='lat' dir='ltr'>in</span> <span class='ocrx_word' id='word_1_146' title='bbox 1772 1149 2003 1204; x_wconf 89' lang='lat' dir='ltr'>Daniele</span> <span class='ocrx_word' id='word_1_147' title='bbox 2035 1166 2052 1202; x_wconf 92' lang='lat'>:</span> <span class='ocrx_word' id='word_1_148' title='bbox 2135 1151 2467 1222; x_wconf 85' lang='lat' dir='ltr'>deprecetur</span> <span class='ocrx_word' id='word_1_149' title='bbox 2492 1152 2738 1219; x_wconf 88' lang='lat' dir='ltr'>Patrem,</span> <span class='ocrx_word' id='word_1_150' title='bbox 2769 1156 2829 1206; x_wconf 90' lang='lat' dir='ltr'>et</span> <span class='ocrx_word' id='word_1_151' title='bbox 2854 1151 2910 1206; x_wconf 91' lang='lat' dir='ltr'>in</span> <span class='ocrx_word' id='word_1_152' title='bbox 2942 1167 3009 1206; x_wconf 89' lang='lat' dir='ltr'>eo</span> <span class='ocrx_word' id='word_1_153' title='bbox 3040 1151 3191 1223; x_wconf 89' lang='lat' dir='ltr'>quod</span> <span class='ocrx_word' id='word_1_154' title='bbox 3215 1152 3500 1213; x_wconf 84' lang='lat' dir='ltr'>canticum,</span> <span class='ocrx_word' id='word_1_155' title='bbox 3526 1151 3677 1207; x_wconf 83' lang='lat' dir='ltr'>Patris</span> 
     </span>
    </p>
   </div>
   <div class='ocr_carea' id='block_1_11' title="bbox 470 1228 3676 1312">
    <p class='ocr_par' dir='ltr' id='par_1_11' title="bbox 470 1228 3676 1312">
     <span class='ocr_line' id='line_1_11' title="bbox 470 1228 3676 1312; baseline 0.005 -33"><span class='ocrx_word' id='word_1_156' title='bbox 470 1244 496 1278; x_wconf 71' lang='grc' dir='ltr'><strong>ι(</strong></span> <span class='ocrx_word' id='word_1_157' title='bbox 529 1228 699 1300; x_wconf 84' lang='lat' dir='ltr'>Lapis</span> <span class='ocrx_word' id='word_1_158' title='bbox 726 1230 848 1286; x_wconf 87' lang='lat' dir='ltr'>sine</span> <span class='ocrx_word' id='word_1_159' title='bbox 894 1232 1155 1288; x_wconf 90' lang='lat' dir='ltr'>manibus</span> <span class='ocrx_word' id='word_1_160' title='bbox 1201 1234 1419 1289; x_wconf 83' lang='lat' dir='ltr'>excisus</span> <span class='ocrx_word' id='word_1_161' title='bbox 1445 1235 1648 1290; x_wconf 87' lang='lat' dir='ltr'>crescit</span> <span class='ocrx_word' id='word_1_162' title='bbox 1676 1242 1734 1292; x_wconf 91' lang='lat' dir='ltr'>et</span> <span class='ocrx_word' id='word_1_163' title='bbox 1760 1237 1939 1293; x_wconf 87' lang='lat' dir='ltr'>factus</span> <span class='ocrx_word' id='word_1_164' title='bbox 1970 1244 2057 1294; x_wconf 89' lang='lat' dir='ltr'>est</span> <span class='ocrx_word' id='word_1_165' title='bbox 2137 1239 2235 1311; x_wconf 90' lang='lat' dir='ltr'>qui</span> <span class='ocrx_word' id='word_1_166' title='bbox 2265 1239 2484 1294; x_wconf 88' lang='lat' dir='ltr'>miserit</span> <span class='ocrx_word' id='word_1_167' title='bbox 2507 1239 2805 1307; x_wconf 83' lang='lat' dir='ltr'>F11ium,et</span> <span class='ocrx_word' id='word_1_168' title='bbox 2975 1240 3074 1312; x_wconf 91' lang='lat' dir='ltr'>qui</span> <span class='ocrx_word' id='word_1_169' title='bbox 3091 1239 3322 1307; x_wconf 80' lang='lat' dir='ltr'>venerit,</span> <span class='ocrx_word' id='word_1_170' title='bbox 3342 1239 3457 1294; x_wconf 85' lang='lat' dir='ltr'>laus</span> <span class='ocrx_word' id='word_1_171' title='bbox 3480 1239 3676 1296; x_wconf 72' lang='lat' dir='ltr'>dicatur.</span> 
     </span>
    </p>
   </div>
   <div class='ocr_carea' id='block_1_12' title="bbox 462 1320 3678 1401">
    <p class='ocr_par' dir='ltr' id='par_1_12' title="bbox 462 1320 3678 1401">
     <span class='ocr_line' id='line_1_12' title="bbox 462 1320 3678 1401; baseline 0.004 -30"><span class='ocrx_word' id='word_1_172' title='bbox 462 1333 626 1372; x_wconf 89' lang='lat' dir='ltr'>mons</span> <span class='ocrx_word' id='word_1_173' title='bbox 647 1335 886 1390; x_wconf 90' lang='lat' dir='ltr'>magnus</span> <span class='ocrx_word' id='word_1_174' title='bbox 917 1320 1086 1388; x_wconf 82' lang='lat' dir='ltr'>(Dan.</span> <span class='ocrx_word' id='word_1_175' title='bbox 1117 1328 1196 1391; x_wconf 80' lang='grc' dir='ltr'>ιι).</span> <span class='ocrx_word' id='word_1_176' title='bbox 1226 1341 1249 1374; x_wconf 73' lang='grc' dir='ltr'><strong>ι</strong></span> <span class='ocrx_word' id='word_1_177' title='bbox 1299 1324 1455 1378; x_wconf 82' lang='lat' dir='ltr'>Istud</span> <span class='ocrx_word' id='word_1_178' title='bbox 1493 1329 1580 1379; x_wconf 91' lang='lat' dir='ltr'>est</span> <span class='ocrx_word' id='word_1_179' title='bbox 1622 1327 2056 1384; x_wconf 89' lang='lat' dir='ltr'>sanctimonium</span> <span class='ocrx_word' id='word_1_180' title='bbox 2137 1328 2246 1383; x_wconf 92' lang='lat' dir='ltr'>Sed</span> <span class='ocrx_word' id='word_1_181' title='bbox 2258 1329 2458 1384; x_wconf 90' lang='lat' dir='ltr'>melius</span> <span class='ocrx_word' id='word_1_182' title='bbox 2461 1330 2626 1400; x_wconf 79' lang='lat' dir='ltr'>juxta</span> <span class='ocrx_word' id='word_1_183' title='bbox 2637 1328 2970 1385; x_wconf 87' lang='lat' dir='ltr'>Hebraicam</span> <span class='ocrx_word' id='word_1_184' title='bbox 2984 1328 3276 1385; x_wconf 84' lang='lat' dir='ltr'>veritatem</span> <span class='ocrx_word' id='word_1_185' title='bbox 3293 1329 3504 1401; x_wconf 80' lang='lat' dir='ltr'>legitur:</span> <span class='ocrx_word' id='word_1_186' title='bbox 3521 1329 3678 1384; x_wconf 82' lang='lat' dir='ltr'>Oratio</span> 
     </span>
    </p>
   </div>
   <div class='ocr_carea' id='block_1_13' title="bbox 461 1407 3680 1490">
    <p class='ocr_par' dir='ltr' id='par_1_13' title="bbox 461 1407 3680 1490">
     <span class='ocr_line' id='line_1_13' title="bbox 461 1407 3680 1490; baseline 0.004 -30"><span class='ocrx_word' id='word_1_187' title='bbox 461 1407 648 1462; x_wconf 83' lang='lat' dir='ltr'>carnis</span> <span class='ocrx_word' id='word_1_188' title='bbox 675 1414 976 1482; x_wconf 69' lang='lat' dir='ltr'>assumpta:</span> <span class='ocrx_word' id='word_1_189' title='bbox 1017 1418 1073 1464; x_wconf 91' lang='lat' dir='ltr'>et</span> <span class='ocrx_word' id='word_1_190' title='bbox 1119 1411 1241 1465; x_wconf 88' lang='lat' dir='ltr'>sine</span> <span class='ocrx_word' id='word_1_191' title='bbox 1286 1411 1564 1481; x_wconf 89' lang='lat' dir='ltr'>manibus,</span> <span class='ocrx_word' id='word_1_192' title='bbox 1609 1414 1667 1468; x_wconf 90' lang='lat' dir='ltr'>id</span> <span class='ocrx_word' id='word_1_193' title='bbox 1695 1422 1799 1482; x_wconf 90' lang='lat' dir='ltr'>est,</span> <span class='ocrx_word' id='word_1_194' title='bbox 1843 1416 2056 1488; x_wconf 88' lang='lat' dir='ltr'>absque</span> <span class='ocrx_word' id='word_1_195' title='bbox 2139 1417 2401 1474; x_wconf 88' lang='lat' dir='ltr'>Habacuc</span> <span class='ocrx_word' id='word_1_196' title='bbox 2415 1418 2814 1490; x_wconf 63' lang='lat' dir='ltr'>prophetiepro</span> <span class='ocrx_word' id='word_1_197' title='bbox 2832 1417 3297 1490; x_wconf 76' lang='lat' dir='ltr'>ignorationibus.</span> <span class='ocrx_word' id='word_1_198' title='bbox 3312 1417 3680 1489; x_wconf 85' lang='lat' dir='ltr'>Contemplatus</span> 
     </span>
    </p>
   </div>
   <div class='ocr_carea' id='block_1_14' title="bbox 462 1497 3679 1580">
    <p class='ocr_par' dir='ltr' id='par_1_14' title="bbox 462 1497 3679 1580">
     <span class='ocr_line' id='line_1_14' title="bbox 462 1497 3679 1580; baseline 0.004 -31"><span class='ocrx_word' id='word_1_199' title='bbox 462 1512 630 1566; x_wconf 85' lang='lat' dir='ltr'>opere</span> <span class='ocrx_word' id='word_1_200' title='bbox 660 1497 953 1571; x_wconf 81' lang='lat' dir='ltr'>hominum</span> <span class='ocrx_word' id='word_1_201' title='bbox 970 1499 1040 1553; x_wconf 86' lang='lat' dir='ltr'>de</span> <span class='ocrx_word' id='word_1_202' title='bbox 1077 1505 1269 1555; x_wconf 89' lang='lat' dir='ltr'>monte</span> <span class='ocrx_word' id='word_1_203' title='bbox 1298 1501 1556 1557; x_wconf 85' lang='lat' dir='ltr'>humanae</span> <span class='ocrx_word' id='word_1_204' title='bbox 1584 1508 1801 1560; x_wconf 66' lang='lat' dir='ltr'>naturae</span> <span class='ocrx_word' id='word_1_205' title='bbox 1836 1512 1895 1560; x_wconf 88' lang='lat' dir='ltr'>et</span> <span class='ocrx_word' id='word_1_206' title='bbox 1922 1505 2057 1561; x_wconf 89' lang='lat' dir='ltr'>sub-</span> <span class='ocrx_word' id='word_1_207' title='bbox 2138 1507 2289 1562; x_wconf 89' lang='lat' dir='ltr'>enim</span> <span class='ocrx_word' id='word_1_208' title='bbox 2317 1508 2599 1580; x_wconf 88' lang='lat' dir='ltr'>Propheta</span> <span class='ocrx_word' id='word_1_209' title='bbox 2620 1513 2829 1564; x_wconf 90' lang='lat' dir='ltr'>statum</span> <span class='ocrx_word' id='word_1_210' title='bbox 2857 1509 3044 1564; x_wconf 62' lang='lat' dir='ltr'>saeculi</span> <span class='ocrx_word' id='word_1_211' title='bbox 3069 1507 3359 1580; x_wconf 66' lang='lat' dir='ltr'>praesentis</span> <span class='ocrx_word' id='word_1_212' title='bbox 3385 1507 3581 1562; x_wconf 83' lang='lat' dir='ltr'>viderat</span> <span class='ocrx_word' id='word_1_213' title='bbox 3600 1524 3679 1579; x_wconf 81' lang='lat' dir='ltr'>pa-</span> 
     </span>
    </p>
   </div>
   <div class='ocr_carea' id='block_1_15' title="bbox 461 1585 3681 1667">
    <p class='ocr_par' dir='ltr' id='par_1_15' title="bbox 461 1585 3681 1667">
     <span class='ocr_line' id='line_1_15' title="bbox 461 1585 3681 1667; baseline 0.003 -29"><span class='ocrx_word' id='word_1_214' title='bbox 461 1585 670 1640; x_wconf 89' lang='lat' dir='ltr'>stantia</span> <span class='ocrx_word' id='word_1_215' title='bbox 699 1586 885 1641; x_wconf 90' lang='lat' dir='ltr'>carnis</span> <span class='ocrx_word' id='word_1_216' title='bbox 915 1587 1178 1643; x_wconf 85' lang='lat' dir='ltr'>excisum.</span> <span class='ocrx_word' id='word_1_217' title='bbox 2137 1612 2259 1650; x_wconf 89' lang='lat' dir='ltr'>cem</span> <span class='ocrx_word' id='word_1_218' title='bbox 2292 1600 2668 1667; x_wconf 87' lang='lat' dir='ltr'>peccatorum,</span> <span class='ocrx_word' id='word_1_219' title='bbox 2703 1601 2762 1651; x_wconf 91' lang='lat' dir='ltr'>et</span> <span class='ocrx_word' id='word_1_220' title='bbox 2786 1595 3120 1651; x_wconf 81' lang='lat' dir='ltr'>afﬂictiones</span> <span class='ocrx_word' id='word_1_221' title='bbox 3148 1594 3478 1667; x_wconf 85' lang='lat' dir='ltr'>proborum;</span> <span class='ocrx_word' id='word_1_222' title='bbox 3506 1594 3681 1649; x_wconf 79' lang='lat' dir='ltr'>viderat</span> 
     </span>
    </p>
   </div>
   <div class='ocr_carea' id='block_1_16' title="bbox 538 1674 3682 1756">
    <p class='ocr_par' dir='ltr' id='par_1_16' title="bbox 538 1674 3682 1756">
     <span class='ocr_line' id='line_1_16' title="bbox 538 1674 3682 1756; baseline 0.003 -29"><span class='ocrx_word' id='word_1_223' title='bbox 538 1691 565 1726; x_wconf 79' lang='grc' dir='ltr'>α</span> <span class='ocrx_word' id='word_1_224' title='bbox 581 1674 1125 1747; x_wconf 83' lang='lat' dir='ltr'>Dominusregnabit</span> <span class='ocrx_word' id='word_1_225' title='bbox 1142 1678 1201 1732; x_wconf 90' lang='lat' dir='ltr'>in</span> <span class='ocrx_word' id='word_1_226' title='bbox 1231 1684 1503 1734; x_wconf 67' lang='lat' dir='ltr'>aeternum</span> <span class='ocrx_word' id='word_1_227' title='bbox 1521 1687 1578 1736; x_wconf 90' lang='lat' dir='ltr'>et</span> <span class='ocrx_word' id='word_1_228' title='bbox 1592 1683 1794 1737; x_wconf 69' lang='lat' dir='ltr'>ultra.)</span> <span class='ocrx_word' id='word_1_229' title='bbox 1819 1684 1944 1740; x_wconf 83' lang='lat' dir='ltr'>Alia</span> <span class='ocrx_word' id='word_1_230' title='bbox 1961 1702 2057 1740; x_wconf 87' lang='lat' dir='ltr'>au-</span> <span class='ocrx_word' id='word_1_231' title='bbox 2135 1684 2340 1756; x_wconf 90' lang='lat' dir='ltr'>impios</span> <span class='ocrx_word' id='word_1_232' title='bbox 2376 1685 2663 1740; x_wconf 86' lang='lat' dir='ltr'>abundare</span> <span class='ocrx_word' id='word_1_233' title='bbox 2689 1685 2918 1751; x_wconf 83' lang='lat' dir='ltr'>divitiis,</span> <span class='ocrx_word' id='word_1_234' title='bbox 2957 1689 3016 1740; x_wconf 90' lang='lat' dir='ltr'>et</span> <span class='ocrx_word' id='word_1_235' title='bbox 3041 1684 3365 1740; x_wconf 87' lang='lat' dir='ltr'>innocentes</span> <span class='ocrx_word' id='word_1_236' title='bbox 3392 1681 3682 1756; x_wconf 82' lang='lat' dir='ltr'>quotidianis</span> 
     </span>
    </p>
   </div>
   <div class='ocr_carea' id='block_1_17' title="bbox 460 1760 3683 1845">
    <p class='ocr_par' dir='ltr' id='par_1_17' title="bbox 460 1760 3683 1845">
     <span class='ocr_line' id='line_1_17' title="bbox 460 1760 3683 1845; baseline 0.004 -31"><span class='ocrx_word' id='word_1_237' title='bbox 460 1766 578 1815; x_wconf 89' lang='lat' dir='ltr'>tem</span> <span class='ocrx_word' id='word_1_238' title='bbox 606 1762 778 1817; x_wconf 91' lang='lat' dir='ltr'>editio</span> <span class='ocrx_word' id='word_1_239' title='bbox 805 1764 885 1818; x_wconf 91' lang='lat' dir='ltr'>sic</span> <span class='ocrx_word' id='word_1_240' title='bbox 910 1762 1108 1820; x_wconf 87' lang='lat' dir='ltr'>habet:</span> <span class='ocrx_word' id='word_1_241' title='bbox 1139 1788 1161 1818; x_wconf 74' lang='grc' dir='ltr'>ι</span> <span class='ocrx_word' id='word_1_242' title='bbox 1189 1768 1296 1832; x_wconf 86' lang='lat' dir='ltr'>Qui</span> <span class='ocrx_word' id='word_1_243' title='bbox 1312 1785 1515 1840; x_wconf 82' lang='lat' dir='ltr'>regnas</span> <span class='ocrx_word' id='word_1_244' title='bbox 1533 1770 1593 1825; x_wconf 91' lang='lat' dir='ltr'>in</span> <span class='ocrx_word' id='word_1_245' title='bbox 1621 1777 1914 1840; x_wconf 79' lang='lat' dir='ltr'>aeternum,</span> <span class='ocrx_word' id='word_1_246' title='bbox 1929 1774 2058 1830; x_wconf 89' lang='lat' dir='ltr'>etin</span> <span class='ocrx_word' id='word_1_247' title='bbox 2076 1760 2418 1845; x_wconf 82' lang='lat' dir='ltr'>Bsubjectos</span> <span class='ocrx_word' id='word_1_248' title='bbox 2437 1791 2559 1829; x_wconf 91' lang='lat' dir='ltr'>esse</span> <span class='ocrx_word' id='word_1_249' title='bbox 2576 1775 2843 1845; x_wconf 85' lang='lat' dir='ltr'>ﬂagellis;</span> <span class='ocrx_word' id='word_1_250' title='bbox 2864 1774 3085 1829; x_wconf 85' lang='lat' dir='ltr'>viderat</span> <span class='ocrx_word' id='word_1_251' title='bbox 3100 1773 3163 1828; x_wconf 90' lang='lat' dir='ltr'>in</span> <span class='ocrx_word' id='word_1_252' title='bbox 3184 1774 3306 1828; x_wconf 89' lang='lat' dir='ltr'>loco</span> <span class='ocrx_word' id='word_1_253' title='bbox 3321 1771 3507 1844; x_wconf 89' lang='lat' dir='ltr'>judicii</span> <span class='ocrx_word' id='word_1_254' title='bbox 3526 1771 3683 1842; x_wconf 84' lang='lat' dir='ltr'>impie-</span> 
     </span>
    </p>
   </div>
   <div class='ocr_carea' id='block_1_18' title="bbox 462 1851 3684 1935">
    <p class='ocr_par' dir='ltr' id='par_1_18' title="bbox 462 1851 3684 1935">
     <span class='ocr_line' id='line_1_18' title="bbox 462 1851 3684 1935; baseline 0.004 -32"><span class='ocrx_word' id='word_1_255' title='bbox 462 1851 730 1906; x_wconf 65' lang='lat' dir='ltr'>saaculum</span> <span class='ocrx_word' id='word_1_256' title='bbox 759 1857 817 1907; x_wconf 91' lang='lat' dir='ltr'>et</span> <span class='ocrx_word' id='word_1_257' title='bbox 862 1853 1064 1908; x_wconf 90' lang='lat' dir='ltr'>adhuc.</span> <span class='ocrx_word' id='word_1_258' title='bbox 1101 1874 1124 1907; x_wconf 73' lang='grc' dir='ltr'><strong><em>ι</em></strong></span> <span class='ocrx_word' id='word_1_259' title='bbox 1173 1857 1403 1920; x_wconf 87' lang='lat' dir='ltr'>Quoties</span> <span class='ocrx_word' id='word_1_260' title='bbox 1447 1859 1505 1914; x_wconf 92' lang='lat' dir='ltr'>in</span> <span class='ocrx_word' id='word_1_261' title='bbox 1559 1863 1824 1916; x_wconf 80' lang='lat' dir='ltr'>saeculum</span> <span class='ocrx_word' id='word_1_262' title='bbox 1853 1863 2060 1918; x_wconf 88' lang='lat' dir='ltr'>dicitur</span> <span class='ocrx_word' id='word_1_263' title='bbox 2137 1867 2332 1931; x_wconf 86' lang='lat' dir='ltr'>tatem,</span> <span class='ocrx_word' id='word_1_264' title='bbox 2354 1863 2490 1918; x_wconf 90' lang='lat' dir='ltr'>etin</span> <span class='ocrx_word' id='word_1_265' title='bbox 2515 1864 2636 1918; x_wconf 92' lang='lat' dir='ltr'>loco</span> <span class='ocrx_word' id='word_1_266' title='bbox 2652 1863 2888 1935; x_wconf 68' lang='lat' dir='ltr'>justitie</span> <span class='ocrx_word' id='word_1_267' title='bbox 2907 1863 3296 1935; x_wconf 75' lang='lat' dir='ltr'>iniquitatem;</span> <span class='ocrx_word' id='word_1_268' title='bbox 3320 1861 3522 1917; x_wconf 85' lang='lat' dir='ltr'>viderat</span> <span class='ocrx_word' id='word_1_269' title='bbox 3540 1860 3684 1932; x_wconf 81' lang='lat' dir='ltr'>lacry-</span> 
     </span>
    </p>
   </div>
   <div class='ocr_carea' id='block_1_19' title="bbox 463 1939 3683 2022">
    <p class='ocr_par' dir='ltr' id='par_1_19' title="bbox 463 1939 3683 2022">
     <span class='ocr_line' id='line_1_19' title="bbox 463 1939 3683 2022; baseline 0.003 -29"><span class='ocrx_word' id='word_1_270' title='bbox 463 1939 752 2010; x_wconf 89' lang='lat' dir='ltr'>longitudo</span> <span class='ocrx_word' id='word_1_271' title='bbox 768 1941 993 2012; x_wconf 90' lang='lat' dir='ltr'>quidem</span> <span class='ocrx_word' id='word_1_272' title='bbox 1012 1945 1301 2016; x_wconf 89' lang='lat' dir='ltr'>temporis,</span> <span class='ocrx_word' id='word_1_273' title='bbox 1316 1947 1413 2001; x_wconf 89' lang='lat' dir='ltr'>sed</span> <span class='ocrx_word' id='word_1_274' title='bbox 1439 1965 1561 2003; x_wconf 88' lang='lat' dir='ltr'>esse</span> <span class='ocrx_word' id='word_1_275' title='bbox 1581 1950 1709 2004; x_wconf 87' lang='lat' dir='ltr'>linis</span> <span class='ocrx_word' id='word_1_276' title='bbox 1737 1951 1942 2022; x_wconf 87' lang='lat' dir='ltr'>aliquis</span> <span class='ocrx_word' id='word_1_277' title='bbox 1968 1952 2057 2008; x_wconf 88' lang='lat' dir='ltr'>in-</span> <span class='ocrx_word' id='word_1_278' title='bbox 2138 1968 2261 2007; x_wconf 89' lang='lat' dir='ltr'>mas</span> <span class='ocrx_word' id='word_1_279' title='bbox 2315 1952 2699 2018; x_wconf 89' lang='lat' dir='ltr'>innocentum,</span> <span class='ocrx_word' id='word_1_280' title='bbox 2734 1959 2792 2007; x_wconf 91' lang='lat' dir='ltr'>et</span> <span class='ocrx_word' id='word_1_281' title='bbox 2839 1952 3250 2008; x_wconf 85' lang='lat' dir='ltr'>consolatorem</span> <span class='ocrx_word' id='word_1_282' title='bbox 3297 1949 3578 2016; x_wconf 87' lang='lat' dir='ltr'>neminem,</span> <span class='ocrx_word' id='word_1_283' title='bbox 3602 1965 3683 2003; x_wconf 83' lang='lat' dir='ltr'>nec</span> 
     </span>
    </p>
   </div>
   <div class='ocr_carea' id='block_1_20' title="bbox 459 2028 3683 2112">
    <p class='ocr_par' dir='ltr' id='par_1_20' title="bbox 459 2028 3683 2112">
     <span class='ocr_line' id='line_1_20' title="bbox 459 2028 3683 2112; baseline 0.004 -31"><span class='ocrx_word' id='word_1_284' title='bbox 459 2028 698 2096; x_wconf 89' lang='lat' dir='ltr'>dicatur,</span> <span class='ocrx_word' id='word_1_285' title='bbox 720 2030 827 2085; x_wconf 87' lang='lat' dir='ltr'>etsi</span> <span class='ocrx_word' id='word_1_286' title='bbox 851 2031 909 2086; x_wconf 91' lang='lat' dir='ltr'>in</span> <span class='ocrx_word' id='word_1_287' title='bbox 940 2031 1094 2087; x_wconf 89' lang='lat' dir='ltr'>aliud</span> <span class='ocrx_word' id='word_1_288' title='bbox 1123 2036 1390 2090; x_wconf 72' lang='lat' dir='ltr'>saeculum</span> <span class='ocrx_word' id='word_1_289' title='bbox 1434 2037 1674 2105; x_wconf 67' lang='lat' dir='ltr'>dicatur,</span> <span class='ocrx_word' id='word_1_290' title='bbox 1710 2040 1914 2112; x_wconf 88' lang='lat' dir='ltr'>aliquis</span> <span class='ocrx_word' id='word_1_291' title='bbox 1934 2041 2056 2096; x_wconf 88' lang='lat' dir='ltr'>sine</span> <span class='ocrx_word' id='word_1_292' title='bbox 2097 2041 2106 2048; x_wconf 84' lang='grc'><em>”</em></span> <span class='ocrx_word' id='word_1_293' title='bbox 2137 2057 2300 2112; x_wconf 91' lang='lat' dir='ltr'>posse</span> <span class='ocrx_word' id='word_1_294' title='bbox 2328 2041 2592 2097; x_wconf 88' lang='lat' dir='ltr'>resistere</span> <span class='ocrx_word' id='word_1_295' title='bbox 2609 2041 3079 2096; x_wconf 89' lang='lat' dir='ltr'>calumniatorum</span> <span class='ocrx_word' id='word_1_296' title='bbox 3100 2039 3376 2096; x_wconf 72' lang='lat' dir='ltr'>violentiae</span> <span class='ocrx_word' id='word_1_297' title='bbox 3402 2043 3683 2094; x_wconf 82' lang='lat' dir='ltr'>cunctorum</span> 
     </span>
    </p>
   </div>
   <div class='ocr_carea' id='block_1_21' title="bbox 459 2117 3684 2202">
    <p class='ocr_par' dir='ltr' id='par_1_21' title="bbox 459 2117 3684 2202">
     <span class='ocr_line' id='line_1_21' title="bbox 459 2117 3684 2202; baseline 0.003 -31"><span class='ocrx_word' id='word_1_298' title='bbox 459 2117 630 2172; x_wconf 90' lang='lat' dir='ltr'>dubio</span> <span class='ocrx_word' id='word_1_299' title='bbox 650 2118 870 2190; x_wconf 82' lang='lat' dir='ltr'>longior</span> <span class='ocrx_word' id='word_1_300' title='bbox 897 2121 1146 2191; x_wconf 85' lang='lat' dir='ltr'>quidem,</span> <span class='ocrx_word' id='word_1_301' title='bbox 1188 2129 1379 2178; x_wconf 90' lang='lat' dir='ltr'>tamen</span> <span class='ocrx_word' id='word_1_302' title='bbox 1410 2126 1626 2196; x_wconf 90' lang='lat' dir='ltr'>potitur</span> <span class='ocrx_word' id='word_1_303' title='bbox 1652 2128 1800 2195; x_wconf 82' lang='lat' dir='ltr'>ﬁnis,</span> <span class='ocrx_word' id='word_1_304' title='bbox 1832 2135 1892 2183; x_wconf 90' lang='lat' dir='ltr'>et</span> <span class='ocrx_word' id='word_1_305' title='bbox 1914 2147 2056 2201; x_wconf 91' lang='lat' dir='ltr'>quo-</span> <span class='ocrx_word' id='word_1_306' title='bbox 2137 2130 2344 2185; x_wconf 84' lang='lat' dir='ltr'>auxilio</span> <span class='ocrx_word' id='word_1_307' title='bbox 2365 2130 2692 2198; x_wconf 76' lang='lat' dir='ltr'>destitutos;</span> <span class='ocrx_word' id='word_1_308' title='bbox 2719 2131 3032 2202; x_wconf 88' lang='lat' dir='ltr'>sciensque,</span> <span class='ocrx_word' id='word_1_309' title='bbox 3057 2129 3207 2202; x_wconf 92' lang='lat' dir='ltr'>quod</span> <span class='ocrx_word' id='word_1_310' title='bbox 3225 2129 3411 2185; x_wconf 63' lang='lat' dir='ltr'>hacet</span> <span class='ocrx_word' id='word_1_311' title='bbox 3430 2128 3684 2182; x_wconf 81' lang='lat' dir='ltr'>innumera</span> 
     </span>
    </p>
   </div>
   <div class='ocr_carea' id='block_1_22' title="bbox 459 2207 3684 2292">
    <p class='ocr_par' dir='ltr' id='par_1_22' title="bbox 459 2207 3684 2292">
     <span class='ocr_line' id='line_1_22' title="bbox 459 2207 3684 2292; baseline 0.003 -32"><span class='ocrx_word' id='word_1_312' title='bbox 459 2207 570 2260; x_wconf 90' lang='lat' dir='ltr'>ties</span> <span class='ocrx_word' id='word_1_313' title='bbox 607 2209 809 2263; x_wconf 60' lang='lat' dir='ltr'>saecula</span> <span class='ocrx_word' id='word_1_314' title='bbox 838 2211 1168 2266; x_wconf 65' lang='lat' dir='ltr'>saeculorum</span> <span class='ocrx_word' id='word_1_315' title='bbox 1210 2215 1595 2283; x_wconf 88' lang='lat' dir='ltr'>nominantur,</span> <span class='ocrx_word' id='word_1_316' title='bbox 1634 2216 1890 2284; x_wconf 87' lang='lat' dir='ltr'>fortasse,</span> <span class='ocrx_word' id='word_1_317' title='bbox 1925 2219 2057 2274; x_wconf 90' lang='lat' dir='ltr'>licet</span> <span class='ocrx_word' id='word_1_318' title='bbox 2136 2235 2491 2292; x_wconf 88' lang='lat' dir='ltr'>nequaquam</span> <span class='ocrx_word' id='word_1_319' title='bbox 2522 2219 2732 2291; x_wconf 84' lang='lat' dir='ltr'>absque</span> <span class='ocrx_word' id='word_1_320' title='bbox 2760 2219 2950 2274; x_wconf 78' lang='lat' dir='ltr'>divina</span> <span class='ocrx_word' id='word_1_321' title='bbox 2974 2218 3294 2291; x_wconf 84' lang='lat' dir='ltr'>provisione</span> <span class='ocrx_word' id='word_1_322' title='bbox 3313 2216 3603 2290; x_wconf 83' lang='lat' dir='ltr'>potuissent</span> <span class='ocrx_word' id='word_1_323' title='bbox 3613 2231 3684 2269; x_wconf 82' lang='lat' dir='ltr'>ac-</span> 
     </span>
    </p>
   </div>
   <div class='ocr_carea' id='block_1_23' title="bbox 461 2295 3685 2378">
    <p class='ocr_par' dir='ltr' id='par_1_23' title="bbox 461 2295 3685 2378">
     <span class='ocr_line' id='line_1_23' title="bbox 461 2295 3685 2378; baseline 0.004 -30"><span class='ocrx_word' id='word_1_324' title='bbox 461 2295 688 2365; x_wconf 88' lang='lat' dir='ltr'>ignotus</span> <span class='ocrx_word' id='word_1_325' title='bbox 716 2297 895 2364; x_wconf 90' lang='lat' dir='ltr'>nobis,</span> <span class='ocrx_word' id='word_1_326' title='bbox 926 2305 1120 2354; x_wconf 88' lang='lat' dir='ltr'>tamen</span> <span class='ocrx_word' id='word_1_327' title='bbox 1148 2317 1184 2355; x_wconf 88' lang='lat' dir='ltr'>a</span> <span class='ocrx_word' id='word_1_328' title='bbox 1210 2302 1328 2358; x_wconf 91' lang='lat' dir='ltr'>Deo</span> <span class='ocrx_word' id='word_1_329' title='bbox 1357 2307 1604 2359; x_wconf 85' lang='lat' dir='ltr'>statutus</span> <span class='ocrx_word' id='word_1_330' title='bbox 1629 2306 1833 2378; x_wconf 88' lang='lat' dir='ltr'>aliquis</span> <span class='ocrx_word' id='word_1_331' title='bbox 1860 2309 2057 2363; x_wconf 87' lang='lat' dir='ltr'>termi-</span> <span class='ocrx_word' id='word_1_332' title='bbox 2137 2308 2341 2375; x_wconf 89' lang='lat' dir='ltr'>cidere,</span> <span class='ocrx_word' id='word_1_333' title='bbox 2371 2307 2708 2364; x_wconf 89' lang='lat' dir='ltr'>turbabatur</span> <span class='ocrx_word' id='word_1_334' title='bbox 2732 2309 2944 2375; x_wconf 89' lang='lat' dir='ltr'>animo,</span> <span class='ocrx_word' id='word_1_335' title='bbox 2965 2314 3025 2363; x_wconf 91' lang='lat' dir='ltr'>et</span> <span class='ocrx_word' id='word_1_336' title='bbox 3051 2307 3256 2362; x_wconf 86' lang='lat' dir='ltr'>intimo</span> <span class='ocrx_word' id='word_1_337' title='bbox 3276 2323 3342 2362; x_wconf 80' lang='lat' dir='ltr'>ex</span> <span class='ocrx_word' id='word_1_338' title='bbox 3364 2306 3520 2361; x_wconf 90' lang='lat' dir='ltr'>corde</span> <span class='ocrx_word' id='word_1_339' title='bbox 3536 2303 3685 2376; x_wconf 76' lang='lat' dir='ltr'>gravi-</span> 
     </span>
    </p>
   </div>
   <div class='ocr_carea' id='block_1_24' title="bbox 460 2385 3683 2469">
    <p class='ocr_par' dir='ltr' id='par_1_24' title="bbox 460 2385 3683 2469">
     <span class='ocr_line' id='line_1_24' title="bbox 460 2385 3683 2469; baseline 0.006 -31"><span class='ocrx_word' id='word_1_340' title='bbox 460 2400 566 2439; x_wconf 91' lang='lat' dir='ltr'>nus</span> <span class='ocrx_word' id='word_1_341' title='bbox 594 2385 876 2442; x_wconf 89' lang='lat' dir='ltr'>indicatur</span> <span class='ocrx_word' id='word_1_342' title='bbox 904 2406 918 2455; x_wconf 90' lang='lat'><strong>;</strong></span> <span class='ocrx_word' id='word_1_343' title='bbox 970 2390 1119 2460; x_wconf 92' lang='lat' dir='ltr'>quod</span> <span class='ocrx_word' id='word_1_344' title='bbox 1147 2406 1280 2445; x_wconf 89' lang='lat' dir='ltr'>vero</span> <span class='ocrx_word' id='word_1_345' title='bbox 1318 2392 1537 2448; x_wconf 90' lang='lat' dir='ltr'>addidit</span> <span class='ocrx_word' id='word_1_346' title='bbox 1564 2393 1623 2448; x_wconf 92' lang='lat' dir='ltr'>in</span> <span class='ocrx_word' id='word_1_347' title='bbox 1650 2395 1758 2450; x_wconf 92' lang='lat' dir='ltr'>hoc</span> <span class='ocrx_word' id='word_1_348' title='bbox 1787 2396 1908 2452; x_wconf 90' lang='lat' dir='ltr'>loco</span> <span class='ocrx_word' id='word_1_349' title='bbox 1940 2416 1967 2449; x_wconf 86' lang='lat'>«</span> <span class='ocrx_word' id='word_1_350' title='bbox 1998 2404 2056 2453; x_wconf 91' lang='lat' dir='ltr'>et</span> <span class='ocrx_word' id='word_1_351' title='bbox 2135 2403 2226 2452; x_wconf 86' lang='lat' dir='ltr'>ter</span> <span class='ocrx_word' id='word_1_352' title='bbox 2242 2398 2532 2469; x_wconf 87' lang='lat' dir='ltr'>suspirans</span> <span class='ocrx_word' id='word_1_353' title='bbox 2551 2396 2971 2452; x_wconf 83' lang='lat' dir='ltr'>exclamavitad</span> <span class='ocrx_word' id='word_1_354' title='bbox 2990 2396 3298 2452; x_wconf 88' lang='lat' dir='ltr'>Dominum</span> <span class='ocrx_word' id='word_1_355' title='bbox 3323 2414 3336 2451; x_wconf 90' lang='lat'>:</span> <span class='ocrx_word' id='word_1_356' title='bbox 3363 2415 3385 2446; x_wconf 75' lang='grc' dir='ltr'>ι</span> <span class='ocrx_word' id='word_1_357' title='bbox 3408 2395 3683 2466; x_wconf 74' lang='lat' dir='ltr'>Usqueth.</span> 
     </span>
    </p>
   </div>
   <div class='ocr_carea' id='block_1_25' title="bbox 458 2473 3687 2554">
    <p class='ocr_par' dir='ltr' id='par_1_25' title="bbox 458 2473 3687 2554">
     <span class='ocr_line' id='line_1_25' title="bbox 458 2473 3687 2554; baseline 0.002 -27"><span class='ocrx_word' id='word_1_358' title='bbox 458 2473 625 2540; x_wconf 89' lang='lat' dir='ltr'>ultra,</span> <span class='ocrx_word' id='word_1_359' title='bbox 654 2494 676 2527; x_wconf 74' lang='grc' dir='ltr'><strong><em>ι</em></strong></span> <span class='ocrx_word' id='word_1_360' title='bbox 711 2477 845 2541; x_wconf 89' lang='lat' dir='ltr'>sive,</span> <span class='ocrx_word' id='word_1_361' title='bbox 881 2481 940 2531; x_wconf 90' lang='lat' dir='ltr'>et</span> <span class='ocrx_word' id='word_1_362' title='bbox 957 2477 1157 2544; x_wconf 90' lang='lat' dir='ltr'>adhuc,</span> <span class='ocrx_word' id='word_1_363' title='bbox 1176 2479 1395 2535; x_wconf 90' lang='lat' dir='ltr'>nullum</span> <span class='ocrx_word' id='word_1_364' title='bbox 1431 2499 1659 2537; x_wconf 89' lang='lat' dir='ltr'>sensum</span> <span class='ocrx_word' id='word_1_365' title='bbox 1688 2485 1918 2540; x_wconf 89' lang='lat' dir='ltr'>termini</span> <span class='ocrx_word' id='word_1_366' title='bbox 1947 2486 2054 2541; x_wconf 90' lang='lat' dir='ltr'>ali-</span> <span class='ocrx_word' id='word_1_367' title='bbox 2135 2485 2392 2551; x_wconf 89' lang='lat' dir='ltr'>Domine,</span> <span class='ocrx_word' id='word_1_368' title='bbox 2433 2485 2707 2554; x_wconf 90' lang='lat' dir='ltr'>clamabo,</span> <span class='ocrx_word' id='word_1_369' title='bbox 2743 2490 2802 2540; x_wconf 91' lang='lat' dir='ltr'>et</span> <span class='ocrx_word' id='word_1_370' title='bbox 2826 2502 2940 2540; x_wconf 89' lang='lat' dir='ltr'>non</span> <span class='ocrx_word' id='word_1_371' title='bbox 2977 2485 3264 2549; x_wconf 79' lang='lat' dir='ltr'>exaudies,</span> <span class='ocrx_word' id='word_1_372' title='bbox 3296 2481 3612 2538; x_wconf 86' lang='lat' dir='ltr'>vociferabor</span> <span class='ocrx_word' id='word_1_373' title='bbox 3630 2479 3687 2534; x_wconf 88' lang='lat' dir='ltr'>ad</span> 
     </span>
    </p>
   </div>
   <div class='ocr_carea' id='block_1_26' title="bbox 458 2563 3686 2646">
    <p class='ocr_par' dir='ltr' id='par_1_26' title="bbox 458 2563 3686 2646">
     <span class='ocr_line' id='line_1_26' title="bbox 458 2563 3686 2646; baseline 0.003 -30"><span class='ocrx_word' id='word_1_374' title='bbox 458 2563 619 2633; x_wconf 85' lang='lat' dir='ltr'>cujus</span> <span class='ocrx_word' id='word_1_375' title='bbox 647 2569 749 2618; x_wconf 89' lang='lat' dir='ltr'>aut</span> <span class='ocrx_word' id='word_1_376' title='bbox 765 2565 893 2620; x_wconf 82' lang='lat' dir='ltr'>ﬁnis</span> <span class='ocrx_word' id='word_1_377' title='bbox 930 2566 1178 2638; x_wconf 90' lang='lat' dir='ltr'>reliquit.</span> <span class='ocrx_word' id='word_1_378' title='bbox 1212 2568 1597 2643; x_wconf 89' lang='lat' dir='ltr'>Quodcunque</span> <span class='ocrx_word' id='word_1_379' title='bbox 1625 2573 1775 2627; x_wconf 88' lang='lat' dir='ltr'>enim</span> <span class='ocrx_word' id='word_1_380' title='bbox 1805 2573 1944 2629; x_wconf 85' lang='lat' dir='ltr'>illud</span> <span class='ocrx_word' id='word_1_381' title='bbox 1965 2591 2056 2630; x_wconf 83' lang='lat' dir='ltr'>co-</span> <span class='ocrx_word' id='word_1_382' title='bbox 2132 2580 2190 2629; x_wconf 87' lang='lat' dir='ltr'>te</span> <span class='ocrx_word' id='word_1_383' title='bbox 2218 2574 2331 2629; x_wconf 89' lang='lat' dir='ltr'>vim</span> <span class='ocrx_word' id='word_1_384' title='bbox 2360 2575 2599 2646; x_wconf 89' lang='lat' dir='ltr'>patiens,</span> <span class='ocrx_word' id='word_1_385' title='bbox 2623 2581 2682 2629; x_wconf 90' lang='lat' dir='ltr'>et</span> <span class='ocrx_word' id='word_1_386' title='bbox 2710 2590 2824 2630; x_wconf 89' lang='lat' dir='ltr'>non</span> <span class='ocrx_word' id='word_1_387' title='bbox 2849 2573 3090 2629; x_wconf 80' lang='lat' dir='ltr'>salvebis</span> <span class='ocrx_word' id='word_1_388' title='bbox 3109 2575 3340 2642; x_wconf 73' lang='lat' dir='ltr'>(Habeo.</span> <span class='ocrx_word' id='word_1_389' title='bbox 3370 2572 3454 2641; x_wconf 82' lang='lat'>1)?</span> <span class='ocrx_word' id='word_1_390' title='bbox 3483 2590 3504 2623; x_wconf 75' lang='grc' dir='ltr'><strong>ι</strong></span> <span class='ocrx_word' id='word_1_391' title='bbox 3535 2576 3587 2624; x_wconf 88' lang='lat' dir='ltr'>et</span> <span class='ocrx_word' id='word_1_392' title='bbox 3607 2569 3686 2623; x_wconf 78' lang='lat' dir='ltr'>ite-</span> 
     </span>
    </p>
   </div>
   <div class='ocr_carea' id='block_1_27' title="bbox 457 2650 3687 2730">
    <p class='ocr_par' dir='ltr' id='par_1_27' title="bbox 457 2650 3687 2730">
     <span class='ocr_line' id='line_1_27' title="bbox 457 2650 3687 2730; baseline 0.002 -24"><span class='ocrx_word' id='word_1_393' title='bbox 457 2650 742 2720; x_wconf 87' lang='lat' dir='ltr'>gitaveris,</span> <span class='ocrx_word' id='word_1_394' title='bbox 773 2653 833 2708; x_wconf 92' lang='lat' dir='ltr'>in</span> <span class='ocrx_word' id='word_1_395' title='bbox 862 2670 973 2725; x_wconf 89' lang='lat' dir='ltr'>quo</span> <span class='ocrx_word' id='word_1_396' title='bbox 1004 2655 1173 2710; x_wconf 86' lang='lat' dir='ltr'>ﬁnem</span> <span class='ocrx_word' id='word_1_397' title='bbox 1202 2667 1366 2728; x_wconf 85' lang='lat' dir='ltr'>putes</span> <span class='ocrx_word' id='word_1_398' title='bbox 1382 2676 1547 2730; x_wconf 88' lang='lat' dir='ltr'>posse</span> <span class='ocrx_word' id='word_1_399' title='bbox 1563 2661 1888 2730; x_wconf 87' lang='lat' dir='ltr'>consistere,</span> <span class='ocrx_word' id='word_1_400' title='bbox 1912 2680 2055 2719; x_wconf 86' lang='lat' dir='ltr'>sem-</span> <span class='ocrx_word' id='word_1_401' title='bbox 2133 2679 2261 2718; x_wconf 89' lang='lat' dir='ltr'>rum</span> <span class='ocrx_word' id='word_1_402' title='bbox 2294 2681 2307 2716; x_wconf 86' lang='lat'><strong>:</strong></span> <span class='ocrx_word' id='word_1_403' title='bbox 2343 2683 2366 2715; x_wconf 71' lang='grc' dir='ltr'>ι</span> <span class='ocrx_word' id='word_1_404' title='bbox 2400 2664 2596 2719; x_wconf 90' lang='lat' dir='ltr'>Mundi</span> <span class='ocrx_word' id='word_1_405' title='bbox 2618 2669 2753 2719; x_wconf 89' lang='lat' dir='ltr'>sunt</span> <span class='ocrx_word' id='word_1_406' title='bbox 2780 2662 2925 2718; x_wconf 88' lang='lat' dir='ltr'>oculi</span> <span class='ocrx_word' id='word_1_407' title='bbox 2948 2663 3054 2729; x_wconf 89' lang='lat' dir='ltr'>tui,</span> <span class='ocrx_word' id='word_1_408' title='bbox 3089 2678 3165 2717; x_wconf 91' lang='lat' dir='ltr'>ne</span> <span class='ocrx_word' id='word_1_409' title='bbox 3192 2662 3382 2718; x_wconf 85' lang='lat' dir='ltr'>videas</span> <span class='ocrx_word' id='word_1_410' title='bbox 3408 2660 3615 2726; x_wconf 89' lang='lat' dir='ltr'>malum,</span> <span class='ocrx_word' id='word_1_411' title='bbox 3641 2664 3687 2712; x_wconf 83' lang='lat' dir='ltr'>et</span> 
     </span>
    </p>
   </div>
   <div class='ocr_carea' id='block_1_28' title="bbox 461 2739 3689 2825">
    <p class='ocr_par' dir='ltr' id='par_1_28' title="bbox 461 2739 3689 2825">
     <span class='ocr_line' id='line_1_28' title="bbox 461 2739 3689 2825; baseline 0.004 -32"><span class='ocrx_word' id='word_1_412' title='bbox 461 2756 563 2810; x_wconf 90' lang='lat' dir='ltr'>per</span> <span class='ocrx_word' id='word_1_413' title='bbox 579 2739 681 2794; x_wconf 90' lang='lat' dir='ltr'>tibi</span> <span class='ocrx_word' id='word_1_414' title='bbox 709 2741 847 2796; x_wconf 90' lang='lat' dir='ltr'>dicit</span> <span class='ocrx_word' id='word_1_415' title='bbox 865 2759 1048 2797; x_wconf 90' lang='lat' dir='ltr'>sermo</span> <span class='ocrx_word' id='word_1_416' title='bbox 1078 2745 1456 2817; x_wconf 90' lang='lat' dir='ltr'>propheticus,</span> <span class='ocrx_word' id='word_1_417' title='bbox 1485 2769 1511 2800; x_wconf 77' lang='grc' dir='ltr'><strong>α</strong></span> <span class='ocrx_word' id='word_1_418' title='bbox 1543 2755 1598 2804; x_wconf 87' lang='lat' dir='ltr'>et</span> <span class='ocrx_word' id='word_1_419' title='bbox 1619 2750 1820 2819; x_wconf 92' lang='lat' dir='ltr'>adhuc,</span> <span class='ocrx_word' id='word_1_420' title='bbox 1845 2771 1872 2805; x_wconf 90' lang='lat'>»</span> <span class='ocrx_word' id='word_1_421' title='bbox 1908 2752 2055 2808; x_wconf 88' lang='lat' dir='ltr'>velut</span> <span class='ocrx_word' id='word_1_422' title='bbox 2132 2752 2410 2824; x_wconf 88' lang='lat' dir='ltr'>respicere</span> <span class='ocrx_word' id='word_1_423' title='bbox 2425 2753 2496 2807; x_wconf 91' lang='lat' dir='ltr'>ad</span> <span class='ocrx_word' id='word_1_424' title='bbox 2510 2752 2870 2825; x_wconf 80' lang='lat' dir='ltr'>iniquitatem</span> <span class='ocrx_word' id='word_1_425' title='bbox 2886 2768 3000 2808; x_wconf 91' lang='lat' dir='ltr'>non</span> <span class='ocrx_word' id='word_1_426' title='bbox 3016 2757 3198 2824; x_wconf 86' lang='lat' dir='ltr'>potes.</span> <span class='ocrx_word' id='word_1_427' title='bbox 3224 2752 3410 2817; x_wconf 83' lang='lat' dir='ltr'>Quare</span> <span class='ocrx_word' id='word_1_428' title='bbox 3425 2765 3530 2804; x_wconf 89' lang='lat' dir='ltr'>non</span> <span class='ocrx_word' id='word_1_429' title='bbox 3548 2747 3689 2819; x_wconf 58' lang='lat' dir='ltr'>respio</span> 
     </span>
    </p>
   </div>
   <div class='ocr_carea' id='block_1_29' title="bbox 463 2827 3686 2914">
    <p class='ocr_par' dir='ltr' id='par_1_29' title="bbox 463 2827 3686 2914">
     <span class='ocr_line' id='line_1_29' title="bbox 463 2827 3686 2914; baseline 0.002 -32"><span class='ocrx_word' id='word_1_430' title='bbox 463 2827 511 2882; x_wconf 91' lang='lat' dir='ltr'>si</span> <span class='ocrx_word' id='word_1_431' title='bbox 537 2829 803 2900; x_wconf 86' lang='lat' dir='ltr'>loquatur</span> <span class='ocrx_word' id='word_1_432' title='bbox 820 2831 893 2886; x_wconf 91' lang='lat' dir='ltr'>ad</span> <span class='ocrx_word' id='word_1_433' title='bbox 928 2836 985 2886; x_wconf 86' lang='lat' dir='ltr'>te</span> <span class='ocrx_word' id='word_1_434' title='bbox 1006 2837 1064 2886; x_wconf 90' lang='lat' dir='ltr'>et</span> <span class='ocrx_word' id='word_1_435' title='bbox 1082 2833 1264 2888; x_wconf 86' lang='lat' dir='ltr'>dicat:</span> <span class='ocrx_word' id='word_1_436' title='bbox 1292 2835 1465 2891; x_wconf 88' lang='lat' dir='ltr'>Putas</span> <span class='ocrx_word' id='word_1_437' title='bbox 1492 2837 1551 2892; x_wconf 90' lang='lat' dir='ltr'>in</span> <span class='ocrx_word' id='word_1_438' title='bbox 1581 2840 1846 2895; x_wconf 77' lang='lat' dir='ltr'>saeculum</span> <span class='ocrx_word' id='word_1_439' title='bbox 1865 2842 2052 2897; x_wconf 59' lang='lat' dir='ltr'>saeculi</span> <span class='ocrx_word' id='word_1_440' title='bbox 2133 2842 2214 2897; x_wconf 92' lang='lat' dir='ltr'>cis</span> <span class='ocrx_word' id='word_1_441' title='bbox 2250 2858 2420 2914; x_wconf 87' lang='lat' dir='ltr'>super</span> <span class='ocrx_word' id='word_1_442' title='bbox 2445 2841 2641 2914; x_wconf 89' lang='lat' dir='ltr'>iniqua</span> <span class='ocrx_word' id='word_1_443' title='bbox 2667 2847 2899 2912; x_wconf 82' lang='lat' dir='ltr'>agentes</span> <span class='ocrx_word' id='word_1_444' title='bbox 2934 2847 2994 2896; x_wconf 89' lang='lat' dir='ltr'>et</span> <span class='ocrx_word' id='word_1_445' title='bbox 3019 2846 3177 2896; x_wconf 86' lang='lat' dir='ltr'>taces</span> <span class='ocrx_word' id='word_1_446' title='bbox 3217 2841 3510 2896; x_wconf 77' lang='lat' dir='ltr'>devorante</span> <span class='ocrx_word' id='word_1_447' title='bbox 3545 2835 3686 2908; x_wconf 87' lang='lat' dir='ltr'>impio</span> 
     </span>
    </p>
   </div>
   <div class='ocr_carea' id='block_1_30' title="bbox 460 2912 3685 3002">
    <p class='ocr_par' dir='ltr' id='par_1_30' title="bbox 460 2912 3685 3002">
     <span class='ocr_line' id='line_1_30' title="bbox 460 2912 3685 3002; baseline 0.005 -30"><span class='ocrx_word' id='word_1_448' title='bbox 460 2916 763 2972; x_wconf 88' lang='lat' dir='ltr'>Dominum</span> <span class='ocrx_word' id='word_1_449' title='bbox 822 2912 1209 2991; x_wconf 71' lang='lat' dir='ltr'>regnaturum,</span> <span class='ocrx_word' id='word_1_450' title='bbox 1241 2929 1300 2978; x_wconf 89' lang='lat' dir='ltr'>et</span> <span class='ocrx_word' id='word_1_451' title='bbox 1340 2926 1524 2981; x_wconf 85' lang='lat' dir='ltr'>adhuc</span> <span class='ocrx_word' id='word_1_452' title='bbox 1568 2934 1733 2999; x_wconf 90' lang='lat' dir='ltr'>putas</span> <span class='ocrx_word' id='word_1_453' title='bbox 1762 2929 1823 2984; x_wconf 92' lang='lat' dir='ltr'>in</span> <span class='ocrx_word' id='word_1_454' title='bbox 1851 2932 2054 2986; x_wconf 69' lang='lat' dir='ltr'>saecula</span> <span class='ocrx_word' id='word_1_455' title='bbox 2127 2912 2427 3002; x_wconf 77' lang='lat' dir='ltr'>justiorem</span> <span class='ocrx_word' id='word_1_456' title='bbox 2452 2912 2563 2986; x_wconf 55' lang='lat' dir='ltr'>sei</span> <span class='ocrx_word' id='word_1_457' title='bbox 2587 2936 2645 2986; x_wconf 90' lang='lat' dir='ltr'>et</span> <span class='ocrx_word' id='word_1_458' title='bbox 2664 2930 2835 2986; x_wconf 82' lang='lat' dir='ltr'>facies</span> <span class='ocrx_word' id='word_1_459' title='bbox 2863 2930 3121 2985; x_wconf 88' lang='lat' dir='ltr'>homines</span> <span class='ocrx_word' id='word_1_460' title='bbox 3144 2929 3310 3002; x_wconf 86' lang='lat' dir='ltr'>quasi</span> <span class='ocrx_word' id='word_1_461' title='bbox 3336 2928 3507 3000; x_wconf 76' lang='lat' dir='ltr'>pisces</span> <span class='ocrx_word' id='word_1_462' title='bbox 3527 2924 3685 2989; x_wconf 53' lang='lat' dir='ltr'>malis,</span> 
     </span>
    </p>
   </div>
   <div class='ocr_carea' id='block_1_31' title="bbox 461 3007 3688 3092">
    <p class='ocr_par' dir='ltr' id='par_1_31' title="bbox 461 3007 3688 3092">
     <span class='ocr_line' id='line_1_31' title="bbox 461 3007 3688 3092; baseline 0.004 -33"><span class='ocrx_word' id='word_1_463' title='bbox 461 3007 812 3073; x_wconf 63' lang='lat' dir='ltr'>saeculorum,</span> <span class='ocrx_word' id='word_1_464' title='bbox 845 3014 904 3064; x_wconf 90' lang='lat' dir='ltr'>et</span> <span class='ocrx_word' id='word_1_465' title='bbox 932 3009 1135 3078; x_wconf 89' lang='lat' dir='ltr'>adhuc,</span> <span class='ocrx_word' id='word_1_466' title='bbox 1171 3017 1229 3066; x_wconf 86' lang='lat' dir='ltr'>et</span> <span class='ocrx_word' id='word_1_467' title='bbox 1255 3014 1627 3087; x_wconf 90' lang='lat' dir='ltr'>quodcunque</span> <span class='ocrx_word' id='word_1_468' title='bbox 1663 3017 1803 3073; x_wconf 90' lang='lat' dir='ltr'>illud</span> <span class='ocrx_word' id='word_1_469' title='bbox 1847 3019 2052 3074; x_wconf 81' lang='lat' dir='ltr'>dixeris</span> <span class='ocrx_word' id='word_1_470' title='bbox 2072 3076 2111 3092; x_wconf 53' lang='grc' dir='ltr'><strong>Α</strong></span> <span class='ocrx_word' id='word_1_471' title='bbox 2133 3019 2295 3092; x_wconf 89' lang='lat' dir='ltr'>quasi</span> <span class='ocrx_word' id='word_1_472' title='bbox 2313 3019 2513 3092; x_wconf 77' lang='lat' dir='ltr'>reptile</span> <span class='ocrx_word' id='word_1_473' title='bbox 2541 3036 2655 3075; x_wconf 92' lang='lat' dir='ltr'>non</span> <span class='ocrx_word' id='word_1_474' title='bbox 2674 3019 2888 3075; x_wconf 83' lang='lat' dir='ltr'>habens</span> <span class='ocrx_word' id='word_1_475' title='bbox 2914 3018 3228 3091; x_wconf 81' lang='lat' dir='ltr'>principem</span> <span class='ocrx_word' id='word_1_476' title='bbox 3249 3015 3495 3087; x_wconf 69' lang='lat' dir='ltr'>(Ibid.).i</span> <span class='ocrx_word' id='word_1_477' title='bbox 3513 3015 3688 3070; x_wconf 84' lang='lat' dir='ltr'>Verum</span> 
     </span>
    </p>
   </div>
   <div class='ocr_carea' id='block_1_32' title="bbox 459 3076 3690 3181">
    <p class='ocr_par' dir='ltr' id='par_1_32' title="bbox 459 3076 3690 3181">
     <span class='ocr_line' id='line_1_32' title="bbox 459 3076 3690 3181; baseline 0.003 -33"><span class='ocrx_word' id='word_1_478' title='bbox 459 3094 530 3148; x_wconf 93' lang='lat' dir='ltr'>de</span> <span class='ocrx_word' id='word_1_479' title='bbox 558 3094 717 3165; x_wconf 85' lang='lat' dir='ltr'>regni</span> <span class='ocrx_word' id='word_1_480' title='bbox 759 3097 882 3167; x_wconf 89' lang='lat' dir='ltr'>ejus</span> <span class='ocrx_word' id='word_1_481' title='bbox 918 3076 1135 3169; x_wconf 80' lang='lat' dir='ltr'>spatiis,</span> <span class='ocrx_word' id='word_1_482' title='bbox 1178 3076 1401 3172; x_wconf 78' lang='lat' dir='ltr'>semper</span> <span class='ocrx_word' id='word_1_483' title='bbox 1434 3076 1554 3158; x_wconf 67' lang='lat' dir='ltr'>tibi</span> <span class='ocrx_word' id='word_1_484' title='bbox 1586 3104 1722 3160; x_wconf 91' lang='lat' dir='ltr'>dicit</span> <span class='ocrx_word' id='word_1_485' title='bbox 1747 3107 2046 3178; x_wconf 87' lang='lat' dir='ltr'>Propheta,</span> <span class='ocrx_word' id='word_1_486' title='bbox 2067 3076 2112 3138; x_wconf 69' lang='grc' dir='ltr'><strong>Ο</strong></span> <span class='ocrx_word' id='word_1_487' title='bbox 2132 3076 2282 3164; x_wconf 65' lang='lat' dir='ltr'>inter</span> <span class='ocrx_word' id='word_1_488' title='bbox 2309 3076 2428 3164; x_wconf 58' lang='lat' dir='ltr'>haic</span> <span class='ocrx_word' id='word_1_489' title='bbox 2452 3109 2676 3164; x_wconf 81' lang='lat' dir='ltr'>reduxit</span> <span class='ocrx_word' id='word_1_490' title='bbox 2688 3076 2966 3181; x_wconf 73' lang='lat' dir='ltr'>extemplo</span> <span class='ocrx_word' id='word_1_491' title='bbox 2985 3108 3057 3163; x_wconf 91' lang='lat' dir='ltr'>ad</span> <span class='ocrx_word' id='word_1_492' title='bbox 3088 3076 3426 3163; x_wconf 69' lang='lat' dir='ltr'>memoriam</span> <span class='ocrx_word' id='word_1_493' title='bbox 3447 3105 3690 3176; x_wconf 72' lang='lat' dir='ltr'>dispensa-</span> 
     </span>
    </p>
   </div>
   <div class='ocr_carea' id='block_1_33' title="bbox 461 3183 3687 3268">
    <p class='ocr_par' dir='ltr' id='par_1_33' title="bbox 461 3183 3687 3268">
     <span class='ocr_line' id='line_1_33' title="bbox 461 3183 3687 3268; baseline 0.005 -32"><span class='ocrx_word' id='word_1_494' title='bbox 461 3200 488 3233; x_wconf 74' lang='grc' dir='ltr'>α</span> <span class='ocrx_word' id='word_1_495' title='bbox 522 3189 580 3237; x_wconf 92' lang='lat' dir='ltr'>et</span> <span class='ocrx_word' id='word_1_496' title='bbox 605 3183 806 3239; x_wconf 91' lang='lat' dir='ltr'>adhuc.</span> <span class='ocrx_word' id='word_1_497' title='bbox 836 3205 863 3237; x_wconf 81' lang='grc'><strong>››</strong></span> <span class='ocrx_word' id='word_1_498' title='bbox 2131 3197 2346 3253; x_wconf 88' lang='lat' dir='ltr'>tionem</span> <span class='ocrx_word' id='word_1_499' title='bbox 2365 3197 2671 3253; x_wconf 66' lang='lat' dir='ltr'>Dominicae</span> <span class='ocrx_word' id='word_1_500' title='bbox 2690 3197 3092 3253; x_wconf 88' lang='lat' dir='ltr'>incarnationis</span> <span class='ocrx_word' id='word_1_501' title='bbox 3118 3213 3190 3252; x_wconf 91' lang='lat' dir='ltr'>ac</span> <span class='ocrx_word' id='word_1_502' title='bbox 3215 3194 3502 3268; x_wconf 87' lang='lat' dir='ltr'>passionis,</span> <span class='ocrx_word' id='word_1_503' title='bbox 3522 3189 3687 3265; x_wconf 60' lang='lat' dir='ltr'>quain</span> 
     </span>
    </p>
   </div>
   <div class='ocr_carea' id='block_1_34' title="bbox 534 3270 3688 3359">
    <p class='ocr_par' dir='ltr' id='par_1_34' title="bbox 534 3270 3688 3359">
     <span class='ocr_line' id='line_1_34' title="bbox 534 3270 3688 3359; baseline 0.005 -34"><span class='ocrx_word' id='word_1_504' title='bbox 534 3289 562 3325; x_wconf 73' lang='grc' dir='ltr'><strong>α</strong></span> <span class='ocrx_word' id='word_1_505' title='bbox 594 3270 888 3343; x_wconf 86' lang='lat' dir='ltr'>Ingressus</span> <span class='ocrx_word' id='word_1_506' title='bbox 932 3281 1020 3330; x_wconf 89' lang='lat' dir='ltr'>est</span> <span class='ocrx_word' id='word_1_507' title='bbox 1058 3277 1208 3331; x_wconf 89' lang='lat' dir='ltr'>enim</span> <span class='ocrx_word' id='word_1_508' title='bbox 1257 3278 1480 3334; x_wconf 87' lang='lat' dir='ltr'>Pharao</span> <span class='ocrx_word' id='word_1_509' title='bbox 1531 3296 1662 3335; x_wconf 90' lang='lat' dir='ltr'>cum</span> <span class='ocrx_word' id='word_1_510' title='bbox 1707 3283 1964 3340; x_wconf 88' lang='lat' dir='ltr'>curribus</span> <span class='ocrx_word' id='word_1_511' title='bbox 1993 3292 2051 3340; x_wconf 91' lang='lat' dir='ltr'>et</span> <span class='ocrx_word' id='word_1_512' title='bbox 2131 3287 2333 3358; x_wconf 85' lang='lat' dir='ltr'>spiritu</span> <span class='ocrx_word' id='word_1_513' title='bbox 2369 3287 2676 3359; x_wconf 76' lang='lat' dir='ltr'>prophetiae</span> <span class='ocrx_word' id='word_1_514' title='bbox 2716 3292 3070 3358; x_wconf 84' lang='lat' dir='ltr'>cognoverat,</span> <span class='ocrx_word' id='word_1_515' title='bbox 3109 3284 3496 3356; x_wconf 78' lang='lat' dir='ltr'>intellexitque</span> <span class='ocrx_word' id='word_1_516' title='bbox 3535 3280 3688 3335; x_wconf 64' lang='lat' dir='ltr'>acrius</span> 
     </span>
    </p>
   </div>
   <div class='ocr_carea' id='block_1_35' title="bbox 461 3360 3689 3448">
    <p class='ocr_par' dir='ltr' id='par_1_35' title="bbox 461 3360 3689 3448">
     <span class='ocr_line' id='line_1_35' title="bbox 461 3360 3689 3448; baseline 0.003 -36"><span class='ocrx_word' id='word_1_517' title='bbox 461 3378 487 3409; x_wconf 83' lang='lat'>«</span> <span class='ocrx_word' id='word_1_518' title='bbox 511 3360 793 3431; x_wconf 88' lang='lat' dir='ltr'>equitibus</span> <span class='ocrx_word' id='word_1_519' title='bbox 821 3363 945 3434; x_wconf 88' lang='lat' dir='ltr'>ejus</span> <span class='ocrx_word' id='word_1_520' title='bbox 973 3364 1030 3420; x_wconf 91' lang='lat' dir='ltr'>in</span> <span class='ocrx_word' id='word_1_521' title='bbox 1061 3383 1235 3434; x_wconf 88' lang='lat' dir='ltr'>mare,</span> <span class='ocrx_word' id='word_1_522' title='bbox 1269 3372 1327 3422; x_wconf 91' lang='lat' dir='ltr'>et</span> <span class='ocrx_word' id='word_1_523' title='bbox 1367 3369 1590 3424; x_wconf 80' lang='lat' dir='ltr'>reduxit</span> <span class='ocrx_word' id='word_1_524' title='bbox 1616 3387 1788 3442; x_wconf 88' lang='lat' dir='ltr'>super</span> <span class='ocrx_word' id='word_1_525' title='bbox 1814 3389 1908 3428; x_wconf 89' lang='lat' dir='ltr'>eos</span> <span class='ocrx_word' id='word_1_526' title='bbox 1936 3374 2050 3429; x_wconf 90' lang='lat' dir='ltr'>Do-</span> <span class='ocrx_word' id='word_1_527' title='bbox 2133 3376 2332 3443; x_wconf 90' lang='lat' dir='ltr'>multo,</span> <span class='ocrx_word' id='word_1_528' title='bbox 2365 3392 2535 3448; x_wconf 90' lang='lat' dir='ltr'>quam</span> <span class='ocrx_word' id='word_1_529' title='bbox 2555 3381 2859 3448; x_wconf 88' lang='lat' dir='ltr'>oporteret,</span> <span class='ocrx_word' id='word_1_530' title='bbox 2891 3380 3155 3447; x_wconf 88' lang='lat' dir='ltr'>questum</span> <span class='ocrx_word' id='word_1_531' title='bbox 3185 3374 3360 3430; x_wconf 79' lang='lat' dir='ltr'>fuisse</span> <span class='ocrx_word' id='word_1_532' title='bbox 3380 3372 3448 3428; x_wconf 89' lang='lat' dir='ltr'>de</span> <span class='ocrx_word' id='word_1_533' title='bbox 3475 3368 3689 3425; x_wconf 78' lang='lat' dir='ltr'>afﬂictio-</span> 
     </span>
    </p>
   </div>
   <div class='ocr_carea' id='block_1_36' title="bbox 461 3449 3690 3536">
    <p class='ocr_par' dir='ltr' id='par_1_36' title="bbox 461 3449 3690 3536">
     <span class='ocr_line' id='line_1_36' title="bbox 461 3449 3690 3536; baseline 0.003 -34"><span class='ocrx_word' id='word_1_534' title='bbox 461 3468 484 3501; x_wconf 70' lang='grc' dir='ltr'>ι</span> <span class='ocrx_word' id='word_1_535' title='bbox 519 3449 706 3504; x_wconf 91' lang='lat' dir='ltr'>minus</span> <span class='ocrx_word' id='word_1_536' title='bbox 737 3468 912 3523; x_wconf 88' lang='lat' dir='ltr'>aquas</span> <span class='ocrx_word' id='word_1_537' title='bbox 941 3455 1116 3509; x_wconf 88' lang='lat' dir='ltr'>maris</span> <span class='ocrx_word' id='word_1_538' title='bbox 1145 3475 1158 3523; x_wconf 92' lang='lat'><strong>;</strong></span> <span class='ocrx_word' id='word_1_539' title='bbox 1220 3456 1321 3511; x_wconf 84' lang='lat' dir='ltr'>filii</span> <span class='ocrx_word' id='word_1_540' title='bbox 1358 3463 1550 3513; x_wconf 90' lang='lat' dir='ltr'>autem</span> <span class='ocrx_word' id='word_1_541' title='bbox 1591 3460 1766 3515; x_wconf 89' lang='lat' dir='ltr'>Israel</span> <span class='ocrx_word' id='word_1_542' title='bbox 1793 3461 2050 3518; x_wconf 86' lang='lat' dir='ltr'>ambula-</span> <span class='ocrx_word' id='word_1_543' title='bbox 2129 3463 2293 3519; x_wconf 91' lang='lat' dir='ltr'>nibus</span> <span class='ocrx_word' id='word_1_544' title='bbox 2319 3465 2379 3519; x_wconf 88' lang='lat' dir='ltr'>in</span> <span class='ocrx_word' id='word_1_545' title='bbox 2410 3465 2516 3519; x_wconf 90' lang='lat' dir='ltr'>hac</span> <span class='ocrx_word' id='word_1_546' title='bbox 2554 3464 2670 3519; x_wconf 88' lang='lat' dir='ltr'>vita</span> <span class='ocrx_word' id='word_1_547' title='bbox 2706 3470 3050 3532; x_wconf 88' lang='lat' dir='ltr'>sanctorum,</span> <span class='ocrx_word' id='word_1_548' title='bbox 3087 3462 3297 3536; x_wconf 85' lang='lat' dir='ltr'>quibus</span> <span class='ocrx_word' id='word_1_549' title='bbox 3336 3469 3536 3518; x_wconf 70' lang='lat' dir='ltr'>mter-na</span> <span class='ocrx_word' id='word_1_550' title='bbox 3568 3460 3690 3513; x_wconf 75' lang='lat' dir='ltr'>esset</span> 
     </span>
    </p>
   </div>
   <div class='ocr_carea' id='block_1_37' title="bbox 461 3542 3688 3626">
    <p class='ocr_par' dir='ltr' id='par_1_37' title="bbox 461 3542 3688 3626">
     <span class='ocr_line' id='line_1_37' title="bbox 461 3542 3688 3626; baseline 0.005 -35"><span class='ocrx_word' id='word_1_551' title='bbox 461 3556 485 3589; x_wconf 79' lang='grc' dir='ltr'>ι</span> <span class='ocrx_word' id='word_1_552' title='bbox 523 3544 725 3594; x_wconf 91' lang='lat' dir='ltr'>verunt</span> <span class='ocrx_word' id='word_1_553' title='bbox 747 3557 850 3612; x_wconf 90' lang='lat' dir='ltr'>per</span> <span class='ocrx_word' id='word_1_554' title='bbox 872 3542 1081 3598; x_wconf 83' lang='lat' dir='ltr'>siccum</span> <span class='ocrx_word' id='word_1_555' title='bbox 1114 3545 1174 3598; x_wconf 90' lang='lat' dir='ltr'>in</span> <span class='ocrx_word' id='word_1_556' title='bbox 1199 3545 1384 3601; x_wconf 90' lang='lat' dir='ltr'>medio</span> <span class='ocrx_word' id='word_1_557' title='bbox 1411 3548 1553 3618; x_wconf 88' lang='lat' dir='ltr'>ejus.</span> <span class='ocrx_word' id='word_1_558' title='bbox 1569 3566 1597 3601; x_wconf 59' lang='grc' dir='ltr'>υ</span> <span class='ocrx_word' id='word_1_559' title='bbox 1630 3549 1791 3617; x_wconf 87' lang='lat' dir='ltr'>Ettu,</span> <span class='ocrx_word' id='word_1_560' title='bbox 1824 3551 1873 3605; x_wconf 90' lang='lat' dir='ltr'>si</span> <span class='ocrx_word' id='word_1_561' title='bbox 1903 3552 2051 3608; x_wconf 77' lang='lat' dir='ltr'>filius</span> <span class='ocrx_word' id='word_1_562' title='bbox 2130 3553 2406 3625; x_wconf 82' lang='lat' dir='ltr'>promissa</span> <span class='ocrx_word' id='word_1_563' title='bbox 2432 3554 2655 3626; x_wconf 87' lang='lat' dir='ltr'>requies</span> <span class='ocrx_word' id='word_1_564' title='bbox 2680 3555 2740 3609; x_wconf 91' lang='lat' dir='ltr'>in</span> <span class='ocrx_word' id='word_1_565' title='bbox 2767 3554 2986 3621; x_wconf 88' lang='lat' dir='ltr'>futuro;</span> <span class='ocrx_word' id='word_1_566' title='bbox 3007 3569 3137 3608; x_wconf 87' lang='lat' dir='ltr'>cum</span> <span class='ocrx_word' id='word_1_567' title='bbox 3151 3569 3258 3608; x_wconf 86' lang='lat' dir='ltr'>nec</span> <span class='ocrx_word' id='word_1_568' title='bbox 3288 3551 3405 3624; x_wconf 84' lang='lat' dir='ltr'>ipse</span> <span class='ocrx_word' id='word_1_569' title='bbox 3431 3549 3527 3605; x_wconf 86' lang='lat' dir='ltr'>Dei</span> <span class='ocrx_word' id='word_1_570' title='bbox 3543 3545 3688 3602; x_wconf 72' lang='lat' dir='ltr'>Filius</span> 
     </span>
    </p>
   </div>
   <div class='ocr_carea' id='block_1_38' title="bbox 456 3626 3688 3716">
    <p class='ocr_par' dir='ltr' id='par_1_38' title="bbox 456 3626 3688 3716">
     <span class='ocr_line' id='line_1_38' title="bbox 456 3626 3688 3716; baseline 0.004 -35"><span class='ocrx_word' id='word_1_571' title='bbox 456 3626 631 3682; x_wconf 88' lang='lat' dir='ltr'>Israel</span> <span class='ocrx_word' id='word_1_572' title='bbox 652 3645 730 3695; x_wconf 92' lang='lat' dir='ltr'>es,</span> <span class='ocrx_word' id='word_1_573' title='bbox 757 3635 916 3701; x_wconf 86' lang='lat' dir='ltr'>potes</span> <span class='ocrx_word' id='word_1_574' title='bbox 944 3632 1235 3688; x_wconf 91' lang='lat' dir='ltr'>ambulare</span> <span class='ocrx_word' id='word_1_575' title='bbox 1254 3651 1356 3706; x_wconf 91' lang='lat' dir='ltr'>per</span> <span class='ocrx_word' id='word_1_576' title='bbox 1383 3635 1592 3691; x_wconf 90' lang='lat' dir='ltr'>siccum</span> <span class='ocrx_word' id='word_1_577' title='bbox 1627 3637 1688 3692; x_wconf 90' lang='lat' dir='ltr'>in</span> <span class='ocrx_word' id='word_1_578' title='bbox 1716 3640 1901 3695; x_wconf 92' lang='lat' dir='ltr'>medio</span> <span class='ocrx_word' id='word_1_579' title='bbox 1936 3657 2054 3696; x_wconf 90' lang='lat' dir='ltr'>ma-</span> <span class='ocrx_word' id='word_1_580' title='bbox 2132 3642 2193 3698; x_wconf 90' lang='lat' dir='ltr'>in</span> <span class='ocrx_word' id='word_1_581' title='bbox 2221 3659 2390 3698; x_wconf 90' lang='lat' dir='ltr'>carne</span> <span class='ocrx_word' id='word_1_582' title='bbox 2408 3659 2687 3715; x_wconf 89' lang='lat' dir='ltr'>apparens</span> <span class='ocrx_word' id='word_1_583' title='bbox 2702 3643 2824 3699; x_wconf 88' lang='lat' dir='ltr'>sine</span> <span class='ocrx_word' id='word_1_584' title='bbox 2839 3659 3007 3716; x_wconf 61' lang='lat' dir='ltr'>poena</span> <span class='ocrx_word' id='word_1_585' title='bbox 3019 3643 3205 3698; x_wconf 90' lang='lat' dir='ltr'>crucis</span> <span class='ocrx_word' id='word_1_586' title='bbox 3225 3646 3375 3698; x_wconf 87' lang='lat' dir='ltr'>esset</span> <span class='ocrx_word' id='word_1_587' title='bbox 3393 3639 3619 3696; x_wconf 78' lang='lat' dir='ltr'>exiturus</span> <span class='ocrx_word' id='word_1_588' title='bbox 3631 3634 3688 3688; x_wconf 71' lang='lat' dir='ltr'>de</span> 
     </span>
    </p>
   </div>
   <div class='ocr_carea' id='block_1_39' title="bbox 456 3715 3688 3805">
    <p class='ocr_par' dir='ltr' id='par_1_39' title="bbox 456 3715 3688 3805">
     <span class='ocr_line' id='line_1_39' title="bbox 456 3715 3688 3805; baseline 0.005 -36"><span class='ocrx_word' id='word_1_589' title='bbox 456 3715 527 3782; x_wconf 92' lang='lat' dir='ltr'>ri,</span> <span class='ocrx_word' id='word_1_590' title='bbox 545 3717 592 3771; x_wconf 92' lang='lat' dir='ltr'>si</span> <span class='ocrx_word' id='word_1_591' title='bbox 631 3717 808 3773; x_wconf 85' lang='lat' dir='ltr'>fueris</span> <span class='ocrx_word' id='word_1_592' title='bbox 847 3720 907 3775; x_wconf 90' lang='lat' dir='ltr'>in</span> <span class='ocrx_word' id='word_1_593' title='bbox 952 3722 1139 3776; x_wconf 89' lang='lat' dir='ltr'>medio</span> <span class='ocrx_word' id='word_1_594' title='bbox 1183 3725 1430 3779; x_wconf 90' lang='lat' dir='ltr'>nationis</span> <span class='ocrx_word' id='word_1_595' title='bbox 1457 3742 1641 3797; x_wconf 84' lang='lat' dir='ltr'>pravae</span> <span class='ocrx_word' id='word_1_596' title='bbox 1671 3733 1730 3782; x_wconf 90' lang='lat' dir='ltr'>et</span> <span class='ocrx_word' id='word_1_597' title='bbox 1757 3745 2048 3800; x_wconf 64' lang='lat' dir='ltr'>perversae,</span> <span class='ocrx_word' id='word_1_598' title='bbox 2132 3733 2363 3800; x_wconf 89' lang='lat' dir='ltr'>mundo,</span> <span class='ocrx_word' id='word_1_599' title='bbox 2398 3733 2494 3805; x_wconf 91' lang='lat' dir='ltr'>qui</span> <span class='ocrx_word' id='word_1_600' title='bbox 2518 3734 2588 3788; x_wconf 92' lang='lat' dir='ltr'>de</span> <span class='ocrx_word' id='word_1_601' title='bbox 2613 3733 2828 3805; x_wconf 90' lang='lat' dir='ltr'>Spiritu</span> <span class='ocrx_word' id='word_1_602' title='bbox 2853 3737 3049 3788; x_wconf 81' lang='lat' dir='ltr'>sancto</span> <span class='ocrx_word' id='word_1_603' title='bbox 3075 3748 3142 3786; x_wconf 89' lang='lat' dir='ltr'>ac</span> <span class='ocrx_word' id='word_1_604' title='bbox 3167 3731 3402 3802; x_wconf 82' lang='lat' dir='ltr'>Virgine</span> <span class='ocrx_word' id='word_1_605' title='bbox 3422 3732 3589 3782; x_wconf 78' lang='lat' dir='ltr'>matre</span> <span class='ocrx_word' id='word_1_606' title='bbox 3609 3738 3688 3778; x_wconf 66' lang='lat'>118&#39;</span> 
     </span>
    </p>
   </div>
   <div class='ocr_carea' id='block_1_40' title="bbox 451 3804 3687 3894">
    <p class='ocr_par' dir='ltr' id='par_1_40' title="bbox 451 3804 3687 3894">
     <span class='ocr_line' id='line_1_40' title="bbox 451 3804 3687 3894; baseline 0.003 -34"><span class='ocrx_word' id='word_1_607' title='bbox 451 3804 601 3860; x_wconf 90' lang='lat' dir='ltr'>sicut</span> <span class='ocrx_word' id='word_1_608' title='bbox 628 3807 820 3863; x_wconf 89' lang='lat' dir='ltr'>lumen</span> <span class='ocrx_word' id='word_1_609' title='bbox 848 3809 980 3864; x_wconf 88' lang='lat' dir='ltr'>solis</span> <span class='ocrx_word' id='word_1_610' title='bbox 1008 3810 1239 3867; x_wconf 87' lang='lat' dir='ltr'>verbum</span> <span class='ocrx_word' id='word_1_611' title='bbox 1264 3813 1391 3868; x_wconf 70' lang='lat' dir='ltr'>vitae</span> <span class='ocrx_word' id='word_1_612' title='bbox 1417 3815 1670 3871; x_wconf 86' lang='lat' dir='ltr'>contines</span> <span class='ocrx_word' id='word_1_613' title='bbox 1689 3817 1761 3871; x_wconf 89' lang='lat' dir='ltr'>ad</span> <span class='ocrx_word' id='word_1_614' title='bbox 1785 3818 2046 3888; x_wconf 86' lang='lat' dir='ltr'>gloriam.</span> <span class='ocrx_word' id='word_1_615' title='bbox 2132 3820 2377 3878; x_wconf 88' lang='lat' dir='ltr'>sciturus</span> <span class='ocrx_word' id='word_1_616' title='bbox 2416 3804 2475 3877; x_wconf 87' lang='lat' dir='ltr'>et</span> <span class='ocrx_word' id='word_1_617' title='bbox 2516 3804 2726 3894; x_wconf 90' lang='lat' dir='ltr'>absque</span> <span class='ocrx_word' id='word_1_618' title='bbox 2764 3821 2919 3876; x_wconf 90' lang='lat' dir='ltr'>omni</span> <span class='ocrx_word' id='word_1_619' title='bbox 2953 3826 3184 3894; x_wconf 87' lang='lat' dir='ltr'>peccato</span> <span class='ocrx_word' id='word_1_620' title='bbox 3235 3825 3359 3876; x_wconf 90' lang='lat' dir='ltr'>erat</span> <span class='ocrx_word' id='word_1_621' title='bbox 3395 3818 3621 3872; x_wconf 79' lang='lat' dir='ltr'>victurus</span> <span class='ocrx_word' id='word_1_622' title='bbox 3641 3813 3687 3866; x_wconf 85' lang='lat' dir='ltr'>in</span> 
     </span>
    </p>
   </div>
   <div class='ocr_carea' id='block_1_41' title="bbox 457 3893 3685 3983">
    <p class='ocr_par' dir='ltr' id='par_1_41' title="bbox 457 3893 3685 3983">
     <span class='ocr_line' id='line_1_41' title="bbox 457 3893 3685 3983; baseline 0.005 -36"><span class='ocrx_word' id='word_1_623' title='bbox 457 3893 650 3950; x_wconf 86' lang='lat' dir='ltr'>Potest</span> <span class='ocrx_word' id='word_1_624' title='bbox 668 3896 810 3963; x_wconf 85' lang='lat' dir='ltr'>fieri,</span> <span class='ocrx_word' id='word_1_625' title='bbox 844 3903 910 3952; x_wconf 91' lang='lat' dir='ltr'>ut</span> <span class='ocrx_word' id='word_1_626' title='bbox 926 3899 986 3953; x_wconf 91' lang='lat' dir='ltr'>in</span> <span class='ocrx_word' id='word_1_627' title='bbox 1017 3901 1201 3956; x_wconf 88' lang='lat' dir='ltr'>medio</span> <span class='ocrx_word' id='word_1_628' title='bbox 1231 3908 1588 3974; x_wconf 87' lang='lat' dir='ltr'>peccatorum</span> <span class='ocrx_word' id='word_1_629' title='bbox 1613 3905 1965 3962; x_wconf 89' lang='lat' dir='ltr'>incedentem</span> <span class='ocrx_word' id='word_1_630' title='bbox 1992 3913 2051 3963; x_wconf 90' lang='lat' dir='ltr'>te</span> <span class='ocrx_word' id='word_1_631' title='bbox 2131 3911 2361 3974; x_wconf 89' lang='lat' dir='ltr'>mundo,</span> <span class='ocrx_word' id='word_1_632' title='bbox 2381 3916 2440 3966; x_wconf 91' lang='lat' dir='ltr'>et</span> <span class='ocrx_word' id='word_1_633' title='bbox 2457 3927 2560 3983; x_wconf 87' lang='lat' dir='ltr'>pro</span> <span class='ocrx_word' id='word_1_634' title='bbox 2580 3893 3028 3983; x_wconf 80' lang='lat' dir='ltr'>ignorationibus</span> <span class='ocrx_word' id='word_1_635' title='bbox 3046 3910 3166 3966; x_wconf 86' lang='lat' dir='ltr'>suis</span> <span class='ocrx_word' id='word_1_636' title='bbox 3185 3909 3396 3965; x_wconf 84' lang='lat' dir='ltr'>faciens</span> <span class='ocrx_word' id='word_1_637' title='bbox 3414 3905 3685 3962; x_wconf 79' lang='lat' dir='ltr'>orationem</span> 
     </span>
    </p>
   </div>
   <div class='ocr_carea' id='block_1_42' title="bbox 457 3983 2753 4072">
    <p class='ocr_par' dir='ltr' id='par_1_42' title="bbox 457 3983 2753 4072">
     <span class='ocr_line' id='line_1_42' title="bbox 457 3983 2753 4072; baseline 0.008 -36"><span class='ocrx_word' id='word_1_638' title='bbox 457 3999 570 4037; x_wconf 92' lang='lat' dir='ltr'>non</span> <span class='ocrx_word' id='word_1_639' title='bbox 593 3983 854 4040; x_wconf 79' lang='lat' dir='ltr'>infundat</span> <span class='ocrx_word' id='word_1_640' title='bbox 880 3987 1087 4042; x_wconf 89' lang='lat' dir='ltr'>humor</span> <span class='ocrx_word' id='word_1_641' title='bbox 1112 3991 1325 4060; x_wconf 89' lang='lat' dir='ltr'>peccati</span> <span class='ocrx_word' id='word_1_642' title='bbox 1348 4011 1361 4059; x_wconf 85' lang='lat'><strong>;</strong></span> <span class='ocrx_word' id='word_1_643' title='bbox 1396 3999 1582 4064; x_wconf 89' lang='lat' dir='ltr'>potest</span> <span class='ocrx_word' id='word_1_644' title='bbox 1609 3994 1748 4061; x_wconf 86' lang='lat' dir='ltr'>ﬂeri,</span> <span class='ocrx_word' id='word_1_645' title='bbox 1783 4002 1849 4050; x_wconf 91' lang='lat' dir='ltr'>ut</span> <span class='ocrx_word' id='word_1_646' title='bbox 1870 4001 2052 4052; x_wconf 86' lang='lat' dir='ltr'>trans-</span> <span class='ocrx_word' id='word_1_647' title='bbox 2130 3998 2369 4055; x_wconf 90' lang='lat' dir='ltr'>Domino</span> <span class='ocrx_word' id='word_1_648' title='bbox 2400 4001 2480 4054; x_wconf 85' lang='lat' dir='ltr'>sic</span> <span class='ocrx_word' id='word_1_649' title='bbox 2506 3999 2707 4072; x_wconf 91' lang='lat' dir='ltr'>incipit</span> <span class='ocrx_word' id='word_1_650' title='bbox 2737 4017 2753 4052; x_wconf 86' lang='lat'>:</span> 
     </span>
    </p>
   </div>
   <div class='ocr_carea' id='block_1_43' title="bbox 459 4077 3689 4152">
    <p class='ocr_par' dir='ltr' id='par_1_43' title="bbox 459 4077 3689 4152">
     <span class='ocr_line' id='line_1_43' title="bbox 459 4077 3689 4152; baseline 0.003 -28"><span class='ocrx_word' id='word_1_651' title='bbox 459 4078 686 4127; x_wconf 81' lang='lat' dir='ltr'>euntem</span> <span class='ocrx_word' id='word_1_652' title='bbox 723 4079 778 4128; x_wconf 90' lang='lat' dir='ltr'>te</span> <span class='ocrx_word' id='word_1_653' title='bbox 833 4092 935 4146; x_wconf 83' lang='lat' dir='ltr'>per</span> <span class='ocrx_word' id='word_1_654' title='bbox 955 4077 1100 4131; x_wconf 87' lang='lat' dir='ltr'>hanc</span> <span class='ocrx_word' id='word_1_655' title='bbox 1129 4079 1405 4134; x_wconf 90' lang='lat' dir='ltr'>mundum</span> <span class='ocrx_word' id='word_1_656' title='bbox 1431 4082 1587 4136; x_wconf 88' lang='lat' dir='ltr'>nulla</span> <span class='ocrx_word' id='word_1_657' title='bbox 1622 4083 1871 4139; x_wconf 88' lang='lat' dir='ltr'>libidinis</span> <span class='ocrx_word' id='word_1_658' title='bbox 1900 4086 2052 4143; x_wconf 89' lang='lat' dir='ltr'>unda</span> <span class='ocrx_word' id='word_1_659' title='bbox 2206 4107 2232 4141; x_wconf 83' lang='grc'><strong>‹</strong></span> <span class='ocrx_word' id='word_1_660' title='bbox 2262 4088 2519 4152; x_wconf 89' lang='lat' dir='ltr'>Domine,</span> <span class='ocrx_word' id='word_1_661' title='bbox 2552 4087 2741 4143; x_wconf 89' lang='lat' dir='ltr'>audivi</span> <span class='ocrx_word' id='word_1_662' title='bbox 2768 4087 3118 4142; x_wconf 87' lang='lat' dir='ltr'>auditionem</span> <span class='ocrx_word' id='word_1_663' title='bbox 3143 4089 3308 4140; x_wconf 89' lang='lat' dir='ltr'>tuam</span> <span class='ocrx_word' id='word_1_664' title='bbox 3325 4090 3384 4139; x_wconf 89' lang='lat' dir='ltr'>et</span> <span class='ocrx_word' id='word_1_665' title='bbox 3408 4079 3585 4146; x_wconf 87' lang='lat' dir='ltr'>timui;</span> <span class='ocrx_word' id='word_1_666' title='bbox 3603 4079 3689 4133; x_wconf 89' lang='lat' dir='ltr'>Do-</span> 
     </span>
    </p>
   </div>
   <div class='ocr_carea' id='block_1_44' title="bbox 460 4164 3687 4250">
    <p class='ocr_par' dir='ltr' id='par_1_44' title="bbox 460 4164 3687 4250">
     <span class='ocr_line' id='line_1_44' title="bbox 460 4164 3687 4250; baseline 0.001 -32"><span class='ocrx_word' id='word_1_667' title='bbox 460 4166 766 4250; x_wconf 86' lang='lat' dir='ltr'>respergat,</span> <span class='ocrx_word' id='word_1_668' title='bbox 823 4164 1012 4218; x_wconf 90' lang='lat' dir='ltr'>nullus</span> <span class='ocrx_word' id='word_1_669' title='bbox 1055 4167 1376 4238; x_wconf 87' lang='lat' dir='ltr'>cupiditatis</span> <span class='ocrx_word' id='word_1_670' title='bbox 1424 4176 1594 4225; x_wconf 78' lang='lat' dir='ltr'>aestus</span> <span class='ocrx_word' id='word_1_671' title='bbox 1640 4172 1912 4228; x_wconf 86' lang='lat' dir='ltr'>verberet.</span> <span class='ocrx_word' id='word_1_672' title='bbox 1941 4175 2050 4240; x_wconf 89' lang='lat' dir='ltr'>Qui</span> <span class='ocrx_word' id='word_1_673' title='bbox 2132 4193 2163 4229; x_wconf 76' lang='grc' dir='ltr'><strong>α</strong></span> <span class='ocrx_word' id='word_1_674' title='bbox 2192 4177 2364 4243; x_wconf 87' lang='lat' dir='ltr'>mine,</span> <span class='ocrx_word' id='word_1_675' title='bbox 2381 4193 2522 4250; x_wconf 86' lang='lat' dir='ltr'>opus</span> <span class='ocrx_word' id='word_1_676' title='bbox 2536 4183 2697 4232; x_wconf 87' lang='lat' dir='ltr'>tuum</span> <span class='ocrx_word' id='word_1_677' title='bbox 2713 4177 2773 4232; x_wconf 89' lang='lat' dir='ltr'>in</span> <span class='ocrx_word' id='word_1_678' title='bbox 2787 4175 2974 4232; x_wconf 87' lang='lat' dir='ltr'>medio</span> <span class='ocrx_word' id='word_1_679' title='bbox 2986 4190 3269 4230; x_wconf 87' lang='lat' dir='ltr'>annorum</span> <span class='ocrx_word' id='word_1_680' title='bbox 3283 4173 3494 4228; x_wconf 78' lang='lat' dir='ltr'>viviﬁca</span> <span class='ocrx_word' id='word_1_681' title='bbox 3508 4167 3687 4225; x_wconf 62' lang='lat' dir='ltr'>illud.»</span> 
     </span>
    </p>
   </div>
   <div class='ocr_carea' id='block_1_45' title="bbox 458 4247 3684 4330">
    <p class='ocr_par' dir='ltr' id='par_1_45' title="bbox 458 4247 3684 4330">
     <span class='ocr_line' id='line_1_45' title="bbox 458 4247 3684 4330; baseline 0.005 -29"><span class='ocrx_word' id='word_1_682' title='bbox 458 4247 610 4302; x_wconf 88' lang='lat' dir='ltr'>enim</span> <span class='ocrx_word' id='word_1_683' title='bbox 655 4249 951 4322; x_wconf 64' lang='lat' dir='ltr'>Egyptius</span> <span class='ocrx_word' id='word_1_684' title='bbox 981 4259 1067 4308; x_wconf 91' lang='lat' dir='ltr'>est</span> <span class='ocrx_word' id='word_1_685' title='bbox 1094 4261 1151 4309; x_wconf 89' lang='lat' dir='ltr'>et</span> <span class='ocrx_word' id='word_1_686' title='bbox 1180 4258 1435 4329; x_wconf 83' lang='lat' dir='ltr'>sequitur</span> <span class='ocrx_word' id='word_1_687' title='bbox 1461 4259 1831 4328; x_wconf 88' lang='lat' dir='ltr'>Pharaonem,</span> <span class='ocrx_word' id='word_1_688' title='bbox 1854 4261 1947 4318; x_wconf 91' lang='lat' dir='ltr'>ille</span> <span class='ocrx_word' id='word_1_689' title='bbox 1974 4263 2052 4318; x_wconf 92' lang='lat' dir='ltr'>vi-</span> <span class='ocrx_word' id='word_1_690' title='bbox 2132 4265 2276 4320; x_wconf 85' lang='lat' dir='ltr'>LXX</span> <span class='ocrx_word' id='word_1_691' title='bbox 2307 4285 2319 4319; x_wconf 89' lang='lat'>:</span> <span class='ocrx_word' id='word_1_692' title='bbox 2355 4288 2381 4318; x_wconf 73' lang='grc' dir='ltr'>(ι</span> <span class='ocrx_word' id='word_1_693' title='bbox 2413 4247 2671 4330; x_wconf 86' lang='lat' dir='ltr'>Domine,</span> <span class='ocrx_word' id='word_1_694' title='bbox 2703 4264 2891 4320; x_wconf 89' lang='lat' dir='ltr'>audivi</span> <span class='ocrx_word' id='word_1_695' title='bbox 2930 4263 3189 4319; x_wconf 88' lang='lat' dir='ltr'>auditum</span> <span class='ocrx_word' id='word_1_696' title='bbox 3232 4268 3397 4316; x_wconf 89' lang='lat' dir='ltr'>tuum</span> <span class='ocrx_word' id='word_1_697' title='bbox 3436 4265 3493 4315; x_wconf 88' lang='lat' dir='ltr'>et</span> <span class='ocrx_word' id='word_1_698' title='bbox 3530 4253 3684 4312; x_wconf 79' lang='lat' dir='ltr'>timui—</span> 
     </span>
    </p>
   </div>
   <div class='ocr_carea' id='block_1_46' title="bbox 457 4337 3688 4425">
    <p class='ocr_par' dir='ltr' id='par_1_46' title="bbox 457 4337 3688 4425">
     <span class='ocr_line' id='line_1_46' title="bbox 457 4337 3688 4425; baseline 0.006 -35"><span class='ocrx_word' id='word_1_699' title='bbox 457 4337 667 4392; x_wconf 90' lang='lat' dir='ltr'>tiorum</span> <span class='ocrx_word' id='word_1_700' title='bbox 689 4339 952 4394; x_wconf 84' lang='lat' dir='ltr'>ﬂuctibus</span> <span class='ocrx_word' id='word_1_701' title='bbox 963 4343 1267 4414; x_wconf 86' lang='lat' dir='ltr'>mergitur:</span> <span class='ocrx_word' id='word_1_702' title='bbox 1301 4346 1396 4416; x_wconf 89' lang='lat' dir='ltr'>qui</span> <span class='ocrx_word' id='word_1_703' title='bbox 1416 4363 1548 4402; x_wconf 90' lang='lat' dir='ltr'>vero</span> <span class='ocrx_word' id='word_1_704' title='bbox 1580 4348 1837 4420; x_wconf 91' lang='lat' dir='ltr'>sequitur</span> <span class='ocrx_word' id='word_1_705' title='bbox 1865 4351 2113 4425; x_wconf 77' lang='lat' dir='ltr'>Chris-h</span> <span class='ocrx_word' id='word_1_706' title='bbox 2134 4371 2162 4406; x_wconf 70' lang='grc' dir='ltr'>ί(</span> <span class='ocrx_word' id='word_1_707' title='bbox 2194 4354 2449 4422; x_wconf 89' lang='lat' dir='ltr'>Domine,</span> <span class='ocrx_word' id='word_1_708' title='bbox 2477 4354 2823 4410; x_wconf 89' lang='lat' dir='ltr'>consideravi</span> <span class='ocrx_word' id='word_1_709' title='bbox 2840 4369 3014 4425; x_wconf 88' lang='lat' dir='ltr'>opera</span> <span class='ocrx_word' id='word_1_710' title='bbox 3028 4358 3130 4408; x_wconf 89' lang='lat' dir='ltr'>tua</span> <span class='ocrx_word' id='word_1_711' title='bbox 3140 4357 3202 4406; x_wconf 91' lang='lat' dir='ltr'>et</span> <span class='ocrx_word' id='word_1_712' title='bbox 3227 4348 3506 4422; x_wconf 81' lang='lat' dir='ltr'>obstupui,</span> <span class='ocrx_word' id='word_1_713' title='bbox 3524 4347 3577 4402; x_wconf 86' lang='lat' dir='ltr'>in</span> <span class='ocrx_word' id='word_1_714' title='bbox 3595 4359 3688 4399; x_wconf 74' lang='lat' dir='ltr'>m0-</span> 
     </span>
    </p>
   </div>
   <div class='ocr_carea' id='block_1_47' title="bbox 456 4428 3687 4527">
    <p class='ocr_par' dir='ltr' id='par_1_47' title="bbox 456 4428 3687 4527">
     <span class='ocr_line' id='line_1_47' title="bbox 456 4428 3687 4527; baseline 0.005 -47"><span class='ocrx_word' id='word_1_715' title='bbox 456 4431 576 4481; x_wconf 90' lang='lat' dir='ltr'>tum</span> <span class='ocrx_word' id='word_1_716' title='bbox 607 4434 665 4482; x_wconf 91' lang='lat' dir='ltr'>et</span> <span class='ocrx_word' id='word_1_717' title='bbox 687 4428 833 4484; x_wconf 91' lang='lat' dir='ltr'>sicut</span> <span class='ocrx_word' id='word_1_718' title='bbox 850 4429 946 4485; x_wconf 89' lang='lat' dir='ltr'>ille</span> <span class='ocrx_word' id='word_1_719' title='bbox 961 4432 1286 4507; x_wconf 76' lang='lat' dir='ltr'>ambulavit,</span> <span class='ocrx_word' id='word_1_720' title='bbox 1295 4435 1374 4489; x_wconf 89' lang='lat' dir='ltr'>ita</span> <span class='ocrx_word' id='word_1_721' title='bbox 1384 4441 1443 4490; x_wconf 90' lang='lat' dir='ltr'>et</span> <span class='ocrx_word' id='word_1_722' title='bbox 1468 4435 1588 4508; x_wconf 89' lang='lat' dir='ltr'>ipse</span> <span class='ocrx_word' id='word_1_723' title='bbox 1611 4436 2049 4511; x_wconf 71' lang='lat' dir='ltr'>ambulat,aqure</span> <span class='ocrx_word' id='word_1_724' title='bbox 2065 4428 2113 4454; x_wconf 74' lang='grc' dir='ltr'><em>υ</em></span> <span class='ocrx_word' id='word_1_725' title='bbox 2136 4461 2162 4493; x_wconf 82' lang='lat'><strong><em>«</em></strong></span> <span class='ocrx_word' id='word_1_726' title='bbox 2192 4442 2284 4498; x_wconf 92' lang='lat' dir='ltr'>dio</span> <span class='ocrx_word' id='word_1_727' title='bbox 2301 4443 2543 4499; x_wconf 89' lang='lat' dir='ltr'>duorum</span> <span class='ocrx_word' id='word_1_728' title='bbox 2559 4441 3275 4514; x_wconf 89' lang='lat' dir='ltr'>animaliumcognosceris.</span> <span class='ocrx_word' id='word_1_729' title='bbox 3296 4458 3324 4493; x_wconf 69' lang='lat' dir='ltr'>r</span> <span class='ocrx_word' id='word_1_730' title='bbox 3340 4435 3687 4527; x_wconf 67' lang='lat' dir='ltr'>fiebraei</span> 
     </span>
    </p>
   </div>
   <div class='ocr_carea' id='block_1_48' title="bbox 454 4514 3684 4604">
    <p class='ocr_par' dir='ltr' id='par_1_48' title="bbox 454 4514 3684 4604">
     <span class='ocr_line' id='line_1_48' title="bbox 454 4514 3684 4604; baseline 0.004 -36"><span class='ocrx_word' id='word_1_731' title='bbox 454 4514 506 4569; x_wconf 88' lang='lat' dir='ltr'>ei</span> <span class='ocrx_word' id='word_1_732' title='bbox 527 4531 724 4572; x_wconf 87' lang='lat' dir='ltr'>murus</span> <span class='ocrx_word' id='word_1_733' title='bbox 742 4518 888 4574; x_wconf 86' lang='lat' dir='ltr'>ﬁunt</span> <span class='ocrx_word' id='word_1_734' title='bbox 909 4520 1142 4577; x_wconf 84' lang='lat' dir='ltr'>dextera</span> <span class='ocrx_word' id='word_1_735' title='bbox 1166 4523 1446 4596; x_wconf 70' lang='lat' dir='ltr'>lmvaque:</span> <span class='ocrx_word' id='word_1_736' title='bbox 1496 4524 1615 4596; x_wconf 89' lang='lat' dir='ltr'>ipse</span> <span class='ocrx_word' id='word_1_737' title='bbox 1652 4531 1842 4582; x_wconf 91' lang='lat' dir='ltr'>autem</span> <span class='ocrx_word' id='word_1_738' title='bbox 1865 4529 2052 4583; x_wconf 88' lang='lat' dir='ltr'>media</span> <span class='ocrx_word' id='word_1_739' title='bbox 2129 4531 2423 4588; x_wconf 86' lang='lat' dir='ltr'>historiam</span> <span class='ocrx_word' id='word_1_740' title='bbox 2449 4533 2532 4589; x_wconf 86' lang='lat' dir='ltr'>ita</span> <span class='ocrx_word' id='word_1_741' title='bbox 2547 4534 2698 4588; x_wconf 89' lang='lat' dir='ltr'>hunc</span> <span class='ocrx_word' id='word_1_742' title='bbox 2714 4533 2901 4588; x_wconf 90' lang='lat' dir='ltr'>locum</span> <span class='ocrx_word' id='word_1_743' title='bbox 2925 4532 3248 4604; x_wconf 80' lang='lat' dir='ltr'>explanant.</span> <span class='ocrx_word' id='word_1_744' title='bbox 3262 4514 3513 4594; x_wconf 82' lang='lat' dir='ltr'>Domine,</span> <span class='ocrx_word' id='word_1_745' title='bbox 3527 4518 3684 4580; x_wconf 68' lang='lat' dir='ltr'>audivi</span> 
     </span>
    </p>
   </div>
   <div class='ocr_carea' id='block_1_49' title="bbox 457 4603 3680 4708">
    <p class='ocr_par' dir='ltr' id='par_1_49' title="bbox 457 4603 3680 4708">
     <span class='ocr_line' id='line_1_49' title="bbox 457 4603 3680 4708; baseline 0.007 -52"><span class='ocrx_word' id='word_1_746' title='bbox 457 4603 1116 4678; x_wconf 89' lang='lat' dir='ltr'>viainceditpersiccum,</span> <span class='ocrx_word' id='word_1_747' title='bbox 1137 4628 1251 4667; x_wconf 91' lang='lat' dir='ltr'>non</span> <span class='ocrx_word' id='word_1_748' title='bbox 1270 4613 1516 4668; x_wconf 85' lang='lat' dir='ltr'>declinat</span> <span class='ocrx_word' id='word_1_749' title='bbox 1535 4614 1925 4685; x_wconf 86' lang='lat' dir='ltr'>addexteram,</span> <span class='ocrx_word' id='word_1_750' title='bbox 1945 4634 2046 4672; x_wconf 83' lang='lat' dir='ltr'>ne-</span> <span class='ocrx_word' id='word_1_751' title='bbox 2127 4621 2474 4676; x_wconf 89' lang='lat' dir='ltr'>auditionem</span> <span class='ocrx_word' id='word_1_752' title='bbox 2501 4628 2661 4677; x_wconf 89' lang='lat' dir='ltr'>tuam</span> <span class='ocrx_word' id='word_1_753' title='bbox 2709 4626 2768 4677; x_wconf 93' lang='lat' dir='ltr'>et</span> <span class='ocrx_word' id='word_1_754' title='bbox 2805 4621 2991 4686; x_wconf 86' lang='lat' dir='ltr'>timui,</span> <span class='ocrx_word' id='word_1_755' title='bbox 3031 4619 3240 4686; x_wconf 89' lang='lat' dir='ltr'>audivi,</span> <span class='ocrx_word' id='word_1_756' title='bbox 3273 4616 3472 4708; x_wconf 71' lang='lat' dir='ltr'>inquit,</span> 
     </span>
    </p>
   </div>
   <div class='ocr_carea' id='block_1_50' title="bbox 456 4694 3683 4780">
    <p class='ocr_par' dir='ltr' id='par_1_50' title="bbox 456 4694 3683 4780">
     <span class='ocr_line' id='line_1_50' title="bbox 456 4694 3683 4780; baseline 0.008 -35"><span class='ocrx_word' id='word_1_757' title='bbox 456 4708 565 4762; x_wconf 91' lang='lat' dir='ltr'>que</span> <span class='ocrx_word' id='word_1_758' title='bbox 599 4694 672 4748; x_wconf 89' lang='lat' dir='ltr'>ad</span> <span class='ocrx_word' id='word_1_759' title='bbox 693 4695 998 4765; x_wconf 84' lang='lat' dir='ltr'>sinistram,</span> <span class='ocrx_word' id='word_1_760' title='bbox 1030 4717 1324 4772; x_wconf 90' lang='lat' dir='ltr'>usquequo</span> <span class='ocrx_word' id='word_1_761' title='bbox 1352 4708 1514 4758; x_wconf 84' lang='lat' dir='ltr'>exeat</span> <span class='ocrx_word' id='word_1_762' title='bbox 1531 4704 1605 4759; x_wconf 91' lang='lat' dir='ltr'>ad</span> <span class='ocrx_word' id='word_1_763' title='bbox 1638 4704 1961 4761; x_wconf 88' lang='lat' dir='ltr'>libertatem</span> <span class='ocrx_word' id='word_1_764' title='bbox 1990 4712 2048 4762; x_wconf 84' lang='lat' dir='ltr'>et</span> <span class='ocrx_word' id='word_1_765' title='bbox 2127 4725 2266 4780; x_wconf 90' lang='lat' dir='ltr'>quas</span> <span class='ocrx_word' id='word_1_766' title='bbox 2294 4709 2810 4766; x_wconf 87' lang='lat' dir='ltr'>Nabuchodonosor</span> <span class='ocrx_word' id='word_1_767' title='bbox 2831 4716 2890 4765; x_wconf 89' lang='lat' dir='ltr'>et</span> <span class='ocrx_word' id='word_1_768' title='bbox 2905 4707 3130 4764; x_wconf 89' lang='lat' dir='ltr'>diabolo</span> <span class='ocrx_word' id='word_1_769' title='bbox 3148 4703 3491 4780; x_wconf 65' lang='lat' dir='ltr'>preparasti,</span> <span class='ocrx_word' id='word_1_770' title='bbox 3508 4703 3561 4757; x_wconf 75' lang='lat' dir='ltr'>in</span> <span class='ocrx_word' id='word_1_771' title='bbox 3584 4696 3683 4771; x_wconf 64' lang='lat' dir='ltr'>qui‘</span> 
     </span>
    </p>
   </div>
   <div class='ocr_carea' id='block_1_51' title="bbox 453 4781 3680 4884">
    <p class='ocr_par' dir='ltr' id='par_1_51' title="bbox 453 4781 3680 4884">
     <span class='ocr_line' id='line_1_51' title="bbox 453 4781 3680 4884; baseline 0.005 -51"><span class='ocrx_word' id='word_1_772' title='bbox 453 4781 727 4852; x_wconf 83' lang='lat' dir='ltr'>hymnum</span> <span class='ocrx_word' id='word_1_773' title='bbox 740 4784 982 4842; x_wconf 77' lang='lat' dir='ltr'>victoriae</span> <span class='ocrx_word' id='word_1_774' title='bbox 995 4788 1503 4846; x_wconf 88' lang='lat' dir='ltr'>Dominoconcinat</span> <span class='ocrx_word' id='word_1_775' title='bbox 1519 4791 1711 4848; x_wconf 87' lang='lat' dir='ltr'>dicens</span> <span class='ocrx_word' id='word_1_776' title='bbox 1732 4795 2045 4851; x_wconf 73' lang='lat' dir='ltr'>:oCantabo</span> <span class='ocrx_word' id='word_1_777' title='bbox 2124 4797 2232 4853; x_wconf 90' lang='lat' dir='ltr'>bus</span> <span class='ocrx_word' id='word_1_778' title='bbox 2259 4799 2449 4854; x_wconf 83' lang='lat' dir='ltr'>dixisti</span> <span class='ocrx_word' id='word_1_779' title='bbox 2475 4799 2547 4867; x_wconf 88' lang='lat' dir='ltr'>ei,</span> <span class='ocrx_word' id='word_1_780' title='bbox 2596 4814 2677 4854; x_wconf 66' lang='lat' dir='ltr'>vis</span> <span class='ocrx_word' id='word_1_781' title='bbox 2706 4799 2803 4872; x_wconf 89' lang='lat' dir='ltr'>qui</span> <span class='ocrx_word' id='word_1_782' title='bbox 2832 4797 3171 4870; x_wconf 89' lang='lat' dir='ltr'>multiplicat</span> <span class='ocrx_word' id='word_1_783' title='bbox 3214 4812 3331 4852; x_wconf 89' lang='lat' dir='ltr'>non</span> <span class='ocrx_word' id='word_1_784' title='bbox 3376 4809 3492 4857; x_wconf 86' lang='lat' dir='ltr'>sua,</span> <span class='ocrx_word' id='word_1_785' title='bbox 3521 4796 3574 4884; x_wconf 67' lang='lat' dir='ltr'>et</span> 
     </span>
    </p>
   </div>
   <div class='ocr_carea' id='block_1_52' title="bbox 448 4870 3679 4974">
    <p class='ocr_par' dir='ltr' id='par_1_52' title="bbox 448 4870 3679 4974">
     <span class='ocr_line' id='line_1_52' title="bbox 448 4870 3679 4974; baseline 0.003 -50"><span class='ocrx_word' id='word_1_786' title='bbox 448 4870 708 4939; x_wconf 91' lang='lat' dir='ltr'>Domino,</span> <span class='ocrx_word' id='word_1_787' title='bbox 719 4873 961 4943; x_wconf 89' lang='lat' dir='ltr'>gloriose</span> <span class='ocrx_word' id='word_1_788' title='bbox 989 4878 1140 4933; x_wconf 89' lang='lat' dir='ltr'>enim</span> <span class='ocrx_word' id='word_1_789' title='bbox 1158 4879 1562 4937; x_wconf 75' lang='lat' dir='ltr'>honoriﬁcatus</span> <span class='ocrx_word' id='word_1_790' title='bbox 1588 4888 1674 4938; x_wconf 86' lang='lat' dir='ltr'>est</span> <span class='ocrx_word' id='word_1_791' title='bbox 1696 4883 2040 4953; x_wconf 72' lang='lat' dir='ltr'>(Erod.xv).»</span> <span class='ocrx_word' id='word_1_792' title='bbox 2125 4888 2328 4956; x_wconf 87' lang='lat' dir='ltr'>eundo,</span> <span class='ocrx_word' id='word_1_793' title='bbox 2356 4905 2438 4943; x_wconf 69' lang='lat' dir='ltr'>vae</span> <span class='ocrx_word' id='word_1_794' title='bbox 2465 4889 2562 4960; x_wconf 87' lang='lat' dir='ltr'>qui</span> <span class='ocrx_word' id='word_1_795' title='bbox 2588 4870 2894 4960; x_wconf 79' lang='lat' dir='ltr'>congregat</span> <span class='ocrx_word' id='word_1_796' title='bbox 2931 4885 3228 4942; x_wconf 83' lang='lat' dir='ltr'>avaritiam</span> <span class='ocrx_word' id='word_1_797' title='bbox 3266 4884 3471 4974; x_wconf 79' lang='lat' dir='ltr'>malam</span> <span class='ocrx_word' id='word_1_798' title='bbox 3517 4873 3679 4974; x_wconf 73' lang='lat' dir='ltr'>domui</span> 
     </span>
    </p>
   </div>
   <div class='ocr_carea' id='block_1_53' title="bbox 463 4972 3681 5048">
    <p class='ocr_par' dir='ltr' id='par_1_53' title="bbox 463 4972 3681 5048">
     <span class='ocr_line' id='line_1_53' title="bbox 463 4972 3681 5048; baseline -0.007 -1"><span class='ocrx_word' id='word_1_799' title='bbox 463 4993 2020 5022; x_wconf 66' lang='grc'>’“-“·’“···--·-·---·-------⁴</span> <span class='ocrx_word' id='word_1_800' title='bbox 2125 4993 2259 5043; x_wconf 66' lang='lat' dir='ltr'>sum,</span> <span class='ocrx_word' id='word_1_801' title='bbox 2290 4983 2348 5032; x_wconf 88' lang='lat' dir='ltr'>et</span> <span class='ocrx_word' id='word_1_802' title='bbox 2368 4976 2556 5045; x_wconf 86' lang='lat' dir='ltr'>tertio,</span> <span class='ocrx_word' id='word_1_803' title='bbox 2589 4994 2672 5033; x_wconf 72' lang='lat' dir='ltr'>vze</span> <span class='ocrx_word' id='word_1_804' title='bbox 2696 4976 2794 5048; x_wconf 93' lang='lat' dir='ltr'>qui</span> <span class='ocrx_word' id='word_1_805' title='bbox 2823 4977 3063 5032; x_wconf 64' lang='lat' dir='ltr'>aedificat</span> <span class='ocrx_word' id='word_1_806' title='bbox 3089 4974 3372 5030; x_wconf 88' lang='lat' dir='ltr'>civitatem</span> <span class='ocrx_word' id='word_1_807' title='bbox 3400 4972 3457 5026; x_wconf 90' lang='lat' dir='ltr'>in</span> <span class='ocrx_word' id='word_1_808' title='bbox 3490 4972 3681 5036; x_wconf 67' lang='lat' dir='ltr'>saligni-</span> 
     </span>
    </p>
   </div>
   <div class='ocr_carea' id='block_1_54' title="bbox 1154 5059 3674 5142">
    <p class='ocr_par' dir='ltr' id='par_1_54' title="bbox 1154 5059 3674 5142">
     <span class='ocr_line' id='line_1_54' title="bbox 1154 5059 3674 5142; baseline -0.007 -11"><span class='ocrx_word' id='word_1_809' title='bbox 1154 5101 1345 5142; x_wconf 63' lang='grc' dir='ltr'>ιχοηιιτ</span> <span class='ocrx_word' id='word_1_810' title='bbox 1672 5084 1702 5107; x_wconf 63' lang='grc' dir='ltr'><strong>ν</strong></span> <span class='ocrx_word' id='word_1_811' title='bbox 2124 5066 2308 5134; x_wconf 89' lang='lat' dir='ltr'>nibus,</span> <span class='ocrx_word' id='word_1_812' title='bbox 2341 5072 2399 5122; x_wconf 90' lang='lat' dir='ltr'>et</span> <span class='ocrx_word' id='word_1_813' title='bbox 2426 5071 2705 5139; x_wconf 84' lang='lat' dir='ltr'>praeparat</span> <span class='ocrx_word' id='word_1_814' title='bbox 2732 5065 2931 5122; x_wconf 90' lang='lat' dir='ltr'>urbem</span> <span class='ocrx_word' id='word_1_815' title='bbox 2957 5065 3018 5120; x_wconf 91' lang='lat' dir='ltr'>in</span> <span class='ocrx_word' id='word_1_816' title='bbox 3043 5063 3371 5136; x_wconf 77' lang='lat' dir='ltr'>iniquitate,</span> <span class='ocrx_word' id='word_1_817' title='bbox 3392 5066 3449 5115; x_wconf 87' lang='lat' dir='ltr'>et</span> <span class='ocrx_word' id='word_1_818' title='bbox 3485 5059 3674 5129; x_wconf 58' lang='lat' dir='ltr'>quam,</span> 
     </span>
    </p>
   </div>
   <div class='ocr_carea' id='block_1_55' title="bbox 626 5145 3676 5316">
    <p class='ocr_par' dir='ltr' id='par_1_55' title="bbox 626 5145 3676 5316">
     <span class='ocr_line' id='line_1_55' title="bbox 626 5145 3676 5316; baseline 0.011 -65"><span class='ocrx_word' id='word_1_819' title='bbox 626 5197 999 5258; x_wconf 87' lang='lat' dir='ltr'>CANTICUM</span> <span class='ocrx_word' id='word_1_820' title='bbox 1051 5201 1389 5258; x_wconf 86' lang='lat' dir='ltr'>HABACUC</span> <span class='ocrx_word' id='word_1_821' title='bbox 1439 5204 1858 5263; x_wconf 60' lang='lat' dir='ltr'>PROPHETIE.</span> 
     </span>
    </p>
   </div>
   <div class='ocr_carea' id='block_1_56' title="bbox 521 5321 3674 5421">
    <p class='ocr_par' dir='ltr' id='par_1_56' title="bbox 521 5321 3674 5421">
     <span class='ocr_line' id='line_1_56' title="bbox 521 5321 3674 5421; baseline 0.009 -48"><span class='ocrx_word' id='word_1_822' title='bbox 521 5339 547 5371; x_wconf 74' lang='grc' dir='ltr'>α</span> <span class='ocrx_word' id='word_1_823' title='bbox 580 5321 776 5377; x_wconf 90' lang='lat' dir='ltr'>Oratio</span> <span class='ocrx_word' id='word_1_824' title='bbox 792 5323 1053 5381; x_wconf 86' lang='lat' dir='ltr'>Habacuc</span> <span class='ocrx_word' id='word_1_825' title='bbox 1079 5328 1366 5399; x_wconf 73' lang='lat' dir='ltr'>propheta:</span> <span class='ocrx_word' id='word_1_826' title='bbox 1395 5347 1496 5401; x_wconf 90' lang='lat' dir='ltr'>pro</span> <span class='ocrx_word' id='word_1_827' title='bbox 1527 5330 1990 5402; x_wconf 89' lang='lat' dir='ltr'>ignorationibus.</span> <span class='ocrx_word' id='word_1_828' title='bbox 2008 5353 2037 5389; x_wconf 75' lang='grc' dir='ltr'><strong>ιο</strong></span> <span class='ocrx_word' id='word_1_829' title='bbox 2120 5333 2293 5404; x_wconf 87' lang='lat' dir='ltr'>lapidi</span> <span class='ocrx_word' id='word_1_830' title='bbox 2308 5334 2538 5402; x_wconf 75' lang='lat' dir='ltr'>taeenti,</span> <span class='ocrx_word' id='word_1_831' title='bbox 2559 5339 2618 5388; x_wconf 90' lang='lat' dir='ltr'>et</span> <span class='ocrx_word' id='word_1_832' title='bbox 2634 5335 2781 5388; x_wconf 88' lang='lat' dir='ltr'>sicut</span> <span class='ocrx_word' id='word_1_833' title='bbox 2802 5333 3007 5388; x_wconf 86' lang='lat' dir='ltr'>timore</span> <span class='ocrx_word' id='word_1_834' title='bbox 3025 5328 3371 5421; x_wconf 49' lang='grc' dir='ltr'>ιξθῐῇιξθῐτξωδι</span> <span class='ocrx_word' id='word_1_835' title='bbox 3386 5322 3674 5421; x_wconf 45' lang='grc' dir='ltr'>(Νοτίῳ</span> 
     </span>
    </p>
   </div>
   <div class='ocr_carea' id='block_1_57' title="bbox 442 5407 3673 5507">
    <p class='ocr_par' dir='ltr' id='par_1_57' title="bbox 442 5407 3673 5507">
     <span class='ocr_line' id='line_1_57' title="bbox 442 5407 3673 5507; baseline 0.007 -47"><span class='ocrx_word' id='word_1_836' title='bbox 442 5407 590 5462; x_wconf 84' lang='lat' dir='ltr'>LXX</span> <span class='ocrx_word' id='word_1_837' title='bbox 621 5427 632 5461; x_wconf 89' lang='lat'>:</span> <span class='ocrx_word' id='word_1_838' title='bbox 673 5428 698 5460; x_wconf 71' lang='grc' dir='ltr'>ι</span> <span class='ocrx_word' id='word_1_839' title='bbox 733 5410 928 5468; x_wconf 89' lang='lat' dir='ltr'>Oratio</span> <span class='ocrx_word' id='word_1_840' title='bbox 949 5414 1212 5472; x_wconf 90' lang='lat' dir='ltr'>Habacuc</span> <span class='ocrx_word' id='word_1_841' title='bbox 1239 5419 1526 5490; x_wconf 62' lang='lat' dir='ltr'>praphetze</span> <span class='ocrx_word' id='word_1_842' title='bbox 1554 5437 1683 5474; x_wconf 92' lang='lat' dir='ltr'>cum</span> <span class='ocrx_word' id='word_1_843' title='bbox 1727 5421 1966 5476; x_wconf 91' lang='lat' dir='ltr'>cantico.</span> <span class='ocrx_word' id='word_1_844' title='bbox 2009 5441 2033 5473; x_wconf 77' lang='grc' dir='ltr'><strong><em>ι</em></strong></span> <span class='ocrx_word' id='word_1_845' title='bbox 2120 5438 2362 5493; x_wconf 87' lang='lat' dir='ltr'>magnus</span> <span class='ocrx_word' id='word_1_846' title='bbox 2386 5425 2562 5477; x_wconf 89' lang='lat' dir='ltr'>tantis</span> <span class='ocrx_word' id='word_1_847' title='bbox 2584 5422 2908 5478; x_wconf 89' lang='lat' dir='ltr'>vulneribus</span> <span class='ocrx_word' id='word_1_848' title='bbox 2936 5417 3336 5507; x_wconf 66' lang='lat' dir='ltr'>confodide</span> <span class='ocrx_word' id='word_1_849' title='bbox 3359 5419 3444 5470; x_wconf 57' lang='lat' dir='ltr'>est</span> <span class='ocrx_word' id='word_1_850' title='bbox 3471 5410 3584 5507; x_wconf 40' lang='lat' dir='ltr'>{si}</span> 
     </span>
    </p>
   </div>
   <div class='ocr_carea' id='block_1_58' title="bbox 444 5496 3671 5597">
    <p class='ocr_par' dir='ltr' id='par_1_58' title="bbox 444 5496 3671 5597">
     <span class='ocr_line' id='line_1_58' title="bbox 444 5496 3671 5597; baseline 0.006 -49"><span class='ocrx_word' id='word_1_851' title='bbox 444 5496 711 5596; x_wconf 80' lang='lat' dir='ltr'>Legimus</span> <span class='ocrx_word' id='word_1_852' title='bbox 725 5497 786 5552; x_wconf 93' lang='lat' dir='ltr'>in</span> <span class='ocrx_word' id='word_1_853' title='bbox 813 5508 968 5556; x_wconf 84' lang='lat' dir='ltr'>sexto</span> <span class='ocrx_word' id='word_1_854' title='bbox 999 5504 1218 5561; x_wconf 82' lang='lat' dir='ltr'>decimo</span> <span class='ocrx_word' id='word_1_855' title='bbox 1239 5508 1482 5578; x_wconf 87' lang='lat' dir='ltr'>psalmo:</span> <span class='ocrx_word' id='word_1_856' title='bbox 1511 5527 1534 5560; x_wconf 72' lang='grc' dir='ltr'>ι</span> <span class='ocrx_word' id='word_1_857' title='bbox 1557 5509 1752 5564; x_wconf 88' lang='lat' dir='ltr'>Oratio</span> <span class='ocrx_word' id='word_1_858' title='bbox 1772 5510 1968 5578; x_wconf 90' lang='lat' dir='ltr'>David,</span> <span class='ocrx_word' id='word_1_859' title='bbox 2010 5530 2034 5563; x_wconf 73' lang='grc' dir='ltr'><strong>ι</strong></span> <span class='ocrx_word' id='word_1_860' title='bbox 2120 5528 2334 5582; x_wconf 84' lang='lat' dir='ltr'>precor,</span> <span class='ocrx_word' id='word_1_861' title='bbox 2355 5512 2610 5579; x_wconf 89' lang='lat' dir='ltr'>Domine,</span> <span class='ocrx_word' id='word_1_862' title='bbox 2634 5518 2700 5567; x_wconf 90' lang='lat' dir='ltr'>ut</span> <span class='ocrx_word' id='word_1_863' title='bbox 2719 5512 2869 5583; x_wconf 88' lang='lat' dir='ltr'>quod</span> <span class='ocrx_word' id='word_1_864' title='bbox 2892 5507 3197 5584; x_wconf 88' lang='lat' dir='ltr'>promisisti</span> <span class='ocrx_word' id='word_1_865' title='bbox 3213 5505 3449 5597; x_wconf 55' lang='lat' dir='ltr'>expleam</span> 
     </span>
    </p>
   </div>
   <div class='ocr_carea' id='block_1_59' title="bbox 440 5583 3665 5674">
    <p class='ocr_par' dir='ltr' id='par_1_59' title="bbox 440 5583 3665 5674">
     <span class='ocr_line' id='line_1_59' title="bbox 440 5583 3665 5674; baseline 0.003 -35"><span class='ocrx_word' id='word_1_866' title='bbox 440 5590 500 5639; x_wconf 91' lang='lat' dir='ltr'>et</span> <span class='ocrx_word' id='word_1_867' title='bbox 527 5583 588 5642; x_wconf 89' lang='lat' dir='ltr'>in</span> <span class='ocrx_word' id='word_1_868' title='bbox 618 5588 955 5658; x_wconf 88' lang='lat' dir='ltr'>octogesimo</span> <span class='ocrx_word' id='word_1_869' title='bbox 994 5609 1145 5649; x_wconf 91' lang='lat' dir='ltr'>nono</span> <span class='ocrx_word' id='word_1_870' title='bbox 1177 5613 1189 5648; x_wconf 90' lang='lat'>:</span> <span class='ocrx_word' id='word_1_871' title='bbox 1257 5612 1284 5649; x_wconf 76' lang='grc' dir='ltr'><strong>α</strong></span> <span class='ocrx_word' id='word_1_872' title='bbox 1313 5596 1507 5652; x_wconf 88' lang='lat' dir='ltr'>Oratio</span> <span class='ocrx_word' id='word_1_873' title='bbox 1551 5598 1730 5670; x_wconf 83' lang='lat' dir='ltr'>Moysi</span> <span class='ocrx_word' id='word_1_874' title='bbox 1784 5599 2033 5656; x_wconf 88' lang='lat' dir='ltr'>hominis</span> <span class='ocrx_word' id='word_1_875' title='bbox 2116 5606 2371 5674; x_wconf 89' lang='lat' dir='ltr'>tempore</span> <span class='ocrx_word' id='word_1_876' title='bbox 2394 5600 2599 5656; x_wconf 88' lang='lat' dir='ltr'>reddas</span> <span class='ocrx_word' id='word_1_877' title='bbox 2630 5583 2919 5657; x_wconf 83' lang='lat' dir='ltr'>Christum</span> <span class='ocrx_word' id='word_1_878' title='bbox 2950 5606 3135 5655; x_wconf 86' lang='lat' dir='ltr'>tuum.</span> <span class='ocrx_word' id='word_1_879' title='bbox 3172 5598 3255 5653; x_wconf 90' lang='lat' dir='ltr'>Tu</span> <span class='ocrx_word' id='word_1_880' title='bbox 3283 5593 3430 5650; x_wconf 85' lang='lat' dir='ltr'>enim</span> <span class='ocrx_word' id='word_1_881' title='bbox 3651 5598 3665 5634; x_wconf 72' lang='grc' dir='ltr'><em>τ</em></span> 
     </span>
    </p>
   </div>
  </div>
