3824 6152
149 300 263 360 1113

769 293 1139 352 COMMENT.
1181 294 1260 349 IN
1296 295 1610 351 CANTICA
1646 295 1811 362 QUIE
1847 297 1943 351 AD
1982 295 2262 352 LAUDES
2301 293 2688 378 DIQUNTUR.

3233 298 3365 354 1114

149 449 173 479 ι
205 423 320 496 quia
343 421 513 476 adhuc
551 421 704 475 visus
748 420 941 491 procul
969 426 1026 474 et
1052 418 1346 492 apparebit
1373 421 1432 475 in
1475 422 1606 486 ﬁne,
1637 421 1989 483 etAriﬂcato
2019 421 2177 475 vultu
2201 422 2324 490 ejus
2345 420 2526 474 instar
2549 421 2682 475 solis
2712 421 3125 477 etvestimentis
3145 423 3268 494 ejus
3285 423 3370 477 ni-

145 531 238 569 non
265 510 561 566 mentietur.
600 529 624 559 ι
657 509 889 562 Viviﬁca
925 525 1074 579 ergo,
1110 509 1257 578 quod
1297 509 1576 580 pollicitus
1606 527 1683 576 es,

146 606 230 657 hoc
256 605 348 664 est,
375 605 529 654 tuum
557 598 729 669 imple
755 596 1112 669 promissum,
1131 613 1244 652 non
1264 598 1538 653 moriatur
1559 599 1688 654 irri-

145 701 219 746 tus
239 705 405 743 sermo
431 694 576 752 tuus,
597 686 694 741 sed
720 703 888 757 opere
909 687 1282 758 compleatur:
1301 688 1448 759 quod
1463 688 1689 759 quidem

139 781 274 849 juxta
298 792 392 830 nos
418 781 474 829 et
498 775 564 828 de
585 774 995 829 resurrectione
1016 775 1316 828 Salvatoris
1345 775 1582 846 intelligi
1597 793 1691 847 po-

144 872 247 929 test,
269 871 326 920 ut
351 864 456 929 ille,
488 863 579 934 qui
610 879 712 934 pro
736 862 897 917 nobis
925 869 1182 918 mortuus
1212 869 1314 930 est,
1339 871 1641 935 consurgat
1657 883 1692 920 a

143 953 361 1018 mortuis,
395 957 450 1006 et
475 950 800 1005 viviﬁcetur.
830 951 998 1005 Juxta
1010 951 1153 1005 LXX
1169 956 1358 1006 autem
1387 953 1565 1006 multo
1584 953 1690 1006 ali-

143 1047 311 1097 terest
351 1056 562 1095 sensus.
600 1059 623 1092 c
657 1039 912 1104 Domine,
956 1040 1157 1111 inquit,
1203 1041 1387 1094 audivi
1430 1041 1686 1096 auditum

141 1139 273 1185 tuum
299 1136 350 1184 et
383 1129 561 1195 timui,
594 1128 940 1183 consideravi
988 1145 1157 1200 opera
1195 1135 1296 1184 tua
1323 1136 1380 1184 et
1409 1130 1620 1202 expavi.
1658 1150 1680 1182 ι

141 1217 344 1272 Auditus
361 1222 546 1271 autem
574 1216 798 1272 Domini
821 1217 1121 1271 Salvatoris
1151 1222 1254 1284 est,
1288 1234 1454 1288 quem
1475 1217 1690 1274 audivit

141 1323 168 1359 ιι
189 1306 348 1367 Patre,
373 1311 434 1360 ut
452 1305 680 1368 veniret,
705 1304 764 1359 in
783 1321 1010 1360 carnem
1040 1310 1382 1371 nasceretur,
1398 1306 1457 1360 in
1478 1307 1688 1361 mundo

139 1400 538 1460 conversaretur,
561 1394 710 1448 inter
722 1394 976 1449 infirmos
997 1395 1386 1466 omnipotems,
1401 1395 1552 1449 inter
1568 1412 1690 1467 pec-

140 1491 319 1538 catores
329 1485 530 1554 justus,
545 1483 694 1538 inter
709 1483 966 1538 homines
985 1484 1135 1538 Deus
1149 1484 1358 1538 faceret
1387 1501 1556 1556 opera
1583 1501 1690 1538 coe-

140 1573 287 1636 lestia,
304 1573 518 1626 doceret
534 1578 811 1644 pracepta
832 1573 1095 1639 caelestia,
1121 1578 1455 1639 tentaretur,
1493 1574 1687 1643 ﬂagel-

141 1664 330 1726 laretur,
367 1677 516 1714 mors
545 1668 738 1716 nostra
767 1667 946 1716 morte
983 1662 1132 1716 illius
1169 1662 1572 1724 destrueretur,
1597 1680 1686 1716 re-

1769 509 2018 563 tentibus
2037 509 2096 563 in
2115 509 2543 563 similitudinem
2561 509 3368 584 nivis.Ibiinnotescebat,quia

1771 599 1945 653 Filius
1965 598 2066 652 Dei
2088 598 2454 664 erat,dicente
2475 599 2544 652 ad
2565 615 2695 652 eum
2711 599 2779 654 de
2791 600 2944 654 caelis
2958 616 3089 654 voce
3109 606 3363 672 paterna,

1775 706 1800 739 ι
1827 687 1930 742 Hic
1958 692 2045 741 est
2073 687 2249 742 Filius
2280 703 2440 741 meus
2459 687 2716 753 dilectus,
2743 688 2801 743 in
2821 705 2932 759 quo
2961 689 3097 743 mihi
3127 691 3370 762 compla-

1770 776 2080 847 cui,ipsum
2109 776 2298 830 audite
2331 778 2547 844 (Matth.
2576 780 2673 846 ιη).
2710 797 2733 828 ι
2767 778 2960 832 Potest
2987 778 3157 832 etiam
3177 779 3235 832 in
3255 796 3370 834 me-

1769 865 1864 919 dio
1911 865 2151 920 duorum
2190 865 2474 919 latronum
2521 881 2633 920 non
2677 866 3134 921 inconvenienter
3169 868 3364 940 accipi,

1770 953 1919 1008 inter
1946 971 2085 1024 quos
2124 953 2419 1008 crucifixus
2468 954 2758 1009 moriendo
2806 955 3208 1022 innotescebat,
3235 957 3370 1028 quia

1771 1043 1938 1096 homo
1964 1048 2104 1096 erat.
2139 1042 2449 1098 Obscurato
2481 1049 2671 1098 autem
2709 1044 2846 1110 sole,
2874 1050 3028 1098 terra
3063 1051 3364 1112 commota,

1771 1137 1829 1186 et
1854 1131 2088 1198 caeteris,
2115 1148 2236 1202 quae
2267 1133 2627 1202 Evangelium
2647 1139 2844 1187 narrat
2868 1133 3018 1187 circa
3045 1150 3266 1188 crucem
3289 1134 3367 1188 fa-

1771 1220 1875 1275 ctis
1889 1220 2175 1275 miraculis
2196 1220 2596 1284 innotescebat,
2612 1221 2744 1292 quia
2769 1222 2918 1276 Deus
2943 1227 3084 1288 erat,
3104 1222 3368 1294 interpel-

1771 1309 1940 1363 lando
1976 1309 2094 1380 ipse
2133 1310 2358 1363 Patrem
2408 1326 2509 1380 pro
2551 1309 2998 1364 interfectoribus
3027 1311 3163 1378 suis,
3197 1327 3366 1383 quam

1773 1398 1899 1468 pius
1911 1403 2059 1452 esset
2074 1397 2474 1463 innotescebat,
2483 1415 2594 1469 quo
2605 1399 2775 1453 etiam
2787 1400 3042 1470 exemplo
3063 1401 3362 1471 Propheta,

1772 1487 1868 1557 qni
1887 1486 2005 1540 haec
2032 1485 2359 1557 providebat
2377 1487 2436 1556 i_n
2463 1487 2682 1558 spiritu,
2708 1487 3116 1542 admonebatur
3144 1505 3255 1543 non
3281 1506 3367 1543 so-

1769 1575 1888 1628 lum
1917 1575 2198 1646 patienter
2235 1592 2527 1646 pressuras
2559 1577 2706 1630 ferre
2744 1577 3042 1644 malorum,
3078 1578 3174 1631 sed
3205 1583 3261 1631 et
3286 1578 3367 1632 eis

1769 1645 2484 1735 persequentibusgratiam
2504 1683 2619 1720 suae
2638 1666 3000 1736 benignitatis
3019 1645 3384 1737 impendere:

141 1767 336 1820 surgens
362 1767 395 1804 a
423 1751 662 1806 mortuis
711 1751 1037 1805 ascenderet
1076 1751 1134 1804 in
1178 1753 1366 1817 ccelos,
1402 1768 1483 1818 ac,
1517 1742 1911 1806 missoBLXX
1937 1771 1948 1805 :
1978 1773 1999 1804 ι
2034 1754 2174 1808 Cum
2203 1754 2776 1825 appropinquaverint
2822 1755 2954 1809 anni
2995 1755 3364 1826 cognosceris,

140 1841 342 1910 desuper
359 1839 588 1910 Spiritu,
607 1840 878 1894 mundum
895 1840 1342 1910 gratiaveritatis
1357 1840 1682 1895 illustraret.
1769 1857 1898 1894 cum
1935 1841 2224 1896 advenerit
2267 1848 2490 1913 tempus
2527 1843 2857 1897 ostenderis.
2894 1863 2921 1896 ι
2953 1844 3095 1897 Cum
3131 1844 3362 1909 venerit,

139 1929 280 1997 Cujus
298 1929 514 1982 auditus
535 1929 654 2000 ipse
681 1929 884 2000 saepius
903 1928 962 1982 in
992 1929 1289 1999 Evangelio
1313 1929 1588 1997 meminit,
1609 1930 1688 1984 di-
1768 1929 2206 2001 inquit,tempus
2235 1935 2289 1984 et
2319 1947 2492 2002 opera
2518 1931 2793 2002 promissa
2813 1931 3194 2002 compleveris,
3211 1948 3370 1986 mon-

137 2033 271 2071 cens:
307 2036 328 2067 ‹
362 2017 465 2072 Sed
495 2018 594 2088 qui
639 2017 794 2072 misit
839 2033 929 2071 me
959 2035 1122 2072 verax
1171 2024 1274 2084 est,
1313 2025 1370 2074 et
1399 2036 1519 2090 ego,
1565 2036 1688 2090 quae

137 2105 286 2160 audivi
313 2106 378 2159 ab
405 2122 488 2172 eo,
514 2106 633 2160 haec
652 2106 852 2177 loquor
875 2107 934 2160 in
967 2107 1174 2162 mundo
1196 2109 1376 2175 (Joan.
1401 2111 1535 2174 vui).
1565 2129 1588 2160 »
1622 2109 1691 2162 Et

135 2195 335 2248 iterum:
363 2213 385 2245 ι
410 2195 520 2248 Vos
555 2201 744 2248 autem
775 2195 888 2248 dixi
920 2195 1148 2262 amicos,
1167 2196 1300 2267 quia
1326 2197 1514 2250 omnia
1543 2214 1690 2268 quaa-

133 2299 312 2353 cunque
343 2282 524 2336 audivi
557 2299 590 2336 a
618 2283 786 2337 Patre
825 2299 970 2349 meo,
1005 2290 1140 2338 nota
1179 2283 1284 2338 feci
1318 2284 1474 2338 vobis
1505 2286 1684 2352 (Jaan.

135 2374 238 2440 xv);
272 2391 291 2421 ι
323 2372 387 2425 de
423 2389 535 2442 quo
568 2377 626 2426 et
665 2373 910 2426 Joannes
939 2372 1227 2444 Baptista:
1267 2394 1290 2424 ε
1317 2373 1423 2438 Qui
1451 2374 1520 2428 de
1549 2374 1687 2427 ccelo

135 2460 269 2525 venit,
293 2460 483 2532 inquit,
518 2477 696 2532 supra
727 2478 924 2516 omnes
951 2468 1056 2528 est,
1089 2467 1145 2516 et
1169 2462 1317 2532 quod
1346 2462 1484 2516 vidit
1506 2469 1563 2516 et
1591 2479 1689 2516 au-

135 2548 257 2614 divit,
283 2549 377 2603 hoc
404 2556 650 2604 testatur
682 2551 862 2617 (Joan.
885 2554 986 2618 Ill).
1021 2567 1048 2603 ι
1081 2551 1242 2605 Hunc
1267 2567 1402 2621 ergo
1429 2551 1687 2605 auditum

134 2636 315 2692 Domini
344 2639 558 2694 audivit
585 2639 643 2694 in
673 2639 874 2710 spiritu
908 2640 1207 2711 PrOpheta,
1240 2646 1297 2694 et
1323 2640 1532 2706 timuit,
1555 2640 1689 2711 quia

133 2731 323 2795 questus
341 2727 508 2782 fuerit
537 2728 610 2782 de
639 2729 915 2799 pressuris
926 2730 1210 2799 justorum
1229 2729 1285 2783 in
1316 2729 1688 2792 mundo,cum

136 2821 179 2868 et
199 2814 350 2886 ipsius
369 2817 618 2882 Domini,
638 2817 733 2889 qui
762 2834 1093 2890 prosperum
1125 2819 1234 2872 iter
1251 2819 1383 2872 facit
1407 2817 1566 2872 nobis
1595 2835 1687 2872 sa-

1770 2019 1974 2073 strabis
2005 2036 2138 2073 vera
2177 2035 2317 2085 esse,
2345 2036 2466 2090 quae
2504 2020 2784 2091 pollicitus
2817 2037 2908 2087 es;
2939 2021 3074 2086 sive,
3103 2037 3232 2074 cum
3264 2038 3366 2092 ap-

1770 2107 2227 2179 propinquaverit
2245 2109 2674 2173 consummatio,
2695 2115 2753 2163 et
2774 2109 2834 2162 in
2865 2114 3117 2163 extrema
3135 2109 3275 2163 hora
3295 2111 3364 2164 ad

1769 2197 2110 2251 destruenda
2138 2203 2366 2268 peccata
2397 2197 2610 2252 venerit
2637 2198 2812 2252 Filius
2839 2205 2992 2264 tuus,
3013 2198 3366 2252 manifestius

1769 2287 2138 2355 cognosceris.
2164 2286 2344 2341 Aliter
2365 2287 2529 2356 juxta
2570 2287 2864 2341 historiam
2902 2287 3036 2341 anni
3058 2294 3115 2342 et
3141 2295 3365 2359 tempus

1771 2381 2008 2446 possunt
2034 2375 2187 2430 illam
2219 2375 2626 2447 plenitudinem
2655 2376 2926 2448 temporis
2957 2376 3271 2446 designare,
3295 2376 3366 2430 de

1771 2481 1882 2534 qua
1908 2463 2047 2518 dicit
2090 2465 2391 2535 Apostolus
2423 2483 2434 2517 :
2475 2485 2497 2515 «
2543 2465 2846 2536 Postquam
2875 2465 3029 2519 venit
3074 2465 3364 2536 plenitudo

1769 2553 2057 2623 temporis,
2089 2553 2245 2608 misit
2273 2554 2423 2608 Deus
2452 2553 2655 2608 Filium
2693 2570 2857 2608 suum
2896 2553 3107 2608 factum
3140 2571 3207 2608 ex
3238 2570 3364 2608 mu-

1769 2641 1925 2708 liere,
1955 2641 2164 2696 factum
2193 2641 2296 2696 sub
2325 2643 2467 2712 lege,
2500 2648 2565 2696 ut
2609 2659 2721 2707 eos,
2765 2642 2860 2713 qui
2889 2641 2994 2698 sub
3023 2643 3144 2714 lege
3181 2649 3364 2710 erant,

1769 2731 2074 2784 redimeret
2095 2731 2235 2798 (Gal.
2261 2732 2341 2800 IV)
2367 2749 2378 2783 :
2411 2751 2433 2782 ι
2469 2748 2592 2802 quae
2618 2731 2878 2786 videlicet
2905 2738 3180 2803 tempora,
3205 2747 3368 2802 quos-

1769 2836 1877 2890 que
1907 2837 2085 2874 annos
2097 2821 2260 2890 longe
2283 2819 2467 2874 adhuc
2498 2820 2636 2874 vidit
2656 2837 2797 2884 esse,
2833 2826 3005 2892 atque
3035 2837 3069 2874 a
3096 2821 3260 2890 longe
3283 2836 3369 2874 sa-

135 2903 238 2958 lutis
263 2912 314 2960 et
336 2906 457 2962 vita:
485 2907 673 2962 exitus
688 2914 877 2962 essent
896 2908 1095 2963 mortis
1112 2909 1182 2964 de
1199 2909 1428 2963 mundo.
1451 2907 1682 2974 Timuit,
1768 2908 1968 2963 lutavit
1988 2909 2296 2980 Propheta:
2313 2908 2448 2980 quia
2462 2907 2597 2962 dum
2611 2909 3010 2981 appropiarent
3021 2908 3176 2974 anni,
3199 2909 3364 2963 dum-

135 2991 238 3062 quia
260 2993 321 3048 de
347 2995 806 3050 tribulationibus
826 3003 1146 3052 sanctorum
1173 2997 1582 3068 querimoniam
1612 2996 1688 3052 fe-
1713 3059 1750 3070 Α,
1769 3015 1878 3069 que
1893 2997 2181 3052 adveniret
2192 3003 2438 3069 tempus,
2457 2998 2848 3052 ostenderetur
2869 3003 2926 3052 et
2940 3004 3371 3070 cognosceretur

134 3059 256 3146 derit,
285 3083 373 3154 qui
411 3101 525 3138 non
561 3085 742 3139 solum
789 3086 859 3139 de
889 3059 1350 3140 tribulationibus
1392 3087 1625 3142 eruendi
1653 3059 2223 3142 aCDominus.Nam
2256 3059 2596 3158 et‘superius
2633 3087 2863 3152 audivit,
2879 3059 3100 3142 dicente
3136 3086 3243 3141 sibi
3264 3087 3371 3142 Do-

135 3168 348 3237 Domino,
361 3159 465 3228 ‘sed
499 3180 776 3245 perpetuo
799 3181 933 3228 sunt
953 3175 1254 3229 coronandi
1276 3192 1404 3229 cum
1427 3176 1683 3230 Domino.
1769 3175 1959 3229 mino:
1989 3194 2016 3228 ‹‹
2047 3175 2192 3239 Quia
2233 3175 2414 3230 adhuc
2453 3175 2604 3230 visus
2641 3176 2835 3246 procul
2877 3183 2935 3230 et
2979 3175 3275 3248 apparebit
3312 3176 3371 3229 in

137 3276 154 3307 ι
180 3259 506 3316 Consideravi
537 3278 712 3334 opera
755 3268 857 3317 tua
887 3269 944 3318 et
985 3265 1198 3334 expavi,
1236 3283 1258 3314 ι
1292 3263 1389 3318 illa
1415 3265 1686 3320 nimirum
1769 3265 1958 3329 finem,
1976 3271 2034 3318 et
2063 3281 2176 3318 non
2207 3265 2532 3329 mentietur,
2555 3264 2601 3318 si
2626 3281 2841 3318 moram
2873 3265 3084 3331 fecerit,
3110 3269 3368 3336 exspecta

134 3362 284 3416 Opera,
308 3350 504 3420 quibus
552 3352 828 3406 mundum
857 3353 1115 3418 redemit,
1143 3374 1165 3403 ι
1202 3353 1380 3407 factus
1421 3353 1687 3408 obediens
1768 3353 1948 3419 illum,
1971 3353 2104 3424 quia
2131 3353 2360 3406 veniens
2388 3353 2573 3406 veniet
2599 3358 2658 3406 et
2683 3369 2797 3406 non
2825 3352 3090 3406 tardabit.
3130 3372 3153 3402 ι
3188 3353 3372 3422 Hujus

133 3434 253 3491 Patri
277 3455 444 3512 usque
464 3442 536 3496 ad
568 3448 827 3507 mortem,
852 3447 1089 3496 mortem
1111 3447 1300 3497 autem
1321 3443 1519 3509 crucis,
1549 3450 1631 3508 ut,
1659 3463 1680 3494 ι
1769 3441 1995 3512 quidem
2018 3441 2274 3495 auditum
2293 3441 2547 3504 audiens,
2563 3442 2724 3511 cujus
2753 3457 2924 3511 opera
2941 3441 3218 3511 passionis
3236 3457 3370 3494 con-

132 3525 242 3580 sicut
257 3528 450 3584 iterum
472 3530 978 3602 dicitApostolus,c
1002 3549 1103 3604 per
1118 3539 1359 3587 mortem
1371 3533 1688 3588 destrueret
1768 3530 2041 3596 siderans,
2064 3529 2258 3583 timuit
2275 3535 2331 3582 et
2351 3529 2587 3600 expavit,
2605 3529 2739 3599 quia
2770 3535 3084 3582 commotus
3111 3529 3281 3582 fuerit
3299 3529 3370 3583 de

131 3628 231 3668 eum
244 3619 330 3688 qui
347 3619 596 3674 habebat
612 3619 809 3674 mortis
826 3619 1127 3691 imperium
1153 3622 1630 3690 (Phil.1I,Heb.u),
1658 3639 1682 3672 ››
1769 3619 2034 3673 felicitate
2053 3617 2380 3672 transitoria
2395 3618 2691 3683 malorum,
2714 3623 2772 3670 et
2798 3617 3095 3688 temporali
3119 3617 3372 3671 afﬂictio-

132 3701 172 3754 id
194 3711 282 3770 est,
318 3707 625 3775 diabolum,
668 3725 790 3779 quae
814 3709 1071 3764 videlicet
1099 3727 1288 3782 opera,
1321 3717 1533 3781 quanto
1563 3709 1690 3781 quis
1771 3726 1842 3762 ne
1873 3707 2166 3762 bonorum.
2199 3708 2482 3771 Attamen,
2499 3704 2592 3760 ubi
2619 3705 2849 3776 dignam
2880 3723 2982 3776 pro
3002 3705 3120 3759 suis
3141 3706 3368 3776 ignora-

131 3790 355 3850 intentius
381 3797 722 3864 considerat,
753 3802 913 3852 tanto
943 3799 1010 3852 de
1041 3799 1304 3870 Operibus
1328 3816 1442 3854 suae
1473 3799 1688 3870 fragili-
1768 3796 2017 3852 tionibus
2046 3794 2435 3868 paenitentiam
2463 3794 2703 3862 fecisset,
2727 3811 2852 3848 mox
2881 3811 2942 3848 se
2968 3794 3190 3848 veniam
3215 3811 3370 3848 erra-

131 3881 234 3935 tatis
251 3886 479 3956 amplius
511 3886 913 3941 contremiscit.
933 3887 1093 3952 Quod
1111 3904 1241 3942 vero
1261 3889 1422 3958 juxta
1443 3889 1586 3942 LXX
1615 3889 1690 3942 le-
1769 3886 1844 3942 tis
1871 3884 2136 3956 consequi
2175 3901 2338 3956 posse
2367 3884 2612 3938 confisus
2637 3889 2740 3938 est.
2776 3883 2935 3938 Unde
2965 3889 3372 3955 consequenter

129 3968 290 4036 gitur:
327 3993 348 4024 ι
393 3975 456 4029 In
495 3974 687 4028 medio
731 3975 972 4029 duorum
1019 3976 1350 4030 animalium
1380 3977 1690 4030 innotesce-
1772 3974 2066 4046 adjungit:

131 4056 204 4123 τίς,
235 4077 254 4109 ι
286 4061 382 4115 hoc
409 4063 646 4134 quidam
666 4064 734 4117 de
755 4063 973 4118 duobus
991 4064 1259 4118 cherubin
1290 4065 1347 4118 in
1374 4065 1560 4119 Exodo
1585 4082 1685 4136 per
1845 4084 1870 4114 α
1905 4065 1969 4118 In
1995 4081 2060 4116 eo
2090 4053 2224 4116 dum
2255 4061 2588 4116 conturbata
2616 4062 2788 4118 fuerit
2825 4064 3014 4117 anima
3044 4081 3169 4117 mea
3198 4064 3257 4117 in
3287 4063 3373 4116 ira

130 4144 317 4217 Moysen
343 4151 501 4206 factis
521 4153 989 4223 interpretantur,
1015 4171 1137 4224 quae
1164 4155 1324 4223 juxta
1346 4170 1534 4207 arcam
1563 4159 1681 4208 sta-
1765 4151 2165 4206 misericordiae
2189 4168 2407 4205 memor
2433 4152 2561 4205 eris.
2599 4171 2624 4203 ι)
2647 4152 2794 4206 Dum
2823 4152 3160 4207 conturbata
3181 4152 3369 4218 fuerit,

129 4230 250 4300 bant,
263 4245 314 4292 et
331 4239 386 4294 in
403 4241 594 4296 medio
609 4241 890 4296 habebant
908 4243 1214 4297 oraculum.
1237 4242 1349 4296 Alii
1376 4243 1446 4296 de
1465 4242 1684 4297 duobus
1766 4239 1970 4312 inquit,
1991 4241 2183 4294 anima
2207 4257 2354 4305 mea,
2381 4241 2553 4310 digno
2585 4241 2983 4297 satisfactionis
3011 4248 3068 4296 et
3095 4242 3373 4313 paeniten-

129 4327 351 4396 seraphin
371 4331 535 4400 juxta
567 4330 772 4385 Isaiam
802 4330 1043 4384 velantia
1071 4337 1239 4402 caput
1268 4337 1325 4386 et
1353 4332 1522 4402 pedes
1558 4333 1684 4404 Dei,
1703 4373 1752 4430 Β
1770 4331 1863 4384 tia:
1883 4347 2122 4384 maerore
2143 4346 2432 4394 concussa,
2467 4329 2538 4383 ob
2568 4336 2783 4384 metum
2812 4333 2910 4384 ira:
2939 4337 2998 4384 et
3018 4331 3371 4384 animadver-

131 4414 250 4479 quod
274 4415 327 4469 in
346 4420 606 4487 praesenti
637 4425 861 4473 tantum
891 4420 1092 4474 saeculo
1111 4420 1300 4473 volant
1330 4437 1340 4471 :
1377 4425 1434 4473 et
1453 4421 1597 4473 alter
1615 4419 1686 4474 ad
1708 4414 1751 4430 "'
1771 4420 1945 4474 sionis
1964 4425 2093 4484 tuae,
2113 4437 2283 4490 quam
2305 4435 2394 4473 me
2409 4419 2669 4474 incautus
2683 4419 2986 4474 incurrisse
3013 4419 3366 4490 pertimesco,

130 4500 330 4559 alterum
361 4507 693 4578 mysterium
714 4507 980 4561 inclamat
996 4507 1308 4562 Trinitatis.
1329 4507 1569 4572 Quidam
1591 4525 1688 4562 au-

130 4597 220 4642 tem
247 4592 308 4646 de
327 4595 508 4664 prima
546 4595 794 4649 Ecclesia
820 4594 925 4648 hoc
955 4594 1165 4649 dictum
1201 4601 1428 4667 putant;
1465 4614 1588 4668 quae
1617 4598 1686 4652 de

131 4675 508 4738 Circumcisione
524 4683 652 4750 fuit,
683 4690 740 4738 et
769 4684 838 4738 de
866 4685 1140 4756 praeputio
1169 4692 1524 4756 congregata,
1540 4686 1686 4757 quod

131 4766 311 4824 duobus
347 4774 568 4844 populis
596 4789 656 4828 se
692 4773 823 4828 hinc
842 4774 972 4828 inde
993 4773 1344 4844 cingentibus
1373 4774 1687 4829 intellectus

133 4855 188 4908 sit
202 4858 455 4924 Salvator,
479 4869 538 4917 et
565 4863 828 4918 creditus.
851 4864 997 4918 Sunt
1020 4863 1116 4935 qui
1144 4864 1255 4918 duo
1283 4864 1549 4919 animalia
1575 4865 1686 4919 duo

132 4943 410 5020 intelligunt
435 4954 818 5017 Testamenta,
848 4954 1065 5008 Novum
1096 4959 1155 5008 et
1180 4954 1373 5018 Vetus,
1397 4970 1519 5024 quae
1557 4969 1687 5008 vere

133 5035 399 5094 animantia
427 5042 545 5096 sint
574 5048 743 5113 atque
771 5042 980 5107 vitalia,
1007 5059 1132 5113 quae
1151 5041 1384 5113 spirent,
1399 5049 1455 5097 et
1473 5043 1530 5096 in
1553 5058 1688 5114 quo-

133 5136 228 5178 rum
253 5129 429 5183 medio
475 5129 752 5184 Dominus
790 5137 1180 5202 cognoscatur.
1214 5131 1356 5185 Item
1398 5137 1584 5202 potest
1628 5131 1686 5184 in

133 5213 280 5268 medio
305 5217 544 5274 duorum
573 5219 921 5285 animalium,
957 5219 1014 5273 in
1043 5219 1230 5280 medio
1257 5221 1435 5291 Moysi
1467 5226 1526 5274 et
1554 5220 1686 5275 Elia:

133 5297 344 5374 intelligi.
375 5306 458 5360 Ibi
487 5308 640 5361 enim
680 5307 1066 5362 innotescebat
1100 5307 1386 5380 discipulis
1417 5307 1599 5362 tribus
1629 5308 1687 5362 in

133 5397 286 5444 monte
311 5400 519 5460 sancto,
549 5397 680 5466 quia
723 5397 1031 5452 moriturus
1058 5403 1208 5452 esset
1245 5395 1558 5450 dicentibus
1605 5397 1686 5451 eis

133 5491 228 5543 ί]οὲ
252 5497 512 5550 passurus
542 5486 772 5541 essetin
802 5487 1142 5552 Jerusalem;
1169 5486 1248 5540 ibi
1278 5485 1678 5551 innotescebat,

137 5566 244 5631 quia
259 5579 664 5630 resurrecturus
691 5581 857 5638 esset,
875 5581 930 5630 et
959 5575 1295 5630 immortalis
1321 5574 1684 5640 futurus,cla-

1769 4509 1934 4562 credo
1963 4509 2111 4580 quod
2151 4509 2306 4562 ocius
2335 4507 2776 4562 misericordiam
2807 4513 3012 4579 optatae
3049 4525 3083 4562 a
3110 4513 3166 4562 te
3194 4509 3369 4563 veniae

1768 4614 2097 4668 consequar,
2117 4597 2211 4650 ubi
2232 4596 2640 4650 consideranda
2659 4602 2746 4650 est
2766 4597 2909 4651 mira
2926 4597 3153 4669 pietatis
3169 4597 3370 4652 divina:

1770 4687 2054 4751 velocitas,
2085 4684 2376 4739 turbatum
2408 4702 2468 4738 se
2496 4690 2718 4738 tantum
2745 4685 2936 4739 animo
2967 4693 3198 4758 propter
3225 4687 3369 4741 iram

1770 4775 1995 4829 Domini
2017 4774 2176 4839 dixit,
2191 4779 2249 4828 et
2276 4789 2404 4826 mox
2433 4773 2592 4826 illum
2612 4774 2684 4827 ad
2712 4773 3155 4829 misericordiam
3184 4775 3254 4830 ab
3285 4776 3371 4829 ira

1769 4879 2096 4918 conversum
2127 4861 2432 4934 subjunxit.
2463 4862 2572 4916 Sed
2618 4862 2746 4916 talis
2788 4863 3152 4918 minimarum
3187 4869 3370 4935 potest

1768 4952 2119 5022 indulgentia
2147 4968 2270 5006 esse
2299 4952 2624 5022 culparum;
2648 4957 2914 5006 caeterum
2946 4953 3123 5006 nostri
3153 4957 3361 5015 reatus,

1769 5047 1980 5112 quanto
1997 5041 2282 5111 graviores
2301 5047 2452 5108 sunt,
2467 5046 2624 5094 tanto
2648 5042 2860 5110 majore
2879 5057 2944 5094 ac
2969 5041 3237 5096 diuturna
3255 5057 3368 5112 poe-

1769 5129 2014 5192 nitentia
2038 5129 2414 5200 lacrymisque
2457 5135 2514 5183 et
2563 5129 2933 5200 eleemosynis
2961 5147 3100 5200 opus
3136 5128 3362 5184 habent.

1769 5219 1931 5285 Quod
1968 5225 2158 5272 autem
2187 5217 2394 5272 dicitur
2425 5219 2588 5288 juxta
2617 5217 2954 5272 Hebraicum
2980 5236 2992 5270 :
3017 5219 3160 5272 Cum
3189 5219 3367 5273 iratus

1768 5308 1959 5372 fueris,
1993 5307 2387 5360 misericordiae
2411 5306 2808 5372 recordaberis,
2834 5322 2947 5359 non
2973 5306 3243 5362 debemus
3271 5325 3368 5380 pu-
3397 5301 3405 5310 ’

1767 5403 1890 5452 tare
1921 5396 2167 5450 oblivisci
2199 5395 2471 5458 Deum,et
2497 5402 2623 5465 post
2653 5395 2796 5448 iram
2826 5412 2940 5450 suae
2969 5396 3366 5453 misericordiae

1765 5485 2140 5551 recordari,et
2167 5484 2314 5556 quod
2337 5500 2439 5538 nos
2465 5501 2596 5538 eum
2628 5483 2686 5538 in
2719 5500 2888 5555 pmna
2906 5486 3071 5556 positi
3102 5493 3365 5558 putemus

1764 5575 2030 5641 oblivisci,
2060 5575 2223 5644 juxta
2258 5574 2396 5629 illud
2431 5591 2443 5630 :
2481 5591 2509 5628 α
2540 5574 2860 5646 Usquequo,
2884 5575 3142 5644 Domine,
3167 5576 3365 5632 oblivi-
