3942 6158
526 263 664 328 Hii

1119 263 2109 329 EWWARCHIEF

2190 263 2509 325 IOGUNT.
2548 264 2849 327 OPERUH
2882 263 3076 325 PARS
3102 264 3199 323 Ill.

3596 270 3707 333 1116

519 391 828 455 κατίδω
850 391 914 450 in
938 391 1152 451 daein?
1172 412 1203 448 ι)
1224 392 1373 448 Nam
1400 391 1507 451 etsi
1536 391 1762 462 quando
1792 390 2124 449 tentaticni-
2143 393 2262 457 Act
2290 389 2551 447 inventus
2595 405 2631 447 a
2678 388 3029 465 parentibus,
3063 390 3230 449 etiam
3256 391 3366 467 ipse
3386 409 3477 467 per
3498 410 3568 463 se,
3591 398 3707 471 quod

523 480 628 543 bus
651 481 817 555 quasi
843 480 1110 539 ﬂuctibus
1147 479 1454 553 cperimnr,
1484 485 1546 537 rt
1568 478 1769 537 rabida
1801 480 2118 541 daemonum

523 568 819 629 adversum
840 585 943 629 nos
962 570 1210 642 procella
1222 570 1472 638 desaevit.
1489 569 1642 625 velut
1663 569 1734 625 ad
1746 569 2123 629 dormientem

520 644 1231 732 loquimur,axsurgé,qnid
1241 658 1816 721 dormihsﬁomine?
1831 657 2122 733 Simulque

522 745 626 807 Dei
647 763 814 805 carne
826 747 1185 807 clementiam
1211 767 1223 801 :
1246 764 1362 803 non
1384 747 1543 814 dixit,
1557 763 1687 805 cum
1707 746 1967 804 intuleris
1980 763 2120 822 sup-

522 835 708 917 plicia,
1140 835 1650 902 recordaberismed
1666 852 1795 893 cum
1816 835 1994 895 iratus
2006 835 2123 894 fue-

520 924 637 983 ris:
667 925 764 999 qui
791 929 983 985 autern
1006 925 1288 993 irascitur,
1302 925 1593 983 interdum
1616 941 1730 983 non
1754 925 2121 997 percutit,sed

521 1014 912 1073 tantummodo
956 1014 1355 1082 comminatur,
1387 1015 1537 1085 quod
1574 1018 1636 1069 et
1664 1015 1963 1085 Apostolus
1991 1030 2119 1069 sen-

519 1102 688 1170 tiens,
718 1102 836 1161 ait:
867 1122 893 1161 ι
928 1103 1232 1161 Bevelatur
1258 1103 1410 1159 enim
1439 1102 1528 1159 ira
1558 1102 1658 1161 Dei
1686 1103 1756 1159 de
1785 1103 1923 1157 coelo
1948 1119 2121 1175 super

522 1207 748 1251 omnem
772 1191 1125 1265 impietatem
1152 1192 1589 1265 etiniquitatem
1618 1191 1912 1247 hominum
1942 1193 2114 1258 (Rom.

520 1289 578 1349 ι).
606 1300 632 1335 ››
667 1280 774 1338 Ubi
791 1287 985 1339 autem
1008 1281 1292 1341 revelatur
1310 1297 1422 1337 non
1442 1280 1700 1349 infertur,
1721 1297 1835 1337 non
1855 1281 2116 1353 percutit,

521 1369 619 1427 sed
644 1370 928 1429 reveletur
955 1375 1020 1428 ut
1042 1375 1273 1436 terreat,
1302 1375 1363 1426 et
1404 1369 1616 1428 territis
1664 1386 1780 1427 non
1824 1369 2115 1427 inferatur.

595 1476 623 1509 ι
647 1458 797 1517 Deus
821 1458 1109 1520 deAnstro
1126 1458 1314 1516 veniet
1330 1463 1391 1514 et
1410 1459 1648 1515 Sanetus
1665 1458 1739 1515 de
1757 1464 1950 1517 monte
1970 1459 2119 1517 Pha-

2204 479 2354 533 Deus
2382 495 2447 535 ac
2478 479 2580 537 Dei
2607 479 2782 537 Filius
2816 485 2963 537 BSSBt
3004 479 3286 537 insinuans
3311 480 3384 537 ait
3408 499 3421 535 :
3450 500 3477 535 ι
3502 483 3624 549 Quid
3643 492 3710 543 est

2205 567 2353 639 quod
2399 584 2492 624 me
2537 567 2913 643 quaerebatis?
2941 568 3265 627 nesciebatis
3301 570 3421 641 quia
3440 571 3495 626 in
3520 572 3593 629 his
3614 590 3708 644 qua

2203 657 2390 715 Patris
2418 657 2532 713 mei
2558 662 2709 722 sunt,
2744 662 2968 731 oportet
3004 674 3094 715 me
3135 674 3251 715 esse
3283 661 3414 725 (Luc.
3435 660 3516 730 u)?
3548 680 3568 715 ι
3605 662 3712 719 Sau-

2202 750 2345 813 ctus,
2362 745 2565 819 inquit,
2590 747 2659 801 de
2680 752 2872 803 monte
2894 745 3223 805 umbrosoet
3235 747 3505 805 condenso.
3522 749 3710 807 Sanctus

2202 833 2347 891 idem
2366 835 2646 891 mediator
2660 834 2763 893 Dei
2781 841 2839 890 et
2862 835 3176 901 hominum,
3188 835 3281 908 qui
3294 851 3452 911 supra
3473 837 3712 895 manifeste

2201 923 2410 979 dicitur
2428 924 2596 990 Deus,
2617 923 2687 981 de
2707 940 2819 995 quo
2836 924 3057 997 Virgini
3078 925 3243 981 matri
3268 925 3612 996 evangelium
3625 928 3710 983 Ga-

2203 1010 2342 1067 briel
2361 1013 2466 1068 ait:
2493 1032 2513 1063 α
2540 1013 2785 1084 Ideoque
2811 1018 2869 1068 et
2897 1013 3047 1087 quod
3075 1002 3333 1069 nascetur
3355 1030 3417 1069 ex
3439 1020 3490 1071 te
3510 1021 3713 1073 sanctum

2201 1099 2489 1157 vocabitur
2514 1099 2690 1159 Filius
2715 1100 2817 1159 Dei
2849 1103 2997 1167 (Luc.
3015 1108 3076 1167 ι).
3105 1121 3128 1155 ο
3163 1102 3316 1159 Mons
3342 1107 3532 1163 autem,
3552 1103 3610 1157 de
3632 1120 3714 1175 quo

2201 1193 2468 1247 venturus
2492 1189 2643 1245 idem
2672 1195 2900 1246 sanctus
2917 1189 3158 1255 mitur,
3187 1206 3411 1261 regnum
3436 1191 3712 1255 Judaorum,

2199 1293 2267 1333 ex
2295 1294 2406 1353 quo
2434 1278 2529 1333 ille
2557 1278 2744 1335 carnis
2773 1278 3051 1350 originem
3071 1277 3246 1345 duxit,
3266 1278 3408 1335 valet
3426 1278 3643 1351 intelligi,
3664 1280 3716 1335 de

2201 1382 2312 1441 quo
2339 1372 2400 1422 et
2425 1367 2623 1425 Daniel
2644 1367 2784 1425 vidit
2823 1367 3069 1423 excisum
3096 1367 3337 1439 lapidem
3357 1367 3469 1423 sine
3488 1367 3714 1435 inanibus,

2199 1453 2259 1511 id
2288 1461 2375 1513 est
2402 1455 2686 1515 Christum
2715 1455 2926 1529 absque
2948 1471 3119 1531 opere
3300 1463 3631 1533 procreatum,
3647 1457 3717 1529 qui

520 1561 676 1607 Palla
687 1547 850 1605 LXX:
864 1569 884 1597 υ
901 1547 1356 1605 DeusaTheman
1374 1547 1628 1605 venietet
1638 1547 1954 1605 Sanctusde
1966 1564 2122 1607 mon.
2201 1560 2378 1615 regna
2389 1544 2586 1601 mundi
2599 1552 2895 1603 conterens
2912 1544 3002 1600 sui
3016 1544 3203 1615 gloria
3219 1545 3452 1601 nominis
3468 1543 3630 1601 orbem
3643 1545 3718 1601 imo

518 1639 578 1690 te
592 1634 858 1691 umbroso
870 1642 928 1691 et
943 1636 1244 1694 condenso.
1268 1657 1291 1691 ι
1304 1636 1555 1695 Theman
1571 1653 1706 1707 ergo
1716 1636 2122 1709 interpretatur
2201 1633 2383 1703 pleret
2400 1633 2744 1700 universum,
2760 1633 2856 1705 qui
2876 1633 3132 1689 videlicet
3150 1649 3310 1689 mons
3328 1640 3468 1689 recte
3486 1632 3720 1689 umbrosus

518 1724 728 1781 Auster
744 1730 803 1780 et
816 1724 1101 1795 signiﬁcat
1120 1725 1409 1782 Bethleem
1430 1725 1712 1781 civitatem
1731 1725 1992 1792 David,in
2004 1740 2119 1799 qua
2136 1709 2180 1768 Β
2198 1728 2428 1779 vocatur
2447 1728 2506 1777 et
2524 1723 2858 1787 condensus,
2878 1721 3048 1779 habet
3064 1721 3218 1777 enim
3237 1722 3407 1781 multa
3426 1722 3566 1795 ligna
3578 1721 3721 1779 flucti-

518 1816 688 1871 natus
707 1817 796 1868 est
825 1813 1118 1871 Dominus.
1144 1815 1274 1871 Haec
1307 1814 1379 1871 ad
1401 1820 1660 1871 austrum
1678 1815 1791 1873 sita
1815 1814 1887 1871 ab
1916 1815 2116 1872 Hiero-
2196 1809 2334 1877 fera,
2356 1810 2414 1869 id
2443 1816 2531 1869 est
2556 1811 2764 1869 multos
2792 1810 2940 1868 viros
2966 1818 3210 1877 sanctos,
3234 1817 3291 1867 et
3316 1811 3565 1869 virtutum
3584 1810 3723 1882 pomis

412 1943 431 1961 .
513 1900 750 1973 salymis
767 1901 869 1959 εει)
892 1901 998 1961 hac
1018 1901 1226 1974 quippe
1250 1903 1370 1975 ipse
1391 1903 1665 1960 Dominus
1686 1903 2117 1977 quadragesimo
2197 1906 2448 1966 onustos,
2468 1900 2566 1972 qui
2587 1906 2646 1955 et
2671 1906 2877 1957 nostra:
2896 1899 3103 1956 mentis
3126 1899 3365 1955 esuriem
3388 1904 3544 1971 gustu
3562 1899 3725 1957 suavis-

515 1989 607 2049 die
636 1989 945 2049 nativitatis
963 2007 1076 2051 suae
1103 1991 1379 2051 adductus
1396 1997 1484 2053 est
1504 1992 1949 2065 Hierosolymam
1968 2009 2006 2049 a
2022 2010 2118 2066 pa—
2197 1987 2340 2045 Simo
2356 2005 2470 2045 suae
2480 1989 2746 2045 doctrinae
2774 1988 3118 2054 erudiant,et
3143 1994 3391 2044 nostram
3405 1987 3722 2059 fragilitatem,

517 2078 790 2147 rentibus,
806 2085 872 2139 ut
892 2080 1125 2139 daretur
1143 2081 1336 2139 hostia
1365 2081 1671 2141 secundum
1702 2082 1886 2152 legem
1904 2098 2006 2154 pro
2026 2099 2112 2139 eo.
2198 2093 2270 2135 ne
2296 2082 2437 2133 aestu
2464 2077 2898 2135 tribulationum
2927 2093 2963 2132 a
3001 2077 3185 2133 virore
3216 2077 3430 2135 interno
3468 2076 3721 2132 dilectionis

518 2167 744 2229 Pharau
774 2185 903 2225 vero
936 2169 1148 2227 vicinus
1177 2169 1330 2227 locus
1374 2176 1464 2227 est
1506 2170 1684 2227 monti
1711 2171 1879 2239 Since,
1910 2170 1971 2227 in
2004 2187 2116 2244 quo
2198 2171 2434 2233 arcesat,
2464 2166 2723 2241 praesidio
2752 2183 2866 2223 suae
2888 2166 3304 2223 intercessionis
3332 2164 3645 2223 obumbrent.

517 2260 710 2313 monte
735 2257 1007 2315 Dominus
1026 2258 1205 2331 Moysi
1223 2258 1406 2329 legem
1424 2259 1875 2317 dedit.Dcminus
1890 2276 2026 2331 ergo
2046 2259 2116 2317 ab
2274 2274 2301 2309 ι(
2332 2256 2572 2326 Operuit
2596 2255 2764 2313 oculos
2788 2255 2971 2327 gloria
2984 2257 3107 2328 ejus
3127 2262 3189 2312 et
3203 2255 3382 2313 laudis
3394 2257 3508 2329 ejus
3519 2255 3728 2326 plenaest

515 2350 709 2407 austro
722 2347 928 2415 veniet,
943 2347 1048 2403 hoc
1068 2353 1173 2412 est,
1194 2354 1464 2405 nascetur
1482 2348 1543 2403 in
1576 2348 1885 2417 Bethleem,
1908 2355 1967 2405 et
1984 2349 2117 2407 inde
2196 2348 2369 2401 terra.
2394 2362 2423 2401 ι
2455 2345 2634 2403 LXX:
2664 2365 2685 2395 ε
2716 2344 2954 2422 Operuit
2979 2345 3148 2400 caelos
3176 2345 3354 2401 virtus
3379 2345 3510 2415 ejus,
3530 2350 3580 2397 et
3601 2341 3727 2397 laude

516 2441 838 2505 consurget,
872 2439 932 2493 et
950 2435 1085 2508 quia
1115 2435 1256 2509 ipse,
1279 2437 1377 2507 qui
1407 2441 1574 2491 natus
1601 2442 1689 2495 est
1716 2437 1775 2493 in
1806 2437 2113 2507 Bethleem,
2199 2433 2322 2507 ejus
2343 2434 2512 2507 plena
2522 2439 2610 2491 est
2631 2439 2804 2489 terra.
2829 2455 2850 2484 ι
2875 2433 3171 2506 Descripta
3182 2431 3574 2507 dispensatione
3584 2431 3729 2487 Domi-

516 2522 698 2595 legem
718 2524 1005 2594 quondam
1042 2525 1202 2581 dedit
1228 2524 1288 2581 in
1316 2531 1507 2583 monte
1536 2526 1690 2593 Sina,
1720 2522 1842 2600 ipse
1870 2532 1959 2583 est
1980 2544 2113 2583 san-
2198 2521 2337 2581 uicae
2364 2521 2789 2589 incarnationis,
2822 2539 2949 2577 mox
2992 2539 3265 2579 arcanum
3293 2520 3621 2579 ascensionis.
3646 2535 3731 2591 qua

517 2612 1006 2684 oms,quivenitde
1019 2619 1210 2669 monte
1225 2614 1447 2671 Pharan
1464 2632 1477 2680 ;
1497 2615 1642 2687 quod
1663 2620 1855 2673 autem
1874 2615 2116 2675 infertur
2195 2611 2392 2669 eadem
2420 2611 2742 2669 humanitas
2761 2618 2886 2669 erat
2913 2611 3276 2669 clariﬁcanda
3301 2610 3581 2683 subjunxit,
3602 2609 3727 2680 juxta

511 2698 681 2769 juxta,
699 2698 964 2757 Hebraeos
990 2701 1321 2774 diapsalma,
1355 2702 1411 2759 id
1441 2709 1544 2768 est,
1579 2720 1819 2776 semper,
1841 2705 1988 2763 hunc
2008 2707 2112 2761 ha-
2192 2698 2331 2757 illud
2354 2700 2663 2759 Psalmisue
2687 2719 2699 2755 :
2736 2717 2765 2755 ι
2786 2702 2835 2756 Α
2862 2716 3085 2759 summa
3114 2701 3260 2757 coelo
3286 2698 3516 2773 egressio
3542 2699 3662 2771 ejus,
3685 2699 3726 2751 et

516 2787 612 2845 bet
640 2796 871 2847 sensum
895 2807 910 2845 ε
937 2791 1065 2863 Ipse
1089 2789 1185 2863 qui
1207 2796 1374 2847 natus
1397 2798 1484 2847 est
1509 2792 1571 2849 in
1599 2793 1908 2861 Bethleem,
1930 2799 1988 2849 et
2015 2793 2113 2869 qui
2194 2804 2456 2847 occursu
2484 2791 2607 2860 ejus
2627 2806 2806 2862 usque
2825 2790 2897 2847 ad
2916 2805 3208 2847 summum
3238 2790 3360 2860 eius
3389 2790 3531 2857 (Psal-
3558 2788 3723 2854 xvml-b

517 2876 573 2935 in
594 2876 747 2943 Sina,
764 2876 821 2933 id
841 2882 928 2935 est
944 2876 1005 2935 in
1027 2884 1218 2935 monte
1239 2879 1463 2937 Pharan
1480 2881 1664 2952 legem
1696 2881 1869 2946 dedit,
1891 2899 2114 2957 semper
2194 2877 2450 2953 Operuit,
2483 2879 2688 2953 inquit,
2717 2879 2884 2935 caelos
2912 2879 3094 2950 gloria
3116 2879 3263 2950 ejus,
3296 2877 3407 2934 sive
3435 2877 3594 2935 virtus
3615 2889 3723 2945 ejus,

514 2965 575 3021 in
594 2965 872 3023 universis
899 2966 1199 3037 praeteritis
1218 2974 1276 3025 et
1294 2968 1660 3040 praesentibus
1674 2975 1735 3025 et
1761 2970 1985 3040 futuris,
2006 2988 2110 3029 au-
2128 3020 2173 3041 η
2193 2982 2294 3021 seu
2313 2968 2580 3038 maiestas
2608 2968 2731 3041 ejus
2762 2986 2774 3021 :
2810 2967 2944 3038 quia
2970 2967 3065 3041 qui
3096 2983 3203 3041 per
3225 2961 3728 3025 incarnationemmi-

515 3020 638 3111 to.
656 3020 753 3115 at
767 3020 832 3111 ἐὶ
859 3020 1119 3126 iugiter;
1130 3020 1555 3129 iamnon;
1569 3020 1777 3115 illis
1787 3020 2110 3119 311nm.
2125 3020 2174 3087 ο
2191 3020 2424 3113 nam;
2438 3020 2914 3131 signemus
2929 3020 3007 3113 .1:
3016 3020 3243 3126 gnat;
3245 3020 3261 3122 ξ
3268 3020 3395 3129 ἷιέὲέ
3400 3020 3515 3127 ’ῥέει-⁷
3533 3020 3729 3109 me.

515 3142 774 3212 videntis,
795 3149 853 3203 et
872 3143 1156 3214 significat
1186 3146 1331 3217 quod
1369 3146 1438 3201 de
1485 3163 1744 3203 sermone
1771 3148 1978 3205 eruditi
2006 3150 2110 3209 viri
2148 3140 2159 3149 “
2190 3152 2434 3201 ctionem
2459 3146 2641 3217 gloria
2656 3151 2717 3201 et
2732 3146 3261 3205 honorecoronatus
3284 3161 3385 3221 per
3399 3142 3726 3201 ascensionem

512 3231 666 3289 venit
692 3231 896 3293 notitia
923 3232 1050 3290 Filii
1094 3233 1212 3291 Dei.
1263 3234 1423 3299 Quod
1452 3240 1646 3293 autem
1686 3236 1744 3293 in
1775 3237 2109 3311 quibusdam
2190 3239 2636 3309 estsuperopera
2647 3251 2919 3291 manuum
2942 3234 3126 3291 Patris
3146 3234 3498 3299 constitutus,
3512 3238 3564 3287 et
3577 3228 3728 3287 omnia

515 3319 928 3393 exemplaribus
952 3321 1197 3393 legitur:
1245 3341 1267 3379 ι
1310 3323 1460 3383 Deus
1500 3340 1534 3379 a
1576 3323 1790 3383 Libano
1817 3327 2021 3397 veniet,
2053 3333 2112 3387 at
2191 3322 2443 3395 subjecta
2453 3330 2587 3378 sunt
2597 3322 2701 3379 sub
2720 3323 2957 3397 pedibus
2972 3319 3728 3399 ejus,acpraedicantibusapo

511 3414 739 3469 sanctus
765 3408 836 3469 de
858 3416 1052 3469 monte
1082 3410 1345 3467 umbroso
1366 3418 1424 3469 et
1446 3413 1746 3481 condenso,
1783 3433 1808 3468 »
1833 3415 1985 3472 hunc
2013 3417 2110 3475 ha-
2188 3412 2367 3477 stolis,
2381 3412 2546 3469 laude
2561 3413 2684 3485 ejus
2698 3413 2881 3471 omnis
2898 3418 2986 3467 est
3001 3418 3160 3469 terra
3178 3413 3419 3485 repleta;
3449 3409 3541 3467 sed
3556 3414 3607 3464 et
3628 3408 3730 3463 ante

511 3495 606 3555 bet
629 3514 857 3555 sensum
882 3516 893 3551 :
927 3498 1174 3557 Libanus
1195 3505 1282 3557 est
1302 3517 1464 3557 mons
1482 3501 1760 3559 Phoenicis
1778 3503 2104 3573 altissimus,
2190 3501 2509 3573 passionem
2538 3518 2603 3559 ac
2621 3501 3110 3567 resurrectionem,
3135 3519 3265 3557 cum
3292 3501 3523 3557 Verbum
3547 3512 3657 3553 caro
3671 3493 3730 3552 f8-

509 3586 742 3647 excelsis
769 3591 829 3645 et
852 3587 1294 3663 imputribilibus
1319 3596 1492 3663 atque
1519 3592 1841 3649 aromaticis
1871 3593 2108 3664 insignis
2189 3594 2343 3647 ctum
2355 3589 2637 3645 habitaret
2648 3590 2709 3644 in
2729 3589 2908 3657 nobis,
2933 3590 3338 3666 operuitccehs
3357 3590 3604 3660 majestas
3617 3585 3728 3654 eius,

509 3675 825 3747 arboribus,
844 3676 915 3733 de
942 3677 1148 3750 quibus
1168 3679 1340 3739 etiam
1358 3679 1633 3751 tomplum
1659 3680 1883 3739 Domini
1900 3681 1961 3737 in
1981 3683 2109 3741 llic-
2189 3677 2322 3751 quia
2352 3678 2676 3735 humanitas
2692 3684 2984 3751 assumpta
3010 3678 3184 3735 etiam
3215 3678 3467 3735 mortalis
3485 3675 3730 3733 adhch

508 3765 806 3836 rosolymis
833 3765 1044 3825 factum
1089 3766 1379 3839 Scriptura
1405 3772 1666 3828 testatur.
1698 3769 1856 3825 Unde
1876 3771 2021 3827 solet
2047 3771 2106 3831 in

2190 3765 2418 3823 Iestibus
2430 3767 2802 3841 antecellebat
2810 3767 3204 3839 potestatibus,
3223 3774 3282 3823 et
3297 3767 3460 3825 laude
3479 3767 3590 3839 ejus
3602 3762 3730 3835 plena

508 3851 813 3927 Scripturis
830 3870 1238 3926 nonnunquam
1255 3855 1441 3929 ipsum
1471 3873 1693 3931 quoque
1710 3859 1985 3931 templum
2015 3860 2106 3923 Li.
2190 3860 2313 3913 erat
2337 3862 2509 3924 terra,
2544 3857 2757 3915 eisdem
2782 3857 2908 3915 caeli
2937 3855 3238 3913 virtutibus
3263 3855 3525 3913 veraciter

508 3939 639 3995 bani
670 3941 936 3996 vocabulo
955 3941 1258 4013 designari.
1284 3944 1425 3998 Hinc
1455 3950 1542 3998 est
1562 3946 1713 4000 enim
1742 3947 1879 4003 illud
1897 3948 2105 4004 Zacha-
2189 3943 2293 3999 bus
2323 3963 2334 3999 :
2369 3945 2503 4016 quia
2531 3946 2654 4018 ipse
2695 3952 2819 4003 erat
2845 3950 3066 4001 creator
3106 3952 3295 4013 terrea,
3329 3945 3473 4003 sicut
3505 3948 3559 3996 et
3595 3937 3732 3995 totius

506 4029 604 4087 τίω
619 4029 688 4087 de
708 4036 941 4088 venturo
971 4032 1239 4089 adversus
1261 4048 1390 4089 eum
1412 4034 1661 4093 exercitu
1689 4034 2101 4093 Chaldaeorum.
2187 4038 2458 4091 creaturae
2485 4051 2588 4107 per
2610 4034 2984 4103 divinitatem,
3019 4034 3116 4107 qui
3143 4038 3283 4093 tunc
3320 4051 3421 4107 per
3458 4027 3730 4089 humanita-

512 4135 539 4170 ‹‹
567 4118 758 4191 Aperi,
787 4117 1017 4187 Libane,
1035 4125 1225 4193 portas
1238 4127 1366 4177 tuas
1386 4128 1445 4177 et
1470 4123 1730 4203 comedat
1744 4123 1891 4195 ignis
1909 4125 2104 4181 cedros
2182 4125 2301 4179 tem
2343 4122 2670 4181 morabatur
2698 4129 2758 4179 et
2789 4122 3084 4181 videbatur
3116 4123 3178 4181 in
3207 4130 3382 4181 terra.
3414 4120 3562 4179 Unde
3602 4122 3652 4173 et
3682 4128 3733 4203 oo

506 4209 959 4275 tuas(Zach.xr).
985 4226 1012 4263 θ
1045 4209 1195 4269 Deus
1221 4202 1638 4281 ergoaLibano
1655 4211 1822 4279 venit,
1842 4213 1979 4288 quia
1998 4215 2105 4271 Do-
2183 4215 2314 4269 nato
2357 4211 2726 4269 concinebant
2754 4230 2766 4265 :
2804 4230 2832 4267 α
2874 4211 3068 4271 Gloria
3110 4211 3172 4269 in
3211 4211 3443 4269 excelsis
3479 4210 3584 4278 Deo
3616 4208 3664 4259 et
3686 4202 3731 4259 in

507 4295 694 4401 minus
712 4295 774 4351 in
789 4312 959 4396 carne
975 4313 1253 4399 apparens
1268 4297 1328 4355 in
1341 4299 1464 4370 ipso
1483 4300 1694 4401 templo
1715 4300 1900 4373 prima
1920 4302 2100 4359 Evan-
2123 4304 2335 4401 Dterra
2358 4316 2467 4373 pax
2494 4300 2816 4401 hominibus
2846 4300 3005 4357 bonae
3029 4301 3337 4359 voluntatis
3379 4301 3516 4398 (Lac.
3543 4296 3616 4362 ιι).

504 4384 637 4459 gelii
675 4385 896 4443 semina
939 4387 1196 4463 sapersit,
1240 4393 1411 4461 atque
1451 4387 1652 4445 exinde
1681 4389 1875 4445 orbem
1919 4396 2102 4449 totum
2124 4380 2168 4401 "
2258 4407 2285 4443 α
2315 4386 2592 4461 Splendor
2619 4391 2744 4461 ejus
2787 4395 2850 4447 ut
2885 4390 2982 4447 lux
3011 4390 3137 4457 erit,
3173 4405 3388 4447 cornua
3423 4387 3482 4445 in
3516 4380 3730 4441 manibus

502 4472 759 4545 germine
789 4491 904 4533 suae
942 4475 1074 4531 fidei
1104 4481 1162 4531 et
1188 4476 1438 4535 veritatis
1476 4476 1746 4550 implevit.
1782 4479 1940 4535 Unde
1968 4479 2105 4537 dicit
2185 4493 2214 4527 α
2244 4476 2487 4548 ejus.lbi
2512 4477 2840 4535 abscondita
2867 4483 2953 4533 est
2978 4478 3248 4537 fortitudo
3272 4479 3414 4549 ejus.
3445 4493 3472 4529 δ
3502 4467 3731 4547 Splendor

506 4561 717 4619 Isaias:
748 4581 770 4616 ι
805 4562 950 4629 Quia
977 4564 1047 4619 de
1079 4564 1214 4623 Sion
1243 4564 1416 4622 exibit
1431 4565 1538 4632 lex,
1557 4572 1614 4623 et
1630 4565 1860 4625 verbum
1876 4568 2103 4627 Domini

505 4649 576 4707 de
611 4650 924 4709 Jerusalem
951 4652 1086 4723 (Isa.
1111 4652 1194 4723 ιι).
1215 4673 1238 4707 ι
1274 4654 1532 4729 Aspersit
1557 4661 1752 4711 autem
1778 4655 1857 4710 ibi
1885 4657 2105 4715 semina

503 4737 690 4813 prima
716 4739 868 4807 ﬁdei,
900 4757 1014 4801 non
1041 4742 1222 4801 solum
1251 4759 1354 4814 per
1380 4744 1683 4817 apostolos,
1717 4744 1814 4819 qui
1840 4751 1968 4817 post
1980 4762 2104 4819 pas-

501 4827 719 4893 sionem
737 4843 803 4885 ac
820 4830 1289 4887 resurrectionem
1303 4833 1426 4903 ejus
1439 4832 1651 4908 Spiritu
1667 4838 1862 4891 sancto
1881 4834 2099 4909 repleti,

499 4915 710 4978 ibidem
739 4917 1090 4993 pnedicando
1120 4919 1305 4994 prima
1333 4921 1590 4979 Ecclesiae
1619 4921 1990 4981 fundamenta
2007 4939 2103 4998 po-

499 5011 756 5077 suerunt,
790 5024 1031 5083 quorum
1074 5008 1277 5069 deinde
1323 5026 1496 5067 sonus
1536 5010 1595 5065 in
1633 5027 1859 5069 omnem
1888 5017 2099 5073 terram

499 5094 654 5166 exiit,
691 5100 750 5153 et
784 5096 841 5153 in
888 5098 1028 5155 ﬁnes
1069 5097 1219 5153 orbis
1255 5103 1420 5155 terrae
1449 5098 1621 5155 verba
1657 5116 1874 5169 eorum,
1905 5117 2101 5161 verum

498 5184 672 5243 etiam
693 5201 794 5255 per
811 5184 993 5259 ipsum
1023 5186 1204 5261 primo
1236 5187 1295 5243 in
1324 5187 1521 5245 eodem
1552 5188 1762 5260 templo
1792 5187 1943 5255 fidei,
1975 5205 2099 5263 quae

498 5270 559 5329 in
588 5289 647 5328 se
677 5278 828 5331 esset
854 5273 1129 5341 habenda,
1161 5274 1548 5335 testimonium
1587 5277 1761 5343 dedit,
1803 5294 1932 5337 cum
1962 5277 2099 5339 duo-

497 5358 658 5418 denis
678 5360 736 5417 in
750 5362 934 5421 medio
963 5363 1256 5424 doctorum
1285 5365 1553 5434 residens,
1581 5365 1966 5438 interrogabat
1978 5383 2093 5435 eos,

499 5447 660 5521 quasi
689 5448 856 5507 homo
885 5453 1128 5524 parvulas
1150 5454 1361 5521 aetatis;
1383 5456 1482 5513 sed
1502 5455 1878 5529 respondebat
1895 5457 2096 5515 docen-

496 5534 669 5615 tibus,
692 5538 853 5613 quasi
879 5539 1029 5599 Deus
1071 5546 1293 5603 aeternae
1325 5545 1658 5623 majestatis.
1692 5544 1798 5609 Ubi
1827 5545 2094 5623 quaesitus

2182 4565 2456 4623 virtutum
2482 4572 2542 4622 et
2574 4550 2852 4625 doctrinae.
2876 4567 3103 4627 Domini
3144 4566 3449 4625 Salvatoris
3485 4561 3730 4619 credentes

2184 4654 2545 4721 illuminabit,
2572 4656 2722 4713 unde
2750 4660 2809 4711 et
2834 4656 2918 4713 sol
2941 4656 3176 4729 justitiaa
3208 4657 3268 4713 in
3291 4651 3580 4731 Scripturis
3600 4659 3728 4703 vocs-

2181 4748 2304 4813 tur;
2332 4744 2429 4803 sed
2459 4744 2593 4819 quia
2634 4745 2784 4805 idem
2818 4745 3086 4817 splendor
3126 4745 3340 4801 mundo
3375 4742 3600 4819 perfecte
3639 4747 3728 4791 non

2183 4838 2405 4909 poterat
2429 4834 2666 4907 fulgere,
2696 4833 2805 4891 nisi
2835 4834 2956 4906 ipse
2983 4838 3217 4904 gustata
3243 4833 3317 4891 ad
3341 4838 3554 4905 tempus
3582 4826 3727 4881 mone

2182 4908 2420 4995 mum
2446 4922 2644 4981 mortis
2674 4923 2944 4989 diruerat,
2967 4927 3139 4994 atque
3163 4937 3468 4994 exsurgens
3485 4908 3727 4975 emortuis

2183 5026 2339 5085 spem
2367 5011 2650 5085 ﬁdemque
2662 5012 2873 5069 mundo
2887 5011 3216 5083 resurgendi
3239 5011 3492 5071 donaret,
3506 4999 3727 5078 splendor

2181 5115 2404 5174 (ιιιοιιιιθ
2425 5100 2549 5175 eius
2567 5100 2728 5175 quasi
2745 5101 2829 5157 801
2846 5100 3084 5173 iustitiae
3109 5101 3263 5157 clara
3284 5100 3408 5157 luce
3436 5090 3665 5153 radiavit.
3681 5092 3737 5141 ei»

2180 5205 2392 5247 cornua
2419 5188 2479 5245 in
2504 5206 2676 5247 manu
2702 5190 2844 5263 ejus,
2881 5189 3083 5248 vexilla
3111 5196 3169 5245 et
3196 5188 3446 5261 trophaeo
3478 5179 3655 5241 crucis.
3680 5178 3723 5229 ei

2177 5276 2238 5336 in
2256 5277 2394 5351 ipsis
2419 5279 2680 5337 cornibus
2698 5274 3026 5337 abscondita
3043 5283 3129 5336 est
3138 5275 3406 5335 fortitudo
3425 5274 3559 5345 ejus.
3574 5286 3599 5323 ι
3610 5267 3723 5323 Cum

2178 5367 2329 5425 enim
2359 5371 2507 5423 esset
2524 5367 2584 5427 in
2602 5366 2784 5425 forma
2802 5367 2922 5433 Dei,
2947 5384 3061 5425 non
3082 5367 3335 5439 rapinam
3359 5362 3642 5419 arbitratus
3658 5354 3725 5407 est

2176 5457 2449 5531 aequalem
2479 5473 2539 5511 se
2595 5472 2716 5513 esse
2751 5455 2898 5525 Deo;
2946 5456 3043 5513 sed
3091 5453 3392 5513 exinanivit
3433 5468 3489 5507 se
3524 5447 3722 5505 formam

2175 5546 2320 5604 servi
2357 5545 2652 5621 accipiens,
2682 5545 2862 5603 factus
2899 5544 3162 5601 obediens
3189 5559 3366 5621 usque
3391 5541 3461 5600 ad
3502 5538 3718 5593 mortem
