3942 6158
179 279 298 347 1147

824 278 1194 345 ΟΟΙΠΕΝΤ.
1232 280 1317 343 ἐκ
1346 279 1669 341 CAN?!“
1703 281 1757 348 Ω

1842 282 1877 347 Ες
1907 282 2005 347 AD
2040 283 2320 347 unum
2352 284 2746 345 meum.

3282 275 3425 339 1446

177 404 982 469 ωωΐοθιᾘωδθωοωεᾰεζρήἰι.
1000 409 1075 471 η).
1098 423 1125 461 ι
1157 405 1223 461 In
1248 420 1414 460 cruce
1443 421 1576 475 ergo
1604 422 1747 476 pau—

1842 409 2103 478 axposuit,
2150 409 2342 465 dicens
2385 429 2396 462 :
2440 380 2701 466 Tradunt
2748 408 2989 474 Ηώινεὶ,
3038 405 3317 477 quomodo
3363 404 3425 459 in

174 497 328 567 lisper
349 493 675 551 abscondita
696 500 787 548 est
815 495 1081 554 fortitudo
1104 497 1248 565 ejus,
1285 496 1509 566 quando
1528 496 1751 551 dicebat

176 584 237 645 ad
258 584 480 645 Patrem
512 600 523 634 :
563 602 587 634 α
618 583 818 637 Tristis
846 591 933 637 est
951 583 1141 645 annua
1164 600 1291 639 mea
1318 600 1496 654 usque
1518 585 1586 641 ad
1603 600 1751 643 mare

175 680 272 731 tem
291 673 503 739 (Uallis.
527 676 669 739 xxvi)
686 691 702 735 ;
723 691 751 725 ι
773 679 858 726 et:
881 693 904 723 cr
923 674 1108 737 Pater,
1124 672 1544 743 si
1563 678 1749 729 trans.-

172 770 253 819 eat
285 778 319 816 a
358 777 450 819 me
491 761 635 816 milia
674 761 781 819 iste
809 764 1034 828 (Ibid);
1090 782 1115 814 ι)
1154 768 1212 816 et
1249 761 1305 817 in
1363 762 1489 831 ipsa
1524 778 1690 819 cruce
1726 778 1744 817 ι

178 872 198 907 ι
213 853 386 915 Pater,
408 851 468 907 in
482 867 683 907 manus
702 851 1170 913 tuascommendo
1480 867 1691 911 meum.
1716 869 1743 911 θ

174 943 315 999 iuxta
346 940 515 995 aliam
546 947 735 999 autem
766 940 1068 999 editionem
1097 940 1201 997 hoc
1228 940 1289 997 in
1318 941 1440 997 loco
1482 940 1689 1009 legitur
1730 959 1739 993 :

177 1047 199 1083 α
222 1029 442 1087 Cornua
464 1034 599 1082 sunt
634 1028 695 1087 in
730 1028 992 1085 manibus
1018 1028 1159 1096 ejus,
1202 1028 1276 1082 ibi
1305 1032 1636 1091 conﬁrmata
1660 1034 1748 1083 est

170 1117 327 1173 virtus
342 1115 536 1186 gloria:
554 1118 696 1187 ejus.
711 1137 730 1168 ι
752 1117 976 1171 Cornua
990 1116 1195 1186 quippe
1211 1117 1347 1175 dicit
1365 1123 1747 1189 trans-versum

171 1205 328 1260 crucis
346 1205 586 1275 lignum,
618 1205 764 1275 quod
792 1205 989 1263 atiixus
1022 1205 1282 1263 manibus
1310 1212 1519 1271 teneat,
1556 1213 1617 1260 ut
1647 1206 1750 1263 hoc

171 1295 351 1357 mortis
376 1310 584 1364 genere
608 1311 837 1351 omnem
866 1312 1141 1365 superans
1172 1302 1411 1350 mortem
1439 1296 1519 1355 sic
1550 1297 1751 1357 conﬁr-

175 1390 333 1437 maret
359 1384 624 1441 virtutem
651 1383 843 1453 gloriae
871 1401 987 1439 suae
1014 1385 1074 1440 in
1110 1385 1374 1449 cordibus
1418 1386 1747 1453 electorum.

171 1490 230 1526 ne
256 1472 379 1529 ullis
408 1472 715 1531 terroribus
741 1475 861 1527 sive
881 1473 1278 1531 blandimentis
1294 1474 1364 1530 ab
1382 1476 1505 1544 ejus
1526 1480 1752 1544 possent

169 1578 340 1615 amore
372 1561 667 1626 retardari,
702 1562 977 1631 promissa
1004 1563 1174 1617 etiam
1206 1563 1318 1617 illis
1343 1563 1525 1632 gloria
1550 1562 1750 1619 futurae

168 1650 602 1721 incorruptionis,
620 1667 719 1720 per
739 1667 907 1720 quam
924 1652 1228 1707 novissima
1246 1652 1473 1707 inimica
1493 1652 1748 1705 εἰθείιιιιθτ

1832 498 2132 566 Evangelio
2152 499 2411 569 princeps
2422 500 2743 555 daemonum
2761 499 2969 557 dicitur
2987 512 3111 551 esse
3127 491 3421 557 Belzebub,

1831 586 1912 640 ita
1942 587 2161 657 Reseph
2182 588 2458 645 daemonis
2488 606 2607 643 esse
2654 605 2879 653 nmneu,
2913 586 3010 657 qui
3047 583 3422 655 principatum

1830 680 2024 731 teneat
2050 676 2199 733 inter
2244 677 2403 742 alios,
2434 683 2491 732 et
2535 683 2763 747 propter
2799 677 3035 735 nimiam
3074 672 3455 743 velocitatem,

1828 768 2000 833 Mue
2027 764 2088 819 in
2114 764 2336 823 diversa
2356 765 2675 821 discursum
2705 766 2819 820 avis
2849 771 2905 819 et
2931 762 3155 819 volatile
3204 775 3422 821 nuncii-

1830 859 2014 922 μέτωπ’,
2046 854 2341 925 ipsuulque
2372 871 2511 921 esse,
2542 856 2636 925 qui
2681 856 2737 908 in
2780 853 3039 925 paradiso
3090 849 3192 905 sub
3238 850 3423 916 ﬁgura

1828 943 2105 1012 serpentis
2148 943 2371 998 mulieri
2417 944 2491 1001 sit
2528 944 2766 1007 locutus,
2798 948 2858 996 et
2894 959 2964 997 ex
3011 937 3419 999 malum.

1830 1048 1938 1101 qua
1971 1048 2003 1084 a
2030 1033 2144 1085 Deo
2172 1033 2575 1087 condemnatus
2618 1038 2723 1095 est,
2758 1030 3035 1101 accepisse
3062 1043 3269 1085 nonien
3302 1044 3311 1077 :
3344 1025 3421 1077 si-

1829 1120 2054 1191 quidem
2087 1121 2306 1191 Reseph
2343 1127 2573 1190 regnans
2612 1126 2804 1175 ventre
2850 1120 3273 1188 interpretatur.
3307 1115 3423 1172 Hor.

1830 1214 1917 1265 est
1940 1226 2095 1278 ergo,
2130 1209 2276 1278 quod
2308 1209 2532 1273 dicitur,
2567 1204 2756 1263 statim
2786 1215 2851 1263 ut
2890 1207 3104 1261 venerit
3130 1204 3421 1266 Dominus.

1828 1303 1888 1351 et
1915 1298 2157 1357 Jordane
2188 1297 2360 1353 fuerit
2387 1297 2720 1367 baptizatus,
2746 1297 2887 1351 etad
2905 1295 3174 1351 columbae
3202 1294 3426 1351 deswnr

1829 1402 1957 1447 sum
1980 1402 2081 1441 vos
2099 1386 2283 1441 Patris
2303 1386 2615 1443 intonuerit
2643 1405 2653 1439 :
2684 1406 2707 1437 α
2741 1386 2844 1443 Hic
2862 1391 2951 1441 est
2973 1384 3147 1440 Filius
3164 1398 3324 1437 meus
3340 1379 3426 1434 dir

1832 1476 2030 1539 lectus,
2052 1475 2112 1529 in
2135 1492 2245 1544 quo
2266 1475 2404 1531 mihi
2426 1475 2736 1545 complacui
2764 1475 2982 1542 (Μαιιιι.
3006 1479 3102 1541 in),
3145 1490 3169 1525 ι
3202 1470 3428 1529 exstanti

1833 1564 1902 1617 de
1934 1564 2096 1633 aquis
2117 1571 2374 1618 occurret
2392 1564 2666 1630 diabolus,
2700 1569 2758 1617 et
2784 1569 2915 1619 ante
2945 1562 3114 1635 pedes
3132 1561 3283 1616 illius
3310 1565 3426 1613 star

1833 1652 1915 1709 bit
1942 1669 2113 1715 mors,
2146 1658 2208 1707 ut
2234 1652 2463 1707 coluber
2490 1653 2775 1723 antiquus,
2809 1652 3184 1723 quadraginta
3228 1648 3424 1703 diebus

168 1747 307 1794 retur
334 1757 507 1793 mors.
542 1739 791 1809 Denique
820 1740 880 1794 in
910 1747 1103 1794 monte
1134 1747 1348 1802 sancto,
1382 1728 2071 1811 praesenﬁbuthentabit
2114 1758 2243 1796 eum
2280 1742 2339 1795 in
2376 1742 2697 1797 solitudine.
2740 1742 2801 1796 Si
2843 1748 3032 1797 autem
3078 1741 3259 1809 juxta'
3283 1738 3427 1793 LXX

169 1830 331 1895 Petro,
367 1829 572 1885 Jacobo
604 1834 661 1883 et
685 1830 918 1893 Joanne,
953 1831 1219 1900 splendor
1242 1832 1366 1901 ejus
1395 1831 1541 1885 sicut
1558 1831 1749 1887 lumen

167 1918 416 1987 fulgebat,
450 1924 508 1972 et
533 1918 615 1973 illi
641 1918 1067 1974 delectabantur
1094 1920 1321 1990 quidem
1343 1921 1511 1991 hujus
1540 1922 1750 1977 intuitu

164 2007 499 2077 splendoris;
530 2008 627 2060 sed
657 2014 847 2063 tamen
887 2015 1163 2078 quantum
1209 2010 1392 2071 adhuc
1427 2010 1655 2079 fragiles
1692 2016 1751 2075 et

166 2096 355 2151 inﬁrmi
385 2096 613 2161 fuerint,
645 2103 897 2166 tempore
929 2096 1227 2167 probatum
1254 2104 1344 2152 est
1372 2099 1649 2169 passionis
1676 2099 1747 2153 il:

164 2186 274 2243 lius.
297 2187 375 2247 At
398 2191 694 2255 postquam
724 2184 781 2238 in
819 2184 1078 2241 manibus
1107 2202 1279 2241 cornu
1310 2187 1489 2243 crucis
1512 2188 1743 2257 accepit,

165 2272 230 2326 ibi
250 2274 585 2331 conﬁrmata
614 2279 701 2329 est
741 2274 915 2328 virtus
944 2275 1136 2343 gloriae
1183 2277 1324 2346 ejus,
1368 2277 1507 2333 adeo
1544 2282 1609 2330 ut
1644 2293 1749 2332 nec

166 2363 478 2428 terroribus,
513 2380 615 2419 nec
644 2364 769 2433 ipsa
796 2370 976 2421 morte
1006 2371 1195 2435 posset
1233 2383 1267 2420 a
1304 2367 1554 2423 ﬁdelium
1580 2369 1748 2421 corde

164 2452 488 2521 propulsari.
520 2453 762 2509 Possunt
789 2453 845 2506 in
877 2454 1137 2511 cornibus
1166 2472 1321 2510 more
1349 2458 1749 2527 prophetarum

163 2558 318 2611 regna
344 2543 522 2611 hujus
549 2544 745 2598 mundi
776 2544 1047 2599 insinuari
1078 2566 1089 2599 :
1118 2547 1626 2615 potestsublimitas
1646 2549 1748 2602 hu:-

1831 1831 2071 1900 legimus
2108 1850 2118 1883 :
2159 1851 2180 1881 «
2213 1832 2358 1885 Ante
2398 1832 2597 1885 faciem
2628 1833 2752 1900 ejus
2782 1830 2886 1887 ibit
2914 1828 3159 1885 Verbum
3184 1832 3244 1883 et
3270 1843 3427 1896 δίζην-

1831 1920 2019 1977 dietur
2047 1920 2105 1973 in
2138 1936 2381 1989 campos,
2422 1940 2443 1969 ο
2476 1920 2581 1975 hoc
2608 1919 2891 1988 significat
2919 1918 3065 1987 (ιωά
3114 1931 3301 1973 sermo
3328 1913 3427 1973 Deli

1830 2014 1962 2067 ante
2002 2008 2380 2065 visitationem
2418 2009 2557 2080 ejus,
2590 2025 2714 2077 qua
2745 2023 2895 2061 nunc
2924 2004 3221 2074 allegorice
3258 2003 3428 2059 facies

1829 2097 2052 2161 dicitur,
2074 2098 2355 2168 praecedat
2382 2104 2440 2151 et
2469 2103 2750 2167 praeparat
2776 2095 2947 2149 corda
2971 2093 3337 2156 credentium,
3361 2097 3426 2149 ut

1829 2204 2000 2257 prava
2030 2188 2087 2241 in
2110 2194 2321 2241 rectum
2353 2191 2412 2241 et
2436 2186 2735 2256 inaequalia
2765 2190 2982 2241 sternet
3008 2184 3063 2236 in
3096 2182 3345 2251 planum,
3368 2186 3426 2237 et

1831 2276 2104 2335 auditoris
2120 2276 2311 2337 anima
2330 2275 2487 2345 quasi
2514 2275 2796 2331 confectus
2814 2290 2951 2343 ager
2964 2275 3272 2327 sementem
3302 2284 3427 2338 puer

1829 2366 1907 2420 sit
1922 2366 2168 2434 recipere
2184 2365 2496 2434 spiritalem
2523 2383 2535 2429 ;
2562 2370 2864 2433 antequam
2887 2361 3103 2416 veniret
3121 2360 3179 2413 in
3197 2373 3422 2413 carnem

1831 2454 2122 2517 Dominus,
2152 2458 2556 2524 praecesserunt
2580 2452 2747 2506 verba
2776 2452 3199 2522 praphetarum,
3223 2463 3345 2516 qum
3373 2444 3423 2498 ei

1830 2548 2065 2601 venturo
2095 2542 2481 2597 testimonium
2509 2542 2722 2596 ferrent
2754 2560 2764 2594 :
2797 2547 2858 2594 et
2887 2541 3002 2595 haec
3030 2538 3228 2595 eadem
3260 2534 3429 2593 verb!

165 2647 326 2691 mana:
356 2632 569 2687 mentis
588 2633 860 2687 sivebona
886 2651 984 2688 seu
1015 2635 1251 2706 reproba
1278 2652 1551 2691 cornuum
1582 2644 1715 2692 voca
1826 2632 2085 2686 exierunt
2110 2632 2167 2685 in
2186 2648 2434 2701 campos,
2462 2630 2685 2701 quando
2708 2627 3138 2700 praedicantibus
3161 2624 3429 2696 apostolis

162 2720 276 2777 bulo
304 2722 594 2791 designari
620 2742 632 2787 ;
664 2728 721 2778 et
746 2740 961 2779 cornua
986 2731 1121 2780 sunt
1146 2726 1202 2779 in
1233 2725 1490 2781 manibus
1508 2726 1751 2792 Christi,

166 2831 184 2861 σ
202 2811 327 2880 quia
343 2812 471 2881 ipse
488 2818 574 2867 est
594 2813 708 2867 Rex
725 2830 941 2881 regum,
965 2820 1022 2868 et
1040 2814 1313 2870 Dominus
1333 2814 1747 2869 dominantium

164 2900 207 2963 (l
236 2900 372 2955 Tim.
412 2911 507 2965 γι).
531 2920 553 2951 ι
589 2902 812 2956 Cornua
843 2908 976 2957 sunt
1004 2902 1060 2957 in
1083 2901 1343 2956 manibus
1360 2903 1501 2971 ejus,
1526 2904 1750 2965 uthunc

161 2985 457 3049 humilians
488 2994 545 3042 et
574 2988 722 3043 hunc
752 2990 1020 3054 exultans,
1053 2989 1244 3045 omnia
1273 3007 1479 3047 cornua
1504 2998 1753 3063 peccato-

163 3091 292 3137 rum,
315 3076 525 3147 quibus
544 3077 788 3133 inaniter
808 3079 1169 3143 extolluntur,
1185 3078 1753 3150 confringatEtexab

160 3170 339 3221 tentur
355 3182 577 3221 cornua
597 3168 754 3237 justi,
788 3168 1066 3222 desideria
1094 3167 1352 3223 videlicet
1389 3169 1505 3223 Deo
1531 3169 1749 3236 devota,

163 3254 352 3324 quibus
387 3255 693 3327 impiorum
724 3258 1095 3328 vitiorumque
1118 3258 1430 3313 certamina
1445 3265 1646 3313 cuncta
1664 3275 1754 3313 su-

162 3358 346 3412 perare
364 3346 740 3400 contendunt.
761 3346 920 3409 Quod
931 3352 1120 3401 autem
1129 3348 1292 3416 juxta
1307 3348 1452 3402 LXX
1465 3347 1703 3415 legimus
1736 3365 1747 3399 :

164 3450 184 3482 ι
217 3432 283 3489 Et
308 3433 507 3503 posuit
526 3429 881 3489 dilectionem
912 3435 1114 3489 fortem
1143 3436 1367 3489 virtutis
1393 3452 1527 3499 suae,
1546 3455 1568 3487 ι
1586 3435 1757 3490 etiam

163 3520 256 3575 hoc
286 3522 356 3576 de
391 3522 620 3576 Christo
650 3523 1097 3592 intelligendum,
1132 3525 1280 3593 quod
1308 3525 1456 3579 Deus
1484 3524 1653 3577 Pater
1680 3524 1761 3578 id-

157 3609 292 3665 circo
314 3609 547 3680 aperuit
561 3611 731 3665 cmlos
752 3610 956 3665 virtute
987 3626 1108 3676 sua,
1141 3616 1199 3665 et
1227 3617 1439 3666 terram
1463 3611 1760 3680 repleverit

160 3696 314 3751 laude
336 3704 403 3751 et.
432 3698 789 3768 splendorem
821 3716 987 3755 suum
1014 3700 1210 3755 fecerit
1223 3716 1363 3763 esse,
1389 3704 1453 3753 ut
1484 3700 1673 3755 lumen
1704 3705 1761 3753 et

160 3802 389 3855 regnum
425 3788 675 3857 posuerit
694 3787 751 3843 in
785 3804 955 3845 manu
990 3788 1112 3844 Filii
1141 3789 1250 3851 sui,
1282 3793 1347 3842 ut
1373 3788 1581 3845 faceret
1618 3789 1759 3843 dile-

160 3881 301 3931 ctum
324 3893 500 3931 suum
530 3876 602 3930 ab
627 3876 888 3933 omnibus
919 3877 1097 3947 diligi,
1134 3884 1192 3932 et
1219 3877 1377 3947 diligi
1407 3894 1519 3935 non
1542 3877 1757 3944 leviter,

157 3963 246 4016 sed
266 3965 639 4023 vehementer
667 3973 724 4020 et
741 3966 979 4029 fortiter,
1004 3972 1070 4020 ut
1090 3967 1187 4036 qui
1218 3983 1347 4020 eum
1373 3966 1593 4022 fortiter
1619 3968 1761 4023 dile-

160 4052 381 4119 xissem,
422 4061 480 4107 et
500 4054 778 4109 haererent
796 4056 853 4110 in
868 4055 1167 4115 dilectione
1195 4057 1338 4124 ejus,
1354 4072 1520 4110 nemo
1542 4058 1766 4111 tolleret

157 4158 248 4196 eos
264 4143 335 4197 de
359 4159 539 4197 manu
556 4144 706 4201 illius
729 4164 740 4199 :
773 4163 803 4199 e
823 4144 1105 4199 contrario
1125 4144 1382 4199 diabolus
1411 4145 1546 4198 facit
1576 4162 1765 4200 amare

160 4248 255 4287 nos
285 4232 591 4297 mundum,
609 4240 665 4287 et
683 4250 781 4305 pro
800 4233 1100 4289 dilectione
1120 4233 1343 4287 virtutis
1363 4233 1596 4302 diligere
1608 4234 1763 4300 vitia,

156 4325 210 4373 et
251 4337 369 4377 non
420 4321 634 4386 leviter,
667 4323 763 4377 sed
811 4323 1049 4387 fortiter,
1083 4323 1163 4377 ita
1209 4327 1272 4375 ut
1308 4322 1378 4376 de
1406 4321 1564 4376 nobis
1593 4323 1770 4392 possit

156 4407 261 4463 dici
297 4428 311 4461 :
347 4416 412 4463 et
434 4411 620 4479 posuit
638 4410 893 4465 diabolus
913 4410 1271 4467 dilectionem
1284 4410 1486 4465 fortem
1505 4410 1769 4465 vitiorum

157 4514 395 4555 suorum
423 4516 435 4559 ;
469 4499 565 4553 sed
597 4505 655 4555 et
684 4500 787 4555 hoc
816 4500 963 4570 quod
994 4501 1156 4570 juxta
1188 4500 1442 4569 quaedam
1485 4500 1769 4569 exempla-

157 4587 241 4639 ria
268 4588 356 4641 ita
383 4587 597 4656 legitur
628 4607 638 4642 ε
683 4607 707 4639 α
742 4589 937 4643 Posuit
972 4589 1307 4645 charitatem
1349 4590 1572 4643 ﬁrmam
1610 4588 1771 4643 forti-

158 4676 378 4731 tudinis
410 4692 544 4740 suie,
584 4698 607 4727 ι)
642 4676 965 4747 signiﬁcans
993 4678 1138 4748 quod
1166 4677 1368 4733 intima
1398 4677 1625 4747 quidem
1647 4678 1774 4731 cha-

159 4765 327 4819 ritate
364 4766 548 4820 sancti
581 4771 639 4820 et
657 4772 789 4821 ante
812 4767 1129 4838 passionem
1156 4765 1468 4836 diligebant
1495 4765 1775 4820 fortitudi-

160 4870 287 4909 nem
321 4854 559 4917 Christi,
595 4856 691 4909 sed
721 4856 838 4911 haec
863 4855 989 4925 ipsa
1015 4855 1260 4911 charitas
1288 4856 1458 4910 ﬁrma
1487 4871 1597 4909 non
1629 4861 1769 4919 erat,

160 4960 343 5013 usque
376 4944 518 4999 dum
547 4944 804 5014 passione
827 4951 884 4999 et
902 4945 1310 4999 resurrectione
1340 4961 1443 4999 sua
1472 4945 1770 5014 completa,

161 5032 414 5100 gratiam
439 5034 561 5101 ejus
573 5034 751 5088 sancti
774 5033 1015 5104 Spiritus
1030 5034 1250 5104 plenius
1271 5034 1450 5099 daret,
1482 5038 1618 5087 tunc
1645 5050 1774 5087 vero

163 5119 221 5175 in
251 5127 489 5179 tantum
519 5122 683 5177 ﬁrma
712 5122 859 5177 facta
887 5129 992 5183 est,
1042 5128 1107 5185 ut
1137 5138 1239 5176 nec
1288 5122 1409 5193 ipsa
1458 5138 1632 5176 cornu
1679 5138 1776 5175 eo-

164 5225 314 5269 rum,
360 5226 563 5278 regum
612 5210 867 5267 videlicet
903 5211 1264 5267 insolentium
1302 5211 1553 5281 potentia
1591 5215 1780 5281 posset

165 5298 409 5368 infringi
420 5339 432 5351 .

240 5407 261 5433 α
300 5389 458 5440 Ante
482 5387 680 5441 faciem
727 5390 848 5457 ejus
886 5387 991 5441 ibit
1020 5403 1190 5453 mors,
1222 5392 1279 5440 et
1306 5388 1627 5457 egredietur
1656 5388 1781 5442 dia-

168 5496 187 5526 ει
222 5476 398 5533 holus
431 5482 559 5533 ante
592 5478 761 5546 pedes
784 5478 926 5546 ejus.
956 5494 985 5529 ι
1009 5476 1112 5531 Hic
1140 5492 1331 5531 versus
1355 5477 1516 5545 juxta
1545 5475 1781 5530 Hebrai-

165 5582 292 5621 cam
327 5563 631 5629 veritatem
657 5565 740 5623 ita
766 5565 993 5634 legitur,
1019 5581 1186 5636 quem
1210 5565 1270 5621 Β.
1296 5565 1673 5637 Hieronymus
1700 5566 1781 5620 ita

1826 2726 2007 2779 totum
2036 2727 2170 2777 sunt
2195 2720 2482 2789 divulgata
2508 2736 2608 2790 per
2636 2719 2849 2773 orbem.
2871 2719 2997 2772 Non
3024 2717 3208 2772 solum
3238 2720 3428 2771 autcum

1829 2809 1888 2867 in
1927 2810 2267 2880 propheticis
2302 2809 2506 2865 litteris
2535 2808 2764 2863 verbum
2795 2804 3208 2878 prmdicationis
3236 2804 3427 2859 Domi-

1828 2916 1965 2959 num
1997 2898 2298 2969 precessit,
2331 2900 2427 2953 sed
2458 2903 2516 2953 et
2546 2899 2604 2953 in
2632 2896 2919 2968 apostolis,
2953 2912 3080 2950 cum
3119 2894 3421 2957 adventum

1834 2988 2041 3043 Christi
2071 2988 2128 3045 in
2166 3004 2333 3042 carne
2361 2988 2701 3057 completum
2723 2986 2934 3041 mundo
2950 2981 3424 3054 evangelizabant.

1774 3048 1818 3107 Ο
1834 3076 2080 3135 Verbum
2095 3076 2293 3133 faciem
2315 3078 2438 3147 ejus
2458 3048 2658 3147 p-raeiit,
2675 3076 2810 3146 quia
2835 3048 3123 3130 nimirum'
3133 3072 3311 3142 primo
3333 3070 3429 3126 do-

1832 3166 2015 3220 ctrina
2032 3166 2285 3223 veritatis
2300 3166 2369 3221 ad
2391 3182 2557 3220 aures
2572 3182 2789 3231 eorum,
2805 3164 2900 3234 qui
2930 3160 3261 3218 instituendi
3274 3163 3426 3219 sunt,

1836 3254 2107 3325 pervenit,
2130 3271 2194 3309 ac
2222 3255 2425 3309 deinde
2450 3255 2675 3309 {idesset
2726 3253 3043 3307 intellectus
3084 3248 3237 3305 verbi
3265 3247 3433 3303 corda

1838 3344 2102 3409 illustrat,
2137 3360 2202 3398 ac
2233 3344 2348 3397 Deo
2379 3342 2696 3399 inhabitare
2725 3341 2925 3410 dignas
2954 3338 3142 3395 efﬁcit.

1913 3450 1939 3484 ι
1963 3432 2133 3487 Stetit
2166 3438 2223 3486 et
2249 3447 2478 3487 mensus
2506 3436 2595 3487 est
2617 3435 2848 3492 terram,
2871 3428 3089 3499 aspexit
3110 3432 3169 3480 et
3185 3425 3439 3481 dissolvit

1846 3541 1866 3573 ι
1900 3532 2117 3589 gentes,
2153 3526 2209 3573 et
2235 3519 2461 3573 contriti
2494 3526 2625 3573 sunt
2663 3524 2883 3573 montes
2921 3516 3129 3579 seculi,
3162 3514 3435 3569 incurvati

1843 3627 1871 3665 α
1902 3616 2035 3664 sunt
2064 3609 2232 3665 colles
2261 3609 2453 3667 mundi
2483 3606 2554 3661 ab
2585 3607 2881 3663 itineribus
2909 3604 3239 3660 aeternitatis
3254 3604 3432 3671 ejus.»

1843 3700 2010 3755 Stana
2040 3698 2294 3753 Salvator
2316 3702 2376 3750 et
2402 3702 2605 3752 cuncta
2641 3696 3001 3766 perspiciens,
3035 3699 3092 3748 et
3116 3692 3293 3747 oculis
3319 3691 3435 3747 suis

1842 3787 2263 3843 universitatem
2278 3786 2471 3841 mundi
2485 3784 3002 3853 metiens,gentium
3017 3781 3437 3837 multitudinem

1842 3876 2152 3947 dissipavit,
2204 3876 2405 3945 quibus
2452 3874 2738 3944 dissipatis
2782 3878 2839 3929 et
2882 3871 3167 3926 dissolutis
3210 3868 3438 3927 contriti

1845 3972 1978 4021 sunt
2005 3970 2224 4020 montes
2256 3965 2425 4034 hujus
2456 3963 2662 4029 saeculi,
2696 3968 2753 4016 et
2789 3960 3063 4017 incurvati
3107 3964 3240 4014 sunt
3271 3958 3441 4012 colles

1847 4056 2018 4123 hujus
2052 4053 2266 4111 mundi.
2302 4054 2447 4107 Sunt
2475 4053 2625 4107 enim
2671 4058 2727 4104 et
2763 4051 2859 4105 alii
2903 4055 3120 4103 montes
3157 4054 3215 4102 et
3250 4047 3437 4111 colles,

1848 4161 1987 4214 quos
2010 4142 2141 4197 salit
2153 4149 2212 4196 et
2224 4141 2472 4196 transilit
2490 4157 2728 4211 sponsus
2747 4140 2804 4194 in
2825 4138 3054 4193 Cantico
3075 4137 3439 4199 canticorum,

1849 4233 1918 4287 de
1948 4232 2149 4303 quibus
2175 4239 2231 4285 et
2269 4232 2325 4286 in
2357 4231 2600 4285 secundo
2627 4230 2908 4300 graduum
2946 4228 3161 4298 psalmo
3193 4225 3399 4282 dicitur
3430 4243 3440 4276 :

1855 4340 1879 4372 ‹‹
1914 4322 2112 4375 Levavi
2132 4322 2321 4374 oculos
2342 4337 2496 4374 meos
2531 4320 2590 4374 in
2631 4328 2850 4372 montes
2882 4318 3031 4371 unde
3060 4315 3245 4369 veniet
3285 4313 3443 4369 auxi-

1852 4410 1988 4464 lium
2019 4410 2154 4463 mihi
2186 4411 2350 4476 (Psal.
2379 4412 2525 4475 cxx).
2564 4429 2588 4460 »
2623 4410 2841 4462 Montes
2871 4412 3060 4459 autem
3107 4403 3291 4457 saeculi
3341 4401 3446 4472 ipsi

1852 4505 2000 4562 sunt,
2036 4499 2132 4568 qui
2166 4505 2223 4553 et
2250 4505 2468 4552 montes
2498 4497 2799 4561 tenebrosi,
2832 4496 2901 4549 de
2934 4493 3136 4565 quibus
3175 4491 3446 4546 .leremias

1856 4587 2134 4658 praecepit,
2170 4603 2241 4640 ne
2270 4586 2657 4656 irnpingantur
2686 4586 2855 4656 pedes
2894 4582 3070 4638 nostri
3109 4597 3280 4652 super
3329 4597 3443 4634 eos.

1861 4697 1883 4729 ι
1921 4675 2200 4730 Incurvati
2221 4682 2369 4739 sunt,
2386 4675 2589 4746 inquit,
2605 4676 2774 4729 colles
2795 4673 3010 4738 mundi,
3038 4692 3062 4724 θ
3088 4676 3217 4725 ante
3242 4670 3450 4726 adven-

1857 4771 1978 4819 tum
2010 4765 2215 4834 quippe
2242 4765 2545 4819 Salvatoris
2574 4768 2761 4818 erecta
2789 4763 2997 4817 cervice
3024 4760 3447 4831 gradiebantur,

1857 4860 1913 4908 et
1940 4853 2265 4923 superbiam
2297 4870 2491 4907 eorum
2514 4853 2813 4909 humiliare
2842 4868 3005 4905 nemo
3036 4854 3275 4921 poterat.
3303 4850 3452 4903 Con-

1856 4943 1976 4998 triti
1998 4948 2188 4996 autem
2206 4948 2338 4996 sunt
2359 4948 2416 4995 et
2436 4942 2709 4996 incurvati
2722 4942 2791 4995 ab
2810 4940 3106 4995 itineribus
3125 4937 3453 4993 aeternitatis

1858 5033 1997 5102 ejus,
2038 5031 2092 5085 id
2125 5036 2210 5085 est
2236 5031 2356 5095 Dei,
2385 5032 2517 5101 quia
2543 5030 2826 5084 aeternitas
2855 5030 3006 5083 illius
3031 5029 3102 5083 ad
3131 5045 3234 5081 nos
3266 5026 3451 5079 venire

1858 5122 2088 5191 dignata
2139 5125 2242 5183 est,
2275 5120 2388 5173 sive
2427 5120 2573 5189 quod
2612 5135 2837 5189 semper
2874 5134 2907 5171 a
2943 5117 3215 5188 principio
3258 5113 3454 5168 mundi

1861 5226 2041 5280 usque
2063 5209 2131 5263 ad
2163 5208 2603 5263 incarnationem
2627 5224 2786 5261 suam
2806 5207 3020 5259 venerit
3040 5206 3108 5259 ad
3140 5210 3381 5265 sanctos,
3400 5210 3457 5257 et

1864 5299 2043 5353 factus
2066 5298 2139 5352 sit
2160 5299 2217 5352 in
2248 5298 2598 5367 singulorum
2629 5313 2799 5349 manu
2829 5311 3013 5348 sermo
3046 5294 3166 5357 Dei,
3199 5299 3368 5363 atque
3398 5293 3455 5345 in

1864 5388 2142 5443 universis
2164 5386 2512 5441 vincentibus
2531 5386 2647 5455 ipse
2668 5384 2951 5455 snperarit
2971 5387 3028 5435 et
3042 5389 3312 5436 aeternum
3335 5383 3459 5451 ejus

1866 5477 1974 5532 iter
2046 5476 2437 5540 incurvaverit,
2497 5475 2664 5527 colles
2719 5479 3048 5542 montesque
3111 5471 3455 5525 contriverit.

1864 5566 2108 5622 Possunt
2154 5575 2344 5621 autem
2392 5569 2609 5619 montes
2656 5568 2713 5615 et
2752 5562 3033 5616 daemones
3072 5560 3328 5630 intelligi,
3362 5559 3458 5631 qui
