3942 6158
583 277 718 334 1119

1165 277 1228 331 B.
1270 277 1540 332 RABANI
1580 276 1811 332 MAURI
1848 255 2186 335 ARCHIEP.
2228 275 2552 334 MOGUNT.
2596 276 2892 332 OPERUM
2929 275 3111 330 PARS
3154 276 3247 331 III.

3636 282 3740 340 H20

568 409 860 457 versantur
884 401 943 455 in
990 401 1284 467 haereticis,
1315 408 1372 455 et
1417 402 1634 456 elevant
1668 419 1728 456 se
1751 409 1948 457 contra
1975 405 2156 458 scien-
2174 404 2356 474 Aipse
2385 418 2512 456 cum
2542 401 2910 472 approprians
2941 400 3182 471 passioni
3209 400 3412 454 dicebat
3427 402 3560 456 Patri
3587 406 3737 476 τιΕξο

563 492 700 546 tiam
723 491 842 556 Dei,
869 490 1037 543 colles
1059 506 1280 560 quoque
1300 491 1423 545 alia:
1443 491 1759 546 daemonum
1779 493 2154 560 fortitudines,

565 596 687 650 quae
705 579 917 634 faciunt
940 579 1194 632 homines
1215 595 1513 650 corporum
1544 581 2038 651 pulchritudinem,
2072 583 2158 636 di-

563 669 829 738 gnitates,
878 667 1120 732 divitias,
1170 667 1518 722 nobilitatem
1563 670 1806 739 generis,
1850 676 2161 742 caeteraque

565 757 762 812 mundi
801 757 948 810 bona
985 755 1272 810 admirari.
1305 757 1460 810 Licet
1489 757 1676 812 videre
1709 765 1835 829 post
1859 760 2160 814 adventum

565 845 842 900 sermonis
872 845 974 899 Dei
1001 852 1059 898 et
1104 845 1205 898 Dei
1253 846 1436 899 Patris
1471 847 1847 916 praesentiam,
1881 849 2161 919 quomodo

565 935 826 988 humanae
851 934 1053 988 anima;
1081 940 1556 1000 commoveantur,
1595 942 1652 989 et
1669 921 1844 990 omne
1872 939 2021 1007 quod
2051 943 2162 991 ter-

567 1039 767 1077 renum
789 1028 876 1078 est
893 1023 1247 1087 dissolvatur,
1272 1029 1329 1078 et
1355 1023 1720 1092 cogitationes
1751 1026 1999 1096 pristina:
2021 1027 2162 1080 redi-

564 1118 774 1181 gantur
803 1112 873 1165 ad
895 1111 1152 1178 nihilum,
1178 1118 1312 1166 tunc
1330 1112 1700 1167 destruuntur
1724 1115 2163 1179 daemones,tunc

566 1200 752 1254 saeculi
778 1199 1102 1254 altitudines
1134 1201 1203 1254 ad
1231 1201 1468 1254 nihilum
1498 1201 1861 1262 deducentur.
1895 1208 1953 1256 et
1971 1204 2161 1258 .omnis

566 1289 954 1343 haereticorum
981 1289 1232 1355 scientia,
1271 1306 1393 1360 qum
1425 1290 1670 1360 primum
1691 1291 1948 1345 tumebat
1969 1293 2037 1346 ad
2060 1293 2160 1346 Dei

566 1378 844 1431 sermonis
889 1379 1210 1444 adventum,
1263 1378 1610 1445 humiliatur,
1644 1381 1953 1435 conteritur
1991 1388 2160 1452 atque

565 1465 935 1520 consumitur.
967 1467 1136 1519 Juxta
1155 1466 1324 1520 aliam
1354 1473 1544 1521 autem
1575 1468 1881 1522 editionem
1921 1471 2000 1524 ita
2026 1471 2160 1540 legi-

565 1559 661 1607 tur
692 1573 702 1606 :
743 1572 768 1604 «
797 1553 974 1608 Pedes
999 1555 1120 1623 ejus
1147 1561 1427 1610 steterunt
1456 1561 1512 1610 et
1536 1563 1690 1611 mota
1711 1563 1798 1611 est
1815 1564 1986 1623 terra,
2003 1576 2160 1630 aspe-

2240 498 2295 546 ω
2323 491 2618 545 clarificavi
2647 505 2817 560 super
2845 495 3076 552 terram,
3109 505 3242 558 Opus
3269 493 3602 545 consummavi
3626 497 3737 563 quod

2242 580 2444 634 dedisti
2479 579 2619 633 mihi
2649 585 2713 633 ut
2741 579 2943 632 faciam
2967 581 3146 642 (Joan.
3176 577 3303 643 ΧΠ).
3347 597 3370 629 ξ)
3396 579 3509 632 Haec
3532 581 3590 633 de
3615 582 3740 635 itine-

2241 669 2396 724 ribus
2425 673 2726 738 assumptze
2745 666 3190 738 temporalitatis,
3215 665 3491 737 statimque
3505 669 3565 722 de
3581 669 3739 724 itineri-

2241 755 2347 810 bus
2379 756 2709 810 aeternitatis
2739 755 3027 825 adjunxit:
3055 774 3074 805 ι
3115 755 3180 808 Et
3209 769 3348 807 nunc
3365 755 3578 809 clariﬁca
3593 775 3678 822 me,
3696 769 3737 811 tu

2243 845 2430 911 Pater,
2444 845 2592 916 apud
2618 844 2998 915 temetipsum,
3018 843 3267 896 claritate
3283 859 3439 912 quam
3452 843 3598 898 habui
3614 847 3745 916 prius-

2243 951 2412 1004 quam
2444 934 2686 987 mundus
2713 939 2861 987 esset
2887 933 3035 1003 apud
3061 939 3136 986 te.
3175 951 3197 982 ι
3231 932 3352 986 Hec
3391 939 3560 986 autem
3592 934 3742 989 itinera

2242 1023 2572 1077 aeternitatis
2599 1023 2874 1094 propheta
2895 1039 3007 1093 prae
3029 1020 3302 1075 laboribus
3321 1021 3464 1086 vidit,
3481 1021 3744 1078 incarnatio-

2244 1112 2331 1166 nis
2357 1111 2612 1165 videlicet
2638 1117 2696 1166 et
2721 1111 3030 1182 passionis;
3067 1111 3136 1164 de
3175 1109 3367 1179 quibus
3403 1126 3554 1180 supra
3586 1111 3744 1164 dictum

2243 1207 2330 1255 est
2354 1219 2364 1254 :
2396 1220 2421 1251 «
2442 1202 2590 1254 Deus
2605 1218 2639 1254 a
2656 1199 2868 1254 Libano
2889 1200 3002 1252 sive
3025 1198 3095 1252 ab
3110 1204 3297 1252 austro
3313 1198 3495 1262 veniet,
3519 1205 3567 1251 et
3589 1216 3744 1252 cornua

2243 1295 2374 1344 sunt
2401 1290 2460 1343 in
2489 1288 2748 1342 manibus
2777 1290 2918 1358 ejus,
2955 1309 2979 1340 ι
3012 1287 3230 1357 aliaque
3256 1287 3570 1356 linusmodi,
3593 1288 3745 1358 quain

2241 1379 2348 1433 hoc
2375 1378 2572 1432 eodem
2601 1377 2831 1432 Cantico
2855 1366 3103 1448 'plurima
3128 1375 3486 1429 inveniuntur.

2316 1487 2338 1518 ι
2372 1468 2480 1520 Pro
2531 1466 2826 1536 iniquitate
2870 1465 2979 1519 vidi
3027 1465 3271 1518 tentoria
3297 1464 3746 1534 1Ethiopize,turba-

2244 1575 2268 1607 ι
2300 1555 2514 1610 buntur
2537 1555 2710 1628 pelles
2740 1562 2904 1608 terra)
2936 1555 3184 1608 Madian.
3209 1553 3408 1608 »LXX:
3433 1571 3455 1604 α
3486 1553 3578 1606 Pro
3603 1551 3746 1605 labori-

568 1641 650 1696 xit
681 1648 738 1695 et
771 1642 1094 1696 deﬂuerunt
1114 1648 1332 1712 gentes,
1357 1645 1622 1699 confracti
1650 1654 1783 1700 sunt
1822 1655 2043 1702 montes
2072 1665 2159 1703 ve-
2186 1710 2214 1712 η
2239 1641 2345 1697 bus
2375 1643 2486 1696 vidi
2511 1642 2873 1697 tabernacula
2899 1643 3243 1712 :Ethiopum,
3277 1641 3534 1712 pavebunt
3557 1647 3604 1694 et
3619 1640 3750 1693 taber-

565 1731 876 1797 hementer,
907 1710 1261 1786 deﬂuxerunt
1275 1734 1442 1787 colles
1463 1735 1773 1788 aeternales.
1797 1755 1822 1786 »
1846 1717 1987 1790 Cum
2009 1736 2158 1790 enim
2182 1710 2222 1766 Β
2242 1733 2444 1787 uacula
2471 1739 2634 1786 terrm
2662 1732 2906 1786 Madian.
2944 1753 2966 1781 ι
3001 1710 3292 1802 ιιΕῑΪιὶορρέ
3313 1731 3438 1784 tetri
3479 1734 3529 1782 et
3560 1737 3748 1781 amantes

567 1819 904 1890 praedicante
955 1821 1201 1886 doctore,
1264 1823 1499 1891 vestigia
1553 1823 1804 1878 veritatis
1853 1825 1912 1878 in
1971 1832 2160 1880 mente

567 1907 820 1978 ﬁguntur
846 1909 1138 1975 auditoris,
1171 1927 1298 1963 mox
1326 1911 1449 1981 ipsa
1477 1929 1636 1966 mens
1676 1913 1735 1966 in
1778 1913 1866 1967 sui
1906 1915 2160 1968 conside-

567 1997 784 2051 ratione
811 1998 1040 2052 turbata
1068 1998 1476 2067 commovetur;
1511 2009 1747 2072 possunt
1771 2008 1962 2057 autem
1991 2004 2162 2073 pedes

566 2085 790 2139 Domini
815 2102 927 2140 non
954 2087 1409 2142 inconvenienter
1436 2089 1542 2160 ipsi
1571 2091 1844 2157 doctores,
1881 2109 1982 2162 per
2024 2110 2163 2163 quos

561 2173 794 2228 verbum
831 2175 1204 2243 ministratur,
1247 2178 1449 2248 accipi;
1485 2179 1752 2248 quoniam
1791 2181 1905 2246 ille,
1937 2182 2034 2252 qui
2064 2199 2164 2252 per

563 2279 624 2316 se
651 2263 835 2334 ipsum
862 2263 1071 2335 ubique
1096 2282 1340 2336 praesens
1368 2273 1472 2332 est,
1506 2285 1606 2338 per
1632 2268 1732 2322 hos
1758 2269 1918 2340 quasi
1946 2286 2048 2340 per
2070 2287 2162 2340 pe-

565 2351 665 2406 des
679 2369 810 2406 suos
839 2353 897 2407 in
911 2354 1184 2408 mundum
1207 2355 1386 2408 fertur
1406 2356 1750 2410 universum.
1777 2358 1943 2412 Stant
1969 2365 2160 2412 autem

562 2441 623 2494 in
653 2442 822 2512 pedes
835 2447 894 2496 et
913 2449 1168 2497 movetur
1191 2448 1362 2510 terra,
1396 2444 1532 2515 quia
1563 2462 1673 2516 quo
1700 2446 1956 2502 doctores
1984 2447 2162 2502 sancti

562 2528 764 2584 fortius
790 2530 849 2584 in
877 2531 1232 2601 praedicanda
1251 2539 1307 2586 et
1335 2533 1700 2587 custodienda
1727 2535 1961 2589 veritate
1993 2535 2164 2606 persi-

563 2624 742 2684 stunt,
777 2635 842 2672 eo
870 2619 1035 2673 citius
1066 2637 1126 2674 se
1164 2628 1520 2676 terrenorum
1563 2624 1733 2676 corda
1773 2625 1845 2678 ad
1888 2625 2162 2695 agendam

567 2722 669 2776 pro
697 2706 977 2761 erratibus
1005 2709 1122 2762 suis
1143 2709 1530 2779 paenitentiam
1551 2711 1834 2766 incuthmt
1859 2732 1871 2777 ;
1926 2719 1985 2768 et
2024 2731 2163 2784 quo-

569 2793 723 2848 niam
773 2795 970 2850 eadem
1019 2797 1164 2851 actio
1195 2798 1536 2868 pmnitentiaa
1564 2817 1918 2872 nequaquam
1947 2802 2162 2856 homini

567 2884 911 2954 praedicanti,
972 2887 1070 2939 sed
1119 2886 1425 2942 illustranti
1470 2895 1556 2942 est
1596 2891 1794 2959 gratiae
1843 2890 2158 2959 tribuenda,

2241 1821 2504 1876 tenebras
2531 1827 2588 1875 et
2613 1821 2683 1874 ab
2713 1821 2865 1875 omni
2896 1821 3018 1874 luce
3047 1821 3237 1886 alieni,
3277 1819 3369 1890 qui
3391 1817 3615 1872 draconis
3632 1833 3749 1869 came

2242 1916 2560 1974 vescuntur,
2583 1911 2652 1964 de
2666 1926 2776 1980 quo
2799 1909 3068 1980 scriptum
3091 1914 3180 1962 est
3204 1928 3251 1961 τα
3267 1907 3470 1962 Dedisti
3488 1923 3597 1960 eum
3616 1921 3749 1957 escam

2243 2001 2464 2072 populis
2495 1999 2847 2070 :Ethiopibus
2867 2002 3026 2066 (Psal.
3047 2010 3252 2066 Lxxm).
3278 2019 3297 2046 ι
3323 1993 3752 2051 Βωηιοῐιεείιιῑειὶί·

2241 2095 2472 2160 guntur,
2493 2105 2732 2160 quorum
2755 2090 2818 2142 fit
2839 2088 3286 2151 tabernaculum,
3319 2087 3604 2156 quicunque
3617 2084 3662 2135 in
3680 2083 3751 2134 hoc

2244 2179 2446 2232 saeculo
2477 2184 2705 2248 propter
2726 2177 2966 2231 honores
2991 2183 3049 2230 et
3062 2177 3288 2230 divitias
3307 2173 3623 2238 laboraverit,
3648 2171 3755 2241 quod

2243 2267 2625 2336 significanter
2660 2265 2763 2320 sub
2795 2283 2908 2320 uno
2955 2265 3124 2319 verbo
3153 2264 3459 2335 iniquitatis
3491 2260 3753 2316 ostenditur.

2244 2356 2440 2410 Omnis
2457 2356 2608 2410 enim
2625 2355 2778 2409 dives
2812 2361 2912 2408 aut
2929 2355 3156 2425 iniquus
3186 2359 3286 2407 aut
3311 2354 3477 2407 haeres
3510 2349 3657 2420 iniqui
3680 2359 3753 2400 est.

2245 2445 2386 2499 Vide
2416 2445 2672 2499 homines
2703 2444 2882 2498 maria
2901 2443 3165 2509 transire,
3199 2451 3328 2496 ante
3355 2445 3618 2512 potentum
3638 2453 3757 2490 excu—

2246 2533 2379 2588 bare
2409 2534 2576 2600 fores,
2611 2533 2726 2604 pati
2759 2533 2968 2596 omnia,
3004 2549 3130 2602 qute
3164 2547 3444 2584 servorum
3473 2527 3678 2582 conditio
3698 2525 3758 2575 vix

2245 2623 2476 2694 patitur,
2503 2629 2568 2676 ut
2587 2622 2808 2676 divitias
2827 2627 3188 2691 congregem,
3224 2627 3284 2673 ut
3305 2620 3534 2690 aliquam
3553 2615 3758 2684 accipiam

2245 2711 2596 2781 dignitatem,
2627 2719 2684 2765 et
2712 2716 3008 2782 postquam
3038 2711 3143 2764 hoc
3169 2709 3376 2764 fuerin‘t
3396 2704 3660 2770 consecuti,
3676 2710 3758 2755 tra-

2245 2801 2379 2855 dere
2405 2818 2464 2854 se
2489 2800 2720 2854 luxuriae
2743 2807 2799 2853 et
2827 2799 3206 2870 voluptatibus
3235 2805 3292 2852 et
3338 2796 3481 2850 omni
3525 2790 3758 2863 iniquitati.

2245 2895 2310 2944 ut
2336 2890 2484 2960 quod
2529 2889 2762 2943 avaritia
2810 2888 3190 2958 congregavit,
3248 2886 3462 2941 luxuria
3513 2887 3756 2937 consumat.

566 2972 716 3043 quod
735 2977 1024 3044 estaperte
1044 2975 1259 3029 dicere:
1285 2977 1548 3032 Misertus
1564 2983 1650 3031 est
1671 2979 1941 3034 Dominus
1971 2987 2028 3034 et
2043 2997 2161 3051 pm-
2181 3026 2224 3088 Ο
2245 2978 2344 3032 Isti
2390 2995 2522 3048 ergo
2555 2995 2655 3050 pro
2694 2977 2974 3031 laboribus
3004 2977 3121 3030 suis
3162 2976 3476 3030 efﬁciuntur
3525 2969 3760 3088 hospitium:

566 3060 857 3088 ...ειηηκηηι
886 3068 1097 3088 ,ιω-ιη...
1138 3081 1240 3088 ----
1289 3065 1540 3088 -JJ-I:--A
1588 3067 1793 3088 ε..Α--ξι--
1847 3069 2050 3088 ---μηκελ
2117 3075 2152 3088 κ,
2247 3066 2552 3088 ,ιη-.-.ηημ
2616 3072 2665 3088 ,ι
2704 3065 2789 3088 ---ξ
2822 3065 3093 3088 ινφ-ιη-..
3130 3065 3230 3088 ΠΛ
3276 3081 3390 3088 μη-
3431 3061 3607 3088 Anim-.4
3690 3071 3742 3088 nn

565 3060 860 3116 nituerunt
882 3068 1098 3132 gentes;
1135 3081 1244 3134 quo
1289 3065 1545 3119 videlicet
1588 3067 1794 3122 intuitu
1842 3069 2058 3138 aspexit
2104 3058 2579 3133 etudaemonum,
2611 3072 2668 3120 et
2698 3065 2794 3136 qui
2822 3065 3098 3135 templum
3130 3065 3234 3119 Dei
3271 3081 3393 3118 esse
3428 3061 3624 3122 debent.
3659 3058 3762 3109 ﬁunt

565 3149 796 3204 Petrum
817 3167 945 3204 cum
976 3160 1253 3222 negasset,
1282 3159 1336 3206 et
1366 3153 1459 3207 ille
1488 3161 1857 3226 cumpunctus
1886 3158 2161 3212 memoria

563 3237 653 3291 sui
684 3239 896 3308 peccati
916 3256 1045 3293 mox
1073 3241 1308 3295 deﬂuxit
1327 3241 1386 3296 in
1405 3243 1699 3314 lacrymas.
1725 3245 1943 3298 Montes
1971 3262 2162 3317 super-

564 3325 664 3380 bos
683 3327 822 3382 dicit
849 3333 908 3382 et
923 3328 993 3382 de
1013 3329 1182 3399 hujus
1201 3331 1388 3384 saeculi
1415 3333 1499 3384 vel
1535 3349 1708 3402 regno
1747 3333 1833 3388 vel
1861 3335 2156 3404 sapientia,

563 3416 650 3468 vel
696 3415 904 3470 divitiis
950 3435 1009 3470 se
1059 3419 1408 3486 extollentes,
1435 3421 1531 3490 qui
1581 3423 1817 3475 Domino
1854 3423 2160 3493 aspiciente

565 3519 679 3558 non
709 3505 893 3559 solum
922 3507 1209 3572 confracti,
1233 3509 1330 3562 sed
1351 3509 1712 3564 vehementer
1732 3512 2003 3565 confracti
2029 3523 2162 3566 sunt

567 3593 792 3664 quando
817 3594 914 3649 illo
937 3597 1243 3650 miserante
1273 3598 1526 3652 nonnulli
1557 3616 1621 3652 ex
1648 3599 1874 3664 talibus,
1905 3617 2018 3654 non
2042 3606 2164 3654 tan-

566 3687 691 3736 tum
720 3682 948 3737 inanem
987 3685 1399 3757 superbamque
1430 3687 1786 3741 altitudinem
1807 3687 2160 3754 deserebant,

567 3787 761 3824 verum
792 3773 963 3826 etiam
994 3775 1251 3828 eamdem
1272 3775 1504 3829 vivendo
1523 3775 1690 3830 simul
1720 3793 1785 3830 ac
1811 3777 2162 3847 praedicando

565 3859 992 3930 impugnabant.
1026 3863 1280 3932 Denique
1302 3863 1504 3918 Saulus
1533 3871 1591 3918 et
1618 3865 1913 3918 Matthmus
1941 3873 2161 3922 montes

566 3954 748 4008 erant.
773 3948 864 4002 hic
897 3950 966 4002 de
1002 3951 1282 4020 sapientia
1297 3951 1497 4005 litterae
1516 3953 1774 4018 carnalis,
1797 3953 1888 4007 ille
1903 3954 1973 4008 de
1990 3972 2162 4008 mam-

567 4029 737 4090 mona
749 4037 1067 4107 iniquitatis
1079 4039 1288 4105 elatus;
1319 4041 1436 4106 sed,
1450 4041 1583 4094 dum
1596 4048 1831 4112 uterque
1843 4043 1915 4096 ad
1930 4044 2160 4097 humili-

445 4195 465 4208 θ
563 4125 698 4178 tatis
724 4125 1114 4195 magisterium
1134 4143 1434 4182 conversus
1451 4129 1660 4184 Christi
1689 4136 1776 4184 est
1800 4131 1980 4185 factus
2000 4133 2161 4186 disci-

566 4213 753 4284 pulus,
801 4220 1020 4268 montes
1067 4215 1261 4286 utique
1302 4223 1436 4270 sunt
1481 4218 1840 4273 vehementer
1870 4221 2155 4274 confracti.

563 4301 804 4356 Collium
819 4303 1045 4358 nomine
1063 4305 1208 4358 sicut
1227 4309 1283 4358 et
1302 4307 1577 4360 montium
1598 4308 1820 4378 superbi
1842 4309 2161 4380 exprimun-

563 4396 658 4444 tur
677 4391 954 4446 homines.
977 4393 1085 4447 Sed
1105 4393 1341 4448 fortasse
1372 4395 1588 4450 minore
1617 4395 1765 4450 fastu
1789 4398 2048 4451 elationis
2078 4399 2160 4452 in-

523 4464 532 4472 .
564 4480 705 4545 ﬂati,
721 4497 824 4534 nec
840 4485 1030 4534 tamen
1061 4499 1096 4535 a
1122 4488 1283 4536 reatu
1313 4484 1554 4538 tumoris
1581 4485 1771 4551 alieni,
1797 4485 2035 4556 ideoque
2067 4505 2158 4540 sa-

563 4567 800 4622 lubriter
841 4569 1166 4636 inclinandi,
1201 4577 1264 4625 ut
1298 4589 1332 4625 a
1358 4573 1595 4627 Domino
1635 4580 1961 4630 mereantur
1997 4575 2157 4646 erigi,

569 4655 664 4725 qui
685 4662 834 4710 recte
856 4659 1023 4712 colles
1044 4661 1336 4714 aeternales
1365 4667 1650 4729 vocantur,
1684 4663 1818 4734 quia
1858 4663 1993 4718 dum
2023 4670 2162 4718 tem-

567 4744 838 4814 poraliter
875 4747 1156 4802 humiliati
1186 4767 1221 4803 a
1245 4749 1520 4820 superbiae
1549 4756 1771 4805 tumore
1795 4753 2070 4818 deﬂuunt,
2102 4753 2162 4807 in

565 4837 839 4887 veternum
865 4835 1162 4904 gloriﬁcati
1192 4837 1489 4908 eriguntur
1522 4839 1592 4892 ab
1622 4857 1706 4905 eo,
1750 4841 1845 4910 qui
1875 4842 1955 4894 ait
1983 4861 1994 4894 :
2037 4863 2058 4893 ε
2095 4842 2164 4895 Et

566 4921 750 4975 omnis
772 4922 869 4992 qui
899 4939 958 4977 se
987 4923 1250 4978 humiliat
1278 4927 1636 4982 exaltabitur.
1657 4948 1682 4980 »
1705 4929 1971 4999 Sequitur
1989 4930 2046 4983 in
2075 4947 2164 4984 ea-

564 5011 694 5064 dem
723 5011 968 5066 editione
1002 5031 1012 5065 :
1052 5032 1077 5064 «
1107 5013 1316 5069 Itinera
1361 5017 1692 5071 aeternitatis
1723 5019 1846 5087 ejus
1875 5035 1987 5089 prae
2014 5019 2165 5072 labo-

563 5099 720 5154 ribus
745 5100 877 5154 vidi.
903 5121 928 5152 »
948 5102 1160 5155 Itinera
1173 5108 1308 5157 sunt
1323 5105 1758 5176 temporalitatis
1777 5107 2020 5172 Domini,
2045 5109 2165 5178 qui-

566 5188 668 5242 bus
691 5189 846 5243 venit
875 5189 934 5243 in
967 5191 1261 5256 mundum,
1295 5198 1359 5247 ut
1389 5194 1460 5247 ad
1489 5200 1713 5266 tempus
1743 5203 2042 5266 appareret
2068 5197 2164 5251 ho-

565 5276 829 5332 minibus.
856 5279 1066 5333 Itinera
1089 5288 1280 5335 autem
1317 5283 1648 5338 aeternitatis
1678 5285 1819 5354 ejus,
1849 5285 2052 5354 quibus
2079 5303 2166 5340 re-

567 5363 695 5418 licto
723 5368 1088 5437 corporaliter
1114 5372 1325 5426 mundo
1351 5372 1522 5426 rediit
1547 5373 1618 5426 ad
1639 5375 1882 5438 Patrem,
1899 5390 2028 5428 cum
2058 5391 2168 5444 quo

565 5454 908 5508 aeternaliter
937 5459 1146 5513 mansit
1165 5461 1356 5526 etiam,
1379 5478 1506 5514 cum
1528 5461 1915 5532 temporaliter
1941 5479 2166 5518 conver-

566 5547 790 5594 saretur
811 5542 872 5596 in
901 5547 1112 5600 mundo
1135 5567 1147 5601 :
1167 5565 1291 5617 quae
1311 5549 1580 5604 nimirum
1599 5550 1805 5605 itinera
1831 5551 2168 5606 desideravit

2241 3155 2600 3210 tabernacula
2630 3155 2954 3226 ASthiopum
2985 3174 2996 3207 :
3031 3154 3128 3208 sed
3153 3161 3211 3208 et
3240 3155 3360 3219 hoc,
3394 3151 3530 3222 quod
3549 3146 3759 3217 sequitur.

2240 3243 2621 3298 turbabuntur
2646 3244 2820 3314 pelles
2841 3250 3005 3297 terra:
3035 3243 3284 3307 Madian,
3319 3242 3548 3296 eosdem-
3573 3233 3762 3299 intelligat

2241 3333 2604 3388 tabernacula
2630 3333 2954 3403 zEthiOpum
2969 3338 3026 3386 et
3041 3331 3404 3385 tabernacula
3418 3335 3568 3383 terra:
3577 3322 3763 3380 Manlian.

2243 3422 2468 3476 Madian
2493 3428 2682 3476 autem
2712 3422 2769 3474 in
2801 3422 2995 3490 lingua
3024 3427 3220 3474 nostra
3249 3427 3412 3473 sonat
3439 3435 3498 3471 ex
3521 3414 3709 3485 judicio,
3725 3408 3760 3460 id

2243 3517 2346 3572 est,
2373 3529 2430 3564 1n
2456 3511 2999 3574 condemnationem,
3034 3515 3090 3562 et
3119 3509 3452 3571 ostenditur,
3485 3504 3615 3576 quod
3652 3508 3765 3554 metu

2237 3600 2433 3670 judicii
2463 3605 2914 3670 reternarumque
2946 3616 3243 3670 poenarum
3273 3613 3490 3667 semper
3513 3597 3565 3647 in
3602 3589 3765 3644 fortitu-

2243 3689 2373 3742 dine
2399 3689 2531 3754 sint,
2565 3695 2622 3742 et
2643 3689 2944 3751 cruciatus,
2993 3705 3132 3758 quos
3175 3705 3236 3741 se
3288 3687 3466 3739 sciunt
3508 3678 3763 3754 quotidiana

2246 3795 2449 3849 pavore
2479 3777 2774 3831 sustinere.
2807 3777 2986 3830 Aliter
3013 3782 3205 3830 autem
3237 3773 3581 3830 tabernacula
3603 3766 3762 3822 .Etbio-

2241 3882 2378 3937 pum
2407 3871 2772 3936 expavescent
2799 3873 2856 3918 et
2882 3865 3249 3918 tabernacula
3261 3871 3423 3918 terra;
3441 3860 3654 3918 Madian,
3673 3867 3762 3905 cum

2241 3960 2462 4022 gentes,
2491 3954 2829 4008 annuntiato
2849 3953 2954 4006 sibi
2979 3971 3078 4024 per
3099 3955 3382 4024 apostolos
3405 3946 3684 4016 Evangelia.
3697 3959 3764 3993 eo-

2243 4044 2372 4096 dem
2407 4043 2602 4096 auditu
2640 4043 2962 4113 eisdemque
2999 4042 3266 4113 operibus
3288 4045 3406 4112 jam
3435 4030 3766 4093 consummatis

2242 4131 2450 4185 servire
2479 4131 2719 4186 Domino
2749 4131 2806 4184 in
2827 4131 3045 4194 timore,
3061 4139 3121 4184 et
3138 4132 3419 4184 exsultare
3443 4128 3492 4181 ei
3521 4125 3767 4213 inciperent

2242 4236 2369 4274 cum
2397 4226 2660 4274 tremore.
2693 4221 2762 4274 Et
2781 4220 2922 4274 bene
2951 4220 3238 4290 zEthiopes
3291 4219 3468 4289 primo
3487 4212 3671 4293 posuit,
3697 4212 3764 4277 qui

2242 4316 2375 4363 sunt
2391 4310 2450 4362 in
2471 4309 2676 4362 ﬁnibus
2694 4309 2906 4373 mundi,
2923 4315 2986 4363 ut
3017 4309 3332 4362 insinuaret
3346 4305 3578 4377 mystice,
3592 4296 3767 4371 quodin

2241 4415 2465 4452 omnem
2495 4404 2706 4451 terram
2735 4398 2987 4451 exiturus
3016 4403 3160 4451 esset
3185 4413 3358 4450 sonus
3387 4393 3763 4466 praedicatorum.

2241 4492 2300 4540 et
2325 4486 2383 4540 in
2415 4488 2554 4540 fines
2583 4485 2733 4540 orbis
2773 4493 2938 4541 terra)
2969 4485 3137 4540 verba
3162 4502 3379 4540 eorum.
3419 4484 3638 4536 Faveant
3667 4487 3766 4540 eum!

2242 4576 2312 4629 ad
2341 4592 2545 4629 nomen
2577 4575 2785 4630 Christi
2811 4575 3118 4646 :Ethiopes,
3149 4581 3207 4628 et
3239 4575 3312 4628 ad
3344 4575 3479 4627 ﬁnes
3505 4568 3635 4622 orbis
3663 4562 3766 4616 fulva

2242 4665 2364 4734 ejus
2394 4670 2731 4735 perventura
2751 4665 3024 4733 signetur.
3046 4666 3295 4718 Paveant
3314 4669 3370 4717 et
3400 4656 3696 4716 Madianitae.
3723 4659 3766 4702 ut

2245 4753 2668 4808 mediterranea:
2689 4770 2909 4824 quoque
2936 4752 3124 4823 plebes
3153 4770 3256 4824 per
3302 4753 3443 4805 hanc
3483 4747 3772 4802 insinuentur

2245 4859 2365 4895 esse
2390 4842 2684 4895 salvandaa.
2720 4842 2879 4906 Quod
2908 4847 3098 4896 autem
3131 4859 3243 4895 non
3274 4841 3356 4894 ait
3403 4859 3414 4892 :
3456 4835 3700 4902 ,Ἑωίορῶ
3730 4835 3767 4874 ι’(

2244 4930 2564 4984 Madianitaz
2614 4937 2992 5002 expavescent,
3029 4931 3122 4983 sed
3165 4950 3176 4982 :
3219 4926 3570 4983 tabernacula
3610 4917 3770 4974 ,Ειιιίοο

2245 5036 2378 5090 pum
2405 5025 2787 5090 expavescent,
2820 5020 3020 5090 inquit,
3053 5027 3111 5073 et
3136 5017 3492 5073 tabernacula
3515 5020 3657 5067 terra:
3681 5005 3766 5099 Μξξ·

2244 5109 2396 5173 dian,
2431 5107 2527 5161 illo
2546 5109 2841 5162 locutionis
2867 5125 3074 5178 genere
3102 5108 3253 5172 dicit,
3292 5123 3400 5177 quo
3438 5105 3494 5157 in
3535 5093 3766 5162 Evangrli"

2245 5197 2453 5250 dictum
2486 5205 2574 5252 est
2603 5217 2614 5251 :
2652 5219 2673 5249 ι
2714 5199 2777 5252 Et
2810 5198 2946 5251 exiit
2984 5204 3105 5251 tota
3133 5197 3325 5250 civitas
3358 5193 3563 5247 obviam
3601 5188 3718 5240 Jesu.
3749 5201 3760 5222 ε

2245 5286 2378 5340 dum
2407 5303 2518 5339 non
2547 5287 2669 5357 ipsa
2699 5287 2912 5352 civitas,
2948 5287 3046 5340 sed
3078 5287 3134 5339 hi
3183 5287 3277 5356 qui
3319 5289 3476 5338 ei‘ant
3503 5281 3555 5332 in
3597 5273 3764 5329 civitate

2252 5375 2486 5429 exirent.
3725 5444 3732 5453 .

2321 5484 2344 5515 ι
2374 5464 2638 5535 Nunquid
2665 5465 2725 5519 in
2747 5464 3074 5518 ﬂuminibus
3093 5465 3266 5518 iratus
3277 5479 3356 5527 es,
3377 5459 3610 5516 Domine.
3626 5455 3704 5504 τιΠῖ
3725 5461 3761 5495 ¹¹¹

2251 5571 2278 5606 ε
2309 5553 2634 5608 ﬂuminibus
2665 5554 2822 5608 furor
2846 5560 2997 5620 tuus,
3017 5554 3100 5607 vel
3121 5553 3178 5606 in
3199 5552 3338 5606 mari
3355 5543 3638 5617 indignatio
3655 5547 3729 5590 um
3747 5535 3762 5580 .’
