3824 6152
105 225 117 232 .
142 271 236 326 1121

733 263 1104 320 COMMENT.
1145 265 1224 319 IN
1263 263 1577 320 CANTICA
1613 263 1778 327 ρυλε
1814 263 1912 317 AD
1949 262 2229 320 LAUDES
2266 265 2655 324 DICUNTUR.

3199 279 3335 335 H22

135 417 156 451 ι
180 395 255 467 qui
274 388 495 447 ascendis
534 405 705 459 super
731 406 905 460 equos
948 395 1093 457 tuos,
1125 397 1184 444 et
1211 390 1498 461 quadriga;
1537 387 1985 448 tuaeAcurribus
2031 389 2165 454 suis,
2224 390 2328 443 hoc
2375 398 2480 458 est,
2529 391 2590 446 in
2642 394 2938 451 animabus
2995 406 3338 472 sanctorum,

134 509 152 536 σ
175 482 380 538 salvatio.
414 477 694 531 Suscitans
730 479 1249 539 suscitabisarcum
1285 485 1467 542 tuum,
1495 479 1648 548 jura-

132 598 150 626 (ι
175 578 326 627 menta
349 566 609 632 tribubus,
642 584 764 637 quae
793 568 1013 622 locutus
1042 585 1120 621 es.
1153 587 1178 619 »
1212 569 1355 622 LXX
1390 585 1400 619 :
1440 588 1460 618 α
1496 569 1649 621 Nun-

129 663 228 733 quid
251 660 298 711 in
325 655 630 710 ﬂuminibus
657 656 836 710 iratus
860 673 940 719 es,
964 657 1216 719 Domine,
1252 663 1348 710 aut
1371 657 1428 710 in
1460 655 1646 711 ﬂumi-

128 750 252 805 nibus
275 748 409 799 t'uror
433 749 560 797 tuus
590 745 674 797 vel
706 744 763 798 in
795 745 936 799 mari
962 745 1206 816 impetus
1220 746 1387 800 tuus?
1406 745 1546 810 Quia
1565 762 1651 798 as-

129 839 282 893 cendes
303 851 452 904 super
477 849 649 903 equos
676 839 805 887 tuos
837 839 895 887 et
921 835 1194 905 equitatio
1221 841 1324 888 tua
1361 835 1533 898 salus,
1568 833 1649 887 in-

127 927 308 981 tendens
329 921 576 976 extendes
623 939 816 980 arcum
846 929 1007 976 tuum
1040 940 1210 994 super
1247 929 1482 994 sceptra,
1516 921 1650 976 dicit

127 1015 355 1070 Dominus.
376 1032 396 1061 ι
415 1010 568 1074 Quod
593 1011 672 1064 ita
691 1012 854 1080 juxta
882 1011 1126 1065 litteram
1157 1011 1392 1082 intelligi
1414 1017 1600 1083 potest
1629 1030 1645 1064 :

125 1106 242 1159 Sicut
258 1101 532 1155 Jordanem
562 1105 618 1153 et
635 1117 790 1153 mare
819 1100 1040 1154 siccasti
1063 1099 1313 1155 Rubrum
1344 1117 1446 1171 pro
1488 1099 1647 1154 nobis

124 1193 354 1254 dimicans,
376 1205 479 1242 non
501 1189 652 1242 enim
679 1189 1005 1243 ﬂuminibus
1029 1195 1088 1243 et
1098 1189 1241 1243 mari
1261 1189 1438 1243 iratus
1456 1205 1534 1254 es,
1549 1195 1649 1242 aut

121 1279 362 1351 quidquam
389 1276 733 1331 insensibilia
756 1278 1076 1332 offensionis
1097 1279 1427 1332 contrahere
1454 1283 1648 1348 potue-

121 1375 244 1422 runt:
267 1367 335 1420 ita
359 1383 499 1420 nunc
527 1367 827 1438 quadrigas
841 1368 1218 1421 conscendens
1245 1373 1392 1434 tuas,
1419 1384 1644 1424 arcum-

117 1475 196 1528 que
217 1454 508 1526 corripiens,
539 1455 779 1508 salutem
813 1455 972 1508 dabis
1013 1457 1218 1526 populo
1247 1461 1365 1520 tuo,
1399 1462 1455 1509 et
1483 1457 1644 1525 jura-

119 1553 276 1608 menta,
303 1561 414 1614 qua:
426 1544 632 1613 jurasti
657 1543 910 1614 patribus
940 1543 1146 1597 nostris
1171 1549 1228 1598 et
1257 1544 1531 1604 tribubus,
1557 1562 1646 1598 ex-

115 1634 322 1704 plebisin
349 1632 770 1702 sempiternum.
805 1633 964 1696 Quod
995 1638 1184 1686 autem
1219 1633 1354 1687 dicit
1381 1650 1392 1685 :
1431 1651 1458 1686 α
1490 1634 1644 1686 Nun-

116 1723 214 1794 quid
239 1723 286 1775 in
311 1721 629 1775 ﬂuminibus
659 1721 835 1775 iratus
865 1738 942 1786 es,
975 1721 1230 1787 Domine,
1249 1728 1348 1775 aut
1371 1721 1428 1775 in
1461 1715 1704 1775 ﬂumi—B

114 1812 237 1865 uibus
256 1811 394 1864 furor
420 1816 572 1874 tuus,
607 1810 694 1863 vel
719 1810 776 1863 in
820 1811 962 1864 mari
994 1810 1379 1880 impetustuus
1400 1811 1424 1863 ’ἲ
1462 1829 1488 1862 »
1513 1810 1649 1864 dicit

111 1900 315 1970 ambigue
351 1905 405 1952 et
429 1904 548 1953 tam
593 1899 994 1969 interrogantis
1045 1899 1284 1970 eloquio,
1317 1916 1486 1969 quam
1517 1916 1647 1970 pro-

116 1989 254 2042 bantis
281 2005 292 2039 :
320 1993 443 2042 sunt
461 1989 614 2042 enim
651 1995 708 2042 et
735 1987 881 2041 bona
915 1987 1168 2052 ﬂumina,
1193 1993 1326 2042 sunt
1363 1995 1421 2041 et
1459 1989 1608 2042 mala
1632 2005 1643 2040 :

111 2087 173 2130 est
195 2093 324 2130 mare
338 2076 660 2148 pessimum,
683 2082 740 2130 et
762 2082 849 2131 est
871 2093 1024 2130 mare
1040 2076 1334 2147 optimum.
1367 2077 1650 2130 Bonorum

110 2167 350 2219 ﬂuminum
379 2166 516 2219 illud
549 2166 868 2236 exemplum
899 2171 984 2218 est
1011 2183 1022 2218 :
1062 2185 1084 2216 ι
1114 2165 1386 2219 Fluminis
1407 2165 1648 2236 impetus

109 2255 300 2308 laetiﬁcat
323 2254 603 2309 civitatem
652 2255 876 2308 Domini
907 2257 1070 2322 (Psal.
1123 2257 1280 2322 XLV);
1323 2273 1349 2306 ιο
1393 2261 1466 2318 et,
1500 2253 1648 2324 quod

110 2361 130 2392 ι
153 2343 227 2412 qui
245 2344 305 2396 de
324 2360 464 2414 aqua
494 2343 720 2397 Domini
752 2343 972 2408 biberit,
997 2344 1178 2398 ﬂuent
1203 2343 1273 2396 de
1303 2348 1495 2397 ventre
1527 2343 1648 2412 ejus

107 2432 290 2485 ﬂumina
299 2449 448 2503 aqua:
468 2431 792 2486 salientisin
803 2431 972 2485 vitam
990 2439 1259 2486 aeternam
1273 2433 1452 2498 (Joan.
1471 2433 1564 2496 vn)
1582 2449 1593 2483 :
1621 2449 1644 2482 ι

107 2521 329 2574 malorum
357 2521 512 2584 illud,
552 2521 699 2591 quod
743 2521 961 2574 Pharao
998 2520 1250 2591 loquitur
1275 2519 1332 2574 in
1356 2520 1644 2574 Ezechiel:

109 2630 125 2656 ι
150 2610 251 2662 Mea
280 2617 404 2664 sunt
444 2609 706 2673 ﬂumina,
741 2615 798 2663 et
839 2626 941 2680 ego
986 2609 1088 2663 feci
1138 2609 1252 2673 illa,
1295 2630 1316 2660 ι
1351 2609 1410 2662 in
1447 2608 1650 2680 quibus

105 2698 235 2751 draco
259 2699 479 2763 habitat,
506 2705 568 2752 et
580 2699 758 2752 multa
776 2699 862 2751 his
881 2697 1105 2752 similia.
1128 2697 1398 2752 Similiter
1417 2704 1475 2751 et
1495 2714 1649 2751 mare

103 2786 144 2838 in
169 2785 341 2841 bonam
372 2794 595 2858 partem
623 2787 912 2858 accipitur,
947 2793 1009 2840 ut
1035 2793 1120 2840 est
1144 2787 1282 2840 illud
1311 2787 1459 2857 quod
1491 2787 1648 2840 Psal-

102 2875 228 2928 mista
249 2876 375 2930 dicit
401 2877 470 2930 de
507 2876 755 2930 Ecclesia
785 2893 796 2926 :
836 2898 857 2924 ι
885 2877 1008 2946 Ipse
1039 2892 1211 2946 super
1237 2875 1415 2929 maria
1455 2875 1650 2929 funda-

103 2963 160 3016 vit
183 2981 305 3028 eam,
346 2972 401 3020 et
439 2982 615 3037 super
643 2965 878 3020 ﬂumina
921 2965 1252 3036 praeparavit
1294 2965 1450 3018 illam
1477 2966 1645 3030 (Psal.

99 3059 156 3104 ui.
191 3076 205 3098 ι
235 3055 365 3108 Item
393 3055 450 3108 in
477 3034 709 3119 malam,
736 3059 800 3108 ut
827 3059 912 3108 est
925 3034 1072 3108 illud
1111 3072 1121 3106 :
1156 3077 1181 3102 ιι
1219 3054 1336 3107 Hoc
1358 3070 1513 3107 mare
1529 3070 1646 3106 ma-
1665 3034 1708 3094 (ἶ

94 3158 232 3210 gnum
260 3151 312 3196 et
336 3145 671 3214 spatiosum,
715 3143 829 3201 illic
857 3142 1096 3213 reptilia,
1131 3159 1368 3213 quorum
1414 3159 1528 3196 non
1566 3148 1652 3196 est

95 3247 316 3286 numerus
343 3236 528 3302 ({Psal.
556 3239 680 3300 cm),
709 3253 732 3283 »
767 3239 825 3286 et
852 3238 1072 3286 caetera.
1092 3233 1251 3296 Quod
1278 3231 1326 3285 si
1346 3231 1492 3285 bona
1519 3237 1651 3286 sunt

97 3320 288 3374 ﬂumina
313 3328 368 3375 et
394 3321 610 3375 bonum
628 3338 802 3385 mare,
821 3338 992 3391 super
1011 3337 1149 3391 quas
1167 3322 1194 3375 J
1201 3337 1328 3374 esus
1347 3321 1650 3374 Ecclesium

91 3425 218 3462 suam
241 3411 470 3464 collocat
498 3428 568 3464 ac
609 3417 906 3481 praeparat,
938 3409 1044 3464 etsi
1077 3411 1136 3463 in
1185 3410 1390 3463 malam
1433 3415 1651 3480 partem

90 3497 334 3567 accipitur,
351 3499 490 3553 illud
516 3516 672 3552 mare
695 3505 753 3553 et
785 3498 1036 3564 ﬂumina,
1060 3499 1130 3552 de
1159 3497 1361 3568 quibus
1379 3498 1650 3569 scriptum

87 3595 183 3638 est:
214 3608 238 3637 ι
269 3589 417 3642 Mare
447 3588 594 3641 vidit
640 3593 697 3640 et
736 3587 900 3657 fugit,
936 3587 1196 3641 Jordanis
1239 3604 1538 3641 conversus
1565 3593 1651 3641 est

89 3685 353 3730 retrorsum
394 3679 568 3742 (Psa'.
623 3681 793 3744 cxm),
833 3696 859 3729 ν
903 3693 1016 3730 non
1069 3676 1542 3740 inconvenienter,
1593 3682 1651 3730 et

85 3779 222 3832 equos
245 3765 415 3819 bonos
454 3773 517 3820 et
548 3783 719 3836 equos
749 3767 946 3826 malos,
981 3782 1082 3818 nec
1123 3782 1233 3818 non
1264 3771 1321 3819 et
1367 3782 1564 3818 currus
1595 3770 1653 3818 et

85 3853 344 3923 quadrigas
367 3855 550 3909 bonas
560 3855 618 3908 in
636 3854 970 3925 quibusdam
993 3855 1145 3918 locis,
1167 3859 1223 3906 et
1239 3854 1296 3907 in
1316 3853 1650 3923 quibusdam

83 3942 224 3995 malas
248 3943 460 4013 positas
489 3943 806 4013 intelligere
844 3960 1157 4014 possumus.
1187 3943 1330 3996 Nam
1360 3959 1558 3996 currus
1596 3948 1655 3997 et

82 4031 347 4101 quadrigas
381 4033 717 4097 Pharaonis,
752 4049 810 4086 in
842 4032 1027 4086 Exodo
1058 4032 1230 4086 maris
1272 4031 1531 4086 ﬂuctibus
1559 4031 1652 4085 de-

81 4133 260 4174 mersos
285 4121 564 4190 legimus;
598 4126 655 4174 et
678 4121 990 4174 econtrario
1019 4137 1256 4191 sponsus
1283 4120 1353 4174 ad
1386 4137 1650 4192 sponsam

78 4205 124 4258 in
143 4208 358 4264 Cantico
379 4210 735 4264 canticorum
767 4211 902 4264 dicit
927 4227 983 4262 ια
1006 4209 1292 4280 Equitatui
1317 4226 1440 4263 meo
1461 4209 1518 4264 in
1530 4227 1651 4264 cur-

1729 493 1900 548 super
1928 493 2067 547 quas
2095 479 2348 532 ascendit
2376 497 2560 534 sermo
2583 482 2822 549 divinus,
2871 491 2935 540 ut
2961 489 3195 544 suscitet
3240 509 3334 546 ar-

1728 583 1854 620 cum
1910 572 2231 620 sanctarum
2284 569 2738 639 Scripturarum:
2776 589 2841 627 ex
2893 575 3094 645 quibus
3121 579 3335 650 spicula

1729 654 2177 710 testimoniorum
2205 656 2522 712 divinorum
2553 660 2909 729 emittuntur,
2954 671 3011 719 et
3055 669 3334 740 compleat

1725 744 2052 812 juramenta
2070 745 2327 800 tribubus
2347 747 2722 820 Domini,qua3
2734 751 2950 807 locutus
2973 761 3061 809 est
3078 758 3330 826 patribus

1731 848 1946 887 eorum.
1980 833 2096 888 Illis
2126 833 2382 889 videlicet
2410 836 2688 904 tribubus,
2713 839 2782 893 de
2808 841 3010 911 quibus
3030 845 3332 903 Psalmista

1731 921 1802 974 de
1845 923 2156 976 Jerusalem
2194 924 2433 994 mystica
2487 925 2781 997 disputans
2809 929 2932 984 ait:
2996 933 3132 988 Illuc
3177 935 3332 991 enim

1729 1010 2102 1064 ascenderunt
2119 1011 2300 1066 tribus
2329 1013 2549 1068 Domini
2564 1015 2954 1072 testimonium
2983 1020 3044 1074 in
3066 1022 3237 1078 Israel
3257 1025 3326 1078 ad

1731 1099 2113 1154 conﬁtendum
2141 1101 2356 1155 nomini
2385 1102 2562 1172 ipsius
2594 1105 2759 1170 (Psal.
2792 1110 2962 1162 cxxn.
2980 1110 3221 1167 rPotest
3234 1130 3332 1168 au-

1728 1191 1844 1242 tem
1872 1188 1932 1242 in
1962 1189 2081 1255 hoc,
2101 1189 2249 1260 quod
2256 1191 2419 1260 juxta
2449 1191 2756 1248 editionem
2785 1196 2930 1250 LXX
2955 1197 3329 1270 interpretum

1729 1275 1936 1347 legitur
1962 1295 1974 1330 :
2013 1297 2039 1330 α
2071 1278 2338 1349 Nunquid
2367 1279 2424 1332 in
2455 1281 2786 1336 ﬂuminibus
2816 1283 2902 1338 ira
2929 1291 3047 1355 tua,
3070 1288 3328 1358 Domine,

1726 1370 1828 1418 aut
1847 1365 1905 1418 in
1936 1366 2262 1421 ﬂuminibus
2290 1367 2448 1422 furor
2467 1374 2618 1435 tuus,
2671 1376 2770 1424 aut
2798 1371 2856 1426 in
2887 1375 3028 1428 mari
3085 1377 3330 1450 impetus

1727 1458 1862 1506 tuus
1889 1454 1912 1506 ?
1943 1472 1969 1505 ι
1994 1455 2291 1510 ﬂuminum
2323 1463 2381 1510 et
2409 1458 2580 1512 maris
2611 1460 2878 1514 vocabulo
2898 1464 3068 1519 corda
3094 1468 3330 1538 exprimi

1727 1541 2059 1608 inﬁdelium,
2092 1561 2214 1614 qua:
2255 1545 2489 1600 ﬂumina
2527 1555 2678 1602 recte
2720 1557 3008 1617 vocantur,
3036 1554 3169 1625 quia
3213 1562 3332 1612 toto

1725 1630 2052 1685 intentionis
2079 1632 2294 1704 impetu
2322 1635 2394 1688 ad
2423 1635 2688 1690 inferiora
2714 1637 2988 1694 deﬂuunt.
3012 1643 3183 1710 Mare,
3199 1645 3330 1715 quia

1729 1719 1968 1773 turbidis
1986 1721 2228 1792 amarisq
2236 1739 2304 1776 ue
2316 1723 2747 1793 cogitationibus
2762 1727 2914 1782 intus
2941 1729 3331 1801 obscurantur,

1729 1813 1788 1862 et
1813 1825 1982 1879 super
2025 1815 2254 1864 caeteros
2275 1828 2398 1865 sese
2428 1813 2661 1868 tumidis
2691 1816 2968 1884 jactantia
3013 1821 3332 1891 gurgitibus

1731 1897 2022 1952 extollunt.
2055 1899 2322 1968 Nunquid
2364 1917 2498 1971 ergo
2523 1901 2622 1968 ait,
2653 1909 2773 1958 tam
2797 1907 3045 1974 graviter
3073 1926 3332 1980 peccave-

1731 1991 1866 2040 runt
1878 1987 1954 2052 hi,
1973 1987 2070 2057 qui
2080 1992 2327 2041 mentem
2349 1989 2714 2046 acaelestibus
2727 1993 3019 2050 desideriis
3039 1996 3097 2051 in
3117 2001 3331 2070 appeti-

1731 2081 1852 2129 tum
1883 2076 2218 2145 demergunt
2246 2076 2620 2144 infirmorum,
2647 2081 2856 2152 quique
2876 2083 3022 2139 fastu
3042 2086 3219 2142 animi
3246 2089 3330 2143 in-

1729 2163 1947 2218 stabilis
1984 2166 2107 2219 sese
2134 2171 2332 2219 contra
2351 2166 2632 2237 proximos
2661 2169 2904 2238 erigunt,
2926 2178 2992 2226 ut
3018 2173 3077 2229 in
3123 2175 3330 2231 talibus

1731 2253 1834 2319 ira,
1862 2270 2032 2323 quam
2063 2259 2372 2320 merentur,
2405 2272 2692 2327 nunquam
2714 2258 2978 2316 solvenda
2990 2271 3328 2333 perseveret,

1731 2357 1804 2395 an
1834 2341 2094 2397 omnibus
2125 2360 2226 2414 per
2244 2343 2455 2408 orbem,
2491 2345 2604 2399 sive
2619 2345 2812 2410 levius,
2832 2348 2944 2403 sive
2961 2351 3188 2420 gravius
3207 2369 3332 2424 pec-

1731 2430 1992 2485 cantibus
2021 2431 2077 2485 in
2119 2432 2328 2486 mundo
2365 2449 2642 2504 apparens
2675 2435 2918 2504 gratiam
2957 2445 3066 2494 tuae
3103 2440 3330 2511 pietatis

1732 2517 2031 2590 impendis.
2067 2520 2210 2574 Nam
2239 2538 2406 2576 cerno
2437 2522 2663 2593 quidem
2692 2531 2749 2576 te
2777 2527 3058 2596 apostolos
3085 2530 3157 2584 ad
3185 2547 3331 2601 pra:-

1732 2608 2030 2662 dicandam
2044 2608 2309 2679 gentibus
2323 2611 2564 2680 gloriam
2578 2617 2736 2666 tuam
2757 2630 2878 2667 esse
2890 2615 3216 2684 missurum,
3231 2621 3330 2675 sed

1733 2697 1828 2767 qui
1861 2703 1995 2752 sunt
2025 2697 2309 2763 credituri,
2335 2705 2445 2754 tuae
2484 2705 2589 2765 est,
2622 2717 2737 2756 non
2764 2701 3025 2759 humanae
3044 2707 3334 2776 cogitatio-

1731 2785 1839 2839 nis.
1873 2787 1990 2840 Hoc
2013 2792 2098 2840 est
2126 2787 2277 2841 enim
2299 2788 2447 2858 quod
2473 2789 2754 2860 sequitur:
2795 2809 2821 2843 α
2846 2791 3123 2856 Quoniam
3143 2813 3333 2852 ascen-

1733 2874 1870 2928 dens
1900 2875 2168 2929 ascendes
2214 2893 2384 2947 super
2418 2893 2592 2947 equos
2620 2883 2766 2944 tuos,
2800 2885 2858 2934 et
2888 2881 3172 2952 equitatus
3199 2890 3334 2940 tuus

1729 2963 1960 3030 sanitas,
2001 2983 2023 3014 ι
2057 2964 2112 3017 id
2142 2969 2245 3029 est,
2270 2965 2578 3020 ascendens
2611 2966 2669 3020 in
2697 2968 2865 3022 corde
2883 2970 3188 3027 electorum
3207 2978 3332 3029 tuo-

1730 3069 1859 3107 rum
1878 3069 1980 3123 per
1993 3052 2465 3108 illuminationem
2477 3055 2692 3124 gratiae,
2718 3073 2820 3128 per
2840 3074 3010 3128 quam
3035 3066 3092 3115 te
3104 3069 3334 3134 regente

1730 3141 1842 3195 iter
1867 3141 2142 3196 virtutum
2185 3141 2466 3209 incedant,
2498 3161 2601 3214 per
2637 3162 2760 3216 quae
2807 3146 3000 3202 orbem
3045 3155 3228 3206 totum
3274 3159 3333 3208 te

1733 3229 2162 3301 evangelizando
2182 3231 2424 3286 ferentes
2466 3239 2750 3311 perpetuae
2780 3235 2980 3292 salutis
3011 3240 3220 3296 mundo
3248 3241 3334 3296 vi-

1731 3325 1849 3372 tam
1891 3319 2212 3390 praedicent.
2247 3320 2422 3390 Cujus
2455 3321 2736 3392 equitatus
2769 3325 2954 3394 ﬁgura
2973 3327 3145 3382 etiam
3169 3330 3333 3400 juxta

1732 3407 1980 3461 litteram
2007 3407 2063 3461 in
2088 3407 2326 3463 Domino
2355 3415 2670 3464 monstrata
2699 3418 2800 3476 est,
2845 3430 2973 3468 cum
3003 3415 3330 3490 Hierosoly-

1733 3513 1885 3550 mam
1919 3495 2156 3550 tendens
2209 3496 2440 3550 sedebat
2484 3497 2643 3552 asino
2668 3500 3090 3558 concinentibus
3125 3507 3326 3572 turbis,

1733 3601 1856 3655 qua:
1871 3583 2358 3648 antecedebant,et
2369 3601 2493 3656 qum
2509 3587 2854 3657 sequebantu
2861 3597 3102 3662 r,etquie
3112 3593 3333 3649 obviam

1730 3672 2028 3726 veniebant
2058 3691 2068 3724 :
2108 3693 2132 3724 ι
2161 3674 2444 3736 Hosanna,
2479 3673 2803 3730 benedictus
2832 3678 2928 3748 qui
2964 3686 3116 3735 vemt
3149 3681 3208 3736 in
3236 3699 3333 3738 no-

1733 3761 1883 3815 mine
1903 3761 2125 3815 Domini
2153 3763 2372 3832 (ΜαιτΙι.
2408 3765 2521 3832 xx.)
2556 3784 2580 3816 ι)
2615 3764 2678 3818 In
2725 3781 2837 3834 qua
2863 3767 3210 3838 equitatione
3247 3789 3334 3826 sa-

1733 3851 1882 3904 nitas
1905 3849 2223 3916 resonabat,
2249 3851 2381 3922 quia
2409 3851 2678 3906 nimirum
2692 3853 2916 3908 illorum
2947 3856 3055 3910 iter
3081 3859 3334 3930 spiritale

1734 3938 2080 4009 signabatur,
2107 3955 2218 4010 quo
2246 3939 2475 3994 domino
2505 3941 2646 3995 duce
2674 3958 2774 4012 per
2800 3945 3082 4014 apostolos
3108 3947 3180 4002 ad
3209 3949 3332 4019 ejus

1735 4045 1858 4099 qua
1889 4045 2113 4084 sursum
2135 4033 2222 4083 est
2247 4029 2580 4097 Jerusalem,
2615 4047 2738 4102 quae
2766 4038 2852 4086 est
2876 4039 3060 4088 mater
3079 4037 3354 4106 omnium,

1733 4123 1989 4172 nostrum
2027 4117 2264 4172 videnda
2293 4135 2470 4188 regna
2489 4119 2773 4175 dicuntur.

1808 4225 1835 4260 οι
1863 4207 2119 4260 Tendens
2146 4207 2411 4260 extendes
2424 4223 2612 4262 arcum
2628 4214 2790 4264 tuum
2801 4228 2972 4284 super
2985 4220 3222 4286 sceptra,
3247 4217 3333 4271 di-

79 4294 208 4349 tibus
237 4297 556 4354 Pharaonis
585 4299 889 4353 assimilavi
919 4304 994 4365 te,
1020 4299 1272 4370 proxima
1308 4316 1434 4352 mea
1466 4301 1646 4366 (Cant.
1672 4337 1720 4395 Β
1737 4313 1766 4347 α
1795 4295 1872 4349 cit
1899 4295 2191 4349 Dominus.
2218 4296 2463 4350 bArcum
2479 4297 2995 4370 dicitimprovisum
3011 4303 3184 4358 divini
3201 4322 3332 4359 exa-

79 4389 141 4446 Χ).
175 4405 196 4434 ι
228 4403 336 4440 non
367 4406 486 4458 quo
541 4388 798 4442 Christus
846 4387 1152 4443 Ecclesiam
1198 4387 1312 4441 sive
1342 4405 1525 4442 sermo
1557 4387 1655 4444 Dei

77 4472 314 4540 animam,
347 4494 528 4548 quam
549 4494 809 4548 sponsam
830 4493 990 4531 suam
1005 4483 1183 4544 vocat,
1208 4477 1494 4547 quadrigis
1507 4494 1655 4531 com-

77 4571 213 4628 paret
241 4565 579 4626 Pharaonis,
625 4567 722 4620 sed
775 4583 884 4637 quo
933 4566 1115 4619 omnis
1159 4565 1367 4631 anima,
1401 4567 1654 4636 quamvis

76 4659 244 4705 sancta
273 4654 346 4707 sit
367 4661 548 4726 atque
578 4656 844 4725 perfecta,
867 4655 938 4708 ad
955 4655 1136 4708 Deum
1149 4655 1657 4726 comparata,quasi

74 4756 246 4795 currus
276 4743 598 4798 Pharaonis
617 4744 709 4807 sit,
733 4750 790 4797 et
801 4744 1142 4813 jumentum.
1179 4742 1336 4797 Unde
1365 4749 1422 4797 et
1439 4745 1658 4815 Moyses

77 4827 300 4898 loquitur
317 4833 391 4886 ad
423 4833 610 4887 Deum
636 4850 691 4884 τα
725 4833 840 4902 Ego
859 4837 1050 4886 autem
1081 4848 1206 4886 sum
1225 4831 1653 4896 irrationabilis;

76 4923 119 4967 et
159 4919 326 4974 David
359 4939 370 4972 :
411 4941 435 4970 ι
474 4923 802 4976 Jumentum
840 4921 1020 4975 factus
1058 4937 1182 4975 sum
1221 4921 1370 4991 apud
1405 4928 1460 4975 te
1485 4921 1653 4991 (Psal.

79 5008 243 5076 mn),
282 5029 304 5058 ι
340 5027 461 5064 non
514 5027 624 5081 quo
652 5009 905 5064 absolute
929 5011 1253 5079 jumentum
1294 5010 1383 5075 sit,
1412 5011 1508 5064 sed
1547 5026 1657 5080 quo

77 5096 200 5162 apud
229 5098 411 5152 Deum
428 5101 756 5168 jumentum
777 5099 866 5152 sit.
901 5118 927 5150 «
961 5099 1248 5153 Suscitans
1267 5115 1399 5169 ergo
1425 5099 1659 5153 suscitat

76 5197 242 5238 arcum
271 5204 444 5240 suum
477 5188 769 5252 Dominus,
795 5193 964 5259 atque
979 5188 1223 5241 intendit
1239 5187 1472 5258 sagittas
1491 5204 1660 5258 super

73 5279 285 5342 sceptra,
319 5298 335 5320 ο
378 5276 438 5330 id
471 5282 577 5340 est,
606 5293 780 5347 regna
809 5275 1034 5341 diaboli,
1069 5293 1191 5347 quae
1219 5277 1502 5330 contraria
1527 5283 1662 5330 sunt

77 5358 286 5416 Domino
315 5364 374 5418 in
405 5365 648 5420 diversis
678 5365 828 5419 vitiis
861 5371 920 5418 et
951 5365 1212 5436 peccatis,
1256 5365 1360 5418 hoc
1399 5371 1502 5429 est,
1535 5381 1660 5418 ava-

75 5446 201 5514 ritia,
230 5451 480 5516 luxuria,
521 5453 746 5521 invidia,
771 5454 1135 5518 detractione,
1168 5453 1333 5508 furtis
1353 5459 1520 5523 atque
1539 5469 1660 5523 per-

75 5536 236 5604 iuriis,
269 5541 580 5596 adversum
601 5559 723 5612 quae
751 5559 937 5597 sermo
967 5543 1068 5597 Dei
1099 5542 1299 5596 sedens
1329 5540 1388 5595 in
1408 5540 1566 5610 equis
1604 5545 1662 5595 et

1735 4384 1902 4438 minis
1932 4383 2252 4450 adventum,
2286 4401 2396 4456 quo
2423 4385 2598 4440 etiam
2641 4393 2877 4458 sceptra,
2922 4391 2978 4444 id
3033 4398 3136 4456 est,
3161 4409 3336 4463 regna

1737 4473 1931 4527 mundi
1961 4472 2335 4527 examinanda
2384 4489 2506 4528 esse
2556 4476 2827 4544 praevidit.
2868 4479 3168 4534 Insinuans
3197 4498 3332 4552 ergo

1737 4563 2032 4633 Propheta,
2060 4561 2194 4632 quid
2221 4562 2493 4616 Dominus
2511 4569 2704 4618 noster
2728 4581 2900 4635 equos
2921 4569 3242 4636 ascendens,
3277 4571 3335 4625 id

1741 4656 1843 4714 est,
1868 4651 2149 4722 apostolos
2171 4657 2228 4704 et
2255 4667 2448 4705 eorum
2477 4668 2827 4708 successores
2879 4657 3066 4725 gratia
3092 4675 3197 4713 sua
3223 4659 3333 4714 im-

1739 4740 1897 4811 plens
1926 4756 1990 4793 ac
2016 4756 2216 4809 regens
2245 4745 2376 4808 agat
2396 4740 2454 4793 in
2483 4740 2614 4804 illis,
2641 4758 2668 4792 «
2701 4741 3016 4812 intendens,
3033 4746 3219 4818 inquit
3246 4765 3336 4803 ex-

1741 4828 1936 4882 tendes
1965 4845 2158 4882 arcum
2178 4833 2340 4881 tuum
2389 4845 2558 4900 super
2595 4835 2832 4900 sceptra,
2870 4832 2927 4886 id
2963 4840 3066 4896 est,
3099 4838 3335 4891 commi-

1739 4934 1881 4971 nans
1939 4934 2037 4988 per
2081 4917 2337 4970 doctores
2375 4917 2807 4974 comminaberis
2849 4922 3126 4992 judicium
3170 4930 3333 4980 tuum

1739 5007 1925 5062 subito
1945 5007 2338 5070 adventurum,
2364 5011 2427 5060 ut
2454 5006 2792 5079 quicumque
2831 5010 2901 5064 ad
2950 5012 3335 5068 comminatio-

1740 5112 1868 5150 nem
1887 5095 1982 5150 ira:
2005 5095 2162 5165 quasi
2192 5094 2262 5149 ad
2291 5100 2576 5150 extentum
2604 5113 2794 5151 arcum
2816 5099 3047 5154 territus
3066 5101 3252 5167 fuerit,
3277 5107 3334 5156 et

1740 5185 1934 5256 pietati
1955 5191 2064 5238 tuae
2089 5184 2402 5254 supplicare
2438 5185 2732 5251 curaverit,
2757 5187 3116 5243 emissionem
3155 5191 3332 5261 sagit-

1740 5281 1948 5337 tarum,
1973 5273 2029 5326 id
2070 5279 2172 5336 est,
2209 5273 2702 5328 comminationem
2747 5290 2857 5329 non
2886 5278 3093 5333 sentiat
3139 5297 3334 5349 peren-

1742 5363 1898 5417 nium
1925 5377 2233 5433 puanarum.
2266 5361 2424 5425 Quod
2449 5366 2639 5416 autem
2672 5364 3017 5433 prmmittens
3050 5369 3334 5425 «tendens

1743 5452 2008 5506 extendes
2027 5467 2217 5504 arcum
2237 5455 2398 5504 tuum
2429 5466 2600 5521 super
2612 5457 2852 5522 sceptra,
2883 5472 2909 5505 »
2941 5455 3174 5523 addidit,
3211 5459 3337 5514 «di-

1742 5541 1819 5595 cit
1842 5539 2130 5604 Dominus,
2171 5559 2195 5590 »
2233 5539 2412 5594 Deum
2427 5539 2654 5594 Patrem
2671 5539 2968 5612 signiﬁcat,
2993 5545 3063 5600 de
3090 5563 3201 5618 quo
3214 5548 3335 5620 ipse
