3824 6152
166 284 273 341 ιω

764 278 1135 333 comam.
1179 278 1257 332 IN
1296 277 1611 332 CANTICA
1648 275 1815 340 qua:
1851 274 1949 328 an
1986 274 2271 330 LAUBES
2305 260 2693 331 meum.

3136 240 3143 249 “
3235 274 3372 330 1126

163 407 307 472 nobis,
328 401 704 473 angtiamini
751 407 942 455 autem
985 403 1044 455 in
1102 401 1407 455 visceribus
1458 400 1681 462 vestris,
1701 403 1749 459 Α
1768 398 1981 453 bitione
2011 398 2256 451 coerciti.
2281 400 2351 452 Et
2377 399 2649 470 corripuit
2672 415 2772 470 pro
2804 399 2887 452 eis
2908 414 3098 469 reges:
3134 416 3161 450 α
3186 398 3372 453 Nolite

159 507 375 565 tanquam
401 492 517 544 ﬁliis
544 490 686 551 dico,
720 491 1035 544 dilatamini
1078 497 1134 544 et
1162 508 1276 543 vos.
1314 490 1470 543 Unde
1500 496 1688 543 autem

164 587 227 639 vel
261 599 354 653 quo
394 579 576 632 ordine
630 580 966 648 provenerit,
1023 584 1088 633 ut
1143 578 1485 633 saluum-bus
1526 579 1689 649 aquis

161 673 354 728 mundus
378 674 779 739 aspergeretur,
803 674 976 739 utque
1008 668 1245 739 abyssns
1265 668 1555 738 sapientia
1583 685 1689 721 cce-

161 762 283 816 lestis
322 758 470 814 terris
498 757 823 823 intonuerit,
868 765 1168 828 sequenter
1209 757 1526 811 ostenditur
1560 773 1687 810 cum

159 851 322 905 dicitm'
340 867 349 900 :

213 957 235 989 α
260 938 488 991 Elevatus
508 941 594 987 est
619 936 701 987 sol
732 940 789 988 et
814 935 945 988 luna
971 934 1129 988 stetit
1166 935 1221 988 in
1265 936 1462 989 ordine
1492 951 1611 988 suo.
1660 953 1681 985 ι

161 1029 370 1082 Elevatus
384 1030 461 1077 est
489 1024 639 1077 enim
677 1023 969 1086 Dominus,
1002 1025 1085 1076 sol
1123 1024 1382 1077 videticet
1423 1024 1682 1093 justitize,

158 1122 251 1187 post
274 1114 560 1186 passionem
591 1129 657 1165 ac
686 1113 1153 1166 resurrectionem
1183 1129 1345 1166 suam
1373 1113 1431 1166 in
1460 1114 1683 1175 coelum,

158 1211 201 1258 et
222 1204 365 1257 misso
390 1218 420 1255 a
464 1202 630 1254 Patre
673 1200 885 1270 Spiritu
928 1200 1231 1254 illustravit
1270 1201 1596 1267 Ecclesium,
1625 1218 1688 1254 ac

156 1300 299 1346 totum
321 1290 561 1343 dilatavit
583 1289 641 1343 in
667 1290 879 1353 orbem,
917 1297 980 1342 ut
1017 1290 1138 1359 ipsa
1166 1290 1227 1342 in
1254 1290 1448 1343 ordine
1478 1306 1605 1351 suo,
1632 1291 1683 1342 id

155 1385 344 1451 estpost
358 1366 643 1449 impich
659 1378 962 1432 Dominicis
982 1378 1386 1432 incarnationis
1412 1394 1622 1432 arcano
1632 1394 1686 1431 In

154 1490 179 1523 ις
200 1472 334 1538 longe
358 1467 596 1538 perfidiae
628 1469 895 1537 languore
922 1484 1225 1535 exsurgens
1261 1474 1437 1520 staret
1464 1467 1520 1520 in
1557 1469 1683 1529 fide,

156 1558 340 1610 viriliter
364 1561 641 1625 ageret,et
664 1556 1075 1609 confortaretur
1104 1556 1160 1608 in
1190 1556 1462 1609 charitate
1491 1557 1683 1627 ipsius.

153 1648 203 1700 Et
222 1646 331 1716 quia
361 1644 457 1698 soli
484 1644 794 1710 Christum,
832 1644 1129 1698 Ecclesium
1158 1645 1305 1699 lunai
1325 1662 1686 1716 comparave-

1772 495 2004 556 tangere
2058 487 2303 541 christos
2352 505 2504 542 meos
2553 490 2711 556 (Psal.
2746 491 2868 555 ριν).
2905 506 2933 540 ι)
2961 488 3154 542 Salvos
3182 494 3371 541 autem

1770 576 1900 630 fecit
1927 575 2167 630 christos
2213 593 2362 639 suos,
2401 594 2513 631 non
2552 594 2691 647 quos
2738 576 2976 630 christos
3004 576 3233 641 invenit,
3274 576 3370 630 sed

1770 682 1910 735 quos
1938 665 2275 735 egrediendo
2304 682 2339 718 a
2368 667 2531 719 Patre
2567 673 2625 719 et
2652 667 2711 719 in
2731 682 2899 721 carne
2917 666 3240 736 apparentia
3272 681 3372 737 per

1770 754 2086 824 adoptionis
2133 754 2405 824 Spiritum
2447 755 2708 815 christos,
2756 755 2811 807 id
2844 760 2948 817 est,
2993 760 3193 808 unctos
3237 769 3369 807 suos

1768 842 1917 895 fecit.
1954 844 2034 896 De
2055 859 2165 913 qua
2195 843 2457 896 unctione
2487 859 2722 896 monens
2742 859 2874 897 suos
2896 842 3181 896 auditores
3199 843 3373 895 Joan-

1768 948 1868 985 nes
1890 932 2177 1001 apostolus
2207 932 2343 985 dicit
2377 948 2387 982 :
2416 951 2442 983 ς(
2477 933 2545 985 Et
2570 946 2668 985 vos
2696 932 3039 996 unctionem,
3075 947 3247 1001 quam
3274 947 3374 984 ac-

1768 1020 1993 1091 cepistis
2022 1020 2097 1073 ab
2112 1034 2201 1083 eo,
2233 1028 2458 1073 maneat
2494 1020 2550 1073 in
2574 1020 2730 1073 vobis
2753 1023 2799 1089 (Ι
2825 1023 2988 1073 Joan.
3023 1024 3101 1087 ιι).

1845 1128 1871 1157 τ(
1908 1109 2111 1163 Misisti
2141 1109 2197 1162 in
2227 1109 2412 1179 capita
2439 1110 2794 1163 inimicorum
2825 1115 3083 1174 mortem,
3113 1108 3366 1163 excitasti

1774 1215 1802 1249 α
1838 1198 2057 1252 vincula
2070 1215 2251 1269 usque
2280 1196 2349 1251 ad
2393 1197 2686 1252 cervices.»
2706 1197 2978 1251 Dominus
3002 1197 3151 1251 enim
3166 1198 3370 1252 occidit

1770 1294 2079 1357 peccatum.
2116 1287 2345 1340 mittens
2387 1287 2443 1340 in
2482 1288 2667 1355 cupita
2714 1286 3068 1340 inimicorum
3110 1292 3368 1349 mortem,

1770 1382 1834 1429 ut
1860 1376 2100 1429 vivificet
2131 1376 2385 1449 justitiae.
2414 1376 2607 1429 Dicam
2629 1374 2842 1444 aliquid
2864 1375 3130 1429 audacius
3165 1394 3175 1428 :
3211 1375 3371 1429 Chri-

1770 1468 1890 1517 stus
1920 1465 1989 1517 ad
2018 1465 2121 1517 hoc
2148 1465 2300 1517 venit
2328 1465 2385 1517 in
2415 1464 2708 1528 mundum,
2727 1464 2867 1516 utin
2892 1463 3077 1533 capita
3106 1464 3365 1518 inimico-

1771 1569 1893 1605 rum
1910 1554 2160 1606 mitteret
2179 1560 2438 1617 mortem,
2456 1559 2513 1606 et
2547 1553 2692 1606 sicut
2728 1553 2845 1622 ipse
2868 1557 3093 1622 peccato
3112 1558 3367 1605 mortuus

1770 1648 1855 1694 est
1885 1642 2075 1702 semel.
2112 1642 2192 1694 sic
2232 1649 2289 1694 et
2329 1643 2409 1695 illi
2458 1650 2815 1695 morerentur
2853 1640 3156 1711 iniquitati,
3190 1647 3248 1693 et
3278 1640 3374 1710 qui

152 1742 233 1797 rat,
257 1741 369 1805 apte
385 1735 453 1788 ad
474 1734 737 1788 eumdem
760 1734 935 1787 solem
952 1750 1251 1787 conversus
1273 1734 1536 1788 continuo
1562 1733 1689 1787 sub-
1704 1717 1750 1778 Β
1773 1730 1903 1783 facti
1932 1730 2157 1782 fuerant
2186 1730 2485 1800 participes
2525 1731 2747 1793 mortis,
2785 1732 2955 1811 hujus
2993 1730 3118 1783 vitae
3156 1746 3376 1799 quoque.

147 1823 286 1892 jecit:

205 1928 229 1962 ι
254 1913 305 1964 In
325 1911 528 1965 lumine
542 1911 732 1981 jacuia
749 1916 851 1964 tua
876 1911 1037 1964 ibunt
1059 1911 1116 1965 in
1132 1912 1428 1982 splendore
1456 1910 1690 1980 fulgoris

154 2024 168 2048 ς
192 2015 437 2053 morum
465 2004 717 2053 tuorum.
752 2019 777 2049 »
823 2000 1017 2053 lanula
1049 2006 1236 2053 autem
1284 1999 1493 2054 Christi
1522 1999 1691 2052 verba

148 2096 253 2141 sunt
266 2088 419 2153 illius,
451 2088 661 2158 quibus
686 2089 853 2141 corda
888 2089 1177 2142 hominum
1217 2095 1685 2159 compunguntur,

151 2186 195 2231 ut
218 2178 425 2230 salutari
447 2178 680 2231 vulnere
709 2177 942 2238 inﬂicto,
977 2178 1154 2247 possit
1177 2178 1367 2231 annua
1396 2176 1576 2230 fidelis
1603 2177 1689 2229 di-

145 2283 263 2331 cere,
300 2267 584 2319 vulnerata
620 2266 895 2320 charitate
945 2284 1048 2335 ego
1097 2282 1242 2331 sum,
1278 2284 1400 2336 quae
1436 2266 1695 2319 videlicet

142 2356 292 2423 jacula
316 2355 373 2408 in
388 2356 598 2409 lmine
629 2362 783 2415 cunt,
804 2355 937 2425 quia
954 2355 1265 2408 ministerio
1284 2356 1579 2408 doctorum
1607 2371 1724 2409 ve-'

144 2445 291 2497 rimis
318 2445 479 2498 verba
504 2445 725 2497 mundo
738 2446 921 2514 palam
951 2444 1335 2505 innotuerunt,
1361 2445 1523 2513 juxta
1545 2445 1691 2514 quod

144 2532 239 2601 ipsa
262 2533 464 2586 Veritas
492 2533 713 2586 eisdem
742 2533 1012 2603 praecipit,
1048 2533 1238 2585 dicens
1289 2553 1299 2584 :
1341 2551 1365 2584 ι
1397 2534 1529 2595 Quae
1570 2533 1692 2585 dico

142 2620 263 2674 vobis
292 2622 342 2675 in
361 2622 611 2675 tenebris
642 2622 811 2675 dicite
842 2622 899 2675 in
941 2622 1172 2683 lumine,
1206 2628 1264 2675 et
1291 2622 1443 2691 quod
1468 2622 1525 2674 in
1556 2637 1691 2674 aure

139 2709 333 2763 audistis
358 2711 660 2780 praedicate
690 2727 859 2780 super
886 2715 1033 2763 tecta
1078 2712 1219 2773 (Luc.
1249 2714 1343 2773 xu)
1373 2729 1385 2777 ;
1413 2727 1441 2761 ιι
1466 2716 1524 2763 et
1552 2727 1691 2780 quo-

138 2798 258 2852 niam
283 2800 497 2869 eloquia
534 2800 674 2853 lucis
703 2805 897 2852 secuta
935 2806 1020 2852 est
1047 2799 1219 2852 etiam
1263 2799 1488 2852 claritas
1519 2799 1692 2851 mira-

135 2888 363 2950 aliorum,
391 2889 615 2942 addidit
649 2908 661 2953 ;
695 2888 761 2941 in
789 2888 1086 2959 splendore
1130 2887 1364 2957 fulgoris
1405 2903 1692 2941 armorum

1772 1820 1975 1871 ﬁerent
1996 1817 2314 1888 participes.
2360 1819 2665 1872 Suscitavit
2684 1820 2959 1873 Dominus
2988 1818 3210 1872 vincula
3240 1817 3373 1871 cha-

1771 1907 1976 1969 ritatis,
2009 1914 2074 1960 ut
2102 1907 2273 1977 priori
2297 1923 2468 1960 onere
2487 1907 2762 1977 deposito,
2787 1912 2844 1960 et
2870 1907 3200 1976 gravissimo
3215 1908 3375 1977 jugo,
3456 1904 3465 1911 “

1773 2011 1884 2065 quo
1910 1996 2327 2066 premebantur,
2381 1995 2621 2064 abjecto,
2656 1996 2774 2049 leve
2817 1995 3025 2049 Christi
3063 1995 3378 2065 suscipere-

1772 2098 1899 2138 mus
1921 2086 2140 2154 jugum,
2166 2089 2231 2137 ut
2273 2085 2331 2138 in
2368 2101 2536 2137 curru
2569 2084 2717 2137 illius
2746 2083 2913 2153 positi
2943 2083 3199 2153 aurigam
3228 2084 3375 2153 opti—

1774 2190 1933 2227 mum
1981 2180 2352 2243 portaremus,
2388 2173 2539 2243 quod
2571 2178 2628 2226 et
2664 2172 2829 2226 aliter
2872 2172 3111 2241 intelligi
3142 2176 3328 2241 potest
3362 2190 3372 2223 :

1778 2263 1873 2332 qui
1894 2263 2044 2316 enim
2075 2262 2269 2316 electis
2284 2262 2418 2325 suis,
2442 2277 2582 2331 quos
2611 2261 2849 2315 christos
2880 2260 3261 2331 appellaverat
3278 2277 3377 2329 per

1779 2352 2118 2421 Prophetam
2169 2351 2439 2421 gaudium
2472 2350 2671 2403 salutis
2705 2348 2936 2407 obtulit;
2980 2349 3096 2419 ipse
3127 2348 3254 2413 illis,
3282 2348 3377 2419 qui

1776 2441 1896 2509 ejus
1935 2440 2070 2509 ungi
2128 2440 2313 2509 gratia
2344 2439 2731 2508 neglexerunt,
2767 2444 3007 2492 mortem
3039 2437 3195 2491 misit
3221 2445 3379 2491 aiter-

1774 2544 1926 2589 nam,
1954 2528 2098 2597 quod
2132 2528 2185 2580 in
2220 2528 2339 2597 ipsa
2367 2526 2889 2596 genteJudeeorum,
2923 2542 3047 2595 quae
3070 2525 3373 2579 Dominum

1775 2618 1833 2670 in
1865 2628 2034 2670 carne
2063 2623 2428 2687 apparentem
2465 2615 2536 2668 ad
2581 2620 2818 2668 mortem
2860 2630 3037 2683 usque
3080 2620 3379 2684 persecuta

1775 2712 1878 2769 est,
1914 2706 2084 2759 etiam
2116 2705 2482 2775 corporaliter
2516 2721 2638 2758 esse
2658 2710 2879 2757 constat
2908 2703 3221 2772 impletum,
3256 2720 3378 2773 quae

1778 2801 2073 2865 postquam
2090 2810 2219 2848 eum
2239 2794 2517 2849 cruciﬁxit
2546 2810 2656 2847 non
2669 2792 2862 2846 multis
2878 2791 3380 2847 intervenientibus

1775 2884 1958 2947 annis,
1994 2884 2292 2953 ingruente
2324 2884 2575 2937 Romano
2620 2882 2885 2943 exercitu,
2922 2881 3166 2951 exceptis
3197 2880 3377 2935 solum

137 2982 347 3041 tuorum;
357 2977 791 3047 jaculis-quippe
811 2975 1443 3030 bellantesadversarios
1458 2974 1687 3039 feriunt,
1719 3038 1751 3050 υ
1778 2972 1857 3025 eis
1887 2973 1981 3042 qui
2008 2973 2066 3025 in
2114 2973 2283 3025 ﬁdem
2320 2989 2380 3025 se
2420 2970 2761 3040 Evangelicaa
2787 2969 2985 3040 gratiae
3008 2973 3374 3034 secreveram,

134 3064 275 3117 mnis
299 3066 602 3130 muniendo
632 3081 755 3119 sese
795 3082 830 3118 a
869 3065 1099 3118 vulnere
1132 3065 1496 3117 descendunt.
1531 3064 1691 3117 Unde
1714 3038 1754 3091 δ’
1778 3061 1994 3114 enormi
2017 3068 2103 3115 est
2129 3062 2288 3114 clade
2314 3061 2600 3123 damnata,
2636 3065 2694 3113 et
2709 3059 2833 3130 ipsa
2850 3059 3083 3129 insuper
3109 3073 3285 3128 regno
3313 3074 3378 3111 ac

133 3151 178 3204 in
194 3154 381 3221 jaculis
397 3156 604 3209 merito
635 3154 785 3207 dicta
815 3153 1258 3224 praedicandum,
1288 3152 1490 3223 quibus
1515 3152 1694 3222 pravi-

130 3246 281 3295 tatem
334 3244 651 3298 inﬁdelium
717 3248 1002 3314 superant,
1063 3243 1122 3295 in
1170 3242 1347 3295 armis
1400 3242 1689 3303 miracula,

131 3329 299 3398 quibus
316 3333 613 3387 veritatem
644 3349 759 3385 sua:
784 3330 1196 3403 praedicationis
1220 3331 1583 3395 confirmant,
1602 3330 1689 3382 in»

128 3418 403 3475 sinuantur.
431 3422 588 3476 Eunt
616 3439 749 3491 ergo
769 3421 826 3474 in
858 3421 1068 3473 lumine
1093 3421 1281 3490 jacula
1310 3418 1537 3473 Christi.
1557 3423 1693 3471 eunt

129 3506 173 3558 in
196 3510 474 3579 splendore
502 3510 743 3580 fulgoris
762 3526 1049 3563 armorum
1081 3509 1260 3573 illius;
1296 3508 1429 3578 quia
1458 3524 1580 3578 quae
1609 3503 1690 3559 fe-

125 3595 187 3649 cit
207 3600 497 3669 magmatis,
535 3616 659 3671 qua:
702 3599 927 3669 aperuit
971 3613 1195 3657 arcana,
1239 3612 1363 3667 quae
1401 3596 1693 3667 preposuit

128 3686 375 3749 mandata,
399 3706 529 3759 quae
555 3688 813 3759 promisit
832 3688 1081 3757 praemia,
1106 3693 1305 3739 cuncto
1329 3687 1449 3755 jam
1480 3685 1690 3738 mundo

125 3789 203 3841 per
222 3779 567 3847 evangelicae
591 3778 805 3831 litteras
833 3777 948 3830 sole
999 3776 1211 3845 clarius
1236 3776 1549 3829 innotuere.
1585 3773 1692 3827 Sed

126 3870 172 3914 et
192 3867 365 3919 sumti-
393 3867 678 3931 doctores,
708 3865 839 3936 quia
861 3865 960 3918 ﬁlii
990 3864 1132 3918 lucis
1153 3870 1304 3929 sunt,
1333 3876 1569 3934 quaeque
1597 3862 1693 3915 illo

121 3950 333 4007 donante
386 3962 575 4025 agunt
618 3956 731 4007 sive
772 3956 1094 4024 loquuntur,
1137 3954 1258 4007 luce
1305 3952 1574 4005 nimirum
1630 3965 1695 4005 ac

122 4041 388 4108 splendore
406 4044 566 4097 clara
597 4043 893 4113 refulgent.

179 4131 289 4185 «in
309 4132 752 4186 comminatione
790 4138 890 4186 tua
938 4130 1251 4184 minorabis
1284 4134 1493 4183 terram
1540 4134 1599 4182 et
1636 4128 1696 4182 in

122 4233 142 4266 ι
167 4216 349 4273 furore
366 4227 488 4275 tuo.
515 4240 549 4274 ι
582 4221 861 4274 Detrahes
879 4225 1078 4289 gentes
1091 4218 1485 4273 comminando
1507 4217 1695 4272 distri-

1776 3150 1959 3219 patria
1971 3150 2205 3220 privata.
2224 3150 2290 3203 Et
2310 3150 2414 3202 hoc
2428 3155 2517 3203 est
2530 3150 2678 3219 quod
2695 3148 2799 3202 ait:
2820 3168 2844 3199 ε(
2872 3147 3136 3201 Excitasti
3157 3147 3376 3201 vincula

1776 3254 1953 3307 usque
1983 3238 2051 3291 ad
2074 3238 2362 3297 cervicem,
2402 3258 2424 3289 ι)
2461 3236 2728 3290 cervicem
2760 3236 3019 3289 videlicet
3050 3235 3229 3304 regni,
3267 3251 3376 3305 quo

1775 3331 1973 3379 contra
1998 3326 2299 3379 Dominum
2326 3326 2551 3379 fuerant
2576 3324 2764 3385 erecti,
2780 3325 2849 3377 de
2879 3341 2990 3394 quo
3006 3324 3142 3377 dicit
3165 3324 3377 3377 eisdem

1773 3414 1831 3471 in
1860 3430 1919 3468 se
1948 3413 2119 3467 etiam
2150 3414 2466 3468 furentibus
2483 3412 2838 3466 beatissimus
2866 3416 3248 3482 protomartyr
3259 3413 3379 3466 Ste-

1775 3503 1993 3572 phanus
2030 3522 2038 3551 :
2069 3520 2094 3551 ‹‹
2131 3503 2285 3555 Dura
2312 3502 2522 3555 cervice
2543 3507 2602 3555 et
2628 3500 3002 3554 incimumeisi
3031 3499 3292 3553 cordibus
3321 3505 3377 3554 et

1775 3590 2023 3653 auribus,
2058 3608 2151 3644 vos
2181 3607 2401 3660 semper
2430 3589 2662 3659 Spiritui
2702 3594 2896 3642 sancto
2924 3588 3212 3642 restitistis
3230 3589 3370 3654 (Act.

1774 3684 1847 3749 v).
1877 3700 1901 3731 ι)
1942 3680 2057 3735 Scd=
2081 3679 2155 3732 ad
2180 3679 2324 3732 hanc
2351 3694 2530 3747 usque
2559 3676 2831 3731 cervicem
2854 3676 3075 3730 vincula
3102 3676 3375 3731 Dominus

1776 3768 2050 3833 excitavit,
2083 3785 2209 3821 cum
2239 3767 2309 3820 ad
2337 3766 2691 3820 eversionem
2706 3765 2959 3835 superba)
2987 3765 3177 3834 gentis
3190 3765 3369 3818 hosti-

1776 3859 1887 3911 lem
1910 3857 2066 3911 misit
2078 3854 2859 3924 exercitum.Undescriptum
2888 3859 3009 3907 est:
3048 3871 3074 3905 «
3100 3852 3374 3908 Deminus

1770 3947 1961 4015 justus
1985 3944 2237 3999 concidet
2247 3943 2488 3998 cervices
2497 3949 2852 4014 peccatorum
2869 3943 3033 4008 (anl.
3066 3946 3307 4008 cxxvm).
3343 3960 3372 3993 in

1854 4056 1878 4084 ι
1892 4033 2228 4089 Maledi-aisti
2241 4033 2477 4103 sceptris
2494 4033 2543 4102 ej
2552 4049 2637 4097 us,
2654 4032 2848 4102 capita.
2865 4031 3198 4085 bellatorum
3231 4031 3373 4101 ejus,

1780 4141 1808 4176 α
1838 4110 2281 4186 venientibusalt
2309 4121 2494 4186 turbo,
2512 4122 2583 4174 ad
2605 4120 3049 4192 dispergendum
3070 4118 3379 4174 meExsul-

1779 4230 1805 4264 ι
1838 4212 1977 4266 tatio
2007 4224 2223 4277 eorum,
2257 4211 2403 4265 sicut
2429 4212 2554 4280 ejus
2583 4210 2679 4281 qui
2709 4210 2941 4264 devorat
2987 4222 3290 4279 pauperem
3318 4208 3377 4262 in

117 4305 335 4362 ctionem
358 4309 590 4379 jndicii,
635 4308 932 4379 quorimpii
968 4309 1339 4373 damnentur,
1369 4305 1693 4361 humiliabis
1778 4319 1807 4356 ι
1838 4301 2181 4356 abscondito.
2217 4301 2380 4354 Viam
2437 4299 2615 4354 fecisti
2660 4299 2719 4352 in
2764 4299 2908 4352 mari
2956 4297 3113 4368 equis
3164 4296 3276 4351 tuis
3317 4296 3377 4350 in

116 4395 395 4451 salubriter
431 4415 541 4452 eos
576 4398 669 4468 qui
717 4402 953 4451 terrena
989 4396 1309 4450 cmlestibus
1355 4381 1757 4465 anteponereD
1780 4392 1950 4445 «luto
1977 4406 2252 4461 aquarum
2305 4389 2633 4442 multarum.
2665 4387 2868 4440 Audivi
2919 4391 2975 4439 et
3012 4384 3378 4439 conturbatus

115 4483 363 4551 solebant,
391 4495 457 4541 ut
487 4487 786 4540 minoratis
821 4486 1093 4556 paulatim
1114 4484 1355 4539 terrenis
1382 4483 1696 4554 cupiditati-

114 4569 220 4637 bus,
250 4591 627 4645 qutesursum
653 4581 786 4630 sunt
812 4590 1010 4645 sapere
1040 4580 1097 4628 et
1124 4590 1376 4645 quaerere
1404 4572 1690 4642 incipiant,

116 4666 164 4712 et
199 4661 486 4718 inferendo
524 4665 772 4719 furorem
808 4663 1207 4718 condemnabis
1253 4680 1347 4717 eos
1395 4663 1453 4715 in
1496 4678 1695 4732 perpe—

113 4756 273 4815 Mum,
302 4755 398 4823 qui
430 4772 541 4826 pro
562 4758 772 4808 autem
786 4766 890 4808 sua
913 4753 1248 4808 exultatione
1265 4752 1345 4805 ad-
1355 4756 1581 4821 tempus
1594 4752 1697 4805 hu-

114 4839 296 4894 miliari
321 4848 809 4914 contempserunt.

173 4946 198 4978 ι
228 4930 402 4986 En‘sﬁ
436 4933 500 4986 in
545 4932 783 4986 salutem
836 4930 1029 5001 populi
1066 4930 1150 4985 tui
1202 4934 1273 4984 ut.
1315 4930 1497 4984 salvos
1525 4928 1696 4982 facias

117 5032 135 5061 ί
177 5018 413 5074 Chistos
474 5026 626 5075 tuos.
676 5039 707 5074 »ε
772 5020 953 5074 Exivit
1011 5018 1290 5073 mediator
1344 5018 1446 5072 Dei
1486 5022 1542 5072 et
1594 5018 1694 5071 ho-

112 5105 307 5161 minum
378 5127 413 5163 a
474 5111 645 5163 Patre
702 5116 763 5163 et
802 5108 958 5162 venit
1006 5108 1065 5162 in
1126 5108 1419 5171 mundum,
1470 5116 1583 5160 non
1635 5109 1698 5160 ut

108 5193 371 5257 indicaret
433 5199 734 5263 mundum,
782 5197 881 5251 sed
950 5203 1015 5251 ut
1076 5197 1390 5251 salvaretur
1454 5194 1697 5248 mundm

110 5296 197 5350 per
235 5285 447 5355 ipsum.
503 5287 765 5341 Christos
812 5291 1001 5341 autem
1047 5302 1242 5340 omnes
1284 5286 1487 5339 electos
1539 5283 1693 5349 dicit,

110 5371 237 5437 (ιιιὶω
260 5374 333 5428 ab
365 5375 641 5430 unctione
688 5375 889 5446 gratia
935 5374 1217 5445 spiritalis
1251 5372 1561 5427 rectissinm
1597 5372 1701 5424 hoc

108 5460 808 5534 vocabulo-nuncupanmr.
840 5464 1108 5518 Undeest
1131 5463 1269 5516 illud
1299 5461 1615 5516 Psalmistas
1630 5459 1700 5513 de

108 5545 185 5600 his
214 5552 309 5620 qui
347 5552 575 5607 mdis
605 5564 819 5607 nocere
836 5552 1113 5620 volentes,
1135 5550 1332 5605 divina
1354 5554 1488 5604 sunt
1506 5548 1699 5620 prohi-

1779 4499 1807 4533 ι
1839 4486 1927 4534 est
1951 4485 2145 4533 venter
2180 4495 2341 4532 meus
2385 4495 2396 4529 :
2459 4493 2494 4530 a
2549 4491 2677 4529 voce
2734 4480 3194 4528 contremuerunt
3228 4472 3377 4526 labia

1783 4589 1805 4620 ε
1830 4586 1974 4622 mea.
1998 4567 2355 4637 Ingrediatur
2373 4565 2609 4637 putredo
2639 4562 2699 4616 in
2731 4561 2960 4616 OSSibus-
2974 4562 3142 4627 meis,
3154 4567 3215 4616 et
3241 4562 3376 4616 sub-

1784 4676 1810 4711 α
1840 4665 1929 4712 ter
1957 4673 2047 4711 me
2079 4661 2309 4721 scateat,
2329 4660 2393 4708 ut
2412 4652 2761 4723 requiescam
2790 4651 2849 4704 in
2871 4650 2963 4705 die
2993 4649 3375 4705 tribulationis

1782 4766 1809 4798 «
1836 4764 1994 4811 meae,
2026 4752 2095 4800 ut
2136 4744 2436 4798 ascendam
2492 4742 2563 4795 ad
2602 4741 2872 4811 populum
2925 4739 3235 4795 accinctum
3272 4730 3377 4794 no-

1781 4855 1809 4889 s
1830 4842 2032 4890 strum.
2060 4854 2087 4887 )›
2137 4834 2207 4887 Et
2233 4848 2381 4887 nunc
2435 4837 2665 4885 tantum.
2718 4828 3054 4883 Hebraidum
3097 4828 3282 4899 posui,
3314 4833 3379 4883 ut

1778 4923 2082 4995 separatim
2124 4922 2195 4975 de
2224 4920 2470 4974 editione
2515 4918 2659 4972 LXX
2708 4917 3075 4971 disseramus:
3133 4916 3375 4971 Multum

1780 5014 1938 5067 enim
1959 5012 2029 5065 ab
2048 5010 2301 5064 omnium
2327 5007 2698 5063 translatione
2727 5003 3377 5059 discordatLXX.Male-

1778 5100 1967 5157 dixisti
1986 5098 2242 5169 sceptris,
2277 5098 2341 5151 id-
2381 5102 2482 5161 est,
2537 5094 2729 5165 regnis
2773 5095 2913 5165 ejus,
2960 5094 3111 5147 haud
3141 5092 3375 5146 dubium

1779 5190 1915 5261 quin
1944 5188 2122 5259 impii,
2148 5188 2217 5241 de
2246 5203 2359 5256 quo
2394 5201 2565 5255 supra
2586 5183 2822 5249 diXerat,
2851 5181 3177 5251 percussisti
3209 5187 3379 5251 caput

1779 5280 1849 5333 de
1871 5279 2038 5332 domo
2079 5275 2254 5346 impii,
2302 5273 2599 5328 denudasti
2638 5272 3071 5326 fundamentum
3096 5287 3281 5340 usque
3305 5270 3378 5324 ad

1782 5368 2007 5422 collum.
2036 5364 2611 5433 Intelligimusautem
2630 5360 2870 5431 impium
2890 5361 2975 5413 vel
3011 5359 3380 5414 Nabuchodo-

1782 5471 1968 5521 nosor,
2003 5456 2097 5508 vel
2110 5469 2333 5507 omnem
2363 5450 2748 5505 adversarium
2788 5449 2991 5520 populi
3009 5449 3130 5515 Dei,
3174 5454 3232 5502 et
3265 5464 3377 5503 non

1781 5547 1963 5601 solum
1993 5542 2229 5615 sceptris
2271 5543 2415 5612 eius,
2446 5539 2542 5595 sed
2582 5539 2757 5594 etiam
2795 5538 2981 5610 capita
3019 5538 3374 5605 bellatorum,
