3942 6158
502 329 642 384 “‘27
1098 329 1161 381 Β.
1205 285 1474 382 mem
1514 327 1746 384 MAURI
1784 327 2121 384 ARCHIEP.
2162 328 2489 385 MOGUNT.
2532 330 2830 387 OPERUM
2863 331 3048 388 mas
3084 334 3180 388 ιιι.
3586 335 3696 391 me

507 470 647 523 quos
695 457 1064 524 percusserat,
1115 450 1210 519 qui
1255 453 1542 515 venerunt,
1583 449 1784 520 inquit,
1819 456 1884 504 ut
1908 449 2158 515 turbo,A
2178 450 2521 523 abjectisque
2554 453 2654 518 eis,
2687 470 2826 524 quos
2853 455 3076 510 coluere
3093 455 3217 521 diis,
3234 471 3420 510 novam
3441 456 3624 511 Christi
3645 459 3699 511 ﬁ-

505 547 570 595 ut
597 541 987 611 dispergerent
1019 556 1128 604 me,
1160 539 1218 592 id
1255 545 1358 605 est,
1402 544 1687 593 verterent
1739 540 1932 604 Israel,
1965 545 2023 594 et
2045 540 2102 594 in
2185 541 2314 594 dem
2341 541 2541 596 devota
2557 548 2746 596 mente
2777 544 3138 616 susciperent.

505 621 787 684 diversum
814 630 1094 700 captivum
1121 629 1408 693 ducerent,
1440 628 1520 682 ita
1549 634 1610 682 ut
1639 629 1986 682 exsultarent
2005 629 2102 683 de-
2263 649 2285 681 ι
2317 631 2662 702 Adaperient
2693 649 2793 686 ora
2829 650 2932 687 sua
2957 634 3103 688 sicut
3131 651 3340 706 pauper
3370 635 3526 689 edens
3559 635 3609 688 in
3631 651 3704 688 oc-

503 724 764 773 vorantcs
789 734 1111 788 pauperem,
1145 723 1202 770 et
1240 716 1556 787 subjectum
1586 717 1691 770 sibi
1717 718 1909 782 Israel,
1943 718 2103 788 quasi
2188 737 2216 771 (ι
2247 720 2415 774 culto.
2463 739 2487 770 ›
2529 720 2686 776 Sicut
2723 721 2873 775 enim
2914 739 3126 794 pauper
3173 723 3482 794 aliquandiu
3518 725 3708 794 jejunus

505 809 610 862 hoc
643 808 700 862 in
722 807 1046 861 abscondito
1076 806 1341 872 facerent,
1381 812 1440 859 et
1460 823 1562 860 nos
1589 806 1914 875 ignorantes
1943 807 2104 860 devo-
2185 824 2540 879 permanens,
2570 809 2616 863 si
2645 809 2787 864 forte
2827 810 3030 866 alicubi
3065 811 3215 866 cibos
3258 811 3530 874 invenerit,
3569 813 3644 866 his
3665 831 3711 866 se

507 903 716 950 rarent.
771 895 990 973 Venisti
1018 895 1208 966 itaque
1237 895 1308 948 ad
1334 895 1586 966 praelium
1617 911 1718 966 pro
1747 895 1952 966 populo
1979 901 2098 962 tuo,
2185 897 2479 951 confestim
2509 898 2568 952 in
2587 899 2801 954 occulto
2827 901 3056 954 reficere
3097 901 3318 972 satagit,
3353 917 3520 972 neque
3565 917 3646 956 eos
3669 902 3712 956 in

505 993 565 1040 et
593 985 894 1057 quadrigas
923 991 1051 1039 tuas
1097 983 1410 1038 immittens
1451 983 1511 1037 in
1546 1001 1741 1054 aquas,
1772 985 1876 1038 hoc
1905 989 2008 1047 est,
2045 983 2101 1038 in
2185 985 2468 1056 publicum
2496 987 2616 1042 vult
2644 988 2911 1060 proferre,
2926 1006 2997 1042 ne
3017 989 3157 1044 forte
3177 989 3246 1043 ab
3269 990 3377 1043 alio
3405 989 3708 1060 diripiantur.

505 1080 703 1145 gentes
736 1075 962 1138 multas,
993 1073 1171 1128 fecisti
1229 1073 1310 1126 eis
1360 1072 1506 1126 viam
1554 1072 1613 1126 in
1661 1073 1778 1126 luto
1825 1089 2102 1143 aquarum
2187 1079 2245 1129 et
2261 1075 2380 1146 ipse
2406 1076 2553 1130 far-he
2584 1083 2778 1148 pereat
2816 1095 2828 1130 :
2863 1078 2944 1132 sic
2966 1078 3253 1144 nimirum,
3287 1078 3366 1133 sic
3397 1079 3571 1150 populi
3603 1096 3712 1150 gen-

505 1164 830 1227 multarum,
881 1163 936 1216 id
985 1169 1090 1226 est,
1119 1167 1184 1216 ut
1236 1162 1526 1216 conculces
1573 1178 1687 1227 eos,
1737 1168 1794 1216 et
1841 1161 2004 1232 quasi
2022 1163 2104 1216 lu-
2187 1163 2348 1230 tium,
2381 1163 2566 1218 oblato
2595 1164 2702 1218 sibi
2745 1182 2847 1236 per
2883 1167 3165 1238 apostolos
3193 1183 3335 1238 pane
3362 1166 3522 1231 verbi,
3560 1184 3590 1220 a
3629 1184 3715 1238 quo

505 1258 628 1306 tum
678 1269 948 1322 equorum
999 1258 1247 1315 tuorum,
1279 1257 1338 1304 et
1383 1267 1609 1304 currum
1637 1251 1852 1320 ungula
1883 1257 1942 1304 et
1979 1255 2105 1305 rota
2185 1251 2396 1307 diutius
2418 1253 2600 1324 jejuni
2623 1254 2980 1320 duraverant,
3014 1271 3141 1309 mox
3183 1261 3515 1327 aperuerunt
3529 1271 3615 1310 ora
3648 1256 3713 1310 sui

507 1341 958 1404 conteras.Quod
980 1345 1168 1395 autem
1199 1339 1482 1410 sequitur:
1521 1361 1542 1390 ι
1576 1339 1778 1393 Audivi
1807 1345 1864 1394 et
1882 1345 2105 1394 contur—
2185 1341 2385 1404 cordis,
2418 1343 2642 1396 ethunc
2687 1343 2841 1398 omni
2878 1343 3144 1400 aviditate
3180 1349 3405 1415 gustare
3451 1351 3710 1416 cceperunt.

512 1430 673 1484 batus
703 1436 788 1484 est
819 1435 1011 1484 venter
1029 1445 1187 1483 meus
1207 1429 1276 1482 ad
1299 1445 1510 1492 vocem,
1541 1448 1566 1480 ι)
1589 1433 1653 1482 ut
1684 1428 2056 1483 subaudiatur
2088 1447 2100 1482 :
2185 1431 2307 1494 Quo
2329 1436 2518 1485 autem
2547 1431 2741 1486 ordine
2765 1438 3068 1503 paupertas
3091 1433 3346 1504 gentium
3370 1433 3437 1487 ad
3462 1432 3714 1505 percipien-

507 1525 968 1574 contremuerunt
1007 1517 1155 1572 labia
1206 1534 1350 1581 mea,
1380 1517 1734 1587 ingrediatur
1778 1518 2014 1588 putredo
2043 1519 2104 1573 in
2184 1519 2285 1574 das
2313 1519 2466 1574 verbi
2487 1521 2680 1591 epulas
2705 1521 3024 1592 pervenerit
3051 1522 3385 1584 insinuatur,
3428 1539 3544 1576 cum
3577 1522 3714 1592 proti-

507 1608 726 1662 ossibus
755 1608 894 1661 meis
920 1613 976 1660 et
1005 1605 1198 1660 subter
1228 1623 1318 1659 me
1363 1611 1634 1672 scateant,
1666 1611 1731 1660 ut
1759 1606 2104 1678 requiescam
2186 1625 2292 1663 nus
2315 1609 2680 1664 subinfertur.

508 1695 566 1749 in
596 1695 686 1749 die
720 1695 1119 1757 tribulationis,
1152 1700 1217 1747 ut
1261 1695 1560 1748 ascendam
1601 1695 1673 1748 ad
1712 1697 1980 1766 populum
2010 1713 2102 1750 ac-
2120 1769 2150 1771 _
2261 1717 2284 1748 ι
2309 1697 2510 1752 Misisti
2533 1698 2592 1752 in
2607 1714 2763 1752 mare
2788 1715 2962 1770 equos
2979 1699 3274 1754 turbantes
3297 1716 3466 1771 aquas
3491 1701 3714 1757 multas.)

508 1784 754 1838 cinctum
799 1789 1074 1836 nostrum.
1127 1783 1228 1836 Hic
1283 1799 1480 1837 sensus
1523 1788 1608 1836 est
1639 1801 1650 1836 :
1689 1800 1837 1838 nunc
1865 1769 2164 1839 libenterB
2185 1787 2338 1840 Mare
2366 1787 2572 1858 quippe
2600 1769 2892 1854 mundum,
2925 1804 3098 1858 equos
3117 1789 3222 1842 Dei
3245 1769 3718 1859 prédicatoressan-

509 1889 704 1926 omnes
761 1872 1010 1942 patimur
1063 1871 1352 1941 angustias
1391 1877 1448 1925 et
1495 1872 1567 1925 ad
1610 1873 2103 1928 comminationem
2185 1881 2321 1940 ctos,
2354 1892 2530 1946 aquas
2579 1877 2808 1943 multas,
2855 1877 3090 1947 populos
3139 1877 3430 1932 nationum
3466 1876 3611 1940 dicit;
3637 1876 3718 1930 im-

509 1967 666 2015 tuam
689 1961 823 2015 totis
851 1960 1153 2015 visceribus
1175 1961 2105 2026 contremiscimus,nunctremunt
2185 1963 2481 2035 missisque
2521 1965 2680 2036 equis
2721 1965 2820 2019 Dei
2859 1965 2920 2018 in
2967 1982 3144 2030 mare,
3178 1965 3418 2020 turbatae
3457 1972 3572 2020 sunt
3598 1981 3720 2034 aqua

507 2049 656 2103 labia
687 2067 830 2114 mea,
855 2067 913 2104 et
939 2066 1112 2121 pavor
1141 2050 1346 2104 mentis
1367 2050 1600 2120 trepidae
1628 2050 1688 2104 in
1713 2067 1808 2105 ore
1825 2052 2098 2122 signatur,
2187 2053 2396 2114 multae,
2431 2054 2563 2124 quia
2590 2053 2854 2125 dispersis
2876 2053 2935 2108 in
2960 2055 3236 2108 mundum
3265 2053 3590 2126 praeconibus
3605 2051 3718 2106 verbi

509 2145 566 2192 et
594 2156 706 2192 non
737 2139 919 2192 solum
955 2138 1125 2203 istud,
1164 2139 1261 2192 sed
1307 2139 1476 2192 etiam
1510 2138 1661 2192 aliud
1691 2139 1840 2194 ultro
1875 2145 2098 2212 appeto,

508 2228 658 2281 ultro
695 2227 982 2293 desidero;
1017 2227 1369 2297 ingrediatur
1395 2227 1632 2298 putredo
1653 2227 1711 2281 in
1732 2227 1950 2284 ossibus
1965 2247 2104 2284 meis

510 2323 747 2386 etsuper
773 2333 863 2369 me
893 2321 1118 2379 scateat,
1164 2317 1269 2370 hoc
1299 2322 1400 2382 est,
1453 2315 1693 2370 libenter
1721 2317 1922 2388 patior,-
1954 2319 2103 2390 quod

508 2417 708 2476 passas
737 2411 823 2460 est
873 2404 994 2468 Job,
1029 2422 1142 2459 non
1180 2405 1362 2459 solum
1405 2422 1600 2459 carnes
1631 2423 1804 2473 meas,
1855 2407 1953 2460 sed
1983 2424 2102 2462 me-

507 2494 691 2548 dullas
743 2510 966 2564 quoque
1006 2482 1216 2548 ossium
1251 2493 1413 2564 cupio
1451 2493 1724 2558 tabeﬁeri,
1761 2500 1818 2548 et
1859 2499 2102 2550 stratum

509 2599 694 2636 meum
721 2583 1018 2652 putredine
1043 2582 1293 2652 corporis
1331 2588 1388 2636 et
1408 2583 1721 2637 innumeris
1748 2589 1961 2638 scatere
1985 2601 2104 2639 ver-

2187 2141 2416 2196 turbata
2436 2147 2571 2196 sunt
2591 2143 2846 2212 gentium
2877 2143 3063 2208 corda,
3104 2144 3219 2198 alia
3257 2143 3328 2197 ad
3356 2142 3722 2197 credendumac

2187 2231 2601 2302 suscipiendum
2633 2233 3062 2286 Sacramentum
3087 2233 3240 2298 ﬁdei,
3272 2233 3384 2286 alia
3396 2249 3517 2286 vero
3540 2231 3602 2286 ad
3625 2246 3722 2286 con-

2184 2320 2574 2374 tradicendum
2585 2320 2700 2374 sive
2720 2321 2889 2374 etiam
2909 2323 3328 2392 persequendos
3342 2320 3720 2393 praeconesejus—

2185 2408 2312 2462 dem
2343 2409 2492 2463 ﬁdei.
2527 2410 2678 2463 Bene
2707 2415 2898 2464 autem
2925 2409 2996 2464 de
3024 2410 3113 2464 his
3132 2410 3312 2480 equis,
3344 2409 3539 2464 sanctis
3561 2407 3718 2462 videli-

2183 2503 2273 2552 cet
2297 2497 2753 2568 przedicatoribus
2779 2504 2837 2552 et
2850 2515 3022 2569 supra
3037 2499 3248 2554 dicitur
3269 2519 3280 2553 :
3302 2499 3550 2569 quoniam
3563 2512 3718 2550 ascen-

2185 2586 2324 2640 dens
2351 2587 2617 2640 ascendes
2647 2603 2818 2658 super
2844 2604 3017 2659 equos
3035 2593 3186 2654 tuos,
3219 2594 3278 2642 et
3299 2604 3445 2642 nunc
3470 2587 3533 2641 de
3551 2584 3720 2640 eisdem

2186 2674 2548 2740 subinfertur,
2575 2675 2778 2730 misisti
2805 2676 2864 2730 in
2887 2693 3042 2730 mare
3068 2693 3248 2746 equos
3278 2683 3420 2741 tuos,
3450 2682 3511 2730 ut
3526 2692 3582 2729 ex
3599 2679 3720 2728 utra-

2188 2780 2298 2834 que
2321 2765 2602 2818 sententia
2627 2765 2945 2835 colligatur,
2965 2766 3114 2836 quod
3137 2766 3224 2820 ita
3242 2765 3508 2820 Dominus
3519 2765 3570 2818 in
3591 2777 3721 2816 mun-

511 2671 715 2732 mibus,
741 2676 804 2724 ut
832 2677 1130 2740 postquam
1177 2671 1265 2724 hic
1294 2688 1394 2742 pro
1431 2673 1669 2742 peccatis
1695 2673 1837 2727 meis
1871 2674 1988 2728 haec
2017 2691 2106 2729 su-

510 2760 782 2814 stinuero.
816 2760 1160 2830 requiescam
1193 2759 1250 2812 in
1293 2759 1383 2813 die
1412 2777 1624 2824 amara,
1653 2761 1712 2816 in
1756 2762 1848 2815 die
1874 2761 2106 2817 tribula-

509 2849 698 2910 tionis,
736 2848 792 2900 in
823 2847 912 2901 die
943 2848 1290 2902 necessitatis
1320 2853 1378 2902 et
1405 2851 1679 2919 angustia
1699 2856 1783 2904 :et
1802 2851 2103 2906 ascendam
2185 2852 2320 2907 dum
2350 2852 2742 2924 praedicatores
2761 2853 2994 2919 miserit,
3009 2860 3075 2908 ut
3103 2854 3321 2909 eisdem
3349 2851 3722 2926 praedicantibus

512 2937 584 2990 ad
615 2937 880 3008 populum
929 2937 1240 2991 accinctum
1292 2944 1568 3004 nostrum,
1605 2939 1805 2993 fortem
1848 2939 2106 2994 videlicet
2186 2940 2308 3012 ipse
2335 2958 2625 3012 nunquam
2647 2941 2812 3008 absit,
2845 2943 2944 2996 sed
2971 2943 3116 2997 sicut
3139 2943 3303 3014 equis
3324 2943 3528 3012 auriga,
3559 2941 3629 2994 ita
3653 2955 3718 2991 re-

510 3025 841 3078 bellatorem
870 3029 1038 3095 atque
1063 3042 1394 3096 pugnacem,
1419 3032 1482 3094 et
1522 3027 1753 3097 pulchre
1782 3028 2100 3094 ascendam,
2124 3083 2165 3104 η
2183 3030 2383 3099 gendis
2402 3047 2624 3101 semper
2651 3046 2846 3085 eorum
2867 3031 3153 3086 mentibus
3177 3033 3387 3104 praesit.

511 3113 580 3166 ad
625 3112 934 3167 accinctum
973 3113 1123 3166 enim
1168 3115 1436 3186 populum
1494 3131 1716 3186 semper
1758 3117 2097 3182 ascenditur,
2122 3112 2166 3143 υ
2261 3139 2282 3170 ι
2315 3119 2626 3173 Custodivit
2653 3125 2711 3174 et
2753 3121 2974 3192 expavit
3006 3125 3206 3174 venter
3242 3138 3400 3176 meus
3437 3136 3472 3173 a
3497 3134 3609 3173 voce
3631 3132 3724 3170 ora-

510 3203 905 3272 eleganterque
944 3207 1216 3266 nostrum,
1255 3203 1351 3274 qui
1393 3203 1544 3257 enim
1581 3203 1883 3258 tribulatus
1933 3211 2018 3259 est
2048 3211 2105 3260 et
2189 3226 2212 3259 (
2246 3207 2416 3262 tionis
2471 3207 2750 3262 labiorum
2793 3225 3007 3264 eorum.
3048 3230 3076 3262 ν
3109 3210 3381 3264 Ventrem
3419 3225 3570 3263 suum
3602 3221 3722 3260 more

509 3307 800 3360 pressuras
849 3289 1091 3344 libenter
1128 3291 1396 3346 sustinuit
1441 3298 1498 3347 et
1543 3293 1912 3363 praesentibus
1941 3294 2103 3348 malis
2183 3297 2470 3368 praphetis
2493 3305 2760 3352 consueto
2780 3299 3033 3352 animum
3061 3315 3230 3353 suum
3262 3299 3420 3366 dicit;
3461 3297 3579 3368 quia
3610 3294 3721 3348 sicut

509 3379 700 3432 futura
729 3379 958 3451 praemia
1004 3381 1402 3450 compensavit,
1437 3387 1694 3436 nostrum
1726 3383 1994 3437 audacter
2020 3384 2103 3437 lo-
2183 3392 2377 3440 ventre
2408 3387 2756 3458 recipiuntur
2781 3387 2908 3453 cibi,
2943 3387 3146 3459 quibus
3183 3389 3362 3442 virtus
3401 3405 3462 3442 ac
3490 3385 3592 3440 vita
3627 3398 3720 3436 cor-

510 3467 721 3538 quitur,
748 3472 812 3522 ut
831 3469 994 3538 juxta
1008 3469 1312 3535 Abraham,
1341 3476 1398 3523 et
1417 3471 1592 3536 Isaac,
1625 3477 1682 3524 et
1701 3471 1888 3536 Jacob,
1906 3478 1965 3526 et
1983 3472 2102 3544 ipse
2184 3475 2336 3546 poris
2373 3475 2659 3530 reﬁciatur
2690 3493 2702 3528 :
2732 3476 2814 3530 ita
2853 3475 3224 3547 cogitationes
3254 3477 3360 3548 piae
3406 3480 3581 3530 sancto
3619 3469 3723 3524 reci-

508 3557 754 3610 dormiat
783 3557 841 3610 in
868 3563 1156 3612 senectute
1186 3557 1333 3613 bona
1369 3559 1568 3629 plenus
1596 3561 1814 3615 dierum
1854 3565 1910 3615 et
1937 3578 2105 3632 appo—
2185 3563 2418 3634 piuntur
2451 3564 2510 3617 in
2550 3564 2757 3631 animo,
2786 3564 2988 3636 quibus
3027 3565 3316 3620 interioris
3355 3563 3581 3620 hominis
3615 3559 3718 3622 vim.

509 3651 684 3700 natur
703 3645 772 3700 ad
794 3651 983 3718 patres
1010 3663 1158 3700 suos.
1175 3647 1300 3702 Alia
1325 3647 1496 3702 editio
1521 3667 1532 3700 :
2185 3669 2257 3706 ne
2285 3653 2520 3707 deﬁcere
2550 3653 2769 3719 debeat,
2801 3658 3152 3709 sustentetur
3181 3661 3240 3709 et
3255 3654 3606 3709 contineatur.
3633 3649 3719 3702 Cu-

582 3753 606 3784 α
639 3735 946 3790 Praecidisti
974 3735 1033 3790 in
1063 3735 1402 3790 alienatione
1423 3743 1607 3808 capita
1626 3738 1958 3809 potentium,
1981 3756 2106 3794 mo-
2187 3741 2406 3807 stodivi,
2437 3741 2640 3812 inquit,
2665 3741 2944 3813 meipsum
2971 3748 3254 3798 tremente
3285 3743 3470 3797 animo
3487 3737 3718 3798 solertius,

512 3843 535 3874 α
570 3822 850 3878 vehuntur
871 3825 931 3878 in
956 3841 1025 3878 ea
1047 3830 1264 3894 gentes.
1301 3843 1326 3876 »
1348 3826 1456 3879 Pro
1479 3826 1816 3881 alienatione
1831 3827 1888 3880 in
1911 3827 2104 3883 Grazco
2186 3846 2256 3884 ne
2285 3829 2428 3884 forte
2445 3831 2611 3885 corde
2641 3847 2949 3902 peccarem,
2974 3847 3111 3885 neve
3145 3832 3274 3886 aliis
3298 3831 3606 3903 praedicans,
3632 3825 3720 3896 ipse

510 3911 782 3983 scriptum
803 3918 890 3966 est
931 3931 956 3963 (ί
991 3913 1049 3967 in
1073 3913 1298 3979 exstasi,
1345 3932 1370 3965 »
1400 3914 1549 3984 quod
1579 3915 1808 3986 quidam
1842 3935 1868 3968 «
1900 3916 1959 3970 in
1989 3922 2106 3971 stu-
2185 3918 2457 3990 reprobus
2483 3919 2752 3974 etﬁcerer.
2786 3920 2857 3974 Et
2883 3920 3197 3974 notandum
3227 3919 3376 3992 quod
3408 3916 3660 3990 expavisse
3677 3927 3721 3964 se

505 4017 659 4072 pore,
701 4021 724 4052 »
756 4001 852 4055 alii
886 4020 912 4054 α
943 4002 1004 4055 in
1033 4019 1261 4056 excessu
1292 4002 1496 4056 mentis
1517 4021 1544 4056 ι
1575 4003 2101 4076 interpretatisunt:
2185 4007 2321 4062 dicit
2361 4024 2395 4062 a
2441 4024 2572 4062 voce
2615 4007 2887 4062 orationis
2927 4007 3208 4063 labiorum
3255 4025 3499 4074 suorum,
3519 4020 3628 4060 cum
3661 3999 3722 4054 nil

508 4089 625 4142 sive
668 4095 860 4143 autem
912 4095 1126 4160 stupor,
1186 4091 1301 4144 sive
1356 4091 1638 4157 alienatio,
1709 4109 1808 4147 seu
1845 4110 2101 4150 excessus
2183 4112 2414 4168 prorsus
2442 4113 2630 4151 orasse
2659 4097 2718 4150 in
2758 4101 2878 4152 toto
2925 4097 3032 4152 hoc
3073 4097 3326 4152 carmine
3367 4096 3622 4157 videatur;
3649 4087 3721 4143 sed

507 4177 713 4231 mentis
734 4177 972 4244 dicatur,
1005 4194 1182 4232 unum
1207 4179 1469 4250 idemque
1486 4180 1785 4251 signiﬁcat,
1820 4199 1948 4237 cum
1975 4183 2100 4254 quis
2160 4186 2573 4240 .tantummodo
2598 4185 2806 4240 timens
2835 4203 2900 4240 ac
2948 4202 3175 4258 pavens_
3203 4191 3439 4241 ventura
3467 4180 3648 4239 Christi
3681 4182 3723 4230 et

503 4265 798 4338 repentino
819 4265 1089 4321 miraculo
1119 4267 1376 4323 turbatus
1400 4285 1466 4322 ac
1495 4269 1841 4340 stupefactus
1869 4289 1904 4326 a
1931 4289 2100 4326 sensu
2182 4274 2436 4330 Ecclesiae
2463 4280 2814 4330 sacramenta
2843 4274 3175 4329 describere.
3191 4275 3308 4330 Nec
3325 4281 3507 4330 tamen
3533 4269 3719 4330 fallitur,

506 4371 624 4409 sua:
651 4355 858 4410 mentis
879 4355 1134 4410 redditur
1159 4357 1392 4423 alienus,
1429 4358 1577 4428 quod
1599 4359 1865 4414 accidisse
1893 4361 2100 4416 Judaais
2114 4399 2162 4458 Β
2182 4363 2278 4434 qui
2305 4380 2532 4418 carmen
2560 4380 2727 4418 suum
2747 4363 3058 4418 orationem
3075 4369 3380 4435 nuncupat,
3399 4362 3489 4434 qui
3502 4367 3554 4415 et
3575 4357 3722 4412 eidem

505 4443 702 4498 crebra
730 4444 1010 4515 Evangelii
1035 4445 1224 4516 prodit
1242 4446 1478 4501 historia
1507 4447 1696 4502 dicens
1741 4465 1753 4501 :
1797 4449 1956 4513 Quod
1987 4443 2160 4505 ειη-ν
2181 4453 2354 4506 talem
2391 4453 2620 4507 titulum
2649 4453 2957 4524 proposuit.
2979 4453 3172 4508 Oratio
3201 4452 3461 4508 Habacuc
3485 4447 3720 4521 propheta!

503 4539 705 4603 perent
721 4538 780 4587 et
806 4533 1152 4588 mirarentur
1178 4533 1236 4588 in
1265 4535 1522 4590 doctrina
1543 4553 1607 4590 ac
1637 4537 1938 4592 virtutibus
1968 4539 2100 4594 Jesu
2182 4557 2284 4612 pro
2313 4541 2776 4612 ignorationibus,
2819 4541 2954 4613 quia
2987 4541 3261 4612 quidquid
3318 4541 3403 4596 vir
3432 4543 3632 4594 sanctus
3661 4533 3722 4586 ιο·

505 4621 794 4676 dieentes:
829 4640 856 4674 ‹‹
889 4622 1048 4676 Unde
1077 4622 1209 4677 huic
1253 4623 1372 4678 hzec
1405 4624 1612 4688 omnia,
1645 4627 1806 4696 cujus
1845 4627 2100 4682 novimus
2183 4629 2394 4700 quitur,
2435 4635 2620 4685 totum
2659 4629 2906 4702 profecto
2945 4631 3051 4685 hoc
3091 4629 3274 4684 oratio
3304 4630 3378 4684 ad
3425 4629 3588 4684 Deum
3613 4627 3716 4683 est;

507 4715 726 4780 patrem
755 4716 814 4764 et
841 4717 1080 4766 matrem
1109 4712 1291 4779 (Joan.
1316 4716 1388 4783 Vl)
1419 4714 1482 4766 7»
1533 4715 1602 4768 Et
1621 4714 1681 4769 in
1709 4715 1940 4770 Actibus
1970 4733 2100 4788 apo-
2181 4735 2349 4773 omne
2359 4719 2508 4790 quod
2529 4719 2714 4789 agitis,
2736 4721 2898 4789 cujus
2921 4719 3140 4774 sincera
3165 4719 3404 4774 intentio
3427 4722 3508 4772 est
3524 4709 3718 4770 Domino

509 4799 784 4852 stolarum
821 4805 1017 4854 curato
1046 4817 1148 4871 per
1165 4801 1395 4857 Petrum
1417 4808 1477 4856 et
1501 4804 1774 4858 Joannem
1801 4805 1998 4859 claudo
2028 4806 2099 4860 ad
2180 4807 2456 4878 placendi,
2489 4808 2594 4862 hoc
2619 4824 2720 4879 pro
2749 4808 2870 4879 ipso
2894 4808 3044 4880 apud
3082 4808 3385 4863 Dominum
3425 4799 3711 4873 interpellﬁta

506 4885 713 4940 ostium
739 4889 935 4958 templi
965 4907 976 4942 :
1021 4906 1049 4942 α
1077 4889 1300 4960 Impleti
1348 4895 1498 4956 sunt,
1532 4891 1736 4962 inquit,
1769 4897 1996 4964 stupore
2045 4898 2102 4948 et
2182 4901 2242 4950 et
2267 4895 2449 4966 ipsum
2479 4895 2716 4951 Domino
2739 4897 3111 4951 commendat.

505 4976 709 5030 exstasi
743 4978 875 5045 (Act.
926 4980 1024 5045 In),
1051 4995 1078 5031 ι»
1119 4977 1179 5032 in
1208 4995 1322 5049 qua
1363 4979 1622 5034 videlicet
1649 4981 1878 5048 exstasi,
1913 4983 1970 5036 id
1992 4988 2095 5048 est,
2257 5003 2285 5036 α
2312 4985 2382 5039 Et
2400 4984 2649 5040 introivit
2676 4990 2889 5040 tremor
2911 4985 2970 5040 in
2998 5001 3126 5040 ossa
3148 5001 3295 5040 mea.
3333 5002 3362 5037 ι
3397 4983 3542 5040 Sicut
3567 4974 3714 5033 carnis

502 5064 876 5120 admiratione
893 5066 1009 5120 sive
1036 5067 1376 5122 alienatione
1398 5069 1604 5122 mentis
1625 5069 1788 5124 multi
1812 5071 1882 5125 de
1893 5072 2098 5142 populo
2181 5073 2408 5130 nomine
2444 5073 2742 5145 aliquoties
2759 5075 3048 5146 Scriptura
3075 5074 3326 5128 carnales
3352 5078 3560 5127 nostras
3575 5063 3712 5121 actio-

503 5155 786 5225 provocati
816 5161 950 5210 sunt
985 5155 1056 5210 ad
1091 5156 1429 5212 credendum
1483 5158 1742 5224 Domino,
1777 5161 1875 5214 sed
1914 5160 2100 5231 capita
2180 5179 2300 5229 nes,
2328 5163 2410 5218 ita
2432 5163 2640 5218 ossium
2679 5162 2944 5218 vocabulo
2975 5163 3145 5218 fortia
3179 5163 3320 5217 solet
3359 5178 3422 5216 ac
3446 5149 3710 5231 spiritualiﬂ

505 5244 838 5313 potentium,
875 5244 933 5298 id
971 5251 1074 5306 est,
1108 5245 1388 5317 principes
1427 5247 1782 5302 sacerdotum
1823 5254 1881 5302 et
1909 5249 2098 5304 senio-
2179 5251 2326 5305 facta
2368 5251 2679 5322 designare.
2723 5252 2955 5323 Expavit
2989 5269 3140 5323 ergo,
3189 5250 3390 5322 inquit,
3433 5263 3525 5302 cor
3559 5253 3708 5297 meum

505 5347 595 5386 res
621 5333 838 5403 praecisi
867 5339 1000 5388 sunt
1051 5351 1164 5389 non
1215 5335 1493 5390 credendo
1537 5354 1572 5390 a
1599 5342 1748 5392 sorte
1795 5338 2046 5393 fidelium
2080 5357 2093 5405 ;
2179 5339 2250 5394 ab
2269 5339 2356 5394 his
2378 5357 2501 5412 quae
2524 5345 2763 5395 ventura
2790 5340 2848 5395 in
2889 5341 3160 5396 mundum
3195 5338 3480 5412 praevideo,
3509 5339 3561 5388 et
3585 5325 3708 5403 (ληίδ’

505 5426 670 5476 motae
698 5429 832 5476 sunt
860 5439 1082 5494 quoque
1105 5423 1166 5478 in
1194 5440 1262 5478 ea
1283 5430 1502 5495 gentes,
1543 5426 1680 5480 dum
1721 5426 1948 5493 auditis,
1983 5427 2098 5482 sive
2179 5429 2315 5500 quid
2338 5428 2474 5483 mihi
2502 5429 2725 5484 virtutis
2752 5429 3061 5501 spiritualis
3083 5445 3204 5484 esse
3221 5426 3427 5499 putavi,
3449 5427 3610 5478 totum
3629 5417 3708 5470 hoc

504 5507 638 5562 visis
656 5510 877 5564 Domini
915 5517 973 5564 et
1019 5512 1400 5582 apostolorum
1445 5515 1569 5585 ejus
1599 5515 1924 5580 virtutibus,
1959 5515 2098 5571 adeo
2181 5516 2342 5588 quasi
2368 5517 2566 5588 fragile
2584 5517 2939 5581 contremuit,
2962 5517 3097 5572 dum
3125 5517 3364 5588 majores
3391 5505 3709 5572 Christi,bea-

506 5595 829 5666 supefactvc
881 5604 942 5653 et
981 5600 1269 5655 admiratae
1326 5607 1476 5670 sunt,
1501 5607 1567 5657 ut
1615 5604 2100 5659 anathematizatis
2179 5610 2367 5660 torum
2395 5606 2774 5676 apostolorum
2799 5610 2858 5660 et
2882 5607 3115 5662 virtutes
3140 5611 3197 5660 et
3222 5603 3494 5674 passiones
3518 5591 3704 5666 aspicio,
