3942 6158
247 224 382 284 Η⁶ὶ9

911 225 1283 283 COMMENT.
1327 229 1406 283 ΙΝ
1445 229 1761 284 CANTICA
1797 227 1963 292 QUE
1997 229 2094 284 AD
2132 229 2412 286 LAUDES
2450 229 2839 288 DICUNTUR.

3383 239 3520 296 1130

245 354 391 424 quod
419 355 604 425 ipsum
627 352 793 408 verbo
827 359 1097 423 sequente
1127 353 1480 408 manifestius
1511 353 1836 424 explicatur,
1857 354 1909 412 A
1927 353 2223 422 majestate
2251 351 2482 407 laetabor
2517 369 2532 408 :
2558 355 2694 408 ﬁcus
2729 372 2844 411 non
2883 357 3123 426 florebit,
3154 365 3214 415 et
3256 377 3370 418 non
3413 365 3524 418 erit

243 460 372 498 cum
395 443 603 498 dicitur
626 462 638 497 :

317 552 342 582 «
376 533 448 586 Et
491 531 689 586 subtus
717 549 807 586 me
841 531 1070 586 turbata
1104 537 1194 586 est
1223 531 1400 586 virtus
1428 547 1570 584 mea.
1625 550 1650 583 ι)
1692 531 1842 584 Bene

242 627 432 676 autem
468 622 732 676 virtutem
751 638 913 675 suam
941 638 1054 675 non
1080 621 1137 675 in
1169 638 1248 686 se,
1279 621 1376 674 sed
1403 620 1599 674 subter
1617 637 1677 674 se
1708 619 1843 672 dicit

242 727 361 763 esse
387 709 694 777 turbatam,
730 709 863 780 quia
887 715 1083 781 raptus
1098 709 1166 762 ad
1187 708 1715 778 contemplationem
1737 724 1841 760 coe-

241 799 468 853 lestium
489 816 822 853 arcanorum
852 799 1126 869 propheta
1141 798 1552 869 quodammodo
1581 813 1752 868 super
1779 813 1838 850 se

241 905 358 940 esse
384 888 528 942 vidit
556 888 852 950 elevatum,
887 892 945 940 et
989 904 1100 956 quo
1142 886 1311 940 altior
1347 886 1587 940 efﬁcitur
1626 885 1838 939 lumine

239 976 749 1047 contemplationis,
797 993 863 1030 eo
905 993 965 1030 se
1003 975 1473 1046 imperfectiorem
1521 975 1793 1045 conspicit
1825 993 1836 1026 :

237 1065 563 1120 sublevatus
589 1066 738 1120 enim
767 1065 838 1119 ad
867 1064 1138 1119 intuenda
1171 1080 1432 1135 superna,
1461 1065 1590 1134 jure
1629 1065 1699 1118 de
1731 1063 1837 1130 his,

1922 457 2154 510 germen
2181 441 2241 495 in
2260 441 2454 509 vineis,
2477 444 2784 498 mentietur
2809 462 2949 516 opus
2975 447 3150 515 olivae,
3180 454 3238 504 et
3255 466 3390 506 arva
3407 469 3521 508 non

1923 531 2161 584 afferent
2187 530 2392 597 cibum,
2425 539 2480 586 et
2526 539 2746 600 caetera,
2801 552 2922 605 qua:
2963 537 3096 608 quia
3123 555 3236 594 non
3278 541 3519 597 multum

1923 617 2136 672 distant
2161 637 2196 673 a
2225 621 2370 674 LXX
2409 637 2535 676 cum
2577 623 3040 694 interpretatione
3065 645 3260 684 eorum
3309 631 3523 701 pariter

1921 706 2282 763 disseramus.
2317 711 2458 763 Cum
2498 712 2713 766 venerit
2749 713 2870 767 dies
2902 715 3283 772 tribulationis
3322 725 3381 774 et
3417 737 3521 792 ego

1920 797 2220 851 ascendero
2250 799 2319 851 ad
2350 800 2639 870 populum,
2667 801 2763 872 qui
2784 819 3004 858 mecum
3035 805 3338 877 aliquando
3358 827 3522 881 pere-

1918 885 2176 954 grinatus
2205 892 2308 951 est,
2343 888 2426 941 vel
2447 895 2615 956 certe,
2640 907 2769 944 cum
2807 893 3024 948 venerit
3053 895 3174 950 dies
3217 898 3520 954 eversionis

1921 974 2164 1028 Judaicze
2205 981 2262 1028 et
2313 977 2503 1048 populi
2543 979 2765 1048 prioris,
2797 987 2856 1034 et
2891 982 3157 1038 derelicta
3194 985 3367 1042 fuerit
3403 989 3522 1044 tilia

1924 1063 2078 1127 Sion,
2111 1064 2256 1119 sicut
2294 1065 2718 1122 tabernaculum
2758 1069 2818 1122 in
2847 1069 3026 1138 vinea,
3063 1079 3120 1127 et
3148 1073 3294 1130 sicut
3327 1079 3521 1132 casula

1917 1150 1978 1206 in
2027 1153 2434 1220 cucumerario,
2477 1161 2535 1210 et
2563 1155 2709 1212 sicut
2737 1157 2948 1226 civitas,
2981 1178 3105 1232 quae
3145 1171 3516 1236 expugnatur,

240 1171 359 1226 qua:
405 1155 468 1209 in
499 1154 706 1209 inﬁmis
750 1160 1021 1225 gesserat,
1058 1153 1444 1208 conturbatur.
1480 1151 1728 1207 Turbata
1753 1159 1838 1208 est

237 1249 430 1299 autem
461 1245 638 1298 virtus
661 1243 1441 1316 prophetae,contremuerunt
1455 1259 1599 1307 ossa,
1621 1241 1840 1312 expavit
1919 1257 1984 1296 eo
2029 1243 2258 1312 quidem
2305 1251 2576 1315 pereunte
2609 1247 2816 1302 electus
2857 1266 2984 1304 sum
3031 1253 3258 1324 populo,
3297 1255 3367 1308 de
3406 1272 3517 1328 quo

234 1339 572 1400 venter,non
583 1334 764 1388 solum
776 1332 910 1402 quia
926 1332 1113 1386 minus
1123 1331 1432 1403 perfectum
1443 1348 1502 1386 se
1519 1332 1740 1386 actione
1753 1348 1839 1386 co-
1920 1331 2132 1386 dictum
2162 1337 2249 1386 est
2270 1351 2283 1384 τ
2320 1351 2346 1385 (‹
2381 1333 2451 1388 Et
2470 1334 2579 1388 nisi
2595 1335 2866 1393 Dominus
2897 1339 3216 1410 reliquisset
3243 1343 3405 1400 nobis
3434 1363 3518 1401 se-

233 1423 648 1492 gnovit,verum
667 1421 836 1476 etiam
852 1421 985 1492 quia
997 1437 1212 1488 omnes,
1229 1421 1424 1492 quipie
1434 1421 1639 1475 vellent
1659 1421 1839 1475 vivere
1921 1437 2070 1487 men,
2095 1422 2256 1492 quasi
2288 1423 2531 1478 Sodoma
2543 1423 2860 1492 fuissemus,
2885 1433 2942 1481 et
2965 1431 3124 1499 quasi
3145 1431 3422 1488 Gomorra
3439 1433 3518 1489 si-

233 1511 290 1564 in
311 1511 541 1566 Christo
571 1511 988 1582 persecutiones
1007 1526 1272 1581 passuros
1291 1509 1503 1564 didicit.
1538 1510 1646 1564 Sed
1666 1515 1723 1564 et
1751 1510 1838 1580 ip-
1921 1510 2083 1564 miles
2109 1510 2410 1567 fuissemus
2443 1515 2728 1583 (Rom.1x).
2758 1534 2786 1567 ›)
2818 1515 3102 1587 Copulabo
3119 1537 3210 1574 me
3231 1521 3519 1594 discipulis

233 1616 359 1654 sum
379 1601 688 1664 Christum,
710 1599 805 1670 qui
827 1599 947 1653 sine
969 1605 1194 1670 peccato
1210 1598 1522 1652 intraretin
1539 1598 1832 1665 mundum,
1920 1599 2146 1666 Christi,
2179 1617 2318 1672 quos
2339 1602 2474 1672 quia
2493 1602 2549 1656 in
2573 1610 2764 1658 monte
2775 1605 2955 1673 docet,
2975 1607 3156 1664 turbis
3177 1610 3518 1668 etdebilibus

235 1705 343 1743 non
365 1689 491 1743 sine
515 1704 683 1759 poena
699 1688 910 1760 peccati
939 1687 1222 1742 exiturum
1234 1687 1372 1741 vidit
1385 1705 1506 1742 esse
1517 1688 1585 1742 de
1601 1688 1830 1742 mundo.
1849 1673 1897 1732 Β
1915 1687 2178 1742 deorsum
2208 1690 2435 1754 relictis,
2467 1707 2570 1761 ego
2603 1691 2676 1746 ad
2701 1700 2971 1750 montana
3012 1699 3404 1754 conscendam.
3444 1701 3517 1756 Hi

302 1796 326 1828 ε(
361 1777 734 1848 Requiescam
764 1777 822 1831 in
851 1776 944 1831 die
971 1775 1350 1858 tribulationis
1370 1793 1526 1842 meae,
1545 1781 1611 1830 ut
1639 1793 1832 1830 ascen-
1915 1783 2104 1831 autem
2135 1795 2343 1845 versus,
2377 1779 2426 1833 si
2453 1781 2578 1850 quis
2609 1789 2841 1852 quaerat,
2855 1784 2990 1855 quid
3019 1787 3332 1856 figuraliter
3349 1789 3520 1860 signi-

231 1885 256 1916 4x
287 1867 423 1921 dam
443 1867 516 1921 ad
543 1867 812 1938 pOpulum
837 1865 1350 1936 transmigrationis
1371 1882 1527 1920 meae.
1547 1887 1572 1917 ι)
1599 1865 1834 1936 Requie—
1915 1866 2100 1934 licent,
2135 1867 2216 1920 ita
2246 1873 2434 1938 potest
2461 1869 2666 1940 exponi
2706 1889 2717 1924 :
2752 1873 2908 1940 ﬁcus,
2939 1874 3104 1930 vinea
3137 1883 3195 1930 et
3221 1878 3370 1932 oliva
3397 1883 3520 1934 erat

225 1955 328 2009 scit
380 1955 534 2015 enim
577 1955 636 2009 in
677 1955 769 2010 die
815 1971 928 2008 non
976 1955 1159 2008 solum
1207 1954 1613 2020 retributionis,
1649 1955 1746 2008 sed
1777 1960 1834 2008 et
1915 1971 2200 2026 synagoga
2217 1957 2558 2024 Judaaorum,
2584 1960 2808 2029 quando
2829 1961 3181 2019 dulcedinem
3199 1965 3361 2021 bonae
3387 1983 3518 2039 ope-

225 2043 629 2110 tribulationis,
663 2044 796 2114 quia
823 2061 924 2115 per
950 2043 1282 2097 afflictiones
1309 2044 1649 2114 temporales
1667 2049 1830 2098 aeter—

223 2150 295 2188 na
324 2151 392 2188 se
421 2134 634 2204 gaudia
652 2139 948 2188 aucturum
969 2150 1090 2186 esse
1119 2149 1232 2186 non
1258 2133 1480 2186 dubitat
1501 2133 1663 2202 juxta
1693 2132 1829 2186 illud

222 2223 485 2294 Apostoli
510 2241 522 2275 :
559 2241 586 2274 α
615 2224 724 2293 Spe
745 2222 894 2276 enim
924 2222 1060 2276 salvi
1083 2221 1214 2275 facti
1241 2239 1437 2276 sumus
1458 2221 1630 2291 (Rom.
1661 2232 1826 2291 vim.»

226 2313 291 2365 Et
312 2313 540 2379 iterum
575 2329 587 2364 :
624 2329 651 2364 α
698 2313 807 2382 Spe
853 2311 1184 2382 gaudentes,
1221 2311 1280 2364 in
1319 2310 1683 2365 tribulatione
1728 2327 1829 2380 pa-

223 2400 434 2454 tientes
467 2402 634 2466 (Rom.
667 2405 745 2468 x).
788 2419 814 2451 »
847 2401 978 2454 Haec
1015 2405 1101 2454 est
1147 2404 1338 2454 autem
1365 2399 1424 2453 in
1463 2391 1566 2453 hac
1595 2399 1709 2453 vita
1737 2417 1828 2452 re-

223 2489 388 2559 quies
437 2489 764 2548 electorum,
813 2495 898 2556 ut,
938 2489 1132 2542 relicto
1182 2489 1508 2542 inﬁmorum
1553 2487 1826 2559 appetitu,

220 2584 346 2632 tota
377 2578 587 2632 mentis
615 2577 924 2632 intentione
950 2583 1009 2632 et
1027 2577 1368 2648 quotidianis
1392 2577 1665 2632 bonorum
1695 2594 1828 2648 ope-

1915 2045 2167 2110 rationis,
2203 2046 2564 2116 flagrantiam
2593 2047 2817 2104 fervidae
2848 2051 3182 2120 dilectionis,
3217 2055 3515 2126 pinguedi-

1913 2149 2043 2187 nem
2098 2133 2271 2188 animi
2323 2135 2702 2190 misericordis
2754 2138 2870 2193 Deo
2917 2141 3118 2196 devota
3173 2143 3512 2213 proferebat.

1915 2220 2056 2276 Oves
2086 2229 2144 2277 et
2171 2223 2336 2278 boves
2351 2224 2524 2296 typici
2537 2231 2700 2280 erant
2713 2226 2771 2280 in
2797 2228 2992 2283 eadem
3018 2229 3196 2300 plebe,
3221 2233 3514 2288 ovesvide-

1911 2309 2041 2364 licet
2069 2310 2126 2365 in
2155 2312 2236 2366 eis
2266 2312 2361 2384 qui
2390 2330 2581 2368 vocem
2608 2315 2813 2369 summi
2827 2317 3068 2388 pastoris
3096 2319 3388 2375 humiliter
3407 2337 3511 2376 au-

1911 2399 2157 2454 diebant.
2182 2401 2357 2454 Boves
2377 2419 2506 2457 vero
2530 2403 2589 2457 in
2617 2403 2747 2470 illis,
2775 2405 2870 2476 qui
2895 2407 3098 2477 jugum
3125 2408 3266 2478 legis
3295 2411 3514 2466 naviter

1911 2494 2198 2558 portantes
2227 2489 2298 2543 ad
2350 2489 2632 2546 faciendos
2679 2492 2956 2548 bonorum
2993 2511 3227 2567 operum
3273 2497 3510 2566 fructus,

1911 2577 2081 2630 corda
2098 2579 2446 2634 audientium
2459 2579 2652 2636 sedulo
2670 2582 2918 2638 docendo
2935 2589 2993 2638 et
3009 2585 3336 2656 castigando
3348 2587 3510 2659 quasi

223 2685 350 2722 rum
373 2666 664 2738 gressibus
706 2666 1007 2721 ascendere
1053 2683 1118 2720 ac
1145 2666 1550 2736 transmigrare
1579 2667 1832 2721 nitantur
1911 2671 2123 2720 terram
2152 2667 2374 2722 Domini
2405 2671 2616 2724 arando
2637 2671 2930 2741 parabant,
2964 2673 3164 2745 hisque
3183 2675 3513 2746 spiritaliter

223 2757 295 2810 ad
325 2757 682 2810 consortium
705 2773 918 2822 eorum,
952 2755 1047 2826 qui
1090 2773 1150 2808 se
1189 2755 1246 2810 in
1276 2755 1500 2808 Christo
1529 2771 1827 2826 praecesse-
1910 2754 2239 2822 viventibus,
2265 2757 2549 2828 spiritales
2578 2759 2857 2814 faciebant
2885 2763 3234 2834 escascampi
3264 2764 3512 2836 Scriptu-

221 2851 356 2900 rant
383 2865 399 2913 ;
435 2845 532 2900 sed
565 2851 624 2898 et
648 2849 779 2899 ante
804 2844 1168 2898 novissimum
1189 2843 1328 2898 illud
1366 2860 1432 2914 ac
1449 2844 1712 2914 generale
1731 2845 1827 2914 ju-
1909 2859 2099 2898 rarum
2130 2844 2446 2900 divinarum
2465 2847 2742 2914 latissimi,
2764 2865 3003 2919 quorum
3029 2850 3234 2921 pabulo
3263 2851 3509 2908 delecta-

217 2934 435 2989 dicium
466 2933 644 2988 sancti
658 2933 1015 3004 requiescunt
1041 2933 1100 2988 in
1129 2933 1219 2988 die
1240 2932 1622 2988 tribulationis
1639 2950 1828 2988 ascen-
1846 2991 1886 3011 ﬁ
1909 2931 2076 2988 batur
2103 2934 2216 3000 ille,
2241 2934 2337 3006 qui
2364 2941 2429 2990 ut
2441 2937 2766 3006 jumentum
2795 2937 2973 2993 factus
3002 2945 3125 2993 erat
3154 2941 3302 3011 apud
3327 2941 3508 2997 Deum

215 3024 425 3078 dentes
456 3023 528 3078 ad
574 2991 844 3094 populum
888 3023 1402 3092 transmigrationis
1441 3039 1573 3088 suae,
1605 2991 1889 3093 quandoC
1909 3028 1966 3076 et
1999 2991 2220 3095 semper
2247 2991 2329 3078 illi
2360 2991 2686 3080 adhaerebat
2708 2991 2944 3082 dicens
3328 2991 3506 3102 legit

213 3119 342 3184 post
370 3112 527 3166 bona
557 3128 729 3183 opera
749 3110 1008 3165 translati
1035 3111 1105 3166 de
1132 3111 1340 3165 mundo
1369 3111 1618 3181 priorum
1641 3113 1828 3182 justo-
1909 3128 2000 3166 me
2025 3118 2083 3166 et
2101 3113 2243 3168 nihil
2271 3113 2410 3168 mihi
2435 3114 2632 3180 deerit,
2650 3115 2710 3170 in
2737 3116 2857 3170 loco
2878 3132 3096 3188 pascuae
3127 3117 3203 3172 ibi
3231 3135 3322 3173 me
3342 3121 3508 3176 collo-

213 3219 342 3256 rum
373 3201 604 3272 gaudiis
639 3201 926 3255 sociantur
965 3200 1022 3254 in
1064 3200 1235 3266 ccelis,
1269 3217 1396 3255 cum
1443 3207 1826 3272 persecutores
1909 3201 2056 3256 cavit
2085 3202 2249 3269 (Psal.
2293 3203 2446 3272 xxxx).
2483 3223 2509 3256 »
2543 3205 2651 3258 Sed
2676 3204 2794 3259 hrec
2821 3206 2962 3260 ﬁcus
2989 3207 3230 3262 Domino
3261 3208 3332 3262 ad
3380 3225 3506 3264 eam

211 3308 423 3346 eorum
445 3291 657 3362 pariter
674 3290 743 3344 de
769 3290 874 3343 hac
900 3289 1016 3343 vita
1037 3289 1242 3343 sublati
1259 3293 1541 3344 tormenta
1553 3291 1825 3360 gehennae
1907 3290 2076 3344 tertio
2103 3291 2378 3354 veniente,
2411 3292 2514 3345 hoc
2533 3299 2635 3358 est,
2661 3293 2718 3346 in
2745 3294 3094 3364 legislatione
3122 3313 3224 3367 per
3253 3297 3502 3368 Moysen,

213 3385 498 3452 perpetuo
527 3379 835 3434 tribulandi
862 3377 1120 3433 subeant.
1145 3379 1337 3432 Potest
1367 3384 1556 3433 autem
1589 3379 1707 3434 dies
1728 3379 1823 3434 tri-
1905 3377 1960 3430 in
1993 3379 2189 3432 sedula
2216 3379 2597 3450 increpatione
2627 3387 2684 3434 et
2701 3383 3088 3438 exhortatione
3117 3401 3218 3456 per
3261 3386 3505 3456 prOphe-

211 3469 530 3524 bulationis
567 3469 739 3522 etiam
783 3469 841 3522 in
871 3468 977 3521 hac
1021 3467 1136 3522 vita
1170 3467 1428 3538 intelligi,
1465 3485 1591 3522 cum
1631 3483 1826 3537 grave-
1906 3471 2014 3530 tas,
2043 3467 2394 3522 inoblatione
2413 3468 2610 3538 gratiae
2631 3487 2733 3540 per
2753 3470 2998 3542 seipsum
3020 3471 3246 3526 virtutis
3259 3473 3505 3530 fructum

208 3565 412 3614 scente
442 3557 836 3642 temporalium
872 3557 1148 3611 bonorum
1173 3557 1426 3628 penuria,
1459 3557 1517 3610 hi
1559 3556 1654 3630 qui
1692 3556 1828 3610 talia
1910 3555 2055 3609 ferre
2079 3555 2342 3626 neglexit,
2365 3562 2594 3627 propter
2623 3558 2770 3627 quod
2800 3559 2869 3613 ad
2901 3559 3350 3616 maledictionem
3381 3563 3504 3632 ejus

209 3648 537 3702 dilexerant
556 3647 794 3700 nimium
807 3645 967 3717 quasi
989 3646 1232 3700 miseriis
1245 3645 1573 3700 circumdati
1595 3645 1819 3699 dolent:
1907 3651 2118 3698 aeterna
2145 3645 2406 3698 ariditate
2435 3645 2705 3700 damnata
2741 3653 2845 3712 est,
2877 3647 3077 3703 defecit
3117 3650 3408 3722 generatio
3441 3651 3502 3706 in

207 3739 307 3792 sed
360 3736 579 3791 electus
625 3753 879 3807 quisque,
939 3735 1192 3806 quamvis
1223 3735 1420 3788 eadem
1467 3733 1823 3788 incommoda
1904 3731 2081 3786 vincis
2108 3733 2391 3803 quondam
2421 3734 2665 3801 Domini,
2684 3735 2740 3788 id
2760 3741 2864 3803 est,
2895 3737 3110 3792 fructus
3138 3738 3502 3794 charitatisin

205 3825 591 3898 corporaliter
617 3825 918 3888 sustinens,
961 3827 1070 3878 lixa
1097 3841 1194 3896 spe
1225 3823 1430 3877 mentis
1467 3822 1527 3878 in
1559 3823 1816 3888 Domino,
1904 3820 2082 3874 turbis
2113 3821 2454 3888 Judaorum,
2487 3829 2717 3895 propter
2747 3825 2896 3895 quod
2924 3825 3135 3882 sitienti
3165 3827 3247 3882 illi
3278 3833 3502 3884 acetum

206 3915 476 3986 requiem
506 3913 678 3968 habet
703 3913 885 3968 sciens
913 3911 1046 3983 quia
1079 3928 1190 3983 quo
1231 3911 1459 3982 gravius
1507 3911 1564 3965 in
1607 3911 1818 3965 inlimis
1902 3925 2003 3979 pro
2023 3909 2158 3964 vino.
2179 3911 2522 3978 obtulerunt,
2546 3913 2602 3967 id
2630 3919 2733 3980 est,
2771 3913 3043 3969 virtutum
3079 3915 3414 3972 suavitatem
3442 3919 3502 3974 in

205 4002 575 4076 deprimitur,
624 4019 690 4057 eo
738 4000 942 4056 celsius
979 4007 1107 4072 post
1141 4017 1432 4072 pressuras
1483 4001 1554 4054 ad
1611 4006 1822 4055 aeterna
1901 4014 1962 4053 se
1991 3999 2262 4068 quaerenti
2287 4000 2551 4055 vitiorum
2579 4002 2900 4057 acredinem
2943 4004 3318 4075 proferebant,
3349 4023 3502 4062 men-

204 4092 576 4165 superiorum
623 4091 827 4145 civium
871 4090 1155 4144 consortia
1195 4089 1467 4155 ascendit,
1501 4089 1591 4143 cui
1631 4091 1818 4144 sensui
1903 4087 2149 4143 tiebatur
2177 4105 2316 4160 Opus
2335 4090 2510 4156 olivae,
2551 4107 2679 4146 cum
2720 4093 2917 4147 eadem
2948 4093 3105 4167 plebs
3149 4095 3272 4150 oleo
3315 4096 3504 4151 adola-

203 4180 482 4236 convenit
511 4184 658 4250 apte,
690 4179 839 4250 quod
868 4177 1122 4248 sequitur
1152 4195 1164 4230 :
1902 4177 2070 4232 tionis
2085 4177 2468 4249 impinguaret
2486 4181 2672 4250 capita
2701 4181 3057 4250 miserorum,
3074 4184 3353 4256 ductaque
3374 4202 3499 4256 pro-

285 4291 312 4321 ι
347 4269 522 4324 Ficus
550 4268 702 4322 enim
730 4283 844 4321 non
869 4265 1094 4320 ﬂorebit
1121 4272 1178 4320 et
1205 4284 1319 4322 non
1349 4265 1458 4322 erit
1497 4284 1732 4339 germen
1762 4267 1879 4344 in“
1901 4265 2083 4336 pheta;
2109 4267 2328 4322 veracia
2347 4267 2487 4322 falso
2509 4286 2606 4323 ore
2635 4276 2926 4325 resonaret
2953 4271 3177 4327 dicens:
3199 4292 3226 4326 ι
3258 4274 3373 4344 Ego
3402 4290 3498 4329 au-

205 4379 232 4411 (ί
264 4358 480 4423 vineis,
507 4357 812 4411 mentietur
841 4373 982 4427 opus
1011 4356 1166 4411 olivae
1196 4361 1253 4410 et
1273 4373 1407 4411 arva
1437 4373 1548 4410 non
1582 4356 1882 4410 afferent”
1899 4359 2014 4408 tem
2058 4356 2212 4411 sicut
2235 4357 2379 4410 oliva
2428 4357 2716 4412 fructifera
2758 4359 2814 4412 in
2857 4359 3024 4414 domo
3054 4361 3156 4415 Dei
3196 4363 3414 4432 speravi
3435 4363 3495 4417 in

205 4465 234 4498 ί(
267 4447 490 4511 cibum,
515 4444 834 4499 abscidetur
847 4445 917 4498 de
931 4445 1059 4498 ovili
1075 4462 1242 4515 pecus
1262 4450 1319 4498 et
1337 4461 1448 4498 non
1469 4445 1816 4498 eritarmen-
1900 4443 2278 4500 misericordia
2306 4446 2406 4500 Dei
2453 4448 2614 4520 (Psal.
2650 4449 2738 4515 LI).
2777 4447 3014 4518 Propter
3047 4449 3196 4519 quod
3241 4456 3493 4522 tempore

205 4557 228 4586 ι
268 4541 407 4590 tum
429 4534 488 4588 in
515 4533 873 4606 praesepibus.
913 4553 936 4584 ν
972 4534 1150 4588 LXX:
1183 4554 1206 4583 α
1239 4533 1516 4597 Quoniam
1547 4535 1684 4588 ﬁcus
1705 4550 1816 4588 non
1899 4532 2110 4588 ultima:
2153 4533 2542 4589 retributionis
2579 4535 2878 4589 exstinctus
2905 4536 3148 4592 allatura
3182 4539 3490 4610 lampadas,

200 4625 383 4678 aﬂert
411 4623 654 4677 fructum
683 4629 741 4677 et
767 4639 879 4677 non
900 4623 1008 4676 erit
1032 4622 1320 4692 generatio
1349 4623 1407 4676 in
1436 4621 1630 4689 vineis,
1655 4639 1817 4682 men-
1900 4625 1956 4675 et
1981 4637 2108 4675 cum
2135 4622 2252 4676 suis
2283 4622 2526 4677 tenebris
2546 4622 2616 4677 ab
2640 4623 2900 4693 ingressu
2915 4632 3001 4680 est
3029 4626 3223 4697 patriae
3252 4629 3493 4684 caelestis

196 4715 392 4768 tietur
420 4729 563 4784 Opus
590 4713 748 4768 olivae
779 4717 836 4766 et
869 4711 1053 4782 campi
1079 4727 1193 4766 non
1221 4711 1434 4766 faciunt
1463 4729 1634 4778 escas,
1667 4711 1815 4766 defe-
1899 4709 2581 4781 excludenda.Campinon
2595 4712 3490 4786 faciuntescas,cumplebseadem

198 4809 418 4858 cerunt
443 4801 512 4855 ab
540 4818 668 4856 esca
699 4818 846 4867 oves,
887 4807 945 4854 et
972 4817 1084 4854 non
1117 4806 1286 4856 erunt
1323 4801 1381 4855 in
1408 4801 1680 4873 praesepio
1713 4801 1813 4855 bo-
1895 4799 2103 4869 apertis
2128 4798 2442 4852 divinorum
2485 4801 2708 4871 apicum
2745 4804 2963 4876 paginis
3004 4821 3212 4875 pascua
3239 4807 3490 4862 veritatis

197 4910 322 4947 ves.
363 4911 391 4943 ι
425 4891 592 4945 Juxta
613 4890 969 4954 Hebraicum,
1003 4890 1062 4944 in
1092 4907 1201 4962 quo
1230 4907 1402 4962 supra
1437 4890 1698 4956 diximus,
1733 4890 1814 4945 in-
1894 4887 2145 4942 invenire
2172 4893 2321 4942 recte
2351 4889 2716 4960 intelligendo
2745 4909 2856 4946 non
2887 4892 3036 4946 valet
3065 4911 3078 4960 ;
3122 4893 3392 4948 deficiunt
3418 4893 3488 4949 ab

193 4981 506 5052 gradiatur
524 4979 762 5051 putredo
799 4980 859 5034 in
889 4979 1108 5034 ossibus
1139 4980 1277 5034 meis
1299 4985 1356 5032 et
1384 4979 1578 5034 subter
1595 4997 1814 5034 mesca-
1893 4993 2020 5030 esca
2050 4993 2195 5042 oves,
2243 4977 2378 5050 quia
2422 4979 2624 5050 quibus
2654 4981 2887 5034 internae
2918 4981 3147 5036 refectio
3177 4982 3488 5038 dulcedinis

191 5077 343 5136 teat,
380 5075 447 5124 ut
465 5069 810 5141 requiescam
826 5068 883 5122 in
910 5069 1000 5122 die
1015 5068 1412 5136 tribulationis,
1433 5076 1496 5124 ut
1507 5070 1803 5124 ascendam
1893 5066 2069 5133 abest,
2093 5067 2242 5122 unde
2271 5067 2592 5122 innocentia
2603 5069 2723 5123 vitae
2742 5069 3010 5140 simplicis
3038 5071 3348 5142 proveniat,
3373 5089 3487 5127 non

190 5161 268 5216 ad
283 5158 567 5232 populum
586 5159 898 5213 accinctum
913 5175 1119 5225 meum,
1142 5157 1223 5212 ita
1243 5175 1366 5230 quae
1381 5163 1805 5230 praecesserunt,
1893 5162 1996 5210 est.
2031 5156 2120 5212 Sic
2148 5162 2338 5211 autem
2369 5157 2580 5212 dictum
2613 5163 2697 5212 est
2723 5158 3043 5214 defecerunt
3067 5159 3138 5216 ab
3179 5177 3307 5216 esca
3335 5177 3484 5228 oves,

187 5247 622 5322 capulabuntur
669 5246 1054 5318 sequentibus,
1099 5247 1225 5303 ideo
1267 5247 1688 5303 tribulationem
1737 5247 1809 5302 ad
1891 5247 1948 5301 id
1975 5253 2078 5311 est,
2135 5246 2268 5318 quia
2318 5263 2442 5300 esca
2472 5247 2682 5314 deerat,
2723 5247 2868 5304 sicut
2902 5255 2960 5303 et
2997 5249 3059 5305 in
3099 5251 3316 5322 psalmo
3350 5251 3483 5307 Pro-

192 5353 460 5412 prmsens
473 5336 620 5391 volui
632 5336 928 5416 sustinere,
951 5342 1009 5392 et
1023 5342 1216 5408 postea
1227 5336 1298 5391 ad
1319 5337 1586 5408 populum
1607 5337 1809 5391 fortem
1889 5337 2060 5408 pheta
2093 5355 2104 5388 :
2147 5355 2169 5388 ι
2205 5336 2413 5390 Etcaro
2435 5352 2578 5400 mea,
2597 5336 2798 5408 inquit,
2822 5337 3124 5394 immutata
3150 5345 3236 5395 est
3255 5345 3486 5414 propter

189 5427 534 5490 ascendere,
565 5425 698 5497 quia
718 5425 904 5482 veniet
931 5426 1052 5480 dies
1077 5424 1457 5480 tribulationis
1485 5432 1544 5480 et
1563 5426 1808 5480 necessi-
1891 5425 2076 5480 oleum
2110 5427 2274 5492 (1³εαί.
2317 5427 2488 5492 cvm),
2523 5445 2546 5477 ι
2578 5425 2636 5480 id
2665 5431 2770 5492 est,
2812 5426 2945 5498 quia
2982 5427 3187 5504 oleum,
3221 5445 3331 5501 quo
3360 5431 3488 5486 reﬁ-

188 5517 348 5572 tatis
381 5534 392 5569 :
419 5520 476 5571 et
502 5515 718 5571 caeteris
745 5515 806 5570 in
831 5515 1094 5585 angustia
1112 5515 1453 5576 constitutis,
1483 5531 1586 5585 ego
1615 5515 1673 5568 in
1711 5521 1809 5569 tua
1891 5530 2049 5568 cerer
2075 5513 2190 5568 sive
2215 5530 2458 5584 ungerer
2479 5530 2592 5569 non
2620 5521 2762 5570 erat.
2803 5515 3056 5587 Denique
3081 5516 3314 5588 quidam
3341 5518 3489 5574 codi-

457 5616 722 5677 ΡΑι-ιιοι.
761 5614 916 5675 CXII
1451 5637 1462 5648 υ

3175 5619 3254 5678 36
