3942 6158
193 264 334 325 H33

853 267 1223 327 COMMEN’I'.
1265 272 1345 327 IN
1383 266 1695 326 CANTICA
1733 266 1898 334 QUAE
1933 272 2030 326 AD
2073 270 2352 327 LAUIES
2387 268 2776 327 movum.

3318 269 3472 337 “'34;

259 408 286 442 α
314 389 701 454 Audite,cmii,
715 407 839 462 quae
859 392 1082 464 loquar;
1102 393 1296 449 audiat
1313 399 1465 448 terra
1486 393 1653 449 verba
1669 393 1784 447 oris
1799 396 1852 454 Α
1866 393 1966 448 via;
1995 395 2124 465 ejus
2140 393 2371 464 judicia,
2410 415 2433 443 ι
2469 395 2604 465 quia
2630 395 3136 453 omnia-mandata.
3157 395 3288 466 ejus
3304 412 3456 460 vera.

189 496 215 529 α
247 479 424 533 mei.»
440 480 608 534 Juxta
634 481 1003 550 primOrdium
1027 483 1188 538 Isaia;
1207 484 1491 554 prophetis
1512 484 1593 537 ita
1610 483 1786 553 scrip-

183 574 306 621 tum
336 573 454 622 est:
491 588 512 619 α
542 569 710 634 Audi,
743 571 962 635 omium,
992 578 1049 626 et
1085 571 1314 626 auribus
1352 571 1593 644 percipe,
1613 577 1783 638 terra,

185 657 318 727 quia
338 657 614 712 Dominus
636 659 854 714 locutus
873 667 960 714 est
983 662 1111 729 (lca.
1147 665 1204 729 ι).
1239 663 1423 732 Supra
1449 678 1582 732 ergo
1603 661 1660 716 in
1690 677 1788 714 eo-

183 747 314 799 dem
345 747 508 812 libro,
535 748 661 819 quis
683 750 979 820 Propheta,
1003 752 1166 821 cujus
1183 751 1349 814 ﬁlius,
1365 750 1459 822 qui
1481 757 1675 804 contra
1695 751 1790 804 Juo

185 835 316 889 dam
347 843 407 890 et
437 835 806 904 Hierusalem,
839 841 952 893 sive
981 857 1081 911 per
1099 840 1300 894 Judam
1330 845 1387 894 et
1415 840 1788 906 Hierusalem,

189 931 244 978 et
263 940 380 995 quo
397 931 651 996 tempore
665 927 1048 984 viderittitulo
1063 929 1512 984 demonstratum
1530 934 1790 994 est,nunc

188 1014 397 1068 malum
413 1020 478 1068 et“
490 1021 702 1068 terram
725 1016 796 1070 ad
815 1016 1158 1074 audiendum
1175 1025 1457 1090 provocat,
1471 1019 1529 1073 in
1543 1018 1682 1072 caelo
1701 1033 1792 1072 su-

190 1118 398 1173 pernas
409 1103 732 1174 signiﬁcans
753 1105 1144 1178 angelicasque
1155 1107 1382 1174 vitutes,
1393 1108 1452 1161 in
1475 1114 1630 1162 terra
1647 1123 1792 1160 mor-

191 1191 391 1246 talium
409 1208 611 1263 genus,
628 1195 1034 1266 metonymicos
1053 1195 1124 1250 ab
1141 1196 1229 1250 his
1247 1213 1372 1268 quae
1385 1197 1682 1250 continent
1704 1213 1790 1262 ea,

192 1295 315 1350 quis
349 1282 714 1337 continentur
741 1285 1060 1340 ostendens.
1089 1286 1232 1340 Nam
1275 1285 1406 1357 quia
1442 1303 1544 1357 per
1565 1285 1796 1357 Moysen

193 1375 370 1424 testes
381 1377 675 1426 vocaverat
686 1372 956 1428 Dominus
965 1375 1166 1428 cmlum
1180 1381 1238 1430 et
1245 1381 1456 1429 terram
1469 1375 1610 1429 dans
1625 1389 1797 1446 popu-

193 1459 246 1511 lo
256 1459 436 1513 Israel
459 1459 641 1531 legem
663 1477 844 1527 suam,
863 1463 1180 1517 etdixerat:
1215 1464 1474 1530 Attende,
1496 1465 1718 1529 cmlum,
1741 1470 1800 1518 et

195 1549 424 1619 loquar;
445 1548 642 1604 audiat
657 1556 814 1604 terra
829 1551 998 1604 verba
1009 1552 1125 1606 oris
1143 1553 1273 1610 mei.
1293 1573 1318 1605 ι)
1333 1561 1459 1624 post
1477 1554 1801 1624 praevarica-

195 1636 410 1691 tionem
439 1638 633 1709 populi
662 1639 888 1694 eosdem
917 1657 1112 1694 rursus
1131 1641 1190 1694 in
1209 1641 1594 1696 testimonium
1619 1647 1795 1706 vocat,

1868 483 2030 538 Unde
2049 483 2349 537 Psalmista
2365 483 2479 537 ait:
2509 503 2534 536 (ί
2558 485 2674 539 Lex
2699 483 3477 556 Deminiarreprehensibilis.

1869 577 2196 626 convertens
2223 573 2461 636 animas,
2503 572 2894 629 testimonium
2921 573 3332 631 Domini-ﬁdele
3368 590 3464 632 8&-

1869 661 2140 731 pientiam
2161 667 2437 732 praestans
2452 661 2696 733 parvulis
2720 664 2886 728 (Psal.
2919 662 3084 734 xviii).
3120 681 3154 716 ι
3179 663 3250 718 Et
3287 662 3460 718 item:

1875 769 1898 801 ε
1932 749 2171 816 iudicia,
2202 750 2404 822 inquit,
2423 751 2527 806 Dei
2546 766 2697 818 vexa,
2724 751 3047 822 justiﬁeata.
3062 751 3121 806 in
3141 751 3466 824 semetipsa,

1871 837 2265 892 desiderabilia
2311 856 2482 910 super
2523 855 2725 896 aurum
2773 843 2832 894 et
2869 839 3118 912 lapidem
3156 845 3478 912 pretiosum

1871 927 2133 994 multum,
2162 932 2224 982 et
2247 927 2499 983 dulciora
2523 945 2694 1000 super
2721 927 2835 983 mel
2863 934 2930 984 et
2963 927 3151 986 favum
3199 930 3410 998 (λιθίαν).
3443 948 3476 986 λ

1874 1017 1948 1071 Et
1969 1016 2103 1071 alibi
2127 1034 2138 1068 :
2165 1035 2205 1069 (ι
2224 1018 2291 1072 In
2316 1016 2498 1084 labiis,
2521 1017 2620 1084 ait,
2642 1017 2788 1073 meis
2803 1017 3163 1088 pronuntiavi
3189 1017 3477 1090 omniain-,-

1874 1104 2020 1159 dicia
2045 1105 2162 1160 oris
2187 1105 2273 1160 tui
2305 1107 2474 1174 (Psal.
2503 1111 2706 1176 oxvm).
2739 1127 2762 1158 ι

1953 1213 1976 1244 ι
2005 1193 2370 1249 Deusﬁdelis
2387 1201 2454 1249 et
2474 1195 2686 1266 absque
2711 1195 2828 1250 ulla
2861 1195 3172 1268 iniqttitate-
3198 1197 3402 1268 iustus.
3423 1202 3481 1255 et

1881 1303 1926 1336 ιο
1941 1289 2147 1338 rectus.
2171 1301 2200 1336 ι
2221 1283 2350 1339 Aiia
2378 1283 2580 1339 editio:
2621 1307 2644 1332 ι
2676 1283 2824 1340 Deus
2854 1284 3039 1342 ﬁdelis
3062 1291 3122 1342 et
3147 1301 3266 1342 non
3292 1291 3388 1344 est
3416 1285 3478 1345 in

1880 1389 1948 1427 eo
1970 1372 2257 1444 iniquitas,
2284 1373 2476 1444 justus
2501 1379 2558 1428 et
2593 1378 2821 1430 sanctus
2858 1374 3150 1435 Dominus.
3191 1394 3222 1428 ιλ
3270 1373 3479 1432 Fidelis

1882 1467 1986 1528 est,
2036 1462 2174 1532 quia
2212 1463 2360 1532 quod
2404 1461 2682 1534 promisit,
2732 1462 2926 1534 procul
2981 1463 3151 1518 dubio
3207 1464 3478 1536 implevit.

1881 1550 2108 1621 Absque
2136 1551 2253 1604 ulla
2277 1551 2597 1622 iniquitate,
2620 1551 3001 1623 quiaaquitas
3027 1567 3251 1612 summa
3276 1551 3485 1623 iniqui?

1883 1639 2018 1694 tatis
2039 1639 2386 1695 consortium
2395 1641 2557 1695 nullo
2564 1641 2738 1698 modo
2751 1641 2970 1712 recipit.
2987 1641 3200 1708 Justus,
3215 1640 3488 1714 φαίδρω*

198 1731 262 1779 ut
279 1732 488 1780 cuncta
507 1727 1301 1800 elementacognoscantjuste
1318 1731 1566 1785 Deumin
1589 1731 1803 1786 ultione
1822 1713 2142 1782 Bcanti'ous
2171 1735 2230 1783 et
2257 1745 2370 1783 non
2401 1728 2802 1801 penitentibus
2830 1747 2934 1801 pro
2962 1729 3126 1787 malis
3155 1731 3272 1788 suis

199 1815 598 1870 mandatorum
623 1833 854 1872 suorum
885 1819 956 1873 ad
987 1819 1336 1874 iracundiam
1366 1820 1728 1874 concitatum.

272 1922 299 1956 α
326 1905 667 1961 Concrescat
684 1907 742 1960 in
762 1907 1008 1978 pluviam
1028 1907 1284 1963 doctrina
1306 1924 1448 1974 mea,
1475 1909 1618 1963 fluat
1632 1915 1698 1962 ut
1713 1925 1806 1964 ros

203 2011 230 2044 ε
255 1993 570 2065 eloquium,
595 1996 755 2067 quasi
773 1995 954 2051 imber
967 2013 1140 2069 super
1177 1997 1405 2052 herbam
1435 2003 1494 2052 et
1512 1998 1671 2069 quasi
1690 1999 1808 2054 stila-

206 2101 231 2134 ι
264 2082 334 2137 lie
370 2099 546 2155 super
561 2084 840 2155 gramina,
859 2086 993 2156 quia
1012 2103 1215 2141 nomen
1229 2087 1452 2142 Domini
1463 2087 1749 2142 invocabo.
1780 2107 1803 2139 ι

202 2172 330 2226 Alia
370 2172 578 2228 editio:
630 2195 655 2225 «
689 2173 1056 2246 Exspectatur
1095 2176 1242 2231 sicut
1284 2177 1474 2248 pluvia
1521 2177 1808 2248 eloquium

202 2277 416 2328 meum,
441 2269 503 2317 et
527 2263 869 2318 descendant
895 2265 1038 2318 sicut
1054 2281 1148 2319 res
1175 2264 1344 2320 verba
1369 2281 1512 2332 mea,
1547 2265 1691 2320 sicut
1708 2265 1810 2320 im-

203 2350 306 2404 ber
367 2367 540 2424 super
598 2369 852 2423 germen,
911 2358 970 2408 et
1031 2353 1175 2409 sicut
1225 2355 1318 2408 nix
1375 2371 1544 2426 super
1593 2355 1803 2421 fenum,

204 2440 338 2510 quia
369 2457 580 2496 nomen
603 2443 828 2497 Domini
857 2443 1125 2499 invocavi.
1157 2467 1176 2494 η
1217 2444 1514 2516 Eloquium
1543 2444 1682 2516 legis
1708 2445 1810 2500 Dei

203 2536 498 2601 comparat
525 2531 726 2602 pluviae
747 2549 810 2586 ac
825 2532 961 2598 rori,
987 2533 1120 2604 quia
1146 2533 1403 2604 germina
1431 2533 1808 2606 spiritualium

205 2618 493 2673 fructuum
515 2637 550 2674 ει
569 2621 819 2676 fidelium
838 2622 1102 2677 cordibus
1113 2623 1343 2694 expetit,
1368 2623 1491 2694 ipsa
1504 2623 1652 2678 enim
1675 2629 1810 2677 sunt

205 2708 371 2762 vinea
408 2709 650 2774 Domini,
683 2711 833 2765 unde
851 2711 946 2766 ille
965 2711 1208 2767 fructum
1229 2712 1334 2766 sibi
1364 2712 1683 2778 amabilem,
1703 2713 1808 2766 hoc

207 2802 310 2862 est,
345 2796 620 2852 bonorum
651 2815 886 2870 operum
907 2803 1125 2872 quaerit.
1156 2801 1300 2856 Huic
1319 2801 1557 2856 similem
1587 2817 1808 2872 compar

205 2883 488 2939 rationem
509 2885 567 2940 in
591 2887 745 2940 Isaia
759 2889 1033 2958 propheta
1051 2889 1368 2943 invenimus
1393 2905 1404 2940 :
1431 2907 1457 2941 (ι
1491 2888 1803 2955 Quomodo,

201 2972 410 3044 inquit,
441 2974 732 3030 descendit
750 2975 932 3031 imber
949 2984 1006 3032 et
1025 2978 1117 3031 nix
1139 2977 1209 3031 de
1229 2979 1386 3044 callo,
1406 2983 1464 3032 et
1491 2977 1623 3032 illuc
1657 2977 1810 3031 ultra

1886 1816 2022 1872 buet
2065 1833 2308 1889 penam.
2357 1817 2580 1885 Rectus,
2636 1818 2782 1889 quia.
2813 1817 2981 1889 digne
3017 1818 3384 1890 operantibus
3433 1825 3491 1878 et

1888 1906 2030 1962 bene
2058 1906 2405 1962 merentibus
2439 1906 2618 1961 vitam
2643 1906 2842 1961 reddet
2869 1913 3219 1978 perpetuam.
3251 1908 3492 1976 Sanctus

1891 1996 2024 2067 quia
2051 1996 2109 2050 in
2140 1995 2401 2051 omnibus
2423 1995 2654 2067 judiciis
2679 2001 2746 2050 et
2764 1995 2982 2052 actibus
3004 1997 3129 2052 suis
3148 2001 3244 2052 est
3285 1997 3489 2068 probo-

1888 2084 2175 2140 tissimus:
2210 2091 2440 2140 sanctus
2475 2085 2629 2140 enim
2665 2089 2728 2139 et
2763 2084 2922 2156 pium
2961 2084 3246 2156 signiﬁcat
3286 2091 3350 2141 et
3391 2101 3492 2158 per

1888 2173 2144 2240 tientem,
2169 2179 2234 2228 et
2252 2173 2529 2229 bonorum
2558 2173 2824 2230 omnium.
2838 2173 3188 2244 largitorem,
3221 2173 3486 2246 quoniam

1891 2262 2164 2334 quidquid
2193 2261 2264 2316 ab
2282 2261 2380 2318 illo
2399 2262 2660 2329 efﬁcitur,
2682 2261 2956 2318 virtutum
2969 2261 3136 2318 laude
3153 2263 3484 2334 completur.

1965 2369 1992 2403 α
2022 2352 2404 2407 Peccaverunt
2429 2353 2482 2406 ei
2509 2367 2622 2406 non
2645 2351 2750 2406 ﬁlii
2778 2353 2908 2422 ejus
2921 2351 2984 2406 in
3001 2350 3280 2408 sordibus.
3317 2371 3344 2404 ι
3363 2351 3493 2409 Alia

1892 2441 2063 2496 editio
2088 2461 2100 2494 :
2161 2463 2184 2491 αι
2218 2441 2596 2496 Peccaverunt
2630 2456 2754 2497 non.
2776 2440 2830 2495 ei
2874 2439 2978 2495 ﬁlii
3023 2441 3435 2498 commendati.
3459 2460 3488 2494 ι)

1891 2531 2182 2594 Quomodo
2201 2545 2314 2584 non
2339 2529 2439 2584 ﬁlii
2461 2529 2582 2596 Dei,
2605 2528 2716 2584 nisi
2735 2528 2870 2600 quia
2885 2545 3078 2584 nonex
3093 2529 3206 2584 ﬁde
3228 2547 3240 2582 :
3271 2547 3301 2581 α
3319 2530 3492 2594 Quot:-

1889 2626 2028 2690 quot
2054 2625 2245 2674 autem
2269 2624 2604 2691 receperunt
2623 2634 2774 2685 eum,
2799 2617 2955 2673 dedit
2971 2618 3063 2672 eia
3071 2619 3492 2690 pomstatemﬁr

1889 2709 1994 2763 lios
2013 2708 2113 2763 Dei
2133 2708 2256 2763 ﬁeri
2271 2709 2358 2762 his
2380 2708 2478 2780 qui
2497 2706 2804 2762 creduntin
2821 2707 3184 2778 nomineejus
3196 2709 3376 2774 (Joan.
3388 2711 3488 2776 1.))

1889 2797 2048 2852 Unde
2060 2796 2551 2852 DominusJudaais
2570 2796 2740 2851 ﬁdem
2759 2797 2883 2868 ejus
2901 2795 3150 2868 recipere
3169 2795 3491 2856 nolentibus

1889 2892 1951 2940 et
1974 2887 2288 2941 doctrinam
2311 2885 2466 2940 illius
2491 2883 2908 2957 spernentibus,
2939 2885 3058 2941 ait:
3094 2905 3126 2940 σε
3146 2882 3262 2942 Vos
3288 2902 3358 2944 el
3387 2901 3488 2958 par

1887 2981 1975 3030 tre
2010 2974 2238 3030 diabolo
2285 2975 2419 3030 estis
2464 2980 2524 3029 et
2567 2974 2851 3030 desideria.
2887 2973 3078 3046 ptris.
3109 2974 3278 3032 vestri
3323 2973 3491 3032 vultis

199 3035 317 3116 non
349 3035 681 3124 revertetur,
707 3064 804 3118 sed
832 3064 1076 3120 inebriat
1093 3071 1303 3120 terram
1324 3035 1386 3119 et
1402 3064 1801 3131 infunditeam,
1825 3035 1868 3094 Ο
1887 3063 2069 3119 facere
2092 3083 2105 3132 ;
2131 3065 2226 3120 ille
2253 3063 2539 3119 homicida
2551 3063 2663 3118 fuit
2681 3062 2752 3117 ab
2768 3035 2932 3118 initio
2961 3069 3020 3118 et
3037 3062 3200 3120 latro.
3221 3085 3252 3116 ι.
3275 3064 3487 3122 Ειιειον

196 3155 264 3203 et
285 3151 611 3220 germinare
639 3169 765 3208 eam
795 3154 944 3220 facit,
979 3161 1036 3210 et
1061 3156 1158 3210 dat
1172 3171 1365 3210 semen
1397 3154 1596 3209 ferenti
1626 3160 1686 3209 et
1711 3171 1806 3225 pa-

195 3254 332 3294 nem
353 3241 670 3296 comedenti
692 3261 702 3295 :
723 3239 817 3296 'sic
844 3243 956 3298 erit
979 3243 1210 3299 verbum
1225 3260 1435 3309 meum,
1470 3243 1618 3315 quod
1650 3260 1804 3315 egre-

191 3328 393 3382 dietur
416 3330 492 3384 de
515 3347 612 3385 ore
645 3347 788 3394 meo,
822 3348 937 3386 non
963 3339 1278 3387 revertetur
1305 3332 1375 3386 ad
1407 3348 1496 3387 me
1541 3349 1797 3398 vacuum,

189 3417 304 3471 sed“
323 3419 493 3473 faciet
513 3435 864 3492 quacunque
889 3421 1040 3476 volui
1075 3428 1135 3476 et
1161 3421 1588 3494 prosperabitur
1611 3422 1671 3476 in
1713 3422 1802 3476 his

187 3507 265 3561 ad
297 3523 426 3578 quae
454 3507 583 3562 misi
612 3509 751 3563 illud
788 3513 912 3577 (13a.
947 3514 1057 3575 Lv).
1095 3531 1120 3562 ι
1150 3510 1359 3566 Verum
1404 3511 1538 3582 quia
1581 3511 1801 3582 Moyses

188 3595 516 3650 doctrinam
541 3613 704 3652 suam
733 3599 792 3652 in
835 3599 1080 3670 pluviam
1123 3615 1483 3655 concrescere
1527 3599 1684 3664 dixit,
1738 3605 1802 3653 ut

187 3690 479 3754 patenter,
513 3703 635 3757 quae
663 3687 779 3742 haec
804 3688 990 3758 pluvia
1009 3694 1174 3754 esset,
1207 3689 1640 3750 demonstraret,
1675 3687 1800 3742 sub-

179 3773 382 3843 junxit
409 3775 620 3841 dicens,
643 3795 669 3826 ε
704 3777 836 3847 quia
855 3793 1060 3832 nomen
1082 3778 1305 3832 Domini
1330 3777 1612 3833 invocabo.
1643 3797 1669 3828 η
1692 3777 1801 3832 Νο-

185 3878 323 3916 men
355 3879 492 3934 ergo
522 3865 745 3920 Domini
773 3872 863 3920 est
887 3867 1164 3934 invocare,
1199 3867 1560 3936 Evangelium
1587 3865 1797 3921 Christi

183 3951 520 4022 prmdicare,
567 3955 720 4024 quod
763 3955 859 4026 qui
905 3955 1064 4011 audit
1104 3961 1163 4010 et
1210 3955 1362 4022 facit,
1423 3955 1553 4009 boni
1613 3955 1798 4026 cperie

184 4041 441 4096 fructum
467 4041 526 4096 in
554 4043 707 4096 ccelis
738 4043 864 4098 sine
886 4044 1056 4099 dubio
1078 4044 1404 4116 possidebit.

263 4148 289 4181 α
322 4129 468 4184 Date
499 4131 975 4202 magniﬁcentiam
1003 4134 1124 4188 Deo
1147 4138 1356 4199 nostro,
1402 4133 1510 4187 Dei
1554 4132 1799 4203 perfecta

187 4237 212 4268 α
231 4225 378 4273 sunt
395 4233 588 4290 opera,
609 4225 668 4274 et
681 4237 876 4276 omnes
889 4222 997 4277 viae
1009 4223 1132 4292 ejus
1145 4221 1376 4294 judicia.
1407 4241 1428 4274 ι
1453 4220 1580 4276 Alia
1598 4221 1790 4276 editio:

1841 3204 1858 3218 ,
1885 3154 2109 3225 phanus
2129 3153 2200 3208 ad
2221 3154 2449 3209 eosdem
2467 3153 2692 3207 Judmos
2710 3152 2817 3206 ait:
2857 3171 2880 3204 ι
2909 3152 3107 3208 Patres
3126 3153 3298 3210 vestri
3315 3169 3485 3225 quem

1885 3243 2290 3314 prophetarum
2313 3259 2426 3297 non
2444 3247 2582 3297 sunt
2595 3241 2874 3313 persecuti
2893 3241 2920 3294 Τ
2938 3247 3000 3296 et
3015 3241 3348 3300 accibant
3365 3253 3482 3309 eos,

1885 3331 1988 3402 qui-
2009 3329 2465 3402 praenuntiabant
2489 3329 2560 3384 de
2587 3329 2838 3384 adventu
2845 3329 3008 3398 justi,
3039 3330 3204 3399 cujus
3221 3345 3318 3386 vos
3334 3343 3486 3388 nunc

1881 3419 2216 3490 proditores,
2231 3423 2290 3473 et
2299 3418 2592 3472 homicidae
2600 3417 2808 3483 histis,
2825 3417 2922 3488 qui
2932 3417 3224 3488 accepistis
3233 3417 3484 3488 legumini

1882 3507 2248 3578 dispositione
2263 3507 2592 3578 angelorum
2604 3512 2662 3561 et
2673 3523 2790 3560 non
2805 3505 3148 3561 custodietis.
3166 3524 3194 3558 ι
3218 3507 3330 3571 Qui
3346 3523 3481 3578 ergo

1881 3596 2338 3667 incorrigibiliter
2358 3600 2568 3666 peccat,
2591 3595 2770 3650 ﬁlium
2791 3594 2896 3649 Dei-
2910 3611 2972 3648 se
2981 3611 3098 3650 non
3116 3612 3246 3650 esse
3255 3595 3477 3668 probat.

1881 3687 1986 3740 Illa
1997 3692 2185 3740 autem
2197 3685 2388 3758 editio,
2404 3700 2574 3756 quam
2583 3683 3482 3756 septuagintainterpretesedido-

1881 3781 2033 3840 runt,
2057 3775 2140 3828 ita
2157 3774 2351 3828 habet:
2381 3793 2410 3825 ιι
2433 3773 2812 3828 Peccaverunt
2829 3789 2942 3826 non
2965 3773 3018 3828 ei
3029 3773 3480 3846 filiivituperabi-

1880 3863 1980 3918 les.
2019 3883 2045 3914 ι
2071 3863 2230 3928 Quod
2251 3863 2480 3934 quidam
2503 3879 2569 3917 ex
2589 3863 2782 3917 Graeco
2802 3861 3168 3934 interpretati.
3186 3869 3338 3929 sunt,
3375 3862 3478 3920 ﬁlii

1878 3952 2296 4021 commaculati;
2321 3951 2571 4024 quidam,
2600 3951 2701 4006 ﬁlii
2731 3951 2915 4006 otiosi.
2951 3951 3112 4006 Unde
3134 3965 3249 4007 non
3271 3965 3478 4022 magna

1877 4042 2132 4113 quaestio,
2157 4041 2272 4096 imo
2301 4042 2460 4096 nulla
2480 4045 2584 4096 est.
2634 4039 2742 4096 Sed
2789 4039 2936 4094 illud
2974 4039 3180 4095 merito
3219 4039 3298 4096 αἱ.
3331 4055 3478 4111 qua»

1879 4131 2118 4185 randum
2146 4137 2350 4198 movet,
2373 4131 2420 4184 si
2448 4128 2791 4201 generaliter
2813 4129 3026 4184 dictum
3054 4133 3159 4196 est,
3209 4144 3476 4200 peccave—

1877 4225 2014 4276 runt
2035 4236 2148 4276 non
2176 4220 2230 4274 ei
2253 4219 2374 4286 lilii,
2399 4219 2668 4292 quoniam
2695 4218 2794 4290 qui
2816 4224 3028 4290 peccat,
3058 4233 3174 4273 non
3211 4218 3328 4274 Deo
3351 4235 3477 4289 pec-

181 4326 219 4362 e
246 4309 399 4362 Date
421 4309 870 4380 magnitudinem
888 4312 1004 4366 D’eo
1025 4317 1236 4366 nostra.
1261 4312 1428 4377 Deus,
1463 4327 1596 4366 vera
1624 4327 1798 4383 opera
1814 4305 1862 4364 D
1879 4315 1988 4376 cat,
2015 4310 2071 4364 id
2091 4315 2196 4376 est,
2227 4326 2344 4364 non
2355 4309 2474 4364 Deo
2501 4315 2684 4374 nocet,
2709 4307 2812 4363 sed
2825 4307 2952 4362 sibi.
2988 4307 3278 4371 Quomodo
3304 4307 3476 4364 intel-

178 4399 316 4468 θέω
349 4402 410 4452 et
440 4415 636 4474 omnes
653 4399 756 4454 vis:
769 4401 898 4470 ejus
913 4400 1146 4472 judicia.
1176 4419 1198 4451 ι
1225 4401 1582 4472 Magniﬁcam
1609 4401 1798 4456 Domi-

177 4501 334 4543 num
357 4492 452 4540 est
477 4488 832 4558 majestatem
869 4489 1176 4544 Saivatoris
1211 4490 1381 4544 corde
1405 4491 1652 4556 credulo,
1698 4506 1796 4545 ore

177 4575 282 4646 pio
303 4574 480 4628 simul
507 4591 642 4630 cum
663 4576 822 4630 bonis
845 4577 1063 4633 actibus
1085 4577 1406 4650 praedicare.
1430 4579 1596 4634 Unde
1618 4579 1797 4634 Maria

175 4671 378 4718 mater
398 4664 629 4719 Domini
648 4665 707 4720 in
726 4665 944 4721 cantico
960 4667 1249 4738 Evangelii
1267 4667 1376 4722 ait:
1418 4687 1446 4720 ε
1475 4667 1798 4738 Magniﬁcat

176 4753 388 4808 animo
407 4769 534 4807 mea
554 4754 874 4822 Dominum,
897 4761 956 4811 et
991 4755 1260 4812 exultavit
1289 4757 1520 4827 spiritus
1543 4771 1703 4811 meus
1735 4757 1796 4811 in

177 4843 306 4897 Deo
327 4842 717 4899 salutarimeo
735 4847 882 4907 (Luc.
918 4849 977 4916 ι).
1011 4865 1037 4900 υ
1074 4865 1099 4896 a
1131 4845 1254 4911 Deis,
1293 4845 1498 4917 inquit,
1551 4846 1796 4917 perfecta

177 4938 330 4990 sunt
355 4947 550 5002 opera.
583 4951 610 4984 ››
635 4933 774 4997 Quis
791 4935 1046 5006 ergoilla
1070 4935 1248 4990 sunt?
1285 4935 1417 4990 audi
1459 4936 1691 5007 Moysen
1736 4935 1794 4990 in

176 5020 482 5078 Geneseos
508 5021 820 5079 dicem:
858 5043 881 5076 ε
916 5024 1096 5094 Igitur
1121 5023 1351 5095 perfecti
1391 5029 1530 5079 sunt
1567 5024 1690 5078 coeli
1738 5031 1797 5078 et

173 5115 350 5164 terra
363 5115 431 5164 et
439 5111 624 5166 omnis
631 5117 874 5167 ornatus
883 5129 1099 5177 eorum,
1117 5112 1524 5184 complevitque
1535 5113 1684 5167 Deus
1704 5111 1796 5166 die

172 5198 443 5270 septimo
465 5215 606 5270 opus
633 5217 820 5268 suum,
857 5201 1012 5272 quod:
1045 5201 1256 5256 fecerat
1299 5207 1360 5255 et
1391 5201 1666 5273 requievit
1703 5200 1796 5254 die

171 5287 442 5359 septimo-
453 5287 526 5342 ab
543 5289 804 5346 universo
823 5307 992 5362 opere
1011 5308 1133 5356 suo,
1165 5291 1314 5362 quod
1339 5296 1595 5362 patraret
1639 5291 1789 5358 (Gen.

170 5381 264 5445 ny
293 5397 322 5429 »
348 5377 508 5447 Opus
521 5394 664 5450 ergo
683 5379 787 5434 Dei
818 5387 904 5434 est
944 5379 1256 5452 redemptio
1283 5379 1518 5434 humani
1545 5379 1786 5449 generis,

168 5479 359 5536 quam
390 5467 616 5536 quando
644 5469 893 5540 perfecit,
942 5469 1248 5524 Sabbatum
1276 5468 1570 5540 spirituele
1602 5468 1662 5522 in
1701 5484 1791 5522 se—

166 5555 384 5627 pulcro
411 5557 772 5628 requiescens
793 5558 963 5619 nobis
980 5559 1246 5616 ostendit.
1275 5580 1302 5614 ι
1325 5557 1552 5625 Omnes,
1583 5556 1788 5629 inquit,

1877 4399 2165 4470 ﬁgendum
2195 4398 2274 4454 sit
2305 4399 2455 4469 quod
2483 4398 2546 4452 in
2587 4397 2803 4469 psalmo
2840 4396 3084 4467 legitur:
3145 4415 3172 4448 ι
3195 4395 3319 4452 Tibi
3368 4396 3476 4452 soli

1877 4488 2099 4559 peccavi
2125 4490 2290 4556 (Ρεαι.
2324 4490 2398 4556 ι).
2433 4510 2458 4534 η
2492 4487 2562 4540 Et
2589 4486 2646 4540 in
2675 4485 2956 4541 Ieremia:
3003 4506 3030 4534 ι
3059 4483 3186 4538 Tibi
3221 4485 3474 4556 peccavi-

1877 4593 2006 4632 mus
2015 4577 2288 4648 patientia
2295 4575 2487 4643 Israel,
2505 4573 2740 4630 Domine
2753 4575 2972 4643 (larem.
2987 4574 3126 4641 ω).
3139 4594 3169 4628 a
3183 4573 3255 4628 Et
3265 4573 3476 4631 iterum

1877 4665 1936 4720 in
1955 4667 2198 4737 psalmo:
2240 4689 2266 4714 ι
2285 4667 2438 4722 Sana
2455 4663 2707 4721 animam
2727 4677 2934 4728 meam,
2955 4662 3222 4734 quoniam
3249 4664 3476 4736 peccaui

1875 4755 1979 4810 tibi
2009 4758 2174 4824 (Psal.
2192 4761 2305 4822 xc).
2330 4777 2355 4802 ι
2386 4755 2458 4810 Et
2477 4760 2672 4808 utrum
2699 4751 2804 4807 hoc
2822 4751 3300 4823 sitpeccareDeo,
3319 4755 3476 4825 quod

1877 4861 2108 4916 peccare
2135 4845 2204 4899 in-
2224 4845 2423 4910 Deum,
2465 4843 2622 4898 unde
2639 4847 2699 4897 et
2727 4841 2854 4897 Heli
2879 4842 3142 4897 sacerdos
3179 4842 3300 4900 ait:
3349 4862 3380 4896 ι
3411 4843 3478 4898 Si

1877 4933 1934 4988 in
1959 4935 2138 4988 Deum
2168 4931 2496 5005 peccaverit,
2529 4931 2657 5003 quis
2683 4929 2868 4986 orabit
2897 4947 3002 5002 pro
3049 4946 3124 4986 eo
3143 4934 3198 4998 (Ι
3223 4933 3346 5000 Reg.
3387 4934 3468 5000 τι).

1877 5023 2114 5078 Peccare
2133 5023 2192 5077 in
2209 5024 2392 5077 Deum.
2405 5028 2493 5076 est
2511 5021 2576 5076 in
2589 5020 2676 5076 his
2704 5036 2954 5093 peccare,
2987 5035 3122 5092 quis
3135 5020 3214 5074 ad
3230 5021 3338 5075 Dei
3351 5021 3470 5076 cui-

1876 5117 1999 5166 tum
2011 5111 2314 5183 pertinent,
2346 5127 2479 5166 nam
2501 5111 2607 5165 hoc
2621 5111 2770 5164 Deus
2789 5109 2998 5181 legitur
3016 5109 3314 5164 dixissead
3332 5107 3470 5163 Abi-

1875 5201 2090 5255 melech
2118 5201 2188 5254 de
2218 5201 2387 5266 Sara,
2425 5221 2450 5249 ι
2475 5200 2786 5270 Propterea
2811 5197 3040 5269 peperci
3061 5197 3184 5263 tibi,
3233 5213 3304 5252 ne
3347 5213 3473 5268 pec-

1873 5305 2030 5344 cares
2054 5290 2114 5345 in
2141 5305 2232 5344 me
2277 5291 2428 5356 (Gen.
2479 5291 2598 5357 xx).
2643 5309 2665 5335 ι
2715 5287 2953 5341 Peccare
2992 5291 3186 5340 autem
3230 5286 3477 5341 Domino

1873 5379 1958 5434 vel
1984 5379 2170 5450 potius
2197 5393 2455 5450 peccasse
2481 5376 2738 5442 Domino,
2767 5375 2874 5430 nisi
2901 5375 3054 5430 forte
3091 5375 3296 5431 alicubi
3339 5374 3480 5430 seni-

1873 5474 2038 5539 ptum
2062 5472 2340 5531 occurrat,
2364 5465 2665 5537 quodliuic
2677 5465 2868 5523 sensui
2889 5463 3138 5531 insistat,
3153 5464 3368 5521 ﬂuuii
3391 5465 3480 5520 vis

1873 5558 2090 5614 deatur
2107 5569 2226 5612 non
2247 5554 2694 5621 immerito-dici,
2713 5553 2810 5625 qui
2837 5552 3179 5628 conﬂige.
3193 5556 3484 5628 pnitu-
