3824 6152
492 201 631 261 1185

1113 195 1177 250 Β.
1209 191 1483 249 RABANI
1512 189 1747 247 MAURI
1770 184 2111 244 ARCHIEP.
2139 186 2467 243 MOGUNT.
2501 187 2799 245 OPERUM
2824 185 3010 245 PARS
3039 188 3132 246 Ill.

3530 204 3631 258 i136

489 329 629 383 tiam
659 323 872 398 peccati
907 321 997 378 sui
1036 335 1151 375 non
1195 322 1393 389 agunt,
1441 318 1508 369 ut
1545 313 1895 385 gloriﬁcatur
1938 311 2089 366 Deus
2104 314 2153 374 Α
2168 311 2266 366 sed
2294 311 2413 367 haec
2435 312 2726 383 generatio
2752 328 2923 384 prava
2943 317 3002 367 et
3019 330 3258 385 perversa
3287 333 3372 388 pro
3392 323 3532 377 tantis
3559 323 3632 378 bo-

489 417 804 487 ignoscens,
837 425 1065 467 causam
1096 407 1311 480 quippe
1332 403 1572 459 reddens
1598 401 1776 458 David
1803 417 1906 456 cur
1931 399 2088 455 dixe-

489 505 568 560 rit
590 522 603 558 :
639 521 666 557 α
696 501 821 558 Tibi
841 499 947 556 soli
971 496 1194 572 peccavi
1207 494 1487 551 etmalum
1507 507 1697 547 coram
1717 496 1773 545 te
1792 489 1897 545 feci
1918 490 2084 556 (Psal.

488 599 560 664 ι).
594 612 622 646 »
654 590 908 663 Subjecit
932 593 992 643 et
1018 585 1189 642 dicit:
1227 602 1252 637 ι
1285 583 1362 640 Ut
1381 579 1708 654 justiﬁceris
1736 578 1796 634 in
1817 578 2088 634 sermoni-

489 681 593 738 bus
620 680 754 747 tuis,
783 684 842 734 et
884 677 1090 743 vincas,
1134 690 1262 730 cum
1303 669 1596 743 judicaris,
1630 689 1657 722 ι)
1698 668 1833 741 quia
1873 667 2089 723 cunctis

486 775 639 826 recte
666 765 1059 832 sentientibus,
1092 761 1305 834 liquido
1333 764 1587 832 apparet,
1619 757 1770 830 quod
1813 756 2086 813 Dominus

415 880 423 891 α
489 864 579 916 est
600 859 790 930 justus
815 857 875 912 in
896 853 1158 911 omnibus
1182 850 1287 906 viis
1313 849 1451 918 suis,
1477 853 1537 903 et
1561 852 1790 902 sanctus
1815 846 1876 901 in
1902 845 2087 901 omni-

484 948 592 1004 bus
617 945 881 1019 operibus
904 943 1055 999 suis:
1091 958 1120 994 α
1149 941 1267 996 Nec
1308 939 1430 994 vult
1469 940 1710 991 mortem
1756 932 2084 1006 peccatoris,

486 1037 588 1092 sed
614 1041 682 1091 ut
706 1037 1066 1091 convertatur
1092 1035 1151 1085 et
1175 1029 1325 1084 vivat
1345 1029 1511 1096 (Psal.
1542 1028 1657 1095 XL).
1690 1042 1718 1078 ι
1742 1023 2013 1080 Similiter
2030 1027 2091 1077 et

487 1124 636 1198 quod
664 1141 702 1180 a
727 1122 903 1180 David
925 1120 1137 1176 dictum
1167 1122 1287 1173 est:
1323 1134 1351 1170 α
1379 1116 1531 1172 Sana
1574 1113 1826 1168 animam
1875 1128 2082 1179 meam,

486 1214 756 1286 quoniam
786 1209 1009 1285 peccavi
1039 1207 1160 1263 tibi.
1196 1224 1225 1261 ι
1258 1206 1379 1262 Hoc
1406 1204 1556 1260 idem
1593 1203 1800 1275 agitur,
1837 1206 1902 1257 ut
1936 1201 2087 1256 Deus

486 1301 828 1372 ignoscendo
849 1298 1216 1371 gloriﬁcetur,
1251 1295 1386 1368 quia
1412 1308 1622 1365 magna
1649 1298 1737 1346 est
1763 1292 1886 1362 ejus
1915 1289 2085 1344 mise-

483 1391 728 1447 ricordia
749 1404 920 1461 super
947 1387 1278 1442 conﬁtentes
1305 1382 1413 1438 sibi
1440 1388 1498 1437 et
1540 1381 1841 1437 redeuntes
1882 1379 1955 1434 ad
2001 1394 2083 1434 se.

486 1481 554 1536 In
581 1480 690 1535 hoc
713 1483 905 1533 autem
934 1475 1168 1532 Cantica
1195 1470 1537 1546 praevidebat
1554 1469 1843 1542 Propheta
1866 1467 2087 1523 futuros

486 1568 780 1639 quosdam,
811 1566 909 1638 qui
943 1564 1024 1620 sic
1054 1564 1287 1620 fuerunt
1328 1559 1633 1635 peccaturi,
1684 1559 1866 1614 Deum
1909 1556 2084 1611 oﬁ‘en-

2168 399 2257 455 nis
2275 417 2390 456 non
2410 401 2716 472 condignas
2732 407 2923 473 grates
2942 402 3170 457 Domino
3186 420 3277 460 suo
3290 410 3520 479 rependit:
3538 414 3635 483 quin

2168 489 2356 561 potius
2375 489 2526 545 idola
2541 490 2648 544 sibi
2666 490 2975 557 fabricavit,
3001 496 3163 564 atque
3182 493 3280 548 illis
3295 495 3503 551 divinum
3514 500 3642 555 hono-

2170 595 2290 634 rem
2321 585 2380 634 et
2406 578 2682 635 sacriﬁcia
2710 579 3042 635 stultissime
3067 579 3317 652 impendit
3337 584 3520 640 dicens:
3548 609 3567 639 ε
3589 589 3640 642 Hi

2167 672 2302 723 sunt
2328 668 2407 722 dii
2433 668 2537 736 tui,
2560 668 2752 735 Israel,
2787 668 2883 740 qui
2910 668 3214 725 eduxerunt
3234 677 3284 725 te
3307 671 3368 726 de
3382 678 3508 728 terra
3520 677 3646 748 Egy-

2168 757 2249 829 pti
2280 758 2468 823 (Exod.
2502 761 2615 829 xu).
2653 777 2676 808 ι

2242 866 2266 898 ι
2300 847 2582 902 Memento
2610 847 2831 901 dierum
2848 847 3220 919 antiquorum,
3237 849 3648 921 c0gitageneratio-

2174 955 2198 987 ι
2230 952 2331 991 nes
2358 935 2628 1006 singulas,
2664 934 2949 1008 interroga
2968 942 3180 1008 patrem
3193 941 3649 1004 tuum,etannuutia-

2175 1043 2198 1075 ε
2222 1022 2306 1078 bit
2322 1023 2424 1078 tibi
2443 1043 2457 1092 ;
2482 1024 2726 1095 majores
2744 1029 2892 1091 tuos,
2912 1029 2973 1078 et
2988 1024 3174 1079 diceat
3188 1024 3300 1079 tibi.
3320 1044 3346 1078 ι
3375 1027 3482 1082 Alia
3494 1029 3648 1084 editio:
3713 1084 3722 1095 ,

2171 1131 2199 1168 α
2226 1113 2295 1181 1η
2314 1119 2502 1168 mente
2521 1112 2724 1168 habete
2738 1113 2858 1168 dies
2872 1114 3082 1179 saeculi,
3109 1113 3382 1185 intelligite
3402 1132 3560 1183 annos,
3578 1133 3651 1172 nae

2165 1202 2349 1257 tiones
2366 1203 2680 1270 nationum,
2714 1203 3002 1274 interroga
3020 1208 3230 1274 patrem
3245 1208 3410 1269 tuum,
3430 1211 3481 1259 et
3497 1221 3654 1260 annun-

2166 1289 2331 1346 tiabit
2353 1290 2489 1360 tibi;
2522 1290 2770 1345 seniores
2785 1295 2935 1358 tuos,
2958 1296 3016 1344 et
3035 1290 3218 1346 dicent
3231 1290 3342 1345 tibi.
3373 1311 3398 1345 »
3426 1293 3479 1347 In
3498 1309 3653 1347 memo-

2166 1380 2312 1435 riam
2339 1380 2421 1434 eis
2449 1379 2666 1436 reducit
2700 1379 2848 1437 facta
2867 1380 3120 1452 antiqua,
3148 1379 3338 1451 jubens
3363 1396 3447 1435 eos
3478 1380 3654 1435 intem-

2164 1486 2300 1540 gare
2326 1474 2517 1541 patres
2541 1476 2600 1524 et
2624 1469 2694 1525 ab
2724 1470 2807 1524 eis
2835 1470 3049 1524 discere
3093 1470 3323 1541 qualiter
3348 1469 3402 1524 in
3435 1470 3656 1541 praetexitis

2166 1559 2385 1614 saeculis
2411 1565 2469 1615 et
2494 1558 2951 1630 generationibus
2978 1559 3169 1613 divina
3203 1575 3301 1631 ope
3336 1564 3454 1612 sunt
3478 1557 3656 1622 liberati,

485 1656 670 1711 dendo
687 1654 909 1727 magnis
926 1651 1318 1724 iniquitatibus
1330 1649 1469 1716 suis,
1493 1653 1560 1703 ut
1578 1664 1680 1702 nec
1696 1644 2087 1719 paenitentiam
2100 1661 2148 1722 Β
2167 1654 2339 1719 atque
2365 1649 2570 1720 saepius
2597 1647 2669 1703 ab
2699 1647 2940 1703 inimicis
2963 1647 3218 1719 protecti,
3241 1653 3488 1718 quatenus
3507 1647 3573 1701 vel
3589 1647 3660 1701 hoc

483 1760 652 1817 agere
678 1744 905 1810 vellent,
926 1748 985 1798 et
1003 1741 1076 1797 ad
1089 1738 1272 1797 Deum
1292 1738 1496 1805 redire,
1518 1742 1585 1792 ut
1611 1740 1949 1792 sanarentur
1962 1775 1977 1802 ,
2011 1733 2082 1790 de

483 1833 687 1906 quibus
707 1832 882 1888 etiam
910 1830 1154 1886 dicitur:
1191 1847 1218 1881 α
1251 1827 1530 1893 Quoniam
1559 1841 1691 1881 caro
1718 1829 1853 1880 sunt
1876 1829 1936 1879 et
1954 1822 2081 1895 Spi-

480 1922 626 1978 ritus
653 1921 950 1978 ambulans
979 1925 1039 1975 et
1064 1934 1177 1974 non
1205 1922 1525 1981 revertens,
1543 1935 1571 1968 ιο
1612 1913 1738 1969 ideo
1786 1911 1927 1967 dixit
1968 1928 2082 1967 non

480 2011 626 2067 ﬁlios
653 2027 777 2066 esse
805 2009 928 2075 Dei,
959 2007 1094 2080 quia
1119 2004 1527 2076 incorrigibiles
1554 2002 1908 2058 exstiterunt.

557 2119 583 2153 α
611 2097 916 2155 Generatio
934 2112 1108 2169 prava
1135 2101 1306 2168 atque
1332 2110 1611 2166 perversa,
1635 2089 1877 2149 haeccine
1894 2088 2083 2145 reddis

485 2208 513 2242 α
541 2188 784 2245 Domino
803 2187 829 2241 ?
851 2205 880 2242 ι
901 2185 1028 2242 Alia
1062 2184 1237 2240 editio
1270 2201 1283 2237 :
1312 2200 1341 2237 ι
1362 2182 1507 2248 Quia
1519 2179 1810 2252 generatio
1830 2195 2001 2252 prava
2021 2184 2082 2234 et

478 2293 742 2350 perversa
768 2277 892 2331 hinc
919 2274 1159 2331 Domino
1182 2270 1512 2328 retribuisti.
1551 2288 1575 2322 ι

551 2365 733 2422 Simili
760 2363 944 2436 elogio
975 2379 1172 2418 eorum
1200 2360 1496 2434 perﬁdiam
1521 2359 1779 2414 Salvator
1810 2357 1871 2412 in
1897 2357 2078 2412 Evan-

387 2440 400 2457 ’
477 2454 627 2526 gelio
663 2453 971 2521 denotavit,
1019 2451 1116 2524 qui
1161 2448 1512 2506 tentantibus
1555 2452 1613 2503 et
1656 2446 1883 2518 signum
1930 2462 1967 2499 a
2019 2461 2080 2499 se

480 2542 861 2616 querentibus
888 2539 1179 2612 respondit
1203 2539 1422 2594 dicens:
1461 2557 1486 2591 ι
1513 2534 1814 2592 Generatio
1833 2549 2005 2606 prava
2022 2539 2082 2588 et

478 2648 743 2705 perversa
767 2629 994 2702 signum
1023 2628 1226 2700 querit
1247 2634 1305 2683 et
1331 2627 1558 2698 signum
1596 2641 1709 2680 non
1737 2623 1964 2679 dabitur
2001 2622 2072 2691 ei,

478 2719 590 2776 nisi
635 2719 863 2791 signum
905 2719 1061 2774 Jonte
1114 2717 1330 2787 (Matth.
1374 2719 1492 2786 xu).
1527 2733 1555 2768 ν
1605 2713 1695 2770 Sic
1732 2717 1790 2768 et
1831 2713 2077 2768 Joannes

478 2807 734 2881 Baptista
760 2806 942 2863 turbis
977 2807 1301 2863 Judmorum
1343 2805 1415 2860 ad
1464 2820 1524 2859 se
1561 2800 1915 2858 venientibus
1961 2801 2073 2856 ait:

481 2914 511 2952 ι
539 2896 839 2952 Genimina
864 2895 1202 2968 viperarum,
1228 2894 1355 2966 quis
1393 2892 1640 2949 ostendit
1684 2891 1840 2947 vobis
1879 2890 2074 2962 fugere

2164 1737 2330 1794 modo
2359 1737 2431 1792 ad
2454 1736 2844 1810 paenitentiam
2871 1741 3227 1809 peccatorum
3262 1740 3591 1809 provocentur.
3623 1741 3659 1789 et

2163 1826 2233 1881 ab
2264 1827 2417 1881 omni
2445 1843 2636 1881 errore
2664 1843 2725 1881 se
2755 1826 3007 1882 exuendo
3034 1826 3108 1880 ad
3137 1826 3413 1881 veritatem
3435 1823 3662 1896 appropin-

2165 1932 2338 1988 quare
2352 1916 2500 1971 otius
2517 1915 2898 1971 meditentur:
2932 1921 3125 1987 patres
3147 1915 3293 1970 enim
3319 1913 3404 1968 hic
3427 1929 3520 1968 non
3544 1912 3662 1984 quili-

2164 2003 2260 2061 bet
2286 2004 2514 2060 hebetes
2539 2011 2598 2059 et
2621 2004 2802 2071 stulti,
2830 2005 2928 2059 sed
2959 2005 3214 2060 doctores
3240 2002 3374 2074 legis
3398 2009 3451 2057 et
3473 2001 3667 2074 pradica-

2164 2099 2316 2149 tores
2343 2094 2627 2165 Evangelii
2655 2093 2890 2166 mystice
2918 2093 3269 2165 intelligendi
3312 2097 3448 2157 sunt,
3490 2107 3667 2163 quorum

2165 2183 2435 2239 doctrinis
2463 2190 2523 2237 et
2543 2183 2810 2255 exemplis
2838 2183 3205 2254 potesthomo
3229 2181 3297 2236 ad
3323 2180 3670 2251 intelligentiam

2160 2272 2405 2326 divinam
2444 2273 2732 2344 proﬁcere.
2782 2272 2933 2326 unde
2974 2272 3276 2344 Apostolus
3318 2271 3382 2325 ad
3426 2268 3672 2324 Corinthios

2161 2359 2409 2415 scribens
2437 2360 2547 2415 ait:
2588 2379 2614 2414 ε
2646 2361 2791 2416 Nam
2821 2359 2869 2414 si
2899 2359 3093 2415 decem
3129 2359 3304 2414 millia
3321 2357 3672 2430 paedagogorum

2162 2448 2416 2505 habeatis
2445 2451 2504 2505 in
2531 2449 2776 2516 Christo,
2808 2449 2907 2504 sed
2936 2465 3049 2504 non
3063 2449 3274 2504 multos
3291 2454 3481 2520 patres.
3502 2447 3616 2501 Nam
3632 2444 3672 2498 in

2161 2538 2386 2594 Christo
2407 2540 2540 2594 Jesu
2562 2555 2663 2610 per
2709 2538 3073 2609 Evangelium
3106 2555 3210 2609 ego
3237 2554 3330 2592 vos
3347 2535 3500 2608 genui
3523 2536 3564 2602 (l
3585 2535 3673 2589 Cor.

2158 2629 2252 2696 ις’).
2292 2647 2316 2678 ι
2342 2627 2413 2682 Et
2437 2627 2510 2682 ad
2529 2627 2821 2682 Hebraeos:
2858 2645 2883 2679 α
2917 2628 3139 2693 Patres,
3162 2625 3359 2697 inquit,
3382 2623 3675 2695 quidemcer-

2158 2715 2245 2770 nis
2272 2723 2475 2772 nostrae
2492 2716 2792 2772 habuimus
2813 2716 3131 2771 eruditores
3146 2714 3674 2777 etreverebamureos:

2156 2822 2269 2861 non
2288 2806 2467 2860 multo
2478 2806 2659 2877 magis
2677 2803 3197 2877 obtemperabimus
3212 2803 3355 2876 patri
3367 2801 3627 2873 Spirituum
3640 2804 3680 2852 et

2154 2894 2402 2951 vivemus
2422 2900 2480 2949 et
2496 2895 2579 2949 illi
2594 2894 2821 2965 quidem
2840 2893 2899 2948 in
2919 2884 3479 2966 temporepaucorum
3493 2889 3678 2951 dierum,

477 2985 550 3040 ab
576 2985 663 3040 ira
688 2989 927 3039 ventura
944 2983 971 3036 7
996 2982 1162 3038 facite
1189 2999 1323 3054 ergo
1342 2982 1557 3037 fructus
1584 2981 1783 3052 dignos
1803 2978 2076 3052 paeniten-
2097 2979 2141 3040 C
2156 2984 2466 3039 secundum
2494 2984 2842 3038 voluntatem
2889 2999 3051 3037 suam
3096 2981 3427 3038 erudiebant
3465 2994 3580 3033 nos:
3617 2977 3682 3030 hic

476 3074 571 3129 tiae
596 3078 657 3128 et
682 3090 755 3128 ne
780 3071 962 3128 velitis
990 3071 1197 3138 dicere,
1227 3076 1444 3142 patrem
1463 3068 1737 3124 habemus
1762 3068 2068 3124 Abraham.

476 3163 685 3219 Potens
713 3161 969 3217 estenim
997 3161 1149 3216 Deus
1190 3159 1261 3214 de
1304 3157 1585 3232 lapidibus
1628 3157 1753 3212 istis
1799 3157 2071 3212 suscitare

476 3251 622 3307 ﬁlios
647 3250 906 3306 Abrahae.
939 3268 965 3303 »
987 3248 1290 3305 Generatio
1316 3247 1523 3320 quippe
1539 3246 1861 3303 Judaeorum
1877 3262 2069 3317 prava,

475 3346 535 3396 et
561 3355 828 3413 perversa
853 3354 1078 3412 semper
1103 3337 1230 3406 fuit,
1265 3353 1389 3410 quae
1413 3337 1638 3408 ingrata
1664 3334 1952 3390 beneﬁciis
1971 3335 2074 3390 Dei

474 3429 708 3496 exstitit,
739 3444 843 3484 nec
880 3427 933 3482 ei
977 3444 1079 3499 pro
1120 3427 1227 3482 hoc
1272 3425 1578 3498 condignas
1617 3425 1832 3491 laudes,
1880 3422 1993 3478 imo
2041 3440 2074 3478 e

473 3517 758 3574 contrario
785 3532 1008 3589 semper
1050 3515 1524 3587 transgressiones
1566 3514 1752 3568 varias
1793 3512 2073 3567 idolorum

473 3608 670 3664 sordes
696 3611 868 3678 atque
895 3604 1240 3661 irritationes
1261 3602 1624 3676 rependebat.
1642 3665 1663 3682 _

549 3715 578 3750 ot
609 3695 820 3768 Popule
846 3695 1018 3750 stulte
1034 3700 1094 3749 et
1120 3693 1412 3764 insipiens,
1432 3691 1688 3763 nunquid
1716 3707 1829 3746 non
1848 3691 1965 3764 ipse
1987 3696 2075 3746 est

477 3802 505 3838 α
535 3784 707 3840 Pater
731 3789 885 3851 tuus,
939 3783 1037 3856 qui
1080 3781 1330 3855 possedit
1384 3786 1462 3844 te,
1512 3786 1571 3836 et
1600 3781 1731 3835 fecit
1765 3786 1824 3835 et
1865 3780 2075 3835 creavit

477 3892 504 3926 α
534 3873 630 3929 te?
653 3892 678 3926 ι
700 3872 828 3928 Alia
841 3871 1014 3927 editio
1037 3890 1051 3926 :
1081 3891 1104 3924 ι
1132 3871 1224 3927 Sic
1244 3869 1400 3943 plebs
1428 3868 1586 3925 fatua
1608 3874 1666 3923 et
1689 3886 1803 3924 non
1827 3869 2068 3942 sapiens,

471 3977 660 4017 nonne
685 3961 778 4016 hic
796 3961 918 4033 ipse
933 3967 992 4015 et
1008 3965 1141 4015 tuus
1160 3959 1350 4025 Pater,
1380 3958 1631 4031 possedit
1655 3964 1732 4013 te.
1772 3957 1905 4014 fecit
1929 3964 1988 4013 te
2016 3964 2075 4014 et

473 4049 683 4106 creavit
708 4054 785 4104 te.
824 4067 851 4101 »
884 4049 1054 4104 Pater
1079 4047 1470 4104 universorum
1501 4053 1558 4102 et
1586 4047 1842 4103 conditor
1869 4063 2071 4102 secun-

473 4140 610 4195 dum
638 4143 855 4194 naturae
874 4137 1187 4210 potentiam
1214 4137 1368 4192 Deus
1395 4144 1482 4192 est
1508 4153 1675 4203 unus,
1699 4137 1833 4208 quia
1859 4135 1929 4191 ab
1950 4135 2070 4208 ipso

471 4232 532 4283 et
557 4244 660 4300 per
685 4227 870 4300 ipsum
897 4230 955 4281 et
981 4226 1043 4281 in
1085 4225 1208 4297 ipso
1255 4231 1390 4281 sunt
1429 4225 1638 4292 omnia,
1684 4225 1894 4281 creavit
1937 4241 2071 4296 ergo

2152 3077 2342 3127 autem
2371 3072 2444 3126 ad
2472 3071 2549 3133 id,
2575 3071 2724 3143 quod
2752 3071 2890 3126 utile
2908 3075 2996 3125 est
3012 3070 3072 3125 in
3094 3069 3413 3142 recipiendo
3430 3064 3680 3122 sanctiﬁca-

2151 3161 2363 3217 tionem
2386 3161 2511 3232 ejus
2536 3162 2720 3227 (Hebr.
2753 3162 2863 3229 xu).
2900 3179 2925 3211 ι

2229 3269 2255 3302 ί(
2283 3250 2520 3316 Quando
2539 3249 2820 3304 dividebat
2837 3250 3166 3307 Altissimus
3180 3256 3397 3322 gentes,
3417 3245 3609 3319 quando
3623 3257 3683 3296 se-

2158 3355 2185 3389 (ι
2214 3339 2450 3410 parabat
2476 3339 2618 3394 ﬁlios
2644 3339 2844 3405 Adam,
2877 3339 3175 3395 constituit
3200 3339 3465 3394 terminos
3502 3332 3685 3408 pepule-

2158 3445 2186 3479 ς(
2212 3443 2339 3481 rum
2355 3428 2519 3498 juxta
2535 3444 2837 3483 numerum
2866 3427 3115 3484 ﬁliorum
3146 3429 3341 3484 Israel.
3372 3427 3499 3481 Pars
3540 3426 3685 3476 autem

2158 3535 2183 3568 cr
2218 3515 2441 3570 Domini
2471 3517 2710 3588 populus
2736 3517 2878 3588 ejus.
2908 3516 3079 3571 Jacob
3109 3517 3396 3573 funiculus
3411 3507 3689 3570 haereditate

2157 3620 2185 3654 ‹‹
2211 3603 2354 3673 ejus.
2388 3621 2414 3654 »
2444 3602 2572 3657 Alia
2598 3603 2806 3660 editio:
2834 3621 2861 3655 ς(
2891 3604 3034 3659 Cum
3051 3604 3323 3659 dividerit
3341 3601 3576 3658 Excelsus
3592 3613 3690 3669 gen-

2153 3695 2258 3757 tes,
2278 3691 2751 3762 quemadmodum
2780 3691 3046 3764 dispersit
3072 3693 3224 3748 ﬁlios
3242 3693 3396 3757 Adae,
3429 3688 3691 3746 statuitur

2154 3780 2336 3835 minos
2352 3780 2610 3852 gentium
2629 3781 2938 3837 secundum
2956 3798 3265 3838 numerum
3282 3782 3587 3853 angelorum
3602 3773 3690 3835 Dei,

2153 3875 2212 3924 et
2231 3869 2379 3924 facta
2405 3876 2494 3925 est
2519 3886 2650 3942 pars
2678 3870 2903 3926 Domini
2920 3871 3168 3944 populus
3197 3873 3324 3942 ejus
3351 3868 3513 3927 Jacob
3530 3864 3696 3923 funicu-

2152 3959 2243 4014 lus
2271 3959 2617 4015 haereditatis
2630 3961 2753 4031 ejus
2767 3960 2962 4015 Israel.
2988 3980 3016 4013 θ
3049 3961 3316 4016 Historia:
3338 3959 3483 4017 enim
3504 3956 3621 4013 ordo
3635 3968 3697 4007 ra-

2154 4047 2367 4104 tionem
2397 4049 2497 4104 dat
2524 4049 2595 4104 de
2624 4049 2859 4105 humani
2893 4050 3119 4121 generis
3162 4048 3567 4113 distributione,
3600 4040 3699 4115 quia

2152 4153 2279 4191 cum
2307 4137 2611 4192 multitudo
2631 4137 2923 4193 hominum
2943 4144 3106 4193 tanta
3124 4139 3222 4205 sit,
3238 4144 3306 4194 ut
3332 4153 3519 4192 eorum
3542 4147 3699 4189 nume.

2153 4225 2354 4281 rositas
2368 4227 2620 4282 humana
2635 4228 3052 4299 computatione
3071 4226 3477 4300 comprehendi
3492 4239 3593 4280 non
3608 4235 3701 4294 pos

471 4316 622 4373 Deus
660 4315 967 4382 hominem,
1009 4315 1234 4387 quando
1278 4315 1596 4381 materiam,
1645 4315 1795 4369 unde
1840 4300 2244 4391 fqrmariDsit,
2276 4316 2424 4370 solos
2451 4315 2596 4371 ﬁlios
2624 4317 2802 4372 Israel
2826 4318 2896 4372 de
2924 4322 3087 4372 tanta
3108 4317 3473 4373 multitudine
3500 4314 3555 4368 in
3577 4323 3702 4366 suam

470 4412 678 4478 posset,
708 4404 996 4460 condidit:
1026 4404 1175 4471 fecit,
1212 4403 1436 4476 quando
1463 4403 1623 4458 illum
1651 4403 1723 4458 ad
1762 4403 2068 4475 imaginem

470 4500 529 4549 et
557 4493 985 4549 similitudinem
1013 4509 1175 4548 suam
1204 4492 1484 4559 formavit,
1530 4492 1798 4564 possedit,
1844 4492 2068 4564 quando

470 4582 718 4654 expulsis
744 4582 1028 4638 erroribus
1061 4599 1165 4655 per
1190 4582 1361 4637 ﬁdem
1388 4587 1446 4636 et
1470 4580 1713 4654 gratiam
1744 4597 1908 4636 suam
1960 4581 2067 4637 sibi

467 4670 784 4726 vindicavit.
817 4670 1065 4744 Populus
1083 4688 1218 4744 ergo
1244 4671 1452 4726 stultus
1472 4676 1531 4726 et
1546 4669 1818 4742 insipiens
1836 4670 1945 4726 fuit
1964 4671 2066 4737 Ju-

467 4760 717 4816 dieorum
735 4776 894 4832 gens,
916 4776 1040 4832 qua
1058 4776 1164 4816 nec
1186 4764 1497 4815 creatorem
1514 4776 1680 4815 suum
1701 4764 1760 4815 et
1772 4760 2061 4829 factorem,

467 4865 634 4921 quem
662 4848 753 4904 lex
788 4847 896 4904 sibi
923 4848 1057 4904 data
1083 4847 1537 4904 manifestissime
1583 4848 1848 4918 ostendit,
1894 4849 2063 4921 digno

464 4939 620 4995 cultu
646 4938 1052 5007 venerabatur;
1083 4955 1186 4994 nec
1211 4939 1335 5009 ejus
1365 4937 1617 4993 beneﬁcii
1664 4954 1899 5006 memor,
1951 4955 2062 5011 quo

463 5027 626 5084 illum
662 5027 725 5083 in
760 5027 1002 5100 Egypto
1040 5044 1145 5100 per
1190 5026 1464 5082 miracula
1507 5032 1678 5100 atque
1706 5027 1963 5099 prodigia
1991 5028 2063 5084 de

464 5133 636 5173 manu
664 5115 1025 5173 inimicorum
1051 5132 1255 5172 eruens
1281 5115 1598 5188 specialiter
1621 5117 1888 5189 possedit,
1919 5117 2061 5174 dans

460 5204 544 5260 illi
571 5206 642 5262 de
667 5206 808 5262 ccelo
834 5222 1066 5272 manna,
1098 5211 1157 5262 et
1183 5205 1256 5261 de
1279 5211 1444 5279 petra
1471 5221 1697 5279 aquam,
1714 5222 1816 5262 nec
1837 5222 1950 5262 non
1960 5205 2063 5262 du-

460 5299 652 5348 catum
679 5294 734 5348 ei
762 5293 823 5349 in
843 5294 990 5350 mari
1015 5293 1227 5362 Rubro,
1249 5300 1420 5366 atque
1448 5295 1507 5350 in
1528 5295 1751 5350 deserto
1769 5311 1873 5368 per
1889 5311 2058 5366 ange-

457 5379 630 5436 licum
1080 5383 1339 5456 praebuit,
1390 5384 1495 5439 hoc
1533 5389 1638 5453 est,
1688 5383 1750 5439 in
1795 5383 2057 5440 columna

458 5467 626 5526 nubis
648 5485 752 5543 per
776 5469 949 5541 diem,
979 5475 1039 5528 et
1063 5471 1124 5528 in
1148 5473 1416 5528 columna
1451 5472 1599 5544 ignis
1644 5489 1747 5546 per
1789 5477 2049 5542 noctem;

2148 4403 2536 4459 hereditatem
2555 4405 2827 4461 Dominus
2840 4406 3028 4478 elegit,
3049 4406 3149 4462 ubi
3171 4423 3382 4462 nomen
3394 4419 3549 4460 suum
3566 4407 3616 4456 et
3629 4411 3703 4471 p0-

2148 4493 2385 4548 tentiam
2414 4510 2576 4549 suam
2610 4500 2803 4550 notam
2829 4494 3040 4551 faceret
3065 4500 3125 4550 et
3154 4495 3462 4552 voluntatis
3493 4508 3597 4550 sua:
3635 4504 3705 4541 se.

2147 4587 2301 4637 creta
2324 4598 2428 4654 per
2453 4583 2592 4656 legis
2609 4583 2823 4655 judicia
2846 4591 2904 4639 et
2928 4585 3344 4656 prophetarum
3370 4584 3566 4656 scripta
3604 4592 3704 4631 ma-

2146 4671 2454 4738 nifestaret,
2488 4673 2634 4728 sicut
2659 4673 2916 4745 superius
2942 4674 3004 4729 in
3032 4677 3306 4746 praesenti
3344 4674 3484 4730 libro
3523 4671 3707 4740 Moyses
3778 4706 3779 4719 η

2143 4765 2384 4816 testatus
2411 4767 2498 4816 est
2525 4761 2715 4818 dicens
2744 4764 2921 4831 (Deut.
2951 4767 3045 4833 vn)
3067 4805 3082 4819 .
3117 4783 3146 4816 α
3176 4764 3259 4820 Te
3278 4763 3450 4834 elegit
3472 4757 3703 4816 Dominus
3778 4760 3779 4779 δ

2144 4850 2295 4905 Deus
2314 4856 2465 4915 tuus,
2488 4856 2554 4906 ut
2570 4851 2648 4906 sis
2670 4851 2721 4906 ei
2739 4853 2980 4924 populus
3000 4853 3313 4924 peculiaris
3331 4853 3402 4908 de
3419 4849 3616 4907 cunctis
3630 4860 3706 4917 p0-

2141 4939 2309 5010 pulis,
2334 4940 2431 5012 qui
2450 4946 2585 4996 sunt
2603 4957 2775 5013 super
2794 4946 3004 4996 terram
3034 4960 3047 5010 ;
3073 4958 3192 4997 non
3213 4942 3352 5014 quia
3367 4945 3581 4996 cunctas
3595 4949 3702 5007 gen'

2142 5032 2228 5083 tes
2265 5045 2500 5084 numero
2520 5029 2843 5097 vincebatis,
2863 5029 3016 5086 vobis
3027 5031 3269 5102 junctus
3284 5037 3374 5087 est
3389 5028 3639 5087 Dominus
3658 5028 3704 5077 et
3778 5018 3779 5025 “

2142 5117 2315 5190 elegit
2338 5135 2454 5185 vos,
2484 5135 2614 5175 cum
2632 5118 2893 5176 omnibus
2912 5119 3036 5175 sitis
3054 5121 3285 5193 populis
3301 5119 3598 5192 pauciores,
3623 5109 3700 5167 sed

2142 5206 2277 5278 quia
2301 5207 2496 5263 dilexit
2509 5225 2607 5263 vos
2628 5207 2898 5264 Dominus
2926 5213 2985 5264 et
3010 5209 3322 5266 custodivit
3351 5209 3700 5282 juramentum

2138 5297 2286 5368 quod
2296 5297 2508 5368 juravit
2526 5297 2783 5371 patribus
2802 5298 3020 5366 vestris,
3043 5298 3354 5371 eduximus
3372 5315 3469 5353 vos
3484 5297 3540 5351 in
3556 5303 3699 5349 manu

2136 5385 2266 5441 forti
2293 5391 2352 5441 et
2369 5386 2611 5442 redemit
2629 5387 2701 5443 de
2729 5387 2895 5442 domo
2931 5387 3239 5456 servitutis,
3275 5389 3349 5444 de
3378 5402 3546 5443 manu
3584 5380 3700 5438 Pha-

2135 5475 2322 5531 raonis
2356 5475 2504 5548 regis
2531 5477 2777 5550 Egypti,
2808 5482 2874 5533 ut
2896 5477 3041 5533 scias
3085 5477 3226 5549 quia
3269 5476 3537 5534 Dominus
3572 5471 3698 5528 Deus
