3824 6152
172 324 276 384 H37
769 325 1138 383 COMMENT.
1181 329 1261 385 IN
1298 331 1613 389 CANTICA
1649 334 1814 398 QUIE
1851 335 1949 389 AD
1988 335 2266 392 LAUDES
2303 336 2691 394 DICUNTUR.
3229 337 3368 396 H38

163 457 287 512 mus,
306 447 409 517 ipse
443 451 522 499 est
545 444 692 500 Deus
720 448 879 503 fortis
922 459 979 506 et
1007 454 1207 521 ﬁdelis,
1239 459 1558 513 custodiens
1597 464 1751 531 ρει-Α
1769 461 2080 515 custoditos
2109 477 2252 528 esse,
2278 461 2529 534 quandiu
2550 463 2818 518 mandata
2837 464 2938 520 Dei
2963 472 3360 534 servaverunt;

159 547 285 594 ctum
317 543 367 589 et
404 534 832 592 misericordiam
873 542 1234 613 diligentibus
1262 565 1341 608 se,
1389 554 1444 601 et
1473 549 1562 602 his
1595 550 1691 620 qui
1772 565 1899 602 cum
1917 556 2106 603 autem
2123 567 2190 604 ea
2204 551 2540 622 transgressi
2555 553 2904 618 sunt,statim
2923 554 3102 625 plagis
3118 554 3366 626 percussi

158 626 431 682 custodiunt
467 633 736 696 praecepta
763 629 886 698 ejus
918 631 976 686 in
1006 634 1158 687 mille
1187 639 1598 705 generationes,
1635 645 1691 693 et
1771 643 1941 708 atque
1988 638 2057 691 ab
2100 639 2342 693 inimicis
2389 641 2661 695 devastati
2710 648 2860 697 sunt.
2914 643 3148 714 Mystice
3175 649 3366 698 autem

160 716 356 769 reddens
379 713 678 768 odicntibus
706 733 765 769 se
788 720 1002 786 statim,
1026 722 1108 776 ita
1132 729 1196 778 ut
1213 725 1499 795 disperdat
1518 744 1612 780 eos
1633 733 1690 781 et
1771 724 2042 780 Dominus
2072 728 2245 782 Israel
2274 729 2333 782 in
2381 730 2604 785 deserto
2631 731 2860 797 invenit,
2903 713 3029 786 cum
3061 732 3364 787 Ecclesiam

161 807 279 858 ultra
302 819 399 856 non
422 802 634 856 dill'erat
659 809 919 878 protinus
948 811 1028 864 eis
1059 812 1360 867 restituens
1389 816 1536 886 quod
1569 833 1688 870 me-
1770 809 2055 869 de'mundi
2083 833 2271 870 errore
2287 819 2437 883 tulit,
2459 819 2764 874 ubihorror
2784 821 3115 876 idololatria:
3137 826 3194 874 et
3207 821 3368 874 nulla

158 901 331 947 rentur.
359 891 575 947 Custodi
602 913 734 968 ergo
758 905 1034 970 praecepta
1064 908 1120 954 et
1137 904 1498 958 caeremonias
1519 911 1688 976 atque
1771 903 1980 957 mentio
2002 905 2101 958 Dei
2137 905 2262 959 fuit.
2309 907 2690 962 Circumducit
2717 926 2850 980 ergo
2880 909 3154 964 Dominus
3182 909 3365 964 Eccle-

152 977 338 1052 judicia,
366 997 484 1050 quae
511 1001 611 1056 ego
641 988 846 1042 mando
875 989 978 1043 tibi
1008 991 1173 1044 hodie
1217 998 1282 1045 ut
1321 992 1510 1047 facias.
1549 1016 1572 1045 ι
1621 996 1690 1050 Et
1769 992 1932 1058 siam,
1966 1010 2094 1048 cum
2133 995 2189 1048 in
2243 995 2518 1050 universis
2563 997 2759 1051 mundi
2783 977 3042 1068 partibus
3068 1013 3194 1052 eam
3227 997 3364 1052 dila-

161 1073 246 1124 inec
263 1074 536 1128 secundum
557 1074 886 1131 Hebraicam
906 1079 1198 1134 veritatem
1220 1080 1296 1134 ita
1319 1082 1553 1152 intelligi
1566 1101 1688 1155 pos-
1767 1082 1940 1136 tando
1970 1083 2028 1136 in
2058 1084 2203 1138 viam
2244 1085 2636 1140 mandatorum
2667 1103 2898 1141 suorum
2937 1087 3151 1157 dirigit,
3178 1092 3236 1141 et
3264 1103 3366 1158 per

156 1169 275 1213 sunt.
299 1161 592 1218 Secundum
623 1165 790 1220 aliam
821 1175 1012 1221 autem
1049 1169 1371 1236 editionem,
1425 1172 1516 1226 ubi
1546 1175 1685 1244 legi-
1769 1167 2039 1240 Spiritum
2057 1179 2313 1227 sanctum
2333 1175 2678 1228 voluntatem
2699 1192 2858 1230 suam
2876 1176 2925 1229 ei
2947 1174 3362 1241 indicans,ubi-

154 1259 240 1306 tur.
265 1252 443 1306 slatuit
467 1255 734 1308 terminos
758 1257 1014 1324 gentium
1051 1260 1356 1314 secundum
1386 1277 1684 1316 numerum
1767 1274 1875 1329 que
1901 1276 2026 1313 eam
2068 1261 2235 1331 plena
2275 1262 2547 1325 custodia,
2581 1264 2728 1333 quod
2760 1280 2862 1334 per
2898 1263 3170 1334 pupillam
3215 1262 3361 1318 oculi

153 1341 436 1411 Augelorum
466 1343 562 1396 Dei
593 1350 650 1397 et
677 1345 736 1397 in
767 1346 1017 1400 Danielis
1048 1347 1278 1413 visione,
1311 1349 1406 1403 ubi
1437 1352 1685 1422 Angelus
1766 1347 2110 1418 designatur,
2141 1356 2334 1404 contra
2361 1351 2650 1405 haereticos
2671 1357 2840 1422 atque
2870 1357 3254 1424 persecutores
3271 1367 3364 1406 cu-

157 1429 207 1483 de
227 1431 440 1502 principe
466 1432 763 1487 Persarum
793 1434 898 1487 sibi
928 1436 1211 1490 resistenti
1241 1438 1534 1510 Prophetas
1551 1457 1683 1494 nar-
1766 1436 1954 1490 stodit.
1992 1439 2262 1509 Sequitur
2281 1440 2392 1494 alia
2421 1441 2765 1512 comparatio
2790 1459 2802 1494 :

156 1520 278 1576 ravit.
329 1519 532 1574 videtur
567 1522 720 1576 aliud
759 1523 920 1577 nobis
957 1524 1244 1580 insinuare
1276 1545 1286 1579 :
1338 1529 1680 1598 Angelorum
1841 1545 1862 1574 ι
1909 1525 2064 1580 Sicut
2083 1528 2272 1598 aquila
2292 1545 2598 1600 provocans
2627 1531 2697 1583 ad
2715 1529 3014 1584 volandum
3030 1529 3213 1600 pullos
3230 1545 3360 1584 suos

155 1609 267 1662 enim
291 1609 579 1664 ministeria
609 1629 780 1682 super
803 1619 1000 1681 gentes
1021 1615 1291 1685 singulas,
1325 1623 1382 1670 et
1401 1633 1571 1688 super
1586 1619 1681 1672 ho-
1766 1631 1794 1666 α
1835 1618 1890 1666 et
1919 1631 2088 1685 super
2117 1633 2212 1669 eos
2237 1617 2472 1672 volitans
2489 1618 2754 1690 expandit
2772 1619 2889 1672 alas
2911 1635 3043 1673 suas
3063 1625 3119 1673 et
3140 1612 3361 1672 assula-

152 1698 287 1751 mincs
303 1699 534 1768 singulos
545 1701 806 1755 ordinata
825 1703 1147 1769 creduntur,
1174 1712 1451 1776 quatenus
1471 1707 1574 1760 sub
1593 1724 1682 1761 eo-
1768 1721 1790 1753 ι
1833 1703 1947 1773 psit
1965 1721 2060 1757 eos
2077 1710 2247 1776 atque
2266 1707 2508 1776 portavit
2530 1708 2588 1761 in
2609 1708 2860 1762 humeris
2883 1707 3019 1762 suis.
3055 1727 3077 1759 ι
3103 1707 3228 1762 Alia
3249 1707 3362 1762 edi-

153 1803 246 1839 rum
256 1787 499 1856 rigimine
517 1795 688 1860 atque
710 1791 1029 1846 defensione
1046 1794 1288 1848 humana
1308 1801 1510 1849 natura
1525 1798 1686 1866 juxta
1701 1787 1746 1846 B
1765 1791 1843 1844 tio
1868 1816 1881 1847 :
1925 1811 1946 1842 ε
1982 1793 2140 1847 Sicut
2159 1795 2350 1864 aquila
2366 1796 2509 1865 tegit
2534 1797 2731 1850 nidum
2760 1814 2945 1860 suum,
2969 1801 3026 1851 et
3045 1813 3216 1868 super
3235 1796 3361 1867 pul-

147 1876 562 1944 dispensationem
593 1881 994 1950 omnipotentis
1010 1883 1108 1937 Dei
1138 1884 1485 1938 custodiatur
1513 1893 1682 1957 atque
1765 1879 1849 1934 10$
1877 1897 2008 1934 SUOS
2037 1883 2307 1949 consedit,
2349 1885 2614 1956 expandit
2633 1886 2750 1939 τιῙῖιὸ
2770 1902 2919 1951 suas,
2954 1891 3011 1940 et
3030 1885 3246 1957 accepit
3265 1901 3361 1940 00⁸

145 1963 200 2016 ab
221 1964 430 2018 inimicis
448 1972 693 2022 tueatur.
717 1970 874 2024 Unde
905 1972 1176 2026 Dominus
1197 1973 1253 2026 in
1287 1974 1582 2045 Evangelio
1613 1977 1682 2029 de
1765 1975 1822 2022 et
1841 1971 2086 2042 suscepit
2117 1988 2214 2026 eos
2244 1989 2414 2044 super
2433 1975 2689 2044 scapulas
2715 1991 2863 2028 suas.
2890 1993 2913 2024 ι
2938 1975 3188 2028 Narrant
3216 1975 3360 2046 phy-

144 2053 341 2122 parvulis
367 2071 472 2109 non
499 2058 942 2114 scandalizandis
983 2061 1204 2125 docens,
1237 2079 1364 2116 mox
1395 2065 1683 2133 subjunxit
1763 2057 1863 2112 sici
1884 2059 2032 2129 quod
2057 2061 2264 2131 aquilas
2289 2078 2412 2132 quae
2460 2062 2530 2116 ab
2561 2062 2818 2117 acumine
2839 2063 3128 2117 OCUiOi'lim
3157 2068 3244 2117 BSt
3271 2078 3362 2116 νο·

142 2139 291 2194 dicens
316 2162 326 2194 :
361 2162 384 2193 ‹‹
415 2145 611 2216 Angeli
641 2164 836 2202 eorum
866 2149 923 2202 in
951 2150 1102 2204 caelis
1133 2168 1358 2222 semper
1380 2152 1573 2207 vident
1603 2154 1682 2208 fa-
1762 2153 1906 2212 οειῐει,
1930 2155 2046 2202 tam
2077 2150 2224 2204 acuti
2245 2151 2482 2205 intlliills
2508 2151 2598 2216 Sit,
2626 2158 2690 2205 Ut
2709 2168 2838 2206 Cum
2856 2167 3026 2223 super
3047 2151 3230 2204 maria
3248 2151 3356 2204 im‘

142 2229 248 2283 ciem
265 2231 430 2286 Patris
451 2236 581 2300 mei,
597 2237 694 2307 qui
724 2237 781 2291 in
802 2239 954 2292 caelis
974 2241 1285 2305 est(Matlh.
1318 2245 1430 2306 xu).
1477 2261 1502 2294 ι
1535 2243 1680 2306 Quia
1762 2235 1955 2290 mObiii
1971 2254 2157 2309 penna
2175 2239 2406 2306 feratur,
2426 2257 2527 2294 nec
2547 2241 2809 2294 humanis
2831 2245 3026 2312 pateat
3045 2239 3354 2304 οδῒιιιῐίδιιεν

142 2319 254 2371 enim
293 2338 519 2391 snpema
567 2325 667 2380 illa
695 2327 890 2381 civitas
919 2346 984 2381 ex
1013 2329 1228 2399 angelis
1273 2336 1329 2384 et
1360 2331 1677 2386 hominibus
1760 2325 1829 2378 de
1851 2327 2364 2382 tantasublimitate
2385 2329 2676 2400 pisciculos
2695 2336 2894 2384 natare
2917 2329 2976 2384 in
3006 2344 3156 2400 aqua
3171 2327 3360 2381 videat

139 2413 326 2474 constat,
356 2412 422 2468 ad
451 2431 623 2486 quam
643 2422 830 2470 tantos
855 2417 1132 2471 credimus
1162 2435 1226 2471 ex
1257 2419 1547 2474 hominum
1575 2438 1676 2490 ge-
1759 2417 2102 2470 actormcnti
2134 2417 2313 2471 instar
2341 2419 2683 2472 descendens
2703 2425 2923 2490 raptam
2947 2418 3194 2490 praedam
3223 2432 3357 2486 pen-

136 2511 236 2548 nere
260 2505 634 2566 conscendere,
668 2513 906 2576 quantos
932 2506 1043 2560 illic
1090 2508 1326 2577 contigit
1355 2509 1560 2563 electos
1579 2527 1677 2564 an-
1758 2502 1844 2556 nis
1860 2504 1930 2556 ad
1954 2504 2108 2560 littus
2129 2507 2422 2576 pertrahat
2452 2526 2464 2574 ;
2497 2523 2631 2562 nam
2659 2512 2717 2561 et
2741 2513 2939 2562 contra
2968 2507 3190 2561 radium
3219 2505 3355 2560 solis

135 2589 254 2660 gelos
270 2594 586 2648 remansisse
607 2594 753 2648 sicut
766 2595 1034 2666 scriptum
1066 2603 1168 2661 est,
1207 2617 1228 2648 ι
1263 2599 1459 2652 statuit
1487 2599 1676 2653 termi-
1756 2592 1936 2646 fertur
1953 2593 2211 2648 obtutum
2240 2611 2352 2650 non
2373 2598 2617 2662 ﬂectere,
2648 2596 2796 2651 unde
2817 2601 2875 2650 et
2900 2596 3081 2667 pullos
3099 2611 3231 2648 suos
3254 2610 3356 2648 un-

137 2696 212 2732 nos
234 2682 460 2750 gentium
484 2685 792 2738 secundum
812 2701 1111 2738 numerum
1132 2686 1461 2756 angelorum
1483 2688 1582 2742 Dei
1608 2706 1620 2740 :
1645 2707 1668 2739 »
1753 2697 1863 2752 gne
1904 2699 2206 2754 suspensos
2248 2685 2420 2738 radiis
2467 2685 2600 2740 Solis
2643 2685 2854 2756 OinCiia
2889 2692 2947 2740 et
2986 2701 3127 2756 quos
3152 2682 3356 2737 Viderit

135 2767 347 2823 debemus
366 2779 420 2825 et
433 2789 532 2826 nos
549 2773 764 2843 aliquid
781 2791 846 2826 ex
871 2774 982 2827 illis
997 2775 1448 2830 distinctionibus
1479 2794 1672 2848 super-
1754 2769 2098 2826 immObilem
2127 2778 2321 2828 tenere
2350 2774 2548 2840 aciem,
2581 2780 2647 2828 ut
2673 2775 2873 2846 dignos
2901 2789 3109 2845 genere
3134 2788 3356 2827 conser-

137 2873 292 2912 norum
326 2861 520 2916 civium
559 2863 634 2916 ad
663 2879 826 2916 usum
855 2869 1058 2918 nostrae
1086 2865 1524 2920 conversationis
1552 2873 1670 2920 tra-
1753 2863 1847 2912 vat
1864 2877 1876 2912 ε
1896 2859 1942 2913 Si
1975 2877 2115 2931 quos
2142 2879 2272 2916 vero
2301 2862 2590 2918 inﬂectere
2611 2863 2871 2918 Obtlltum
2896 2860 3242 2934 videtaquasi
3253 2861 3353 2916 de"

133 2944 250 3005 here.
277 2965 472 3021 nosque
503 2952 658 3022 ipsos
695 2953 766 3005 ad
809 2952 1154 3008 incrementa
1194 2955 1466 3010 virtutum
1515 2955 1672 3009 bonis
1752 2965 1989 3018 generes
2021 2950 2216 3021 abjicit
2239 2951 2534 3019 ;dicuntur
2551 2958 2609 3007 et
2636 2953 2839 3024 aquilae
2868 2951 3052 3024 pullos
3073 2967 3205 3006 suos
3223 2966 3354 3005 cum

131 3035 286 3090 studiis
311 3037 676 3094 inflammare.
708 3041 853 3105 Quia
872 3043 1022 3096 enim
1043 3049 1204 3097 tanta
1233 3043 1344 3097 illic
1373 3061 1674 3099 ascensura
1697 3109 1730 3114 _
1755 3036 1946 3092 Vident
1973 3039 2032 3092 in
2061 3039 2208 3094 nidis
2238 3041 2603 3112 Piumescel‘e.
2630 3041 2734 3095 aiis
2747 3046 3065 3114 Ρθΐοιιῐθΐθ,
3088 3045 3146 3094 ei
3165 3039 3237 3093 ad
3256 3054 3352 3094 νο·

131 3125 328 3180 creditur
351 3129 652 3184 multitudo
675 3131 984 3196 hominum,
1019 3139 1230 3202 quanta
1252 3133 1551 3187 multitudo
1580 3152 1670 3188 re-
1689 3109 1732 3168 Ο
1755 3127 1987 3181 landum
2007 3144 2104 3182 80$
2124 3129 2194 3182 de
2227 3109 2359 3184 iiido
2385 3147 2718 3200 Ρπονοοανθς
2752 3109 3043 3184 nidificant
3071 3135 3264 3183 alitem
3293 3127 3351 3181 in

131 3215 291 3268 mansit
311 3217 681 3287 Angelorum:
711 3227 986 3290 superest,
1019 3227 1081 3274 ut
1111 3221 1214 3291 ipsi
1237 3239 1464 3292 quoque
1495 3223 1674 3277 homi-
1755 3216 1929 3285 PetPiS
1976 3222 2034 3270 et
2076 3217 2391 3284 arboribus,
2437 3219 2496 3272 in
2523 3236 2763 3290 quarum
2810 3219 2942 3274 nido
2970 3218 3112 3290 lapis
3140 3216 3353 3272 echites

131 3317 219 3366 nes,
240 3305 322 3374 qui
351 3307 416 3360 ad
434 3309 722 3362 cmlestem
756 3310 998 3379 patriam
1037 3311 1275 3363 redeunt
1301 3328 1365 3364 ex
1381 3312 1461 3364 eis
1491 3312 1672 3382 agmi-
1754 3303 2080 3372 aediﬁcatur,
2115 3323 2280 3377 quem
2307 3307 2480 3378 aliqui
2509 3314 2847 3362 vocaverunt
2867 3306 3246 3379 gaietem,qui
3275 3305 3348 3360 ad

127 3389 253 3445 nibus
276 3394 476 3465 aliquid
505 3398 643 3452 illuc
671 3404 1012 3452 revertentes
1035 3399 1362 3466 imitentur;
1397 3401 1671 3455 distinctae
1757 3393 1936 3447 mnita
1951 3395 2200 3448 remedia
2220 3395 2395 3460 utilis,
2418 3396 2558 3450 nihil
2575 3397 2702 3467 igne
2727 3397 3040 3468 deperdens
3065 3415 3077 3450 :
3112 3397 3349 3450 narra-nt

128 3494 322 3551 namque
335 3487 783 3541 conversationes
803 3488 1112 3555 hominum,
1137 3489 1486 3558 singulorum
1499 3491 1638 3560 agmi

1839 3486 1944 3535 tem
1974 3482 2145 3536 iidem
2173 3490 2388 3538 natura:
2417 3484 2796 3555 inquisitores,
2830 3485 2980 3555 quod
3007 3483 3208 3554 aquila:
3236 3498 3349 3537 non

125 3582 226 3622 num
253 3573 530 3629 ordinibus
559 3583 895 3646 congruunt,
927 3583 981 3630 et
1013 3577 1070 3631 in
1111 3595 1304 3632 eorum
1335 3586 1544 3633 sortem
1574 3597 1675 3651 per
1753 3575 1872 3623 iam
1919 3570 2126 3625 Obeant
2153 3571 2310 3626 senio
2343 3572 2426 3626 νει
2469 3572 2819 3643 aegritudine.
2853 3590 3022 3644 quam
3075 3572 3242 3637 fames
3286 3571 3345 3625 in

124 3663 508 3717 conversationis
518 3665 952 3718 similitudinem
964 3666 1470 3737 deputantur.Pars
1482 3675 1670 3723 autem
1755 3665 1974 3712 tantum
1997 3659 2282 3731 ειΙΡθΓίοιὋ
2302 3668 2585 3714 οτεδευηῐθ
2606 3667 2808 3727 νοεῖτον
2821 3667 2887 3716 ιη
2906 3661 3200 3716 Βάυηοίιαε
3219 3671 3343 3731 iiPe"

122 3743 302 3802 Domini
321 3754 559 3822 populus
587 3759 674 3806 est
723 3754 894 3807 Jacob
930 3755 1259 3826 spiritualis,
1295 3763 1350 3810 et
1391 3756 1672 3812 funiculus
1753 3747 1853 3800 i'ii‘i
1882 3765 1994 3802 ηοῐι
2013 3754 2208 3819 queat:
2242 3750 2339 3803 58d
2361 3766 2487 3803 cum
2519 3749 2648 3804 inde
2679 3749 2882 3804 Viderit
2899 3749 3005 3805 Sibi
3035 3749 3346 3821 Periculum

123 3832 414 3893 hereditatis
442 3844 570 3912 ejus
601 3843 775 3897 Israel
802 3861 984 3910 verus,
1013 3845 1258 3899 Ecclesia
1280 3846 1538 3900 videlicet
1564 3848 1671 3902 Ca-
1754 3836 2064 3902 imminere,
2089 3838 2351 3893 Obtundit
2379 3845 2623 3893 1'03th
2647 3839 2706 3894 in
2723 3844 2885 3912 Petra
2909 3839 3228 3906 ἀυνίεείωειν
3251 3839 3348 3893 ἀο-

123 3921 302 3994 ιὴοιίαι,
339 3929 404 3982 de
453 3948 568 4003 qua
607 3949 709 4002 per
757 3933 1110 3987 psalmistam
1140 3935 1377 3989 dicitur;
1417 3953 1444 3988 α
1487 3937 1672 3992 panes
1754 3942 1856 3979 nec
1885 3926 2089 3980 iterum
2119 3927 2180 3980 in
2206 3927 2508 3998 pristinum
2537 3944 2703 3984 usum
2745 3935 3075 3984 revertatur.
3112 3929 3182 3984 Et
3215 3927 3346 3982 inde

121 4014 394 4073 reciderunt
428 4021 593 4086 mihi,
642 4022 700 4075 in
741 4023 1056 4093 praeclaris:
1109 4024 1315 4078 etenim
1375 4025 1670 4080 haereditas
1752 4015 1989 4085 mystico
2027 4032 2286 4070 sermone
2331 4015 2390 4070 in
2419 4018 2635 4089 P3811110
2681 4018 2950 4090 scriptum
2979 4023 3082 4086 θεῖν
3127 4017 3347 4073 dicente

124 4117 218 4155 mea
240 4109 494 4174 praeclara
525 4117 614 4164 est
643 4111 780 4164 mihi
815 4114 977 4177 (Psal.
1010 4117 1121 4180 xv).
1161 4136 1184 4165 ,›
1754 4103 2036 4174 Propheta
2061 4104 2129 4158 ad
2164 4105 2411 4160 animam
2441 4107 2662 4162 ﬁdelem
2701 4128 2712 4162 :
2751 4131 2774 4159 ι
2805 4107 3185 4164 Renovabitur
3205 4108 3352 4163 sicut

173 4211 194 4240 ε
229 4194 432 4250 Invenit
451 4217 586 4254 eum
607 4199 664 4252 in
685 4206 837 4253 terra
856 4201 1095 4267 deserta,
1121 4202 1177 4254 in
1199 4203 1317 4255 loco
1342 4203 1590 4257 horroris
1617 4211 1675 4258 et

1839 4192 1956 4275 uilaa
1967 4194 2234 4262 juventus
2254 4196 2547 4266 tua'(l’sal.
2578 4203 2687 4268 cu).
2725 4215 2748 4248 ι
2783 4198 2892 4252 Per
2918 4198 3119 4270 aquilae
3148 4197 3349 4252 simili-

124 4297 140 4327 ι
173 4289 318 4338 vastae
345 4287 685 4342 solitudinis.
733 4289 1118 4344 Circumduxit
1159 4308 1288 4345 eum
1315 4297 1372 4344 et
1399 4292 1589 4346 docuit
1620 4310 1634 4344 ε

1841 4281 2012 4336 linem
2039 4284 2347 4339 secundum
2375 4285 2620 4340 litteram
2642 4286 2975 4363 ostenditur,
2994 4287 3142 4358 quod
3162 4287 3351 4342 Domi-

121 4386 138 4416 ι
170 4375 445 4430 custodivit
465 4377 630 4447 quasi
652 4378 919 4449 pupillam
941 4380 1085 4433 oculi
1106 4380 1212 4433 sui.
1235 4399 1261 4431 ιο
1295 4381 1422 4434 Alia
1453 4381 1622 4434 editio
1658 4400 1670 4435 :
1759 4387 1866 4424 mis
1893 4373 2163 4443 Popilium
2191 4390 2357 4428 suum
2385 4375 2734 4444 PPOVOCandO
2755 4375 2822 4428 ad
2845 4381 3055 4428 ΐθιτειω
3083 4375 3352 4432 Chanaan

121 4472 145 4502 ι
176 4458 532 4519 Suﬂicientcin
565 4483 694 4520 eum
725 4467 828 4520 sibi
868 4467 998 4521 fecit
1025 4469 1084 4522 in
1113 4486 1302 4522 eremo
1331 4469 1388 4522 in
1411 4470 1503 4523 siti
1526 4472 1676 4526 calo-
1694 4468 1742 4526 D
1761 4459 1920 4514 benis
1949 4461 2344 4532 POSSidendam
2377 4463 2542 4532 imit:
2575 4469 2631 4516 et
2662 4463 2976 4534 adiuvando
3005 4462 3076 4517 ab
3107 4463 3353 4520 ίηίωίοίε

118 4545 193 4610 ris,
225 4550 310 4604 ubi
329 4570 438 4608 non
459 4563 586 4610 erat
607 4572 771 4626 aqua.
798 4557 1180 4612 Circumduxit
1200 4575 1328 4612 cum
1359 4565 1417 4612 et
1442 4560 1681 4614 erudivit
1760 4549 2021 4620 prOtBXit-
2055 4551 2372 4605 Secundum
2402 4551 2700 4622 mysticum
2745 4567 2876 4604 vero
2907 4567 3134 4607 sensum
3164 4554 3357 4626 aquila

121 4651 224 4690 eum
251 4647 302 4694 et
321 4645 627 4698 custodivit
645 4663 772 4698 eum
796 4647 942 4700 sicut
969 4647 1237 4717 pupillam
1259 4647 1422 4700 oculi.
1458 4667 1484 4700 ι
1519 4650 1679 4703 Inve-
1761 4639 1881 4692 Ῐὶῑεο
1899 4640 2201 4694 Dominum
2232 4641 2578 4695 salvatorem
2599 4639 2894 4710 εἰεηίίίοειῐν
2919 4641 3016 4712 qui
3045 4643 3247 4713 aquilae
3275 4644 3356 4698 Si-

118 4725 238 4781 nissc
263 4730 535 4787 Dominus
578 4735 842 4788 Israelem
872 4735 1076 4789 dicitur
1105 4737 1160 4790 in
1181 4737 1301 4790 loco
1320 4738 1588 4798 horroris,
1625 4745 1682 4792 et
1763 4728 2140 4782 miiininem
2161 4729 2219 4782 in
2235 4745 2302 4782 θο
2321 4735 2496 4794 tenet:
2519 4729 2666 4799 (111οά
2688 4729 2936 4799 Prii?dam
2954 4730 3026 4784 δῖ)
3044 4732 3202 4786 hoste
3232 4749 3355 4788 ma‘

118 4823 255 4870 vasta:
282 4822 604 4876 solitudinis
627 4841 642 4876 ς
683 4823 812 4896 quia
833 4824 890 4878 in
921 4831 1109 4878 monte
1140 4827 1276 4879 Sina
1304 4827 1484 4896 legem
1517 4827 1678 4893 dans,
1763 4817 1914 4887 ligno
1933 4824 2114 4871 morte
2136 4834 2240 4872 sua
2259 4817 2686 4889 eripuit,etpost
2706 4819 3176 4874 resurrectionem
3191 4837 3357 4875 suam

119 4912 306 4970 pactum
330 4927 460 4966 cum
483 4931 554 4966 eo
583 4913 761 4979 inivit,
781 4914 1064 4966 mannade
1085 4915 1222 4968 coelo
1245 4915 1353 4968 illis
1374 4915 1678 4983 distribuit,
1761 4922 2006 4971 carnem,
2043 4923 2210 4978 quam
2239 4923 2342 4978 ΡΓο
2356 4906 2590 4961 humani
2607 4907 2830 4978 generis
2853 4908 3238 4979 redemptione
3259 4925 3356 4964 su-

118 4999 162 5042 εἰ
179 5011 364 5065 aquam
392 5002 462 5055 de
496 5009 662 5072 petra
677 5001 956 5072 produxit,
983 5003 1331 5057 coturnicum
1351 5021 1548 5058 carnes
1578 5005 1628 5058 ἀι

1846 4996 1956 5066 epit,
1980 4996 2051 5050 ad
2079 4997 2197 5050 alta
2231 4997 2500 5050 caelorum
2541 4995 2810 5066 provexit,
2854 5012 2956 5050 nos
2995 4996 3160 5050 dictis
3187 5012 3356 5069 atque

118 5080 194 5136 dit.
223 5102 436 5144 omnem
469 5091 868 5145 sufficientiam
900 5092 981 5145 eis
1023 5092 1276 5162 praebens
1315 5093 1374 5146 in
1397 5093 1682 5147 alimentis
1765 5085 2030 5156 exemplis
2059 5085 2380 5151 θΧῘιοΓΐ-εὶηεν
2413 5092 2692 5157 quatenus
2721 5085 2853 5140 illuc
2881 5101 3188 5156 sequamur
3225 5085 3356 5154 ﬁde.

114 5171 246 5237 juxta
284 5177 338 5231 id
374 5180 528 5249 quod
581 5181 686 5234 sibi
714 5180 1008 5235 videbatur
1036 5181 1116 5235 eis
1147 5188 1482 5252 competere.
1531 5183 1601 5237 Et
1626 5182 1684 5237 in
1765 5174 2172 5246 tendamusque
2202 5174 2515 5242 devotione,
2546 5174 2639 5230 ubi
2667 5175 2787 5246 ipse
2812 5173 3066 5230 ascendit
3104 5191 3356 5247 corpore,

117 5262 279 5318 eadem
319 5283 512 5322 eremo
573 5269 946 5340 quadraginta
992 5271 1154 5324 annis
1211 5287 1306 5323 eos
1361 5271 1684 5325 circumdu-
1768 5263 1916 5318 unde
1945 5270 2002 5319 et
2027 5263 2418 5339 in_Evangelio
2453 5265 2572 5320 ait:
2605 5282 2633 5318 α
2665 5264 2772 5319 Ubi
2800 5263 2972 5319 fuerit
2998 5278 3220 5334 corpus,
3243 5263 3362 5320 illic

117 5352 261 5404 cendo
284 5364 566 5428 praecepta
585 5375 687 5412 sua
713 5359 920 5426 docuit,
951 5359 1046 5412 sed
1078 5359 1213 5413 illud
1244 5359 1446 5414 merito
1477 5361 1682 5430 quaeri-
1767 5355 2258 5426 congregabuntur
2297 5355 2498 5425 aquilae
2547 5356 2694 5422 (Luc.
2746 5359 2902 5424 xvn).
2955 5373 2984 5408 ››
3015 5354 3145 5410 Alia
3187 5354 3361 5410 etiam

118 5445 208 5506 tur,
253 5446 533 5514 quomodo
565 5447 702 5501 dicit
728 5464 823 5501 eos
881 5448 1205 5518 protexisse,
1239 5448 1384 5502 sicut
1413 5449 1684 5520 pupillam
1770 5444 2040 5516 exempla,
2074 5460 2197 5515 quae
2227 5444 2297 5498 de
2323 5443 2513 5515 aquila
2542 5444 2803 5510 diximus,
2835 5450 3073 5516 possunt
3103 5443 3364 5500 similiter

119 5533 240 5584 oculi
262 5535 363 5599 sui,
377 5554 504 5588 (".11
527 5536 756 5606 plurimi
777 5554 972 5592 eorum
987 5538 1252 5609 prostrati
1275 5538 1390 5592 sint
1409 5538 1466 5592 in
1499 5539 1691 5593 solitu-
1773 5533 1848 5588 ad
1872 5533 2056 5605 ipsum
2072 5539 2129 5587 et
2146 5533 2218 5587 ad
2238 5532 2383 5588 ﬁlios
2394 5533 2519 5604 ejus
2537 5533 2854 5606 ﬁguraliter
2871 5533 3186 5590 transferri.

123 5616 246 5686 dine,
293 5623 398 5678 nisi
447 5625 598 5679 forte
629 5625 901 5694 dicamus,
933 5627 1130 5682 tandiu
1176 5643 1272 5682 eos
1317 5633 1598 5698 protectos
1626 5643 1691 5682 ac
1773 5626 1917 5680 sicut
1955 5623 2152 5696 aquila
2195 5623 2346 5679 acuti
2375 5623 2616 5681 intuitus
2641 5629 2749 5690 est,
2781 5623 2863 5678 ita
2887 5630 2954 5679 ut
2988 5639 3158 5696 super
3186 5621 3368 5681 maria
