3942 6158
281 361 414 418 ll“

950 354 1320 421 comem.
1363 351 1442 420 IN
1481 350 1796 419 CANTICA
1834 331 1998 428 oms
2035 355 2131 419 AD
2169 353 2448 422 LAUDES
2487 356 2876 422 mamma.

3421 355 3560 422 illi?

274 486 336 539 in
368 487 494 557 lege
522 488 903 544 offerebantur
933 509 943 543 :
979 504 1090 545 non
1111 491 1261 544 enim
1284 491 1420 545 satis
1444 497 1530 544 est
1547 489 1694 544 dona
1711 489 1948 552 virtu-A
1968 512 1996 544 α
2029 484 2253 550 Domini
2285 489 2553 547 creatoris
2579 491 2682 546 tui.
2711 509 2736 544 ››
2767 487 2892 546 Alia
2922 487 3094 546 editio
3125 511 3141 546 :
3178 510 3202 543 (ι
3235 475 3417 546 Deum
3465 491 3563 563 qui

277 579 402 630 tum
431 573 639 630 habere
667 571 944 645 ﬁdelibus,
979 580 1086 634 nisi
1125 578 1514 652 paenitentiam
1561 585 1733 650 agant
1779 591 1878 650 pro

279 665 400 718 suis
424 665 759 730 excessibus,
780 669 927 721 unde
949 657 1059 735 ille,
1086 669 1177 740 qui
1205 687 1301 723 rex
1319 662 1487 722 simul
1522 675 1578 722 et
1607 667 1882 740 propheta

276 753 405 818 fuit,
447 760 504 808 et
531 755 618 809 cui
648 756 717 808 de
757 754 1142 812 incarnatione
1169 753 1378 812 Christi
1408 757 1743 829 promissum
1773 757 1875 823 est,

276 844 430 913 quod
460 861 526 898 ex
556 846 677 914 ejus
719 845 935 900 semine
978 853 1321 913 nasceretur,
1357 865 1456 918 pro
1504 845 1620 901 suis
1663 841 1878 900 delictis

274 932 584 988 Dominum
609 934 947 1006 deprecatur
965 935 1153 990 dicens
1177 955 1188 989 :
1219 957 1240 987 ι
1266 933 1520 1008 Amplius
1545 931 1671 990 lava
1700 953 1789 989 me
1809 933 1879 989 ab

272 1017 559 1090 injustitia
607 1041 750 1084 mea,
777 1029 834 1078 et
867 1042 900 1078 a
943 1027 1146 1080 delicto
1196 1043 1320 1080 meo
1359 1023 1569 1079 munda
1602 1042 1710 1090 me,
1746 1041 1880 1096 quo-

271 1111 428 1164 niam
464 1111 820 1182 iniquitatem
874 1131 1058 1168 meam
1103 1131 1206 1186 ego
1253 1131 1492 1185 agnosco
1533 1121 1587 1168 et
1615 1110 1878 1168 delictum

271 1216 466 1254 meum
499 1217 685 1255 coram
735 1219 824 1256 me
853 1209 938 1257 est
976 1219 1200 1274 semper
1231 1207 1392 1272 (Psal.
1428 1211 1500 1272 L).
1526 1222 1554 1256 ν
1579 1197 1648 1258 Et
1673 1209 1736 1256 ut
1763 1202 1880 1256 haec

271 1289 469 1342 omnia
501 1289 790 1355 beneﬁcia,
837 1309 960 1364 quae
1007 1293 1275 1364 praedicta
1310 1298 1460 1358 sunt,
1511 1289 1878 1346 eminentiore

270 1377 420 1431 dono
456 1380 967 1441 accumularentur,
993 1381 1226 1447 addidit,
1266 1377 1567 1435 medullam
1609 1379 1799 1447 tritici,
1824 1373 1880 1434 et

269 1467 609 1537 sanguinem
627 1470 926 1534 uvae.Qu1d
951 1471 1099 1524 enim
1124 1488 1224 1542 per
1244 1465 1546 1524 medullam
1566 1466 1872 1531 tritici,nisi

269 1573 477 1628 corpus
505 1558 730 1616 Christi.
767 1560 902 1631 quid
933 1561 1036 1632 per
1059 1559 1393 1630 sanguinem
1423 1575 1560 1625 uvae,
1595 1557 1704 1613 nisi
1734 1559 1874 1612 calix

269 1646 415 1699 Novi
429 1647 780 1702 Testamenti
797 1649 856 1703 in
869 1649 1076 1704 Christi
1093 1649 1424 1719 sanguinem
1443 1643 1740 1720 ﬁguratur?
1751 1643 1878 1703 Plu-

267 1735 432 1790 rimis
463 1737 615 1790 enim
646 1737 808 1792 donis
839 1755 903 1791 ex
932 1737 1139 1809 pietate
1161 1739 1260 1792 Dei
1285 1735 1656 1791 ecclesiastico
1670 1737 1875 1808 populo

1961 587 2016 637 te
2042 579 2237 653 genuit
2267 580 2631 652 dereliquisti,
2667 581 2724 634 et
2751 573 2958 634 oblitus
2989 597 3048 634 es
3090 573 3269 634 Deum
3314 575 3560 636 alentem

1959 677 2035 725 te.
2077 691 2099 722 ι
2133 668 2344 726 Genuit
2370 663 2643 724 Dominus
2666 658 3078 740 quodammodo
3127 661 3564 754 Israelitas'per

1929 747 2141 829 'legem
2173 764 2230 814 et
2257 757 2761 823 circumcisionem,
2792 756 2991 827 genuit
3018 763 3074 811 et
3121 747 3561 814 ecclesiasticum

1960 849 2228 920 populum
2245 866 2346 919 per
2362 843 2628 918 baptismi
2649 846 2912 917 gratiam,
2936 863 3038 918 per
3065 844 3562 904 sanctiﬁcationem

1964 937 2206 1008 Spiritus
2231 935 2428 1002 sancti,
2457 937 2515 990 et
2537 927 2870 990 alimentum
2902 933 3144 991 caelestis
3174 933 3302 1002 cibi,
3329 935 3433 992 hoc
3455 936 3558 1002 est,

1962 1025 2292 1096 evangelicae
2321 1025 2588 1080 doctrinae
2634 1025 2717 1079 illi
2762 1025 3110 1080 sufﬁcienter
3155 1022 3427 1098 praebuit;
3463 1021 3562 1082 sed

1963 1111 2058 1188 qui
2104 1109 2222 1170 haec
2276 1113 2522 1169 oblivisci
2582 1131 2694 1168 non
2743 1115 2926 1179 timet,
2973 1116 3126 1185 juste
3189 1115 3293 1170 sibi
3351 1111 3560 1171 iratum

1962 1201 2140 1258 Deum
2187 1222 2286 1275 per
2333 1201 2634 1258 vindictam
2689 1203 2912 1257 sentiet.
2945 1199 3105 1259 Unde
3153 1197 3558 1276 subjungitur:

2041 1314 2064 1341 α
2102 1293 2258 1347 Vidit
2291 1291 2582 1357 Dominus,
2626 1297 2682 1346 et
2729 1291 2798 1346 ad
2847 1291 3196 1346 iracundiam
3251 1291 3562 1348 concitatus

1964 1401 1988 1434 α
2025 1387 2127 1448 est,
2166 1383 2299 1452 quia
2327 1383 2766 1452 provocaverunt
2796 1397 2922 1433 eum
2953 1375 3056 1435 lilii
3091 1382 3178 1436 sui
3227 1383 3284 1436 et
3330 1374 3476 1447 ﬁliae,
3507 1390 3564 1437 et

1959 1489 1984 1522 (ι
2017 1471 2130 1524 ait:
2152 1463 2503 1525 Abscondam
2517 1469 2711 1523 faciem
2734 1485 2916 1524 meam
2939 1461 3010 1524 ab
3031 1469 3098 1524 iis
3116 1477 3177 1524 et
3191 1467 3559 1526 considerabo

1962 1579 1988 1612 «
2019 1558 2318 1614 novissima
2339 1575 2553 1613 eorum.
2583 1577 2606 1610 υ
2631 1554 2760 1613 Alia
2794 1557 2965 1612 editio
2995 1576 3006 1612 :
3039 1583 3059 1606 ι
3082 1553 3238 1614 Vidit
3264 1553 3582 1627 Dominus,-

1959 1655 2016 1703 et
2043 1648 2252 1702 zelatus
2283 1655 2386 1715 est,
2421 1655 2478 1702 et
2518 1646 2878 1702 exacerbatus
2925 1653 3010 1702 est
3051 1654 3281 1720 propter
3316 1649 3460 1703 iram
3489 1641 3559 1702 li-

1957 1738 2161 1791 liorum
2190 1754 2419 1791 suorum
2445 1734 2501 1790 et
2523 1737 2783 1802 ﬁliarum,
2807 1737 2863 1791 et
2884 1737 3056 1790 dixit:
3082 1735 3346 1791 Avertam
3359 1733 3558 1792 faciem

267 1827 552 1880 concessis
583 1827 686 1880 hoc
724 1827 872 1880 inter
917 1821 1106 1882 omnia
1151 1823 1408 1894 excellit;
1443 1822 1591 1898 quod
1629 1811 1935 1898 corporisB
1960 1844 2144 1881 meam
2173 1821 2243 1880 ab
2271 1826 2352 1880 eis
2401 1828 2458 1880 et
2495 1817 2787 1880 ostendam
2831 1823 2964 1896 quid
3010 1825 3118 1879 erit
3155 1823 3236 1880 eis
3277 1813 3338 1880 in
3380 1825 3562 1881 novis-

266 1919 322 1968 et
353 1916 650 1984 sanguinis
677 1917 761 1970 sui
793 1923 1146 1972 sacramenta
1191 1915 1249 1970 in
1296 1915 1458 1988 panis
1491 1919 1548 1970 et
1577 1914 1690 1969 vini
1740 1929 1873 1969 con-

263 2001 512 2058 fectione
540 2005 612 2058 ad
652 2006 893 2060 salutem
939 2012 1206 2061 aeternam
1254 2002 1334 2058 illi
1384 1999 1742 2059 ministravit.
1773 2005 1872 2058 Se-

265 2091 468 2162 quitur
491 2111 502 2146 :

342 2199 371 2234 ε
405 2182 636 2238 Biberat
665 2184 1128 2250 meracissimum,
1163 2183 1504 2238 incrassatus
1524 2189 1612 2238 est
1638 2173 1874 2236 dilectus

1957 1913 2117 1970 simo.
2154 1937 2178 1967 »
2203 1909 2356 1969 Nihil
2375 1915 2600 1986 gravius
2623 1911 2785 1968 estin
2824 1915 3023 1986 poenis,
3057 1932 3226 1986 quam
3259 1909 3558 1987 praesentia

1957 2011 2014 2058 et
2035 2003 2243 2059 visione
2264 1993 2365 2058 Dei
2390 2003 2615 2074 privari.
2639 1999 2776 2058 Inde
2797 1999 3097 2058 Psalmista
3125 1999 3427 2058 Dominum
3457 1995 3556 2058 de-

1957 2084 2456 2166 precaturdicens:
2490 2113 2511 2142 ι
2535 2089 2618 2146 Ne
2639 2091 2902 2164 projicias
2923 2109 3011 2146 me
3047 2109 3081 2146 a
3111 2087 3248 2147 facie
3268 2089 3368 2148 tua
3388 2087 3554 2159 (Psal.

1959 2183 2032 2253 L).
2067 2202 2092 2234 ))
2125 2175 2194 2238 Et
2225 2183 2360 2236 item
2397 2201 2408 2234 :
2453 2204 2474 2230 ι
2508 2176 2592 2236 Ne
2611 2183 2850 2246 avertas,
2882 2176 3082 2252 inquit,
3107 2175 3303 2236 faciem
3333 2187 3492 2236 tuam
3522 2198 3557 2235 a

265 2287 292 2322 α
318 2276 385 2324 et
426 2271 819 2326 recalcitravit.
857 2291 883 2324 ι
923 2272 1048 2326 Alia
1094 2271 1304 2328 editio:
1343 2290 1369 2324 α
1403 2267 1553 2326 Bibit
1601 2269 1788 2326 vinum
1821 2277 1877 2325 et
1956 2288 2065 2326 me.
2113 2292 2134 2321 ι
2169 2265 2312 2326 Hinc
2351 2271 2408 2326 et
2436 2267 2538 2325 Job
2568 2263 2636 2324 ad
2684 2259 2988 2326 Dominum
3033 2259 3287 2341 loquitur
3321 2269 3510 2324 dicens
3543 2289 3554 2323 :

261 2360 631 2415 manducavit
665 2361 852 2426 Jacob,
885 2368 944 2415 et
985 2361 1222 2416 satiatus
1261 2369 1362 2426 est,
1400 2366 1456 2414 et
1503 2360 1876 2414 recalcitrav1t
1959 2382 1982 2409 ο
2016 2362 2063 2415 Α
2089 2361 2229 2414 facie
2269 2365 2369 2415 tua
2395 2377 2466 2414 ne
2497 2360 2808 2414 abscondar
2839 2361 2973 2426 (Job.
3006 2363 3142 2427 xm).
3181 2381 3205 2407 ιι
3245 2358 3391 2424 Quia
3419 2373 3550 2430 ergo

261 2447 528 2502 dilectus.
565 2468 590 2500 υ
623 2451 838 2521 Nempe
869 2450 1134 2504 universa
1159 2449 1304 2504 dona
1334 2445 1456 2516 Dei,
1479 2447 1599 2503 sine
1625 2448 1742 2504 fece
1773 2443 1872 2502 ali—
1955 2447 2057 2504 lilii
2085 2454 2141 2503 et
2169 2449 2314 2516 ﬁliae,
2339 2449 2446 2504 hoc
2469 2451 2570 2514 est,
2603 2448 2898 2520 utriusque
2919 2465 3085 2502 sexus
3122 2442 3379 2502 homines
3422 2448 3550 2502 irri-

258 2538 432 2607 cujus
454 2539 720 2609 nequitiae
740 2556 839 2593 seu
863 2539 1208 2610 improperii,
1233 2537 1588 2592 credentibus
1617 2543 1674 2592 et
1701 2533 1869 2609 digne
1953 2537 2137 2593 tantes
2167 2555 2295 2592 eum
2325 2553 2425 2610 pro
2455 2537 2618 2592 malis
2647 2537 2782 2603 suis,
2809 2554 2932 2609 quae
2963 2535 3190 2603 faciunt,
3229 2537 3352 2607 ejus
3383 2535 3550 2591 mise-

259 2625 331 2679 de
361 2626 450 2680 eis
476 2627 848 2682 sentientibus
880 2629 1262 2682 conferuntur.
1293 2625 1400 2681 Sed
1421 2627 1550 2698 quia
1581 2627 1726 2681 sicut
1753 2643 1870 2681 car-
1951 2627 2250 2682 ricordiam
2303 2645 2414 2682 non
2445 2633 2770 2694 merentur;
2804 2623 2900 2681 sed
2936 2612 3006 2680 ab
3034 2621 3130 2680 illo
3156 2621 3364 2696 ingrati
3393 2641 3551 2696 sper-

259 2715 426 2768 nales
457 2716 739 2786 quondam
766 2717 1031 2772 Israelita:
1053 2714 1335 2795 donis_Dei
1355 2709 1514 2770 abusi
1545 2723 1694 2782 sunt,
1719 2723 1776 2770 et
1803 2731 1869 2770 ex
1952 2719 2165 2772 nuntur
2184 2711 2243 2771 in
2265 2713 2580 2771 novissimis
2607 2732 2822 2770 eorum.
2839 2709 2958 2770 Hoc
2973 2705 3549 2787 probabitur,quando

259 2804 554 2859 beneﬁciis
583 2806 913 2877 largissimis
944 2808 1163 2877 pejores
1213 2806 1360 2872 facti,
1393 2802 1463 2860 ad
1493 2803 1868 2860 idololatriam

257 2894 518 2966 prolapsi
549 2901 708 2962 sunt;
743 2895 841 2960 ita,
878 2897 1018 2967 proh
1047 2891 1240 2950 dolor!
1271 2910 1381 2950 non
1413 2895 1575 2966 pauci
1603 2892 1672 2950 de
1702 2893 1870 2949 eccle-

259 2982 499 3037 siastico
524 2984 729 3054 populo
756 2984 964 3055 ingrati
994 2984 1276 3039 beneﬁciis
1307 2982 1408 3039 Dei
1451 2979 1521 3038 ad
1551 2983 1687 3037 vitia
1723 2985 1868 3038 rela-

260 3069 500 3136 buntur,
533 3079 590 3126 et
616 3073 722 3128 hoc
751 3074 898 3144 quod
924 3073 1026 3128 sibi
1057 3075 1128 3128 ad
1172 3073 1411 3128 salutem
1451 3069 1716 3127 collatum
1757 3078 1860 3138 est,

254 3160 314 3215 in
344 3161 728 3232 perditionem
774 3178 938 3216 suam
984 3167 1332 3216 convertunt.
1367 3155 1526 3216 Unde
1575 3153 1864 3232 subjungi-

254 3256 355 3304 tur
385 3266 402 3305 :

335 3361 358 3388 ι
396 3339 770 3408 Incrassatus,
795 3340 1182 3412 impinguatus
1205 3346 1262 3394 et
1279 3340 1548 3394 dilatatus
1567 3335 1866 3410 dereliquit

257 3448 284 3482 ι
317 3430 508 3483 Deum
531 3429 800 3484 factorem
830 3446 995 3484 suum
1045 3435 1102 3484 et
1137 3430 1366 3483 recessit
1407 3447 1441 3483 a
1469 3429 1584 3483 Deo
1631 3419 1864 3483 salutari

257 3539 279 3569 ι
313 3533 445 3572 suo.
478 3519 928 3573 Provocaverunt
965 3535 1095 3572 eum
1142 3512 1200 3571 in
1246 3511 1353 3571 diis
1390 3511 1606 3583 alienis,
1637 3521 1693 3571 et
1729 3510 1864 3570 abo-

253 3627 280 3660 α
314 3606 729 3661 minationibus
771 3607 887 3662 suis
919 3608 990 3660 ad
1031 3602 1381 3661 iracundiam
1425 3605 1859 3670 concitaverunt,

255 3716 279 3746 ι
313 3695 761 3750 immolaverunt
787 3695 1078 3750 daemoniis
1130 3703 1187 3750 et
1232 3711 1344 3750 non
1374 3688 1509 3762 Deo,
1549 3689 1674 3761 diis,
1725 3710 1864 3764 quos

1952 2802 2008 2860 in
2053 2823 2247 2878 pcenas
2287 2799 2560 2877 gehennae
2605 2804 2973 2877 projicientur
3012 2805 3270 2870 aeternas,
3319 2797 3424 2858 hoc
3465 2810 3552 2858 est

1952 2893 2102 2950 enim
2161 2891 2516 2950 considerare
2576 2893 2880 2948 novissima
2922 2909 3138 2960 eorum,
3189 2887 3548 2948 manifestare

1950 2985 2235 3038 tormenta
2287 2983 2514 3038 illorum
2550 2999 2672 3054 quae
2721 2983 2839 3055 ipse
2896 2976 2998 3048 eis,
3049 2991 3164 3036 non
3216 2973 3548 3036 conturbata

1951 3073 2159 3139 animo,
2193 3067 2289 3127 sed
2321 3069 2644 3144 tranquillo,
2677 3069 2831 3143 juste
2859 3065 3153 3143 impendit.

2025 3184 2048 3215 α
2084 3162 2387 3217 Generatio
2407 3161 2558 3216 enim
2579 3177 2840 3233 perversa
2859 3158 2946 3215 est
2967 3165 3025 3214 et
3035 3152 3289 3214 inﬁdeles
3319 3147 3420 3213 ﬁlii
3439 3157 3544 3231 ipsi

1947 3270 1973 3305 α
2006 3255 2441 3324 provocaverunt
2474 3268 2566 3305 me
2592 3249 2652 3306 in
2683 3267 2768 3316 eo,
2801 3246 2898 3322 qui
2929 3267 3042 3304 non
3087 3253 3212 3304 erat
3248 3240 3542 3314 Dominus,

1951 3360 1976 3392 (ί
2010 3347 2067 3394 et
2095 3337 2460 3395 irritaverunt
2487 3339 2546 3394 in
2577 3335 2917 3394 vanitatibus
2945 3335 3082 3414 suis,
3115 3343 3173 3392 et
3215 3354 3319 3408 ego
3347 3353 3546 3409 provo-

1951 3447 1977 3480 «
2009 3427 2144 3484 cabo
2177 3447 2271 3484 eos
2291 3429 2350 3482 in
2381 3446 2464 3496 eo,
2499 3429 2594 3500 qui
2625 3446 2738 3483 non
2769 3424 2856 3483 est
2895 3421 3156 3499 populus,
3187 3426 3245 3480 et
3277 3419 3337 3480 in
3375 3421 3546 3497 gente

1952 3537 1977 3569 ‹‹
2010 3517 2184 3573 stulta
2230 3511 2462 3572 irritabo
2507 3513 2650 3570 illos.
2677 3535 2704 3569 ιι
2736 3515 2866 3571 Alia
2893 3509 3102 3570 editio:
3141 3534 3168 3568 α
3201 3509 3346 3580 Quia
3369 3517 3542 3584 gene-

1948 3605 2089 3660 ratio
2116 3623 2288 3677 prava
2319 3607 2375 3660 et
2404 3620 2666 3677 perversa
2694 3611 2779 3660 est
2819 3599 2922 3658 lilii
2969 3605 3028 3659 in
3070 3596 3274 3675 quibus
3306 3604 3420 3657 non
3459 3607 3546 3658 est

1947 3696 2084 3750 ﬁdes
2114 3693 2170 3749 in
2202 3691 2356 3766 ipsis,
2390 3691 2494 3766 ipsi
2524 3694 2582 3748 in
2613 3687 2730 3748 zelo
2758 3687 3153 3765 compulerunt
3195 3705 3284 3745 me
3333 3699 3391 3746 et
3429 3707 3543 3746 non

256 3804 279 3836 ι
313 3784 681 3856 ignorabant,
713 3801 855 3839 novo
898 3789 1262 3856 recentesque
1309 3789 1585 3838 venerunt
1629 3774 1699 3837 ad
1746 3799 1859 3848 eos,
1945 3779 2002 3839 in
2024 3783 2158 3846 Deo,
2179 3784 2236 3838 in
2263 3785 2349 3838 ira
2367 3781 2786 3838 concitaverunt
2806 3799 2896 3836 me
2917 3779 2975 3836 in
3007 3775 3170 3836 idolis
3192 3775 3327 3848 suis,
3351 3771 3408 3835 et
3439 3783 3543 3851 ego

255 3894 276 3924 ι
312 3890 462 3946 quos
489 3891 602 3928 non
629 3875 926 3928 coluerunt
953 3880 1142 3944 patres
1171 3890 1384 3928 eorum.
1419 3891 1446 3926 »
1485 3867 1611 3927 Alia
1641 3869 1811 3926 editio
1845 3893 1856 3926 :
1943 3873 2003 3928 in
2032 3871 2147 3928 zelo
2195 3869 2467 3944 expellam
2503 3887 2596 3927 eos
2639 3877 2698 3926 et
2731 3871 2845 3926 non
2882 3866 2940 3925 in
2984 3875 3234 3950 gentem,
3276 3868 3334 3924 in
3374 3863 3544 3950 gente

255 3982 278 4012 ι
304 3945 547 4034 Pinguis
589 3963 768 4018 factus
796 3969 882 4017 est
919 3969 976 4017 et
1000 3959 1630 4030 incrassavit,dilatatus
1644 3967 1745 4028 est,
1771 3957 1862 4016 de—
1945 3963 2242 4034 insipiente
2282 3953 2514 4016 irritabo
2559 3978 2674 4016 eos.
2705 3982 2732 4012 ιο
2777 3957 2922 4026 Quia
2955 3976 3086 4030 ergo
3135 3945 3404 4015 lsraelitae
3450 3945 3545 4012 ab-

249 4052 493 4122 reliquit
513 4051 712 4119 Deum,
737 4052 834 4123 qui
855 4052 984 4106 fecit
999 4069 1149 4118 eum,
1175 4058 1232 4106 et
1260 4051 1492 4107 recessit
1523 4069 1558 4105 a
1578 4051 1693 4106 Deo
1718 4049 1863 4104 salu-
1937 4049 2088 4124 jecto
2119 4049 2273 4106 cultu
2305 4045 2528 4106 Domini
2549 4051 2636 4105 sui
2654 4043 2804 4104 idola
2819 4049 3131 4115 coluerunt,
3147 4053 3205 4103 et
3223 4036 3545 4102 deserentes

249 4141 364 4194 tari
399 4156 524 4206 suo,
558 4141 1028 4196 exacerbaverunt
1074 4157 1165 4195 me
1204 4141 1263 4195 in
1295 4137 1511 4206 alienis,
1551 4141 1609 4194 in
1645 4133 1859 4193 abomi-
1941 4157 2135 4196 verum
2159 4157 2222 4194 ac
2237 4141 2422 4194 vivum
2448 4139 2646 4205 Deum,
2678 4133 3067 4194 deservierunt
3090 4133 3325 4192 vanitati
3363 4133 3539 4192 simu-

249 4229 582 4284 nationibus
629 4230 746 4284 suis
794 4230 1215 4286 concitaverunt
1258 4247 1368 4294 me,
1410 4223 1863 4284 sacriﬁcaverunt
1943 4217 2221 4285 lacrorum
2250 4227 2532 4301 gentibus,
2565 4225 2661 4300 qui
2691 4225 2882 4300 p0puli
2912 4220 3012 4283 Dei
3044 4223 3271 4282 nomine
3301 4217 3540 4280 needum

247 4317 551 4372 daemoniis
579 4325 638 4372 et
665 4336 776 4373 non
806 4320 940 4386 Deo,
972 4319 1078 4374 diis
1107 4336 1248 4390 quos
1277 4335 1388 4373 non
1415 4323 1707 4383 noverunt,
1732 4316 1858 4371 novi
1941 4335 2006 4372 eo
2031 4315 2285 4391 tempore
2316 4317 2499 4372 vocari
2531 4323 2876 4383 meruerunt,
2919 4315 2978 4371 in
3007 4306 3380 4390 direptionem
3421 4313 3540 4368 tra-

247 4412 512 4462 recentes
541 4415 818 4464 venerunt
855 4409 926 4462 ad
963 4424 1078 4476 eos,
1125 4425 1265 4480 quos
1299 4405 1621 4460 nesciebant
1669 4405 2043 4500 patrestiti
2073 4409 2220 4500 sunt.
2255 4406 2526 4500 Similiter
2555 4410 2614 4460 et
2643 4393 3023 4500 ecclesiastici,
3057 4397 3156 4475 qui
3192 4399 3416 4500 deserta
3443 4405 3540 4500 ve-

247 4512 473 4550 eorum.
512 4520 538 4546 u
590 4497 707 4552 Hoc
743 4505 958 4552 veteres
996 4495 1263 4552 Israelita:
1310 4492 1679 4550 historialiter
1717 4495 1856 4548 fece-
1878 4483 2104 4550 "ritate
2133 4489 2202 4549 ad
2242 4511 2462 4551 errores
2492 4483 2932 4559 declinaverunt,
2965 4489 3014 4546 si
3062 4508 3163 4564 pro
3211 4484 3376 4544 malis
3423 4485 3541 4544 suis

246 4593 412 4650 runt,
445 4585 591 4639 sicut
621 4586 680 4640 in
709 4602 905 4640 eorum
947 4585 1104 4640 libris
1145 4581 1485 4638 sufﬁcienter
1527 4601 1854 4656 expressum
1938 4602 2048 4639 non
2068 4577 2706 4656 pmnituerintmalignis
2724 4577 3033 4654 spiritibus,
3050 4579 3146 4652 qui
3165 4568 3540 4651 superbiendo

246 4681 356 4737 est,
392 4673 492 4728 sed
524 4679 582 4728 et
609 4675 865 4729 moderni
895 4670 1179 4740 Israelita,
1221 4669 1444 4746 quando
1478 4665 1626 4728 dona
1652 4667 1754 4727 Dei
1797 4671 1854 4728 in
1938 4670 2303 4747 perdiderunt
2323 4671 2634 4743 angelicam
2655 4671 2985 4741 dignitatem
3010 4669 3080 4724 ad
3094 4664 3438 4724 tradendum
3458 4665 3542 4722 in:

245 4762 492 4816 scientia
537 4768 594 4816 et
647 4763 944 4819 virtutibus
1001 4763 1107 4817 sibi
1137 4764 1206 4818 ad
1239 4757 1488 4817 divinum
1521 4757 1849 4833 obsequium
1913 4759 2077 4817 'ferni
2131 4760 2448 4816 carceribus
2493 4759 2806 4814 tradentur.
2864 4757 3014 4814 Bene
3073 4775 3206 4830 ergo
3255 4757 3538 4812 daemones

247 4867 518 4906 concessa
561 4853 636 4907 ad
683 4853 943 4908 haeresim
976 4853 1091 4907 sive
1131 4853 1470 4925 hypocrisim
1500 4852 1847 4916 convertunt,

247 4939 422 4994 idolis
442 4945 502 4994 et
529 4957 641 4996 non
665 4941 781 4996 Deo
813 4943 1020 4996 servire
1049 4941 1376 5014 probantur.
1409 4937 1710 4996 Daemoniis
1739 4939 1852 4996 uti-

249 5046 362 5102 que
384 5030 600 5084 cultum
627 5029 938 5085 exhibendo
966 5036 1024 5085 et
1052 5047 1164 5086 non
1193 5027 1327 5095 Deo,
1358 5031 1506 5102 quod
1531 5036 1718 5102 patres
1751 5047 1852 5084 no-

248 5119 375 5186 stri,
411 5119 517 5174 hoc
567 5126 671 5186 est,
701 5121 1052 5192 patriarchae,
1087 5115 1372 5192 prophetae
1416 5125 1474 5174 et
1509 5115 1746 5190 apostoli
1773 5121 1854 5173 at-

249 5224 362 5278 que
390 5200 748 5278 evangelista:
778 5225 1134 5280 nequaquam
1179 5207 1450 5275 fecerunt,
1499 5203 1629 5262 inde
1670 5207 1852 5262 evenit

249 5296 378 5350 istis
425 5297 755 5366 idololatris,
800 5291 948 5369 quod
992 5293 1490 5352 clementisstmum
1547 5293 1849 5352 Dominum

249 5385 419 5438 malis
439 5385 556 5440 suis
584 5385 889 5450 irritantes,
920 5403 1087 5456 quem
1128 5387 1432 5460 propitium
1478 5379 1684 5440 habere
1729 5403 1852 5458 pos-

247 5481 398 5540 sent,
429 5475 476 5530 si
508 5475 648 5529 bene
676 5475 938 5548 egissent,
963 5483 1192 5548 propter
1220 5477 1368 5530 mala
1398 5491 1570 5546 opera
1595 5489 1849 5529 severum

249 5569 424 5635 atque
451 5563 769 5619 districtum
798 5561 1118 5638 perpessuri
1146 5563 1277 5619 sint.

329 5671 355 5706 α
387 5643 566 5707 Deum
595 5651 691 5727 qui
717 5660 776 5708 te
812 5649 1027 5724 genuit,
1061 5649 1429 5725 dereliquisti,
1464 5655 1521 5706 et
1557 5641 1761 5706 oblitus
1791 5661 1850 5705 es

1933 4867 2073 4923 gens
2100 4847 2274 4905 stulta
2295 4848 2403 4904 dici
2434 4849 2686 4922 possunt,
2721 4849 2853 4920 quia
2886 4843 3128 4904 oderunt
3149 4847 3432 4919 justitiam
3483 4852 3540 4900 et

1936 4943 2132 4994 amant
2161 4933 2536 5010 iniquitatem.
2841 5013 2845 5016 _
3259 5013 3263 5016 Α
3403 5007 3410 5016 _

2011 5049 2032 5080 ι
2067 5025 2220 5099 Ignis
2250 5043 2548 5082 succensus
2591 5027 2676 5081 est
2721 5027 2777 5080 in
2821 5013 3010 5080 furore
3047 5029 3173 5081 meo
3220 5013 3278 5079 et
3317 5012 3538 5078 ardebit

1943 5138 1961 5166 ι
1997 5133 2173 5189 usque
2204 5101 2273 5172 ad
2304 5107 2508 5171 inferni
2536 5115 2856 5178 novissima.
2898 5135 2920 5167 ο
2953 5109 3076 5170 Alia
3096 5109 3268 5170 editio
3287 5131 3304 5188 _:
3329 5127 3355 5164 ι(
3391 5107 3537 5189 Quia

1934 5185 2318 5277 ignis—exarsit
2345 5199 2415 5260 ab
2443 5205 2529 5260 ira
2557 5221 2704 5272 mea,
2721 5209 2780 5260 et
2797 5195 3018 5260 ardebit
3035 5207 3214 5276 usque
3232 5185 3303 5257 ‘a'd
3322 5185 3533 5256 inferos

1932 5293 2212 5350 deorsum.
2253 5315 2274 5346 ι
2309 5289 2390 5350 De
2419 5293 2507 5350 his
2539 5309 2678 5366 quos
2723 5285 2999 5348 damnant
3039 5283 3282 5364 ﬂagella,
3304 5291 3373 5345 et
3416 5295 3530 5368 non

1931 5377 2176 5440 liberant
2209 5383 2481 5456 scriptum
2511 5391 2599 5438 est
2630 5402 2641 5436 :
2681 5404 2705 5436 ι
2739 5377 3068 5439 Perelissisti
3117 5389 3233 5449 eos,
3282 5385 3386 5434 nec
3428 5374 3530 5435 do-

1931 5469 2195 5541 luerunt;
2229 5469 2493 5528 attrivisti
2533 5489 2629 5528 eos
2657 5475 2715 5526 et
2743 5473 3053 5529 renuerunt
3081 5465 3332 5543 accipere
3359 5459 3530 5524 disci-

1935 5555 2146 5635 plinam
2160 5553 2295 5634 (λεν.
2321 5563 2393 5630 v).
2430 5581 2455 5614 ι»
2489 5552 2591 5616 llis
2610 5559 2835 5634 ﬂagella
2860 5561 2931 5616 ab
2967 5559 3072 5617 hac
3098 5549 3214 5616 vita
3238 5551 3524 5626 inchoent,

1933 5653 1989 5705 et
2018 5651 2076 5706 in
2105 5650 2316 5705 aeterna
2360 5651 2715 5724 percussione
2756 5645 3083 5726 perdurant.
3116 5635 3276 5707 Unde
3303 5654 3526 5722 Quoquo
