3942 6158
444 320 582 376 1143
1037 325 1100 379 Β.
1143 324 1415 382 RABANI
1453 325 1685 383 MAURI
1730 326 2001 385 ARCHIE

2114 326 2433 384 MOGUNT.
2477 325 2774 383 OPERUM
2810 325 2996 381 PARS
3030 325 3131 381 III.
3552 324 3671 380 Wall

442 460 545 516 per
567 445 799 517 Moysen
825 446 1100 502 Dominus
1125 447 1262 502 dicit
1294 466 1306 502 :
1347 469 1369 500 α
1413 450 1567 520 Ignis
1595 451 1803 507 exarsit
1839 451 1910 506 ab
1953 452 2100 513 iraA
2122 451 2355 522 maligni
2378 451 2639 506 videlicet
2656 450 2885 522 spiritus
2919 455 3147 522 peccata
3184 450 3458 523 praeterita
3492 449 3675 520 impro-

444 548 574 588 mea
600 539 660 588 et
686 533 908 589 ardebit
952 551 1129 608 usque
1174 537 1245 592 ad
1292 537 1500 593 inferos
1544 539 1807 595 deorsum
1854 542 2036 614 (Deut.
2122 546 2384 613 perantes
2406 556 2505 596 ore
2523 541 2775 596 lacerant
2793 539 3117 595 saevissimo.
3148 539 3303 604 Quod
3330 546 3512 593 autem
3536 538 3675 592 addi-

444 624 646 691 xxxn).
682 639 709 676 ι
741 622 1028 688 Quantum
1073 626 1143 680 ad
1188 632 1524 698 praesentem
1565 624 1774 683 etenim
1812 645 2040 700 percus—
2119 636 2234 696 tur,
2263 635 2391 702 post
2413 630 2832 685 devorationem
2867 644 3053 684 avium
3079 628 3323 683 extensio
3360 627 3506 682 dorsi
3542 626 3676 681 insa-

445 708 663 766 sionem
689 717 925 784 spectat,
956 720 1106 768 recte
1135 714 1377 770 dicitur:
1405 736 1428 768 ε
1454 716 1608 787 Ignis
1629 717 1837 771 exarsit
1859 716 1931 771 ab
1955 717 2043 772 ira
2122 718 2346 785 nubilis,
2370 719 2651 790 signiﬁcat
2674 719 2868 791 plagas
2899 718 3219 786 acerrimas,
3245 733 3382 789 quas
3418 716 3682 789 patiuntur

446 813 591 854 mea.
626 818 654 853 ι
687 799 973 865 Quantum
1002 819 1133 858 vero
1173 805 1246 859 ad
1283 810 1553 860 aeternam
1599 805 2037 873 damnationem,
2121 815 2443 881 peccatores
2472 809 2531 863 in
2558 814 2781 864 tortura
2801 808 3139 873 daemonum,
3186 807 3281 878 qui
3319 822 3414 860 eos
3446 805 3561 860 sine
3583 804 3682 858 ulla

446 893 577 960 apte
603 888 708 944 hoc
735 889 1012 959 subditur,
1036 897 1095 948 et
1122 892 1342 949 ardebit
1361 909 1541 966 usque
1560 895 1630 949 ad
1650 895 1856 950 inferos
1875 895 2041 950 deor-
2123 899 2487 954 miseratione
2513 898 2792 970 aﬂligunt,
2826 903 2885 952 et
2910 913 3104 969 poenas
3142 895 3352 950 validas
3395 895 3454 950 in
3490 892 3683 949 inferno

446 993 592 1042 sum,
620 977 754 1034 licet
780 996 815 1035 a
843 980 1179 1052 quibusdam
1207 982 1316 1037 dici
1347 983 1527 1038 soleat
1550 983 1691 1039 illud
1720 984 1868 1056 quod
1903 984 2042 1038 scri-
2124 987 2339 1042 solvere
2360 992 2586 1059 cogunt,
2615 985 2826 1042 bestias
2851 991 3023 1057 atque
3043 990 3330 1058 serpentes
3356 983 3521 1038 iidem
3546 982 3684 1036 mali-

446 1071 609 1138 ptum
636 1074 724 1123 est
757 1087 769 1124 :
809 1089 832 1122 σ
857 1070 983 1127 Νοη
1026 1070 1270 1126 vindicat
1316 1072 1465 1128 Deus
1494 1071 1580 1128 bis
1622 1072 1682 1131 in
1714 1073 1977 1146 idipsum.
2011 1091 2039 1127 υ
2124 1075 2224 1147 gni
2267 1074 2496 1149 spiritus
2541 1081 2692 1141 sunt,
2725 1075 2819 1147 qui
2860 1073 3054 1129 bestia?
3091 1073 3358 1128 dicuntur
3380 1076 3596 1144 propter
3622 1069 3686 1124 fe-

449 1154 558 1220 Qui
584 1161 775 1212 tamen
795 1157 922 1225 hoc,
954 1159 1102 1231 quod
1131 1176 1232 1232 per
1257 1160 1596 1232 Prophetam
1623 1161 1692 1216 de
1718 1161 1927 1233 iniquis
1955 1161 2042 1215 di-
2126 1164 2440 1230 rocitatem,
2493 1170 2781 1236 serpentes
2823 1169 3054 1236 propter
3085 1162 3449 1226 caliditatem,
3486 1159 3687 1214 trahunt

447 1244 613 1313 citur,
644 1262 759 1302 non
789 1247 1108 1315 attendunt,
1143 1255 1202 1304 et
1225 1249 1435 1321 duplici
1462 1249 1786 1305 confusione
1817 1258 2042 1306 contere
2123 1253 2315 1308 bestiae
2357 1258 2528 1325 atque
2575 1258 2863 1325 serpentes
2916 1251 3184 1324 reprobos
3239 1249 3499 1306 dentibus
3546 1264 3687 1319 super

448 1349 564 1401 eos,
587 1338 646 1388 et
668 1333 727 1390 id
754 1337 905 1408 quod
931 1336 1072 1392 alias
1115 1338 1388 1411 scriptum
1435 1345 1539 1394 est.
1570 1341 1732 1395 Jesus
1774 1342 2043 1413 p0pulum
2123 1347 2335 1397 terram
2359 1358 2487 1397 cum
2513 1342 2722 1409 furore,
2755 1341 2978 1413 quando
3007 1341 3132 1406 hoc,
3172 1339 3325 1412 quod
3364 1337 3517 1411 prius
3552 1335 3686 1390 blan-

448 1422 520 1477 de
544 1427 696 1478 terra
721 1423 950 1497 Egypti
976 1426 1217 1495 salvans,
1250 1429 1496 1483 secundo
1517 1446 1630 1497 eos,
1656 1430 1753 1501 qui
1782 1446 1892 1485 non
1921 1448 2042 1486 cre-
2125 1431 2329 1486 diendo
2354 1431 2672 1487 carnalibus
2699 1435 3120 1503 persuaserunt,
3144 1435 3204 1484 ut
3227 1428 3551 1484 seducerent
3567 1431 3689 1497 post-

447 1509 715 1568 diderunt
739 1513 1006 1585 perdidit,
1030 1514 1232 1587 quibus
1259 1522 1451 1572 tamen
1477 1516 1523 1571 si
1551 1534 1885 1574 consensum
1906 1537 2045 1592 prae.
2125 1519 2356 1575 modum
2385 1519 2686 1575 furibundo
2713 1519 2904 1574 animo
2946 1536 2980 1574 a
3007 1516 3397 1591 peccatoribus
3436 1519 3686 1587 expetunt,

446 1599 700 1667 beamus,
751 1602 1061 1674 quamlibet
1107 1605 1329 1677 culpam
1375 1605 1462 1662 bis
1507 1607 1673 1662 ferire
1716 1622 1829 1664 non
1859 1627 2042 1681 posse,
2126 1615 2192 1665 ut
2217 1609 2485 1675 crucient,
2512 1608 2648 1665 foris
2674 1607 2914 1664 vastabit
2959 1608 3161 1680 impios
3194 1605 3438 1679 gladius,
3467 1609 3521 1659 et
3562 1604 3690 1658 intus

449 1689 556 1743 hoc
585 1705 651 1744 ex
680 1697 908 1762 peccato
933 1692 1214 1765 percussis
1243 1700 1413 1766 atque
1458 1694 1517 1750 in
1546 1702 1772 1768 peccato
1801 1714 1902 1754 suo
1931 1715 2048 1754 mo-
2127 1716 2325 1772 pavor;
2352 1698 2577 1770 quando
2608 1699 2669 1753 in
2708 1703 2960 1753 extrema
2985 1697 3201 1753 ultione
3238 1695 3488 1767 undique
3521 1708 3691 1764 corpus

450 1777 725 1834 rientibus
751 1779 919 1836 debet
945 1782 1233 1851 aestimari,
1267 1783 1401 1855 quia
1425 1800 1621 1840 eorum
1641 1787 1926 1858 percussio
1959 1775 2110 1842 hicB
2128 1788 2274 1860 ignis
2301 1787 2494 1843 aeterni
2520 1792 2748 1860 torquet
2781 1787 3014 1853 exustio,
3048 1791 3108 1841 et
3136 1785 3295 1841 intus
3340 1787 3577 1838 mentem
3614 1796 3693 1834 an-

392 1898 401 1916 .
451 1867 640 1939 coepit,
661 1868 776 1924 illic
801 1869 1016 1938 ﬁnitur,
1039 1877 1105 1927 ut
1123 1871 1184 1926 in
1203 1871 1530 1928 incorrectis
1557 1890 1734 1930 unum
1763 1877 2048 1948 ﬂagellum
2127 1877 2329 1947 gustize
2373 1876 2644 1949 opprimit
2685 1874 3034 1947 magnitudo,
3074 1873 3227 1929 unde
3281 1871 3546 1945 scriptum
3586 1875 3688 1924 est:

451 1955 547 2020 sit,
581 1956 732 2028 quod
755 1960 1145 2030 temporaliter
1172 1960 1387 2034 incipit,
1421 1962 1520 2017 sed
1567 1963 1625 2019 in
1661 1965 1887 2020 aeternis
1921 1983 2050 2038 sup-
2133 1988 2158 2019 ι
2189 1967 2411 2022 Vermis
2431 1983 2625 2022 eorum
2650 1983 2763 2022 non
2794 1965 3084 2031 morietur,
3119 1969 3178 2019 et
3202 1961 3358 2034 ignis
3380 1977 3489 2016 non
3513 1958 3692 2014 exstin-

450 2044 615 2116 plicis
641 2055 1086 2115 consummatur,
1111 2054 1388 2122 quatenus
1417 2051 1516 2120 eis,
1549 2053 1645 2124 qui
1675 2054 1906 2109 omnino
1931 2072 2050 2110 cor-
2127 2059 2336 2126 guetur
2381 2056 2575 2122 (Marc.
2622 2057 2715 2123 ix).
2764 2070 2792 2106 ι
2824 2070 2851 2105 α
2881 2052 3172 2117 Juvenem,
3203 2049 3414 2121 inquit,
3448 2046 3609 2104 simul
3641 2061 3693 2100 ac

450 2132 560 2204 rigi
616 2141 883 2203 renuunt,
930 2137 1049 2209 jam
1107 2139 1472 2210 praesentium
1529 2142 1881 2213 ﬂagellorum
1925 2161 2051 2216 per-
2133 2143 2429 2215 virginem,
2456 2143 2758 2198 laetantem
2805 2159 2935 2198 cum
2978 2141 3205 2196 homine
3248 2155 3405 2194 sene.
3435 2156 3462 2190 ι
3490 2137 3695 2192 Enume-

451 2223 637 2278 cussio
682 2226 1040 2297 sequentium
1084 2228 1160 2282 sit
1200 2228 1428 2284 initium
1473 2235 1903 2288 tormentorum.
1947 2235 2050 2290 Se-
2131 2233 2272 2287 ratis
2295 2232 2570 2288 universis
2593 2231 2850 2288 aetatibus
2887 2230 3133 2287 ostendit
3165 2228 3313 2284 nulli
3355 2220 3503 2282 aetati
3540 2224 3592 2279 in
3623 2238 3696 2278 ex-

454 2311 649 2383 ειιιίιιιτ
679 2331 692 2367 ε
2130 2328 2315 2376 trema
2340 2321 2555 2376 ultione
2597 2338 2718 2376 esse
2758 2320 3121 2393 parcendum,
3144 2334 3293 2390 quos
3322 2317 3471 2371 idem
3499 2312 3697 2369 idolola-

531 2420 556 2453 ι
599 2401 858 2458 Comedit
884 2409 1096 2461 terram
1124 2412 1184 2462 et
1210 2410 1500 2465 nascentia
1525 2412 1669 2482 ejus,
1690 2415 1748 2466 et
1772 2410 2050 2466 montium
2132 2409 2256 2466 triae
2284 2411 2588 2465 tae-daverat
2628 2409 2831 2465 cultus.
2862 2407 3171 2479 Allegorice
3197 2412 3399 2461 autem
3435 2404 3492 2457 in
3525 2403 3700 2474 juvene

459 2508 485 2542 ε
515 2488 884 2549 fundamenta
897 2493 1206 2563 comburet,
1219 2498 1569 2570 congregabo
1582 2517 1752 2571 super
1767 2517 1863 2555 eos
1881 2501 2050 2567 mala,
2134 2499 2403 2554 lascivum
2429 2505 2485 2554 et
2500 2496 2861 2554 libidinosum
2883 2516 2896 2552 :
2922 2497 2982 2552 in
3000 2496 3216 2567 virgine
3238 2511 3279 2550 a
3294 2493 3458 2549 bonis
3474 2490 3700 2564 operibus

461 2596 491 2633 ι
521 2584 580 2635 et
607 2581 844 2652 sagittas
871 2599 1026 2639 meas
1061 2585 1352 2657 complebo
1400 2586 1459 2642 in
1504 2588 1606 2643 eis.
1637 2589 2055 2645 Consumentur
2133 2588 2404 2653 sterilem,
2437 2588 2495 2642 in
2538 2588 2782 2642 lactante
2820 2585 3101 2652 hebetem,
3131 2585 3191 2638 in
3241 2600 3380 2638 sene
3416 2581 3622 2653 pigrum
3655 2583 3701 2632 et

465 2685 494 2721 ι
524 2667 693 2737 fame,
721 2675 782 2725 et
807 2670 1155 2729 devorabunt
1181 2691 1277 2729 eos
1305 2691 1435 2731 aves
1456 2692 1647 2733 morsu
1677 2678 2049 2746 amarissimo,
2134 2676 2392 2732 inutilem
2432 2676 2697 2743 ostendit,
2728 2677 2832 2731 hos
2869 2691 3005 2746 ergo
3054 2689 3256 2728 omnes
3299 2674 3457 2744 justa
3494 2668 3702 2724 vindicta

465 2775 490 2808 ι
526 2755 725 2813 dentes
760 2758 1069 2816 bestiarum
1109 2762 1415 2820 immittam
1461 2765 1521 2821 in
1557 2782 1652 2822 eos
1696 2784 1823 2822 cum
1865 2768 2055 2824 furore
2134 2765 2239 2821 Dei
2258 2766 2318 2820 in
2337 2773 2588 2821 extrema
2614 2765 2829 2820 ultione
2857 2767 3169 2828 consumet,
3193 2777 3344 2834 quos
3388 2775 3533 2816 nunc
3574 2771 3703 2811 com-

467 2863 496 2898 α
525 2845 876 2902 trahentium
897 2865 1070 2921 super
1094 2856 1305 2907 terram
1335 2859 1507 2926 atque
1536 2857 1902 2928 serpentium,
1922 2857 2058 2913 foris
2139 2854 2374 2910 monitio
2400 2861 2457 2910 et
2480 2854 2758 2926 correptio
2784 2871 2821 2908 a
2842 2852 3084 2926 peccatis
3112 2867 3225 2906 non
3262 2848 3502 2904 cohibet.
3532 2883 3540 2891 -

466 2952 491 2987 ι
522 2934 765 2990 vastabit
791 2953 887 2992 eos
923 2939 1146 3010 gladius
1174 2947 1233 2996 et
1258 2941 1412 2998 intus
1459 2960 1647 3016 pavor,
1675 2947 1940 3016 juvenem
1979 2947 2058 3002 si-
2212 2962 2241 2997 α
2283 2943 2352 2998 Et
2386 2942 2498 2998 dixi
2531 2962 2544 2998 :
2578 2942 2820 2998 Ubinam
2855 2946 3009 3005 sunt,
3033 2956 3258 2995 cessare
3304 2938 3501 2993 faciam
3534 2951 3596 2990 ex
3626 2933 3707 2988 bo-

468 3042 493 3076 ι
525 3025 646 3079 mul
675 3040 740 3079 ac
769 3025 1066 3098 virginem,
1093 3028 1395 3087 laetantem
1420 3048 1547 3088 cum
1582 3034 1808 3090 homine
1841 3052 1994 3091 sene.
2030 3056 2054 3088 ι
2085 3093 2118 3098 _
2145 3052 2168 3084 ι
2201 3031 2448 3087 minibus
2490 3031 2822 3091 memoriam
2869 3046 3083 3086 eorum.
3121 3049 3145 3081 ι
3174 3029 3311 3084 Alia
3359 3026 3527 3083 editio
3554 3043 3566 3078 :
3599 3043 3621 3074 ι
3651 3020 3708 3077 Et

462 3110 592 3167 Alia
619 3111 794 3168 editio
817 3131 829 3167 :
857 3093 892 3167 ἶ(
926 3093 1184 3172 Comedit
1217 3124 1369 3174 terra
1414 3122 1731 3176 nascentias
1769 3139 2054 3194 agrorum,
2075 3093 2121 3154 θ
2138 3121 2254 3176 dixi
2281 3139 2293 3175 :
2322 3121 2655 3193 Disperdam
2685 3137 2798 3188 eos,
2827 3118 3056 3193 privabo
3085 3124 3286 3174 autem
3325 3134 3394 3172 ex
3420 3110 3707 3171 hominibus

463 3204 522 3256 et
551 3202 928 3259 concremabit
952 3204 1320 3262 fundamenta
1348 3209 1646 3278 montium,
1670 3227 1970 3282 congeram
1998 3212 2060 3268 in
2139 3210 2472 3266 memoriam
2499 3226 2714 3268 eorum.
2745 3228 2774 3263 ι
2805 3210 3179 3280 Interrogatio
3200 3207 3314 3262 Dei
3340 3221 3456 3260 non
3477 3208 3558 3258 est
3571 3202 3706 3272 igno-

465 3290 617 3362 ipsos
641 3290 812 3360 mala,
844 3298 902 3348 et
927 3294 1162 3365 sagittas
1200 3312 1356 3352 meas
1404 3298 1806 3354 consummabo
1849 3301 1908 3355 in
1955 3301 2055 3369 eis,
2140 3299 2348 3367 rantia,
2374 3300 2473 3355 sed
2500 3299 2797 3372 correptio.
2832 3299 3014 3370 Hujus
3039 3295 3341 3352 sententiae
3369 3290 3706 3364 expletionem

462 3378 814 3436 tabescentes
842 3381 991 3437 fame
1030 3388 1088 3438 ct
1115 3399 1243 3439 esca
1269 3391 1439 3440 erunt
1479 3387 1685 3454 avium,
1716 3394 1775 3443 et
1811 3391 2060 3446 extensio
2141 3387 2301 3443 facile
2329 3388 2658 3459 dignoscere
2685 3393 2890 3459 potest,
2923 3386 3019 3459 qui
3049 3385 3279 3441 Iudaeos
3324 3383 3478 3438 videt
3516 3396 3549 3434 a
3580 3382 3709 3432 terra

464 3467 618 3522 dorsi
661 3469 1008 3538 insanabilis,
1061 3472 1258 3528 dentes
1299 3473 1605 3532 bestiarum
1650 3477 1955 3534 immittam
2000 3480 2060 3535 in
2140 3477 2588 3550 repromissionis
2606 3478 2898 3547 ejectos,et
2914 3480 3207 3547 pertotum
3228 3468 3706 3540 orbemdispersos.

465 3572 581 3625 eos,
612 3574 742 3613 cum
779 3558 968 3615 furore
1010 3562 1356 3618 trahentium
1404 3581 1573 3637 super
1600 3570 1831 3634 terram,
1863 3586 1898 3623 a
1924 3569 2060 3624 foris
2142 3565 2494 3622 Generaliter
2519 3572 2708 3621 autem
2739 3563 3000 3620 omnibus
3028 3561 3424 3635 peccatoribus
3452 3564 3508 3614 et
3539 3558 3709 3628 impat-

465 3646 589 3702 sine
610 3647 742 3702 ﬁliis
760 3648 1004 3720 privabit
1021 3667 1117 3705 eos
1135 3651 1357 3722 gladius
1386 3659 1445 3708 et
1462 3652 1521 3708 in
1549 3658 1951 3728 promptuariis
1971 3675 2062 3714 eo-
2141 3654 2451 3709 nitemibus
2470 3655 2575 3709 hoc
2589 3655 2841 3710 futurum
2860 3653 3139 3719 imminet,
3153 3651 3312 3724 quod
3330 3651 3402 3705 de
3423 3652 3711 3704 sanctorum

390 3720 399 3739 ’
466 3751 594 3790 rum
612 3736 802 3804 timor,
820 3739 1056 3810 juvenes
1075 3755 1203 3795 cum
1239 3741 1474 3812 virgine,
1506 3743 1721 3799 lactans
1768 3763 1896 3801 cum
1942 3753 2060 3802 sta-
2142 3749 2296 3799 terra
2308 3744 2598 3809 tollantur,
2611 3751 2670 3799 et
2691 3742 3170 3798 memoriaeorum
3186 3740 3245 3795 in
3267 3744 3421 3796 coetu
3439 3738 3709 3792 electorum

463 3821 624 3879 bilito
643 3840 798 3880 sene.
830 3846 859 3879 ιο
891 3826 1167 3895 Comedit,
1200 3829 1403 3901 inquit,
1434 3836 1645 3887 terram
1691 3838 1750 3888 et
1773 3835 2063 3891 nascentia
2143 3849 2257 3888 non
2282 3839 2631 3888 numeretur.
2664 3832 2824 3889 Unde
2861 3848 2962 3904 per
2997 3829 3365 3886 Psalmistam
3411 3825 3574 3898 capiti
3616 3835 3711 3876 om-

467 3913 591 3984 ejus
637 3933 650 3968 :
690 3919 903 3971 terram
930 3922 1067 3972 tunc
1093 3918 1336 3974 comedit
1363 3925 1421 3974 et
1446 3922 1736 3977 nascentia
1761 3925 1904 3994 ejus,
1934 3940 2063 3980 cum
2143 3921 2302 3977 nium
2324 3921 2648 3994 iniquorum
2676 3921 2843 3977 simul
2869 3937 2998 3976 cum
3026 3925 3147 3975 toto
3169 3934 3413 3991 corpore
3432 3931 3591 3988 pa!!!a
3602 3924 3714 3984 Pm’

466 4017 693 4057 carnem
713 4005 1080 4075 peccatricem
1108 4012 1338 4078 pr0pter
1357 4025 1529 4080 opera
1556 4009 1802 4066 libidinis
1832 4014 2065 4068 flamma
2145 4011 2350 4066 dicitur
2390 4011 2599 4078 futura,
2633 4027 2761 4066 cum
2806 4009 3124 4083 supputatis
3171 4007 3420 4078 singulis
3452 3999 3714 4077 speciebus

467 4094 690 4146 aeternae
731 4092 963 4147 ultionis
1009 4093 1318 4150 comburet.
1350 4097 1652 4153 Nascentia
1697 4100 1850 4155 enim
1880 4101 2064 4157 carnis
2143 4099 2409 4154 vitiorum
2435 4099 2816 4155 subinfertur:
2846 4117 2873 4151 (ι
2897 4099 3203 4170 Propterea
3227 4096 3493 4151 destruet
3512 4098 3566 4146 te
3588 4090 3714 4144 Deus

466 4178 694 4251 proprie
723 4196 895 4252 opera
922 4188 1056 4236 sunt
1081 4184 1542 4256 concupiscentiae
1568 4189 1810 4244 carnalis
1833 4208 1844 4243 :
1875 4209 1904 4243 ι
1928 4191 2064 4256 Quae
2145 4188 2204 4243 in
2232 4190 2424 4255 ﬁnem,
2452 4189 2654 4244 evellet
2686 4193 2742 4243 te
2781 4195 2841 4243 et
2867 4185 3167 4259 emigrabit
3190 4192 3248 4240 te
3278 4185 3356 4240 de
3383 4175 3715 4239 tabernaculo

469 4272 606 4322 sunt
654 4267 1066 4338 fornicationes,
1108 4272 1499 4342 immunditiae,
1553 4276 1936 4348 impudicitiae,
1980 4281 2064 4336 lu-
2144 4293 2246 4333 suo
2298 4284 2356 4332 et
2400 4276 2648 4333 radicem
2686 4282 2845 4332 tuam
2890 4276 2959 4331 de
3012 4282 3168 4331 terra
3210 4273 3523 4328 viventium
3566 4267 3711 4337 (P341.

469 4355 662 4423 xuriae,
684 4355 964 4413 idolorum
986 4360 1242 4430 servitus,
1269 4364 1567 4431 veneﬁciae,
1590 4365 1916 4436 inimicitia,
1936 4385 2124 4438 con-1n
2144 4370 2237 4438 LI).
2275 4386 2299 4419 ι

465 4444 765 4512 tentiones,
796 4448 1201 4517 aemulationes,
1235 4450 1348 4516 irae,
1386 4453 1536 4523 rixae,
1569 4455 1962 4525 dissensiones,
1983 4444 2124 4515 se-u
2221 4473 2248 4509 α
2289 4456 2396 4512 Sed
2428 4461 2658 4530 propter
2684 4455 2828 4513 iram
2853 4454 3211 4510 inimicorum
3249 4451 3449 4508 distuli
3492 4465 3561 4504 ne
3593 4445 3713 4500 forte

467 4538 590 4603 ctee,
620 4535 862 4604 invidiae,
881 4537 1204 4608 homicidia,
1229 4541 1547 4610 ebrietates,
1569 4548 2064 4604 commessationes
2151 4569 2172 4591 ι
2213 4543 2571 4618 superbirent
2615 4545 2804 4600 hostes
2848 4560 3062 4608 eorum,
3116 4548 3175 4597 et
3215 4543 3494 4607 dicerent,
3540 4548 3714 4592 manus

467 4630 527 4680 et
550 4623 641 4679 his
671 4625 898 4693 similia,
929 4645 1052 4700 quae
1073 4630 1170 4702 qui
1198 4638 1391 4703 agunt,
1422 4652 1444 4685 ι
1472 4642 1537 4690 ut
1563 4635 1770 4692 Paulus
1798 4642 2059 4708 testatur,
2149 4651 2176 4687 ι
2204 4640 2398 4689 nostra
2437 4634 2655 4689 excelsa
2700 4639 2758 4688 et
2800 4650 2913 4689 non
2954 4633 3105 4689 Deus
3138 4631 3276 4687 fecit
3319 4631 3439 4686 hac
3467 4625 3658 4683 omnia.
3685 4639 3709 4674 II

472 4733 497 4765 ι
528 4729 768 4785 regnum
788 4715 892 4770 Dei
911 4732 1022 4772 non
1045 4724 1614 4793 consequentur(Gal.
1637 4730 1710 4795 v).
1748 4746 1770 4777 ι
1804 4727 1874 4782 Et
1899 4744 2062 4783 mon-
2142 4723 2270 4778 Alia
2309 4722 2483 4778 editio
2526 4740 2538 4776 :
2575 4741 2602 4776 α
2642 4723 2765 4778 Nisi
2805 4728 3038 4795 propter
3075 4720 3218 4776 iram
3262 4719 3630 4778 inimicorum,
3652 4724 3711 4764 ne

463 4802 609 4858 tium
628 4802 996 4861 fundamenta
1016 4807 1322 4872 comburet,
1337 4828 1465 4867 cum
1482 4813 1849 4885 superborum
1868 4817 2064 4889 iniqua
2144 4813 2311 4884 longo
2352 4818 2606 4884 tempore
2643 4812 2759 4867 sint
2796 4827 2971 4883 super
3012 4817 3246 4877 terram,
3277 4826 3351 4865 ne
3392 4802 3711 4864 consentiilnt

464 4891 716 4959 consilia,
737 4892 943 4966 quibus
962 4912 1023 4950 se
1041 4896 1270 4970 impune
1290 4917 1453 4972 posse
1482 4919 1712 4974 peccare
1736 4905 2057 4976 credebant,
2141 4902 2448 4956 adversarii
2478 4908 2536 4956 et
2562 4902 2755 4956 dicant
2785 4919 2797 4954 :
2831 4902 3030 4956 Manus
3058 4905 3253 4956 nostra
3272 4897 3510 4962 excelsa,
3539 4898 3593 4949 et
3614 4902 3708 4946 που

461 4980 688 5037 ωῐθηιίε
702 4982 1043 5040 cruciatibus
1065 4994 1374 5055 consumet,
1397 4991 1760 5062 congregabit
1777 5009 1948 5066 super
1964 5013 2060 5051 eos
2140 4991 2293 5046 Deus
2324 4991 2456 5046 fecit
2479 4991 2599 5046 hac
2625 4989 2835 5046 omnia.
2862 5009 2888 5043 ι
2921 4991 3054 5045 Ideo
3099 4988 3251 5044 enim
3288 4987 3561 5044 Dominus
3584 4992 3707 5050 saepe

463 5072 632 5138 mala,
662 5072 888 5144 quando
915 5090 1031 5129 non
1057 5076 1239 5132 solum
1260 5078 1411 5133 mala
1426 5095 1616 5152 Opera,
1646 5081 1744 5136 sed
1766 5087 1825 5137 et
1850 5084 2059 5156 cegita-
2138 5084 2463 5152 peccantem
2483 5080 2749 5153 populum
2771 5079 2868 5135 diu
2886 5078 3179 5134 tolerando
3193 5077 3481 5142 sustinuit,
3499 5089 3567 5129 ne
3587 5082 3706 5138 8⁸³³⁸

458 5160 643 5218 tiones
670 5180 961 5235 perversae
990 5171 1161 5237 atque
1188 5184 1360 5240 prava
1386 5186 1489 5242 pro
1516 5171 1719 5243 quibus
1748 5173 2060 5245 puniantur
2138 5175 2225 5224 tes
2243 5169 2325 5224 eis
2344 5169 2592 5224 conﬁnes
2612 5185 2817 5224 nomen
2835 5174 2893 5224 et
2909 5167 3220 5241 potentiam
3242 5169 3366 5239 ejus
3384 5161 3705 5245 blasphemaf

461 5249 521 5306 in
550 5253 883 5309 memoriam
909 5253 1151 5312 adducet
1196 5256 1384 5324 verba,
1415 5242 1649 5330 sagittas
1692 5242 1824 5315 suas
1868 5260 1929 5315 in
1976 5261 2058 5316 eis
2138 5258 2450 5314 rent.Unde
2463 5263 2522 5313 et
2536 5259 2757 5330 Moyses
2776 5258 2848 5313 ad
2870 5257 3172 5313 Dominum
3192 5272 3292 5330 pro
3314 5258 3542 5329 peccato
3554 5242 3704 5305 131‘“l

461 5340 779 5412 complebit,
807 5344 1032 5415 quando
1059 5344 1203 5401 iram
1231 5345 1632 5418 indignationis
1650 5364 1765 5404 suae
1788 5365 1890 5422 per
1905 5349 2060 5406 varia
2139 5347 2528 5419 indignantem
2551 5352 2610 5402 et
2636 5362 2730 5401 eas
2769 5345 3091 5418 disperdere
3118 5346 3397 5400 volentem
3424 5342 3538 5396 ait:
3565 5357 3586 5388 σ
3612 5336 3698 5390 Ne.

460 5430 746 5485 tormenta
771 5433 1048 5488 ostendet.
1083 5435 1502 5491 Consumentur
1519 5436 1687 5505 fame,
1712 5437 1817 5492 hoc
1833 5445 2058 5506 est,non
2139 5452 2346 5509 quaeso,
2377 5436 2634 5504 Domine,
2669 5436 2861 5492 dicant
2879 5435 3126 5508 Egypti,
3148 5432 3346 5489 callide
3387 5429 3576 5486 eduxit
3598 5438 3694 5485 eos,

461 5512 569 5569 cibi
587 5531 692 5571 nec
719 5524 905 5589 potus,
939 5522 1037 5577 sed
1078 5528 1350 5596 perpetua
1375 5523 1652 5581 bonorum
1678 5543 1912 5599 operum
1939 5533 2056 5583 ste-
2137 5535 2204 5584 ut
2227 5528 2569 5584 interﬁceret
2604 5527 2664 5582 in
2692 5525 2976 5582 montibus
3013 5530 3073 5581 et
3095 5525 3310 5581 deleret
3338 5539 3371 5577 e
3398 5527 3584 5581 terra;
3618 5529 3693 5568 η’

722 5606 794 5662 Et
815 5607 1164 5667 devorabunt
1190 5628 1288 5668 eos
1307 5629 1436 5668 aves
1455 5630 1649 5673 morsu
1676 5617 2052 5683 amarissimo,
2137 5619 2390 5693 quiescat
2413 5618 2502 5674 ira
2528 5623 2630 5674 tua
2657 5622 2716 5672 et
2737 5622 2858 5672 esto
2882 5615 3172 5691 placabilis
3210 5628 3378 5689 super
3411 5605 3692 5682 ιιθειιιὶιίεω
