  <div class='ocr_page' id='page_1' title='image "/cluster/home/n/w/nwhite01/storage/ocr_20150623/112/hvd.32044054759774/578.png"; bbox 0 0 3824 6152; ppageno 0'>
   <div class='ocr_carea' id='block_1_1' title="bbox 167 299 1702 372">
    <p class='ocr_par' dir='ltr' id='par_1_1' title="bbox 167 306 1702 372">
     <span class='ocr_line' id='line_1_1' title="bbox 167 306 1702 372; baseline -0.004 -3"><span class='ocrx_word' id='word_1_1' title='bbox 167 313 278 370; x_wconf 74' lang='grc'><strong>1145</strong></span> <span class='ocrx_word' id='word_1_2' title='bbox 779 306 1150 363; x_wconf 86' lang='lat' dir='ltr'><strong>COMMENT.</strong></span> <span class='ocrx_word' id='word_1_3' title='bbox 1194 309 1274 363; x_wconf 88' lang='lat' dir='ltr'>IN</span> <span class='ocrx_word' id='word_1_4' title='bbox 1309 307 1624 363; x_wconf 80' lang='lat' dir='ltr'><strong>CANTICA</strong></span> <span class='ocrx_word' id='word_1_5' title='bbox 1661 308 1702 372; x_wconf 88' lang='lat' dir='ltr'><strong>Q</strong></span> 
     </span>
    </p>
   </div>
   <div class='ocr_carea' id='block_1_2' title="bbox 1859 299 3378 372">
    <p class='ocr_par' dir='ltr' id='par_1_2' title="bbox 1861 299 3378 364">
     <span class='ocr_line' id='line_1_2' title="bbox 1861 299 3378 364; baseline -0.006 0"><span class='ocrx_word' id='word_1_6' title='bbox 1861 309 1958 363; x_wconf 79' lang='lat' dir='ltr'><strong>AD</strong></span> <span class='ocrx_word' id='word_1_7' title='bbox 1996 309 2275 364; x_wconf 76' lang='lat' dir='ltr'><strong>LAUDES</strong></span> <span class='ocrx_word' id='word_1_8' title='bbox 2312 307 2700 364; x_wconf 81' lang='lat' dir='ltr'><strong>DICUNTUR.</strong></span> <span class='ocrx_word' id='word_1_9' title='bbox 3241 299 3378 356; x_wconf 69' lang='grc'>1146</span> 
     </span>
    </p>
   </div>
   <div class='ocr_carea' id='block_1_3' title="bbox 161 425 3370 508">
    <p class='ocr_par' dir='ltr' id='par_1_3' title="bbox 161 425 3370 508">
     <span class='ocr_line' id='line_1_3' title="bbox 161 425 3370 508; baseline -0.003 -19"><span class='ocrx_word' id='word_1_10' title='bbox 161 436 321 508; x_wconf 87' lang='lat' dir='ltr'><strong>populi</strong></span> <span class='ocrx_word' id='word_1_11' title='bbox 349 434 442 499; x_wconf 91' lang='lat' dir='ltr'><strong>tui,</strong></span> <span class='ocrx_word' id='word_1_12' title='bbox 475 431 764 486; x_wconf 82' lang='lat' dir='ltr'><strong>recordare</strong></span> <span class='ocrx_word' id='word_1_13' title='bbox 781 429 1087 498; x_wconf 79' lang='lat' dir='ltr'><strong>Abraham,</strong></span> <span class='ocrx_word' id='word_1_14' title='bbox 1111 433 1285 499; x_wconf 87' lang='lat' dir='ltr'><strong>Isaac,</strong></span> <span class='ocrx_word' id='word_1_15' title='bbox 1310 437 1368 486; x_wconf 93' lang='lat' dir='ltr'><strong>et</strong></span> <span class='ocrx_word' id='word_1_16' title='bbox 1392 433 1567 487; x_wconf 83' lang='lat' dir='ltr'><strong>Israel</strong></span> <span class='ocrx_word' id='word_1_17' title='bbox 1587 449 1700 488; x_wconf 86' lang='lat' dir='ltr'><strong>ser—</strong></span> <span class='ocrx_word' id='word_1_18' title='bbox 1717 435 1764 492; x_wconf 87' lang='lat' dir='ltr'><strong>A</strong></span> <span class='ocrx_word' id='word_1_19' title='bbox 1781 438 1838 487; x_wconf 90' lang='lat' dir='ltr'><strong>et</strong></span> <span class='ocrx_word' id='word_1_20' title='bbox 1860 434 2051 503; x_wconf 87' lang='lat' dir='ltr'><strong>justus</strong></span> <span class='ocrx_word' id='word_1_21' title='bbox 2078 439 2182 500; x_wconf 89' lang='lat' dir='ltr'><strong>est,</strong></span> <span class='ocrx_word' id='word_1_22' title='bbox 2205 433 2355 487; x_wconf 85' lang='lat' dir='ltr'><strong>idola</strong></span> <span class='ocrx_word' id='word_1_23' title='bbox 2383 436 2574 486; x_wconf 89' lang='lat' dir='ltr'><strong>autem</strong></span> <span class='ocrx_word' id='word_1_24' title='bbox 2591 431 2847 502; x_wconf 88' lang='lat' dir='ltr'><strong>gentium</strong></span> <span class='ocrx_word' id='word_1_25' title='bbox 2865 428 3008 482; x_wconf 83' lang='lat' dir='ltr'><strong>falsa</strong></span> <span class='ocrx_word' id='word_1_26' title='bbox 3033 431 3092 481; x_wconf 89' lang='lat' dir='ltr'><strong>et</strong></span> <span class='ocrx_word' id='word_1_27' title='bbox 3105 425 3334 481; x_wconf 85' lang='lat' dir='ltr'><strong>inutilia</strong></span> <span class='ocrx_word' id='word_1_28' title='bbox 3355 443 3370 480; x_wconf 73' lang='grc' dir='ltr'>ε</span> 
     </span>
    </p>
   </div>
   <div class='ocr_carea' id='block_1_4' title="bbox 159 517 3406 594">
    <p class='ocr_par' dir='ltr' id='par_1_4' title="bbox 159 517 3406 594">
     <span class='ocr_line' id='line_1_4' title="bbox 159 517 3406 594; baseline -0.003 -17"><span class='ocrx_word' id='word_1_29' title='bbox 159 541 334 580; x_wconf 79' lang='lat' dir='ltr'><strong>vorum.</strong></span> <span class='ocrx_word' id='word_1_30' title='bbox 351 530 584 585; x_wconf 89' lang='lat' dir='ltr'><strong>tuorum,</strong></span> <span class='ocrx_word' id='word_1_31' title='bbox 619 519 822 591; x_wconf 88' lang='lat' dir='ltr'><strong>quibus</strong></span> <span class='ocrx_word' id='word_1_32' title='bbox 845 521 1051 591; x_wconf 86' lang='lat' dir='ltr'><strong>jurasti</strong></span> <span class='ocrx_word' id='word_1_33' title='bbox 1083 539 1186 593; x_wconf 91' lang='lat' dir='ltr'><strong>per</strong></span> <span class='ocrx_word' id='word_1_34' title='bbox 1213 521 1573 594; x_wconf 84' lang='lat' dir='ltr'><strong>temetipsum</strong></span> <span class='ocrx_word' id='word_1_35' title='bbox 1615 523 1702 576; x_wconf 88' lang='lat' dir='ltr'><strong>di-</strong></span> <span class='ocrx_word' id='word_1_36' title='bbox 1784 522 1932 593; x_wconf 91' lang='lat' dir='ltr'><strong>quod</strong></span> <span class='ocrx_word' id='word_1_37' title='bbox 1963 521 2132 576; x_wconf 87' lang='lat' dir='ltr'><strong>etiam</strong></span> <span class='ocrx_word' id='word_1_38' title='bbox 2161 537 2274 576; x_wconf 89' lang='lat' dir='ltr'><strong>non</strong></span> <span class='ocrx_word' id='word_1_39' title='bbox 2295 521 2476 576; x_wconf 90' lang='lat' dir='ltr'><strong>solum</strong></span> <span class='ocrx_word' id='word_1_40' title='bbox 2505 521 2702 585; x_wconf 85' lang='lat' dir='ltr'><strong>nostri,</strong></span> <span class='ocrx_word' id='word_1_41' title='bbox 2731 535 2931 586; x_wconf 44' lang='lat' dir='ltr'><strong>verum,</strong></span> <span class='ocrx_word' id='word_1_42' title='bbox 2959 517 3132 570; x_wconf 90' lang='lat' dir='ltr'><strong>etiam</strong></span> <span class='ocrx_word' id='word_1_43' title='bbox 3161 517 3406 568; x_wconf 71' lang='lat' dir='ltr'><strong>noStro-&#39;</strong></span> 
     </span>
    </p>
   </div>
   <div class='ocr_carea' id='block_1_5' title="bbox 159 602 3380 682">
    <p class='ocr_par' dir='ltr' id='par_1_5' title="bbox 159 602 3380 682">
     <span class='ocr_line' id='line_1_5' title="bbox 159 602 3380 682; baseline -0.004 -14"><span class='ocrx_word' id='word_1_44' title='bbox 159 631 266 668; x_wconf 88' lang='lat' dir='ltr'><strong>cens</strong></span> <span class='ocrx_word' id='word_1_45' title='bbox 303 632 312 666; x_wconf 96' lang='lat'>:</span> <span class='ocrx_word' id='word_1_46' title='bbox 366 609 734 681; x_wconf 89' lang='lat' dir='ltr'><strong>Multiplicabo</strong></span> <span class='ocrx_word' id='word_1_47' title='bbox 782 626 974 664; x_wconf 90' lang='lat' dir='ltr'><strong>semen</strong></span> <span class='ocrx_word' id='word_1_48' title='bbox 1031 616 1277 666; x_wconf 89' lang='lat' dir='ltr'><strong>vestrum</strong></span> <span class='ocrx_word' id='word_1_49' title='bbox 1325 611 1471 666; x_wconf 81' lang='lat' dir='ltr'><strong>sicut</strong></span> <span class='ocrx_word' id='word_1_50' title='bbox 1512 611 1704 665; x_wconf 87' lang='lat' dir='ltr'><strong>stellas</strong></span> <span class='ocrx_word' id='word_1_51' title='bbox 1783 627 1912 665; x_wconf 90' lang='lat' dir='ltr'><strong>rum</strong></span> <span class='ocrx_word' id='word_1_52' title='bbox 1931 610 2244 682; x_wconf 90' lang='lat' dir='ltr'><strong>approbant</strong></span> <span class='ocrx_word' id='word_1_53' title='bbox 2263 609 2589 664; x_wconf 80' lang='lat' dir='ltr'><strong>adversarii.</strong></span> <span class='ocrx_word' id='word_1_54' title='bbox 2613 606 2983 678; x_wconf 82' lang='lat' dir='ltr'><strong>Undesaepius</strong></span> <span class='ocrx_word' id='word_1_55' title='bbox 2997 602 3380 676; x_wconf 85' lang='lat' dir='ltr'><strong>legitur,quod</strong></span> 
     </span>
    </p>
   </div>
   <div class='ocr_carea' id='block_1_6' title="bbox 156 691 3377 771">
    <p class='ocr_par' dir='ltr' id='par_1_6' title="bbox 156 691 3377 771">
     <span class='ocr_line' id='line_1_6' title="bbox 156 691 3377 771; baseline -0.003 -15"><span class='ocrx_word' id='word_1_56' title='bbox 156 702 275 767; x_wconf 67' lang='lat' dir='ltr'><strong>celi,</strong></span> <span class='ocrx_word' id='word_1_57' title='bbox 325 705 377 754; x_wconf 94' lang='lat' dir='ltr'><strong>et</strong></span> <span class='ocrx_word' id='word_1_58' title='bbox 415 699 727 752; x_wconf 84' lang='lat' dir='ltr'><strong>universam</strong></span> <span class='ocrx_word' id='word_1_59' title='bbox 755 704 967 752; x_wconf 90' lang='lat' dir='ltr'><strong>terram</strong></span> <span class='ocrx_word' id='word_1_60' title='bbox 1023 699 1184 767; x_wconf 89' lang='lat' dir='ltr'><strong>hanc,</strong></span> <span class='ocrx_word' id='word_1_61' title='bbox 1221 700 1290 754; x_wconf 89' lang='lat' dir='ltr'><strong>de</strong></span> <span class='ocrx_word' id='word_1_62' title='bbox 1329 717 1442 771; x_wconf 90' lang='lat' dir='ltr'><strong>qua</strong></span> <span class='ocrx_word' id='word_1_63' title='bbox 1485 701 1704 754; x_wconf 90' lang='lat' dir='ltr'><strong>locutus</strong></span> <span class='ocrx_word' id='word_1_64' title='bbox 1785 699 2039 754; x_wconf 87' lang='lat' dir='ltr'><strong>hostibus</strong></span> <span class='ocrx_word' id='word_1_65' title='bbox 2068 699 2243 754; x_wconf 69' lang='lat' dir='ltr'><strong>Judaei</strong></span> <span class='ocrx_word' id='word_1_66' title='bbox 2265 699 2458 754; x_wconf 80' lang='lat' dir='ltr'><strong>traditi</strong></span> <span class='ocrx_word' id='word_1_67' title='bbox 2479 715 2580 770; x_wconf 91' lang='lat' dir='ltr'><strong>pro</strong></span> <span class='ocrx_word' id='word_1_68' title='bbox 2601 697 2932 752; x_wconf 84' lang='lat' dir='ltr'><strong>inﬁdelitate</strong></span> <span class='ocrx_word' id='word_1_69' title='bbox 2955 700 3126 766; x_wconf 89' lang='lat' dir='ltr'><strong>atque</strong></span> <span class='ocrx_word' id='word_1_70' title='bbox 3148 691 3377 764; x_wconf 89' lang='lat' dir='ltr'><strong>injusti-</strong></span> 
     </span>
    </p>
   </div>
   <div class='ocr_carea' id='block_1_7' title="bbox 157 780 3376 859">
    <p class='ocr_par' dir='ltr' id='par_1_7' title="bbox 157 780 3376 859">
     <span class='ocr_line' id='line_1_7' title="bbox 157 780 3376 859; baseline -0.002 -17"><span class='ocrx_word' id='word_1_71' title='bbox 157 807 276 854; x_wconf 80' lang='lat' dir='ltr'><strong>sum,</strong></span> <span class='ocrx_word' id='word_1_72' title='bbox 303 787 435 842; x_wconf 87' lang='lat' dir='ltr'><strong>dabo</strong></span> <span class='ocrx_word' id='word_1_73' title='bbox 461 788 660 842; x_wconf 89' lang='lat' dir='ltr'><strong>semini</strong></span> <span class='ocrx_word' id='word_1_74' title='bbox 689 793 890 854; x_wconf 88' lang='lat' dir='ltr'><strong>vestro,</strong></span> <span class='ocrx_word' id='word_1_75' title='bbox 925 794 980 842; x_wconf 92' lang='lat' dir='ltr'><strong>et</strong></span> <span class='ocrx_word' id='word_1_76' title='bbox 1011 789 1371 859; x_wconf 77' lang='lat' dir='ltr'><strong>possidebitis</strong></span> <span class='ocrx_word' id='word_1_77' title='bbox 1394 806 1520 844; x_wconf 90' lang='lat' dir='ltr'><strong>eam</strong></span> <span class='ocrx_word' id='word_1_78' title='bbox 1553 805 1704 843; x_wconf 90' lang='lat' dir='ltr'><strong>sem-</strong></span> <span class='ocrx_word' id='word_1_79' title='bbox 1783 788 1864 844; x_wconf 85' lang='lat' dir='ltr'><strong>tia</strong></span> <span class='ocrx_word' id='word_1_80' title='bbox 1882 805 1984 842; x_wconf 90' lang='lat' dir='ltr'><strong>sua</strong></span> <span class='ocrx_word' id='word_1_81' title='bbox 2005 788 2204 842; x_wconf 89' lang='lat' dir='ltr'><strong>merito</strong></span> <span class='ocrx_word' id='word_1_82' title='bbox 2220 788 2290 842; x_wconf 89' lang='lat' dir='ltr'><strong>ab</strong></span> <span class='ocrx_word' id='word_1_83' title='bbox 2319 789 2400 842; x_wconf 90' lang='lat' dir='ltr'><strong>eis</strong></span> <span class='ocrx_word' id='word_1_84' title='bbox 2429 791 2819 858; x_wconf 84' lang='lat' dir='ltr'><strong>arguerentur,</strong></span> <span class='ocrx_word' id='word_1_85' title='bbox 2851 785 2999 839; x_wconf 89' lang='lat' dir='ltr'><strong>sicut</strong></span> <span class='ocrx_word' id='word_1_86' title='bbox 3023 780 3294 838; x_wconf 87' lang='lat' dir='ltr'><strong>Jeremias</strong></span> <span class='ocrx_word' id='word_1_87' title='bbox 3317 780 3376 834; x_wconf 92' lang='lat' dir='ltr'><strong>in</strong></span> 
     </span>
    </p>
   </div>
   <div class='ocr_carea' id='block_1_8' title="bbox 155 871 3380 951">
    <p class='ocr_par' dir='ltr' id='par_1_8' title="bbox 155 871 3380 951">
     <span class='ocr_line' id='line_1_8' title="bbox 155 871 3380 951; baseline -0.003 -20"><span class='ocrx_word' id='word_1_88' title='bbox 155 895 251 951; x_wconf 84' lang='lat' dir='ltr'><strong>per,</strong></span> <span class='ocrx_word' id='word_1_89' title='bbox 291 877 638 948; x_wconf 85' lang='lat' dir='ltr'><strong>placatusque</strong></span> <span class='ocrx_word' id='word_1_90' title='bbox 667 883 753 930; x_wconf 88' lang='lat' dir='ltr'><strong>est</strong></span> <span class='ocrx_word' id='word_1_91' title='bbox 794 877 1086 943; x_wconf 88' lang='lat' dir='ltr'><strong>Dominus,</strong></span> <span class='ocrx_word' id='word_1_92' title='bbox 1120 895 1191 932; x_wconf 91' lang='lat' dir='ltr'><strong>ne</strong></span> <span class='ocrx_word' id='word_1_93' title='bbox 1231 878 1441 932; x_wconf 87' lang='lat' dir='ltr'><strong>faceret</strong></span> <span class='ocrx_word' id='word_1_94' title='bbox 1468 878 1699 945; x_wconf 90' lang='lat' dir='ltr'><strong>malum,</strong></span> <span class='ocrx_word' id='word_1_95' title='bbox 1784 877 2185 932; x_wconf 85' lang='lat' dir='ltr'><strong>lamentatione</strong></span> <span class='ocrx_word' id='word_1_96' title='bbox 2212 893 2316 930; x_wconf 89' lang='lat' dir='ltr'><strong>sua</strong></span> <span class='ocrx_word' id='word_1_97' title='bbox 2337 877 2472 931; x_wconf 87' lang='lat' dir='ltr'><strong>dicit</strong></span> <span class='ocrx_word' id='word_1_98' title='bbox 2504 896 2515 930; x_wconf 92' lang='lat'><strong><em>:</em></strong></span> <span class='ocrx_word' id='word_1_99' title='bbox 2553 894 2580 930; x_wconf 83' lang='grc'><strong>‹</strong></span> <span class='ocrx_word' id='word_1_100' title='bbox 2610 875 2890 929; x_wconf 83' lang='lat' dir='ltr'><strong>Viderunt</strong></span> <span class='ocrx_word' id='word_1_101' title='bbox 2926 889 3052 927; x_wconf 88' lang='lat' dir='ltr'><strong>eam</strong></span> <span class='ocrx_word' id='word_1_102' title='bbox 3095 871 3288 925; x_wconf 89' lang='lat' dir='ltr'><strong>hostes</strong></span> <span class='ocrx_word' id='word_1_103' title='bbox 3321 874 3380 923; x_wconf 93' lang='lat' dir='ltr'><strong>et</strong></span> 
     </span>
    </p>
   </div>
   <div class='ocr_carea' id='block_1_9' title="bbox 155 951 3378 1039">
    <p class='ocr_par' dir='ltr' id='par_1_9' title="bbox 155 951 3378 1039">
     <span class='ocr_line' id='line_1_9' title="bbox 155 951 3378 1039; baseline -0.003 -18"><span class='ocrx_word' id='word_1_104' title='bbox 155 967 276 1039; x_wconf 88' lang='lat' dir='ltr'><strong>quod</strong></span> <span class='ocrx_word' id='word_1_105' title='bbox 302 967 506 1020; x_wconf 90' lang='lat' dir='ltr'><strong>locutus</strong></span> <span class='ocrx_word' id='word_1_106' title='bbox 525 965 710 1020; x_wconf 84' lang='lat' dir='ltr'><strong>fuerat</strong></span> <span class='ocrx_word' id='word_1_107' title='bbox 726 965 798 1020; x_wconf 87' lang='lat' dir='ltr'><strong>ad</strong></span> <span class='ocrx_word' id='word_1_108' title='bbox 815 965 1138 1020; x_wconf 88' lang='lat' dir='ltr'><strong>universum</strong></span> <span class='ocrx_word' id='word_1_109' title='bbox 1159 967 1428 1038; x_wconf 86' lang='lat' dir='ltr'><strong>populum</strong></span> <span class='ocrx_word' id='word_1_110' title='bbox 1449 983 1633 1021; x_wconf 88' lang='lat' dir='ltr'><strong>suum.</strong></span> <span class='ocrx_word' id='word_1_111' title='bbox 1673 987 1696 1018; x_wconf 71' lang='grc' dir='ltr'><strong>ι</strong></span> <span class='ocrx_word' id='word_1_112' title='bbox 1785 967 2106 1022; x_wconf 82' lang='lat' dir='ltr'><strong>deriserunt</strong></span> <span class='ocrx_word' id='word_1_113' title='bbox 2132 965 2363 1020; x_wconf 85' lang='lat' dir='ltr'><strong>sabbata</strong></span> <span class='ocrx_word' id='word_1_114' title='bbox 2387 967 2508 1036; x_wconf 87' lang='lat' dir='ltr'><strong>ejus</strong></span> <span class='ocrx_word' id='word_1_115' title='bbox 2524 966 2752 1035; x_wconf 77' lang='lat' dir='ltr'><strong>(Thren.</strong></span> <span class='ocrx_word' id='word_1_116' title='bbox 2779 966 2840 1033; x_wconf 83' lang='lat'><strong>1).</strong></span> <span class='ocrx_word' id='word_1_117' title='bbox 2876 982 2902 1015; x_wconf 85' lang='lat'>»</span> <span class='ocrx_word' id='word_1_118' title='bbox 2937 951 3080 1016; x_wconf 73' lang='lat' dir='ltr'><strong>Hinc</strong></span> <span class='ocrx_word' id='word_1_119' title='bbox 3110 960 3261 1014; x_wconf 90' lang='lat' dir='ltr'><strong>enim</strong></span> <span class='ocrx_word' id='word_1_120' title='bbox 3281 975 3378 1012; x_wconf 88' lang='lat' dir='ltr'><strong>no-</strong></span> 
     </span>
    </p>
   </div>
   <div class='ocr_carea' id='block_1_10' title="bbox 155 1047 3374 1127">
    <p class='ocr_par' dir='ltr' id='par_1_10' title="bbox 155 1047 3374 1127">
     <span class='ocr_line' id='line_1_10' title="bbox 155 1047 3374 1127; baseline -0.003 -17"><span class='ocrx_word' id='word_1_121' title='bbox 155 1055 389 1110; x_wconf 88' lang='lat' dir='ltr'><strong>Similiter</strong></span> <span class='ocrx_word' id='word_1_122' title='bbox 421 1059 477 1108; x_wconf 90' lang='lat' dir='ltr'><strong>et</strong></span> <span class='ocrx_word' id='word_1_123' title='bbox 505 1069 607 1108; x_wconf 92' lang='lat' dir='ltr'><strong>nos</strong></span> <span class='ocrx_word' id='word_1_124' title='bbox 635 1054 858 1126; x_wconf 86' lang='lat' dir='ltr'><strong>quando</strong></span> <span class='ocrx_word' id='word_1_125' title='bbox 887 1055 1300 1126; x_wconf 88' lang='lat' dir='ltr'><strong>peccaverimus</strong></span> <span class='ocrx_word' id='word_1_126' title='bbox 1333 1061 1563 1127; x_wconf 86' lang='lat' dir='ltr'><strong>propter</strong></span> <span class='ocrx_word' id='word_1_127' title='bbox 1586 1073 1702 1110; x_wconf 85' lang='lat' dir='ltr'><strong>ma-</strong></span> <span class='ocrx_word' id='word_1_128' title='bbox 1781 1055 1866 1110; x_wconf 92' lang='lat' dir='ltr'><strong>bis</strong></span> <span class='ocrx_word' id='word_1_129' title='bbox 1895 1072 2251 1126; x_wconf 87' lang='lat' dir='ltr'><strong>summopere</strong></span> <span class='ocrx_word' id='word_1_130' title='bbox 2281 1055 2590 1109; x_wconf 86' lang='lat' dir='ltr'><strong>cavendum</strong></span> <span class='ocrx_word' id='word_1_131' title='bbox 2618 1059 2721 1119; x_wconf 91' lang='lat' dir='ltr'><strong>est,</strong></span> <span class='ocrx_word' id='word_1_132' title='bbox 2745 1069 2816 1106; x_wconf 89' lang='lat' dir='ltr'><strong>ne</strong></span> <span class='ocrx_word' id='word_1_133' title='bbox 2835 1052 3026 1106; x_wconf 87' lang='lat' dir='ltr'><strong>hostes</strong></span> <span class='ocrx_word' id='word_1_134' title='bbox 3050 1047 3249 1114; x_wconf 88' lang='lat' dir='ltr'><strong>nostri,</strong></span> <span class='ocrx_word' id='word_1_135' title='bbox 3277 1047 3374 1118; x_wconf 89' lang='lat' dir='ltr'><strong>qui</strong></span> 
     </span>
    </p>
   </div>
   <div class='ocr_carea' id='block_1_11' title="bbox 148 1135 3371 1216">
    <p class='ocr_par' dir='ltr' id='par_1_11' title="bbox 148 1135 3371 1216">
     <span class='ocr_line' id='line_1_11' title="bbox 148 1135 3371 1216; baseline -0.003 -18"><span class='ocrx_word' id='word_1_136' title='bbox 148 1159 289 1214; x_wconf 84' lang='lat' dir='ltr'><strong>gnam</strong></span> <span class='ocrx_word' id='word_1_137' title='bbox 308 1142 628 1214; x_wconf 85' lang='lat' dir='ltr'><strong>patientiam</strong></span> <span class='ocrx_word' id='word_1_138' title='bbox 656 1159 818 1198; x_wconf 86' lang='lat' dir='ltr'><strong>suam</strong></span> <span class='ocrx_word' id='word_1_139' title='bbox 852 1149 910 1198; x_wconf 90' lang='lat' dir='ltr'><strong>et</strong></span> <span class='ocrx_word' id='word_1_140' title='bbox 943 1143 1429 1215; x_wconf 89' lang='lat' dir='ltr'><strong>longanimitatem</strong></span> <span class='ocrx_word' id='word_1_141' title='bbox 1459 1145 1702 1200; x_wconf 80' lang='lat' dir='ltr'><strong>sustinet</strong></span> <span class='ocrx_word' id='word_1_142' title='bbox 1782 1162 1882 1216; x_wconf 90' lang='lat' dir='ltr'><strong>per</strong></span> <span class='ocrx_word' id='word_1_143' title='bbox 1910 1161 2158 1199; x_wconf 90' lang='lat' dir='ltr'><strong>errorem</strong></span> <span class='ocrx_word' id='word_1_144' title='bbox 2181 1143 2507 1198; x_wconf 56' lang='lat' dir='ltr'><strong>idololatria</strong></span> <span class='ocrx_word' id='word_1_145' title='bbox 2530 1143 2731 1197; x_wconf 89' lang='lat' dir='ltr'><strong>merito</strong></span> <span class='ocrx_word' id='word_1_146' title='bbox 2772 1141 3036 1194; x_wconf 89' lang='lat' dir='ltr'><strong>dicuntur</strong></span> <span class='ocrx_word' id='word_1_147' title='bbox 3080 1135 3371 1202; x_wconf 90' lang='lat' dir='ltr'><strong>insensati,</strong></span> 
     </span>
    </p>
   </div>
   <div class='ocr_carea' id='block_1_12' title="bbox 151 1226 3374 1305">
    <p class='ocr_par' dir='ltr' id='par_1_12' title="bbox 151 1226 3374 1305">
     <span class='ocr_line' id='line_1_12' title="bbox 151 1226 3374 1305; baseline -0.002 -18"><span class='ocrx_word' id='word_1_148' title='bbox 151 1233 315 1287; x_wconf 86' lang='lat' dir='ltr'><strong>nolens</strong></span> <span class='ocrx_word' id='word_1_149' title='bbox 326 1233 500 1303; x_wconf 89' lang='lat' dir='ltr'><strong>perire</strong></span> <span class='ocrx_word' id='word_1_150' title='bbox 519 1233 982 1304; x_wconf 89' lang='lat' dir='ltr'><strong>quemquam,sed</strong></span> <span class='ocrx_word' id='word_1_151' title='bbox 1006 1249 1200 1288; x_wconf 89' lang='lat' dir='ltr'><strong>omnes</strong></span> <span class='ocrx_word' id='word_1_152' title='bbox 1216 1234 1399 1288; x_wconf 89' lang='lat' dir='ltr'><strong>salvos</strong></span> <span class='ocrx_word' id='word_1_153' title='bbox 1418 1233 1540 1288; x_wconf 77' lang='lat' dir='ltr'><strong>fieri</strong></span> <span class='ocrx_word' id='word_1_154' title='bbox 1560 1240 1618 1288; x_wconf 88' lang='lat' dir='ltr'><strong>et</strong></span> <span class='ocrx_word' id='word_1_155' title='bbox 1630 1233 1700 1288; x_wconf 91' lang='lat' dir='ltr'><strong>ad</strong></span> <span class='ocrx_word' id='word_1_156' title='bbox 1784 1235 1946 1288; x_wconf 90' lang='lat' dir='ltr'><strong>malis</strong></span> <span class='ocrx_word' id='word_1_157' title='bbox 1973 1233 2182 1288; x_wconf 88' lang='lat' dir='ltr'><strong>nostris</strong></span> <span class='ocrx_word' id='word_1_158' title='bbox 2205 1233 2486 1305; x_wconf 84' lang='lat' dir='ltr'><strong>provocati</strong></span> <span class='ocrx_word' id='word_1_159' title='bbox 2517 1233 2576 1287; x_wconf 90' lang='lat' dir='ltr'><strong>in</strong></span> <span class='ocrx_word' id='word_1_160' title='bbox 2603 1230 3010 1303; x_wconf 87' lang='lat' dir='ltr'><strong>blasphemiam</strong></span> <span class='ocrx_word' id='word_1_161' title='bbox 3037 1233 3234 1282; x_wconf 88' lang='lat' dir='ltr'><strong>contra</strong></span> <span class='ocrx_word' id='word_1_162' title='bbox 3259 1226 3374 1280; x_wconf 92' lang='lat' dir='ltr'><strong>Do-</strong></span> 
     </span>
    </p>
   </div>
   <div class='ocr_carea' id='block_1_13' title="bbox 148 1314 3374 1394">
    <p class='ocr_par' dir='ltr' id='par_1_13' title="bbox 148 1314 3374 1394">
     <span class='ocr_line' id='line_1_13' title="bbox 148 1314 3374 1394; baseline -0.002 -20"><span class='ocrx_word' id='word_1_163' title='bbox 148 1321 450 1391; x_wconf 83' lang='lat' dir='ltr'><strong>agnitionem</strong></span> <span class='ocrx_word' id='word_1_164' title='bbox 471 1321 724 1376; x_wconf 87' lang='lat' dir='ltr'><strong>veritatis</strong></span> <span class='ocrx_word' id='word_1_165' title='bbox 747 1321 1216 1393; x_wconf 84' lang='lat' dir='ltr'><strong>pervenire,juxta</strong></span> <span class='ocrx_word' id='word_1_166' title='bbox 1237 1321 1377 1376; x_wconf 92' lang='lat' dir='ltr'><strong>illud</strong></span> <span class='ocrx_word' id='word_1_167' title='bbox 1393 1323 1552 1377; x_wconf 90' lang='lat' dir='ltr'><strong>Pauli</strong></span> <span class='ocrx_word' id='word_1_168' title='bbox 1572 1340 1703 1394; x_wconf 56' lang='lat' dir='ltr'><strong>apo-</strong></span> <span class='ocrx_word' id='word_1_169' title='bbox 1783 1323 2002 1377; x_wconf 90' lang='lat' dir='ltr'><strong>minum</strong></span> <span class='ocrx_word' id='word_1_170' title='bbox 2027 1327 2348 1393; x_wconf 84' lang='lat' dir='ltr'><strong>erumpant,</strong></span> <span class='ocrx_word' id='word_1_171' title='bbox 2377 1339 2504 1375; x_wconf 91' lang='lat' dir='ltr'><strong>cum</strong></span> <span class='ocrx_word' id='word_1_172' title='bbox 2522 1320 2763 1375; x_wconf 87' lang='lat' dir='ltr'><strong>viderint</strong></span> <span class='ocrx_word' id='word_1_173' title='bbox 2785 1336 2886 1374; x_wconf 89' lang='lat' dir='ltr'><strong>nos</strong></span> <span class='ocrx_word' id='word_1_174' title='bbox 2906 1319 3282 1389; x_wconf 83' lang='lat' dir='ltr'><strong>superatos,et</strong></span> <span class='ocrx_word' id='word_1_175' title='bbox 3303 1314 3374 1368; x_wconf 89' lang='lat' dir='ltr'><strong>ad</strong></span> 
     </span>
    </p>
   </div>
   <div class='ocr_carea' id='block_1_14' title="bbox 151 1403 3374 1483">
    <p class='ocr_par' dir='ltr' id='par_1_14' title="bbox 151 1403 3374 1483">
     <span class='ocr_line' id='line_1_14' title="bbox 151 1403 3374 1483; baseline -0.002 -20"><span class='ocrx_word' id='word_1_176' title='bbox 151 1410 270 1475; x_wconf 84' lang='lat' dir='ltr'><strong>stoli,</strong></span> <span class='ocrx_word' id='word_1_177' title='bbox 297 1409 434 1480; x_wconf 88' lang='lat' dir='ltr'><strong>quod</strong></span> <span class='ocrx_word' id='word_1_178' title='bbox 457 1410 530 1464; x_wconf 89' lang='lat' dir='ltr'><strong>ad</strong></span> <span class='ocrx_word' id='word_1_179' title='bbox 571 1411 854 1465; x_wconf 88' lang='lat' dir='ltr'><strong>Romanos</strong></span> <span class='ocrx_word' id='word_1_180' title='bbox 899 1411 1148 1466; x_wconf 87' lang='lat' dir='ltr'><strong>scribens</strong></span> <span class='ocrx_word' id='word_1_181' title='bbox 1177 1411 1259 1466; x_wconf 88' lang='lat' dir='ltr'><strong>ait</strong></span> <span class='ocrx_word' id='word_1_182' title='bbox 1291 1430 1302 1465; x_wconf 92' lang='lat'>:</span> <span class='ocrx_word' id='word_1_183' title='bbox 1343 1430 1367 1461; x_wconf 68' lang='grc' dir='ltr'><strong><em>ι</em></strong></span> <span class='ocrx_word' id='word_1_184' title='bbox 1405 1411 1702 1466; x_wconf 80' lang='lat' dir='ltr'><strong>Existimas</strong></span> <span class='ocrx_word' id='word_1_185' title='bbox 1781 1412 2020 1467; x_wconf 86' lang='lat' dir='ltr'><strong>nihilum</strong></span> <span class='ocrx_word' id='word_1_186' title='bbox 2057 1418 2286 1483; x_wconf 89' lang='lat' dir='ltr'><strong>propter</strong></span> <span class='ocrx_word' id='word_1_187' title='bbox 2315 1417 2546 1482; x_wconf 87' lang='lat' dir='ltr'><strong>peccata</strong></span> <span class='ocrx_word' id='word_1_188' title='bbox 2573 1415 2765 1464; x_wconf 87' lang='lat' dir='ltr'><strong>nostra</strong></span> <span class='ocrx_word' id='word_1_189' title='bbox 2808 1409 3100 1462; x_wconf 88' lang='lat' dir='ltr'><strong>redactos:</strong></span> <span class='ocrx_word' id='word_1_190' title='bbox 3138 1405 3243 1460; x_wconf 91' lang='lat' dir='ltr'><strong>hoc</strong></span> <span class='ocrx_word' id='word_1_191' title='bbox 3267 1403 3374 1457; x_wconf 87' lang='lat' dir='ltr'><strong>vir-</strong></span> 
     </span>
    </p>
   </div>
   <div class='ocr_carea' id='block_1_15' title="bbox 148 1493 3375 1572">
    <p class='ocr_par' dir='ltr' id='par_1_15' title="bbox 148 1493 3375 1572">
     <span class='ocr_line' id='line_1_15' title="bbox 148 1493 3375 1572; baseline -0.002 -20"><span class='ocrx_word' id='word_1_192' title='bbox 148 1505 304 1552; x_wconf 84' lang='lat' dir='ltr'><strong>autem</strong></span> <span class='ocrx_word' id='word_1_193' title='bbox 319 1499 436 1562; x_wconf 91' lang='lat' dir='ltr'><strong>hoc,</strong></span> <span class='ocrx_word' id='word_1_194' title='bbox 451 1516 484 1552; x_wconf 92' lang='grc' dir='ltr'><strong>ο</strong></span> <span class='ocrx_word' id='word_1_195' title='bbox 503 1499 694 1558; x_wconf 84' lang='lat' dir='ltr'><strong>homo.</strong></span> <span class='ocrx_word' id='word_1_196' title='bbox 709 1500 804 1571; x_wconf 87' lang='lat' dir='ltr'><strong>qui</strong></span> <span class='ocrx_word' id='word_1_197' title='bbox 817 1500 1038 1570; x_wconf 89' lang='lat' dir='ltr'><strong>judicas</strong></span> <span class='ocrx_word' id='word_1_198' title='bbox 1063 1517 1158 1555; x_wconf 92' lang='lat' dir='ltr'><strong>eos</strong></span> <span class='ocrx_word' id='word_1_199' title='bbox 1179 1501 1274 1572; x_wconf 89' lang='lat' dir='ltr'><strong>qui</strong></span> <span class='ocrx_word' id='word_1_200' title='bbox 1296 1501 1434 1554; x_wconf 87' lang='lat' dir='ltr'><strong>talia</strong></span> <span class='ocrx_word' id='word_1_201' title='bbox 1451 1507 1628 1572; x_wconf 85' lang='lat' dir='ltr'><strong>agunt</strong></span> <span class='ocrx_word' id='word_1_202' title='bbox 1643 1506 1702 1554; x_wconf 92' lang='lat' dir='ltr'><strong>et</strong></span> <span class='ocrx_word' id='word_1_203' title='bbox 1779 1501 1889 1556; x_wconf 90' lang='lat' dir='ltr'><strong>tuti</strong></span> <span class='ocrx_word' id='word_1_204' title='bbox 1908 1501 2376 1564; x_wconf 65' lang='lat' dir='ltr'><strong>sumadscribant,</strong></span> <span class='ocrx_word' id='word_1_205' title='bbox 2409 1499 2558 1572; x_wconf 90' lang='lat' dir='ltr'><strong>quod</strong></span> <span class='ocrx_word' id='word_1_206' title='bbox 2587 1515 2700 1554; x_wconf 89' lang='lat' dir='ltr'><strong>non</strong></span> <span class='ocrx_word' id='word_1_207' title='bbox 2730 1513 2832 1553; x_wconf 91' lang='lat' dir='ltr'><strong>sua</strong></span> <span class='ocrx_word' id='word_1_208' title='bbox 2859 1495 3126 1569; x_wconf 87' lang='lat' dir='ltr'><strong>potentia,</strong></span> <span class='ocrx_word' id='word_1_209' title='bbox 3141 1493 3239 1548; x_wconf 88' lang='lat' dir='ltr'><strong>sed</strong></span> <span class='ocrx_word' id='word_1_210' title='bbox 3267 1493 3375 1548; x_wconf 89' lang='lat' dir='ltr'><strong>Do-</strong></span> 
     </span>
    </p>
   </div>
   <div class='ocr_carea' id='block_1_16' title="bbox 148 1587 2584 1660">
    <p class='ocr_par' dir='ltr' id='par_1_16' title="bbox 148 1587 2584 1660">
     <span class='ocr_line' id='line_1_16' title="bbox 148 1587 2584 1660; baseline 0.001 -20"><span class='ocrx_word' id='word_1_211' title='bbox 148 1587 257 1640; x_wconf 82' lang='lat' dir='ltr'><strong>facis</strong></span> <span class='ocrx_word' id='word_1_212' title='bbox 273 1604 349 1646; x_wconf 85' lang='lat' dir='ltr'><strong>ea.</strong></span> <span class='ocrx_word' id='word_1_213' title='bbox 382 1588 514 1658; x_wconf 84' lang='lat' dir='ltr'><strong>quia</strong></span> <span class='ocrx_word' id='word_1_214' title='bbox 551 1593 612 1642; x_wconf 90' lang='lat' dir='ltr'><strong>tu</strong></span> <span class='ocrx_word' id='word_1_215' title='bbox 649 1588 882 1659; x_wconf 77' lang='lat' dir='ltr'><strong>effugies</strong></span> <span class='ocrx_word' id='word_1_216' title='bbox 917 1589 1194 1659; x_wconf 87' lang='lat' dir='ltr'><strong>judicium</strong></span> <span class='ocrx_word' id='word_1_217' title='bbox 1225 1589 1345 1656; x_wconf 87' lang='lat' dir='ltr'><strong>Dei,</strong></span> <span class='ocrx_word' id='word_1_218' title='bbox 1377 1607 1450 1644; x_wconf 91' lang='lat' dir='ltr'><strong>an</strong></span> <span class='ocrx_word' id='word_1_219' title='bbox 1479 1589 1700 1644; x_wconf 86' lang='lat' dir='ltr'><strong>divitias</strong></span> <span class='ocrx_word' id='word_1_220' title='bbox 1782 1589 1921 1644; x_wconf 89' lang='lat' dir='ltr'><strong>mini</strong></span> <span class='ocrx_word' id='word_1_221' title='bbox 1936 1588 2146 1660; x_wconf 90' lang='lat' dir='ltr'><strong>judicio</strong></span> <span class='ocrx_word' id='word_1_222' title='bbox 2175 1595 2464 1660; x_wconf 88' lang='lat' dir='ltr'><strong>peractum</strong></span> <span class='ocrx_word' id='word_1_223' title='bbox 2481 1595 2584 1643; x_wconf 90' lang='lat' dir='ltr'><strong>est.</strong></span> 
     </span>
    </p>
   </div>
   <div class='ocr_carea' id='block_1_17' title="bbox 148 1675 1698 1749">
    <p class='ocr_par' dir='ltr' id='par_1_17' title="bbox 148 1675 1698 1749">
     <span class='ocr_line' id='line_1_17' title="bbox 148 1675 1698 1749; baseline 0.001 -19"><span class='ocrx_word' id='word_1_224' title='bbox 148 1675 375 1730; x_wconf 80' lang='lat' dir='ltr'><strong>bonitatis</strong></span> <span class='ocrx_word' id='word_1_225' title='bbox 400 1678 524 1746; x_wconf 90' lang='lat' dir='ltr'><strong>ejus</strong></span> <span class='ocrx_word' id='word_1_226' title='bbox 545 1677 894 1749; x_wconf 68' lang='lat' dir='ltr'><strong>etpatientize</strong></span> <span class='ocrx_word' id='word_1_227' title='bbox 913 1683 971 1731; x_wconf 91' lang='lat' dir='ltr'><strong>et</strong></span> <span class='ocrx_word' id='word_1_228' title='bbox 989 1678 1430 1748; x_wconf 86' lang='lat' dir='ltr'><strong>longanimitatis</strong></span> <span class='ocrx_word' id='word_1_229' title='bbox 1448 1685 1698 1733; x_wconf 89' lang='lat' dir='ltr'><strong>contem-</strong></span> 
     </span>
    </p>
   </div>
   <div class='ocr_carea' id='block_1_18' title="bbox 149 1765 1699 1840">
    <p class='ocr_par' dir='ltr' id='par_1_18' title="bbox 149 1765 1699 1840">
     <span class='ocr_line' id='line_1_18' title="bbox 149 1765 1699 1840; baseline 0.003 -22"><span class='ocrx_word' id='word_1_230' title='bbox 149 1765 248 1818; x_wconf 85' lang='lat' dir='ltr'><strong>nis?</strong></span> <span class='ocrx_word' id='word_1_231' title='bbox 273 1765 536 1834; x_wconf 86' lang='lat' dir='ltr'><strong>Ignorans</strong></span> <span class='ocrx_word' id='word_1_232' title='bbox 566 1767 832 1837; x_wconf 89' lang='lat' dir='ltr'><strong>quoniam</strong></span> <span class='ocrx_word' id='word_1_233' title='bbox 861 1766 1177 1838; x_wconf 82' lang='lat' dir='ltr'><strong>benignitas</strong></span> <span class='ocrx_word' id='word_1_234' title='bbox 1191 1767 1292 1822; x_wconf 91' lang='lat' dir='ltr'><strong>Dei</strong></span> <span class='ocrx_word' id='word_1_235' title='bbox 1321 1767 1393 1822; x_wconf 90' lang='lat' dir='ltr'><strong>ad</strong></span> <span class='ocrx_word' id='word_1_236' title='bbox 1423 1767 1699 1840; x_wconf 74' lang='lat' dir='ltr'><strong>poeniten-</strong></span> 
     </span>
    </p>
   </div>
   <div class='ocr_carea' id='block_1_19' title="bbox 145 1854 1702 1922">
    <p class='ocr_par' dir='ltr' id='par_1_19' title="bbox 145 1854 1702 1922">
     <span class='ocr_line' id='line_1_19' title="bbox 145 1854 1702 1922; baseline 0.003 -15"><span class='ocrx_word' id='word_1_237' title='bbox 145 1854 256 1908; x_wconf 83' lang='lat' dir='ltr'><strong>tiam</strong></span> <span class='ocrx_word' id='word_1_238' title='bbox 278 1861 330 1908; x_wconf 88' lang='lat' dir='ltr'><strong>te</strong></span> <span class='ocrx_word' id='word_1_239' title='bbox 357 1855 615 1922; x_wconf 86' lang='lat' dir='ltr'><strong>adducet,</strong></span> <span class='ocrx_word' id='word_1_240' title='bbox 644 1856 952 1910; x_wconf 88' lang='lat' dir='ltr'><strong>secundum</strong></span> <span class='ocrx_word' id='word_1_241' title='bbox 982 1856 1249 1910; x_wconf 85' lang='lat' dir='ltr'><strong>duritiam</strong></span> <span class='ocrx_word' id='word_1_242' title='bbox 1265 1861 1454 1911; x_wconf 90' lang='lat' dir='ltr'><strong>autem</strong></span> <span class='ocrx_word' id='word_1_243' title='bbox 1470 1863 1627 1911; x_wconf 90' lang='lat' dir='ltr'><strong>tuam</strong></span> <span class='ocrx_word' id='word_1_244' title='bbox 1644 1862 1702 1911; x_wconf 91' lang='lat' dir='ltr'><strong>et</strong></span> 
     </span>
    </p>
   </div>
   <div class='ocr_carea' id='block_1_20' title="bbox 145 1943 1702 2013">
    <p class='ocr_par' dir='ltr' id='par_1_20' title="bbox 145 1943 1702 2013">
     <span class='ocr_line' id='line_1_20' title="bbox 145 1943 1702 2013; baseline 0.003 -18"><span class='ocrx_word' id='word_1_245' title='bbox 145 1943 462 2013; x_wconf 67' lang='lat' dir='ltr'><strong>impaenitens</strong></span> <span class='ocrx_word' id='word_1_246' title='bbox 493 1960 593 1998; x_wconf 88' lang='lat' dir='ltr'><strong>cor</strong></span> <span class='ocrx_word' id='word_1_247' title='bbox 621 1943 968 1999; x_wconf 89' lang='lat' dir='ltr'><strong>thesaurizas</strong></span> <span class='ocrx_word' id='word_1_248' title='bbox 995 1945 1097 2000; x_wconf 84' lang='lat' dir='ltr'><strong>tibi</strong></span> <span class='ocrx_word' id='word_1_249' title='bbox 1129 1946 1272 1999; x_wconf 90' lang='lat' dir='ltr'><strong>iram</strong></span> <span class='ocrx_word' id='word_1_250' title='bbox 1306 1946 1365 2000; x_wconf 90' lang='lat' dir='ltr'><strong>in</strong></span> <span class='ocrx_word' id='word_1_251' title='bbox 1394 1946 1484 2000; x_wconf 89' lang='lat' dir='ltr'><strong>die</strong></span> <span class='ocrx_word' id='word_1_252' title='bbox 1513 1947 1610 2000; x_wconf 73' lang='lat' dir='ltr'><strong>iraa</strong></span> <span class='ocrx_word' id='word_1_253' title='bbox 1644 1951 1702 1999; x_wconf 89' lang='lat' dir='ltr'><strong>et</strong></span> 
     </span>
    </p>
   </div>
   <div class='ocr_carea' id='block_1_21' title="bbox 145 2031 1698 2103">
    <p class='ocr_par' dir='ltr' id='par_1_21' title="bbox 145 2031 1698 2103">
     <span class='ocr_line' id='line_1_21' title="bbox 145 2031 1698 2103; baseline 0.003 -19"><span class='ocrx_word' id='word_1_254' title='bbox 145 2031 458 2086; x_wconf 87' lang='lat' dir='ltr'><strong>revelationis</strong></span> <span class='ocrx_word' id='word_1_255' title='bbox 473 2032 621 2102; x_wconf 89' lang='lat' dir='ltr'><strong>justi</strong></span> <span class='ocrx_word' id='word_1_256' title='bbox 638 2033 838 2103; x_wconf 90' lang='lat' dir='ltr'><strong>judicii</strong></span> <span class='ocrx_word' id='word_1_257' title='bbox 883 2033 982 2088; x_wconf 91' lang='lat' dir='ltr'><strong>Dei</strong></span> <span class='ocrx_word' id='word_1_258' title='bbox 1018 2035 1190 2098; x_wconf 85' lang='lat' dir='ltr'><strong>(Rom.</strong></span> <span class='ocrx_word' id='word_1_259' title='bbox 1215 2038 1297 2102; x_wconf 76' lang='grc' dir='ltr'><strong>ιι),</strong></span> <span class='ocrx_word' id='word_1_260' title='bbox 1336 2053 1360 2086; x_wconf 82' lang='grc'><strong>)›</strong></span> <span class='ocrx_word' id='word_1_261' title='bbox 1389 2040 1496 2088; x_wconf 90' lang='lat' dir='ltr'><strong>etc.</strong></span> <span class='ocrx_word' id='word_1_262' title='bbox 1519 2036 1600 2088; x_wconf 85' lang='lat' dir='ltr'><strong>Ac</strong></span> <span class='ocrx_word' id='word_1_263' title='bbox 1627 2051 1698 2088; x_wconf 89' lang='lat' dir='ltr'><strong>ne</strong></span> 
     </span>
    </p>
   </div>
   <div class='ocr_carea' id='block_1_22' title="bbox 145 2119 1726 2194">
    <p class='ocr_par' dir='ltr' id='par_1_22' title="bbox 145 2119 1726 2194">
     <span class='ocr_line' id='line_1_22' title="bbox 145 2119 1726 2194; baseline 0.003 -21"><span class='ocrx_word' id='word_1_264' title='bbox 145 2119 262 2174; x_wconf 79' lang='lat' dir='ltr'><strong>forte</strong></span> <span class='ocrx_word' id='word_1_265' title='bbox 283 2120 508 2190; x_wconf 83' lang='lat' dir='ltr'><strong>maligni</strong></span> <span class='ocrx_word' id='word_1_266' title='bbox 532 2121 763 2192; x_wconf 89' lang='lat' dir='ltr'><strong>spiritus</strong></span> <span class='ocrx_word' id='word_1_267' title='bbox 778 2123 1158 2192; x_wconf 89' lang='lat' dir='ltr'><strong>glorienturin</strong></span> <span class='ocrx_word' id='word_1_268' title='bbox 1177 2123 1490 2194; x_wconf 89' lang='lat' dir='ltr'><strong>perditione</strong></span> <span class='ocrx_word' id='word_1_269' title='bbox 1509 2129 1726 2178; x_wconf 43' lang='lat' dir='ltr'><strong>nostra.</strong></span> 
     </span>
    </p>
   </div>
   <div class='ocr_carea' id='block_1_23' title="bbox 145 2207 1701 2283">
    <p class='ocr_par' dir='ltr' id='par_1_23' title="bbox 145 2207 1701 2283">
     <span class='ocr_line' id='line_1_23' title="bbox 145 2207 1701 2283; baseline 0.003 -23"><span class='ocrx_word' id='word_1_270' title='bbox 145 2207 201 2261; x_wconf 90' lang='lat' dir='ltr'><strong>de</strong></span> <span class='ocrx_word' id='word_1_271' title='bbox 225 2208 540 2263; x_wconf 83' lang='lat' dir='ltr'><strong>fortitudine</strong></span> <span class='ocrx_word' id='word_1_272' title='bbox 556 2227 676 2274; x_wconf 88' lang='lat' dir='ltr'><strong>sua,</strong></span> <span class='ocrx_word' id='word_1_273' title='bbox 711 2212 870 2283; x_wconf 70' lang='lat' dir='ltr'><strong>quasi</strong></span> <span class='ocrx_word' id='word_1_274' title='bbox 897 2211 1185 2266; x_wconf 84' lang='lat' dir='ltr'><strong>victoriam</strong></span> <span class='ocrx_word' id='word_1_275' title='bbox 1212 2211 1423 2266; x_wconf 90' lang='lat' dir='ltr'><strong>viribus</strong></span> <span class='ocrx_word' id='word_1_276' title='bbox 1438 2212 1554 2266; x_wconf 88' lang='lat' dir='ltr'><strong>suis</strong></span> <span class='ocrx_word' id='word_1_277' title='bbox 1571 2227 1701 2283; x_wconf 89' lang='lat' dir='ltr'><strong>per-</strong></span> 
     </span>
    </p>
   </div>
   <div class='ocr_carea' id='block_1_24' title="bbox 138 2297 1702 2371">
    <p class='ocr_par' dir='ltr' id='par_1_24' title="bbox 138 2297 1702 2371">
     <span class='ocr_line' id='line_1_24' title="bbox 138 2297 1702 2371; baseline 0.003 -21"><span class='ocrx_word' id='word_1_278' title='bbox 138 2297 396 2367; x_wconf 85' lang='lat' dir='ltr'><strong>cepissent,</strong></span> <span class='ocrx_word' id='word_1_279' title='bbox 421 2314 554 2352; x_wconf 90' lang='lat' dir='ltr'><strong>cum</strong></span> <span class='ocrx_word' id='word_1_280' title='bbox 583 2299 641 2352; x_wconf 89' lang='lat' dir='ltr'><strong>in</strong></span> <span class='ocrx_word' id='word_1_281' title='bbox 662 2299 767 2354; x_wconf 90' lang='lat' dir='ltr'><strong>hoc</strong></span> <span class='ocrx_word' id='word_1_282' title='bbox 783 2317 1008 2371; x_wconf 88' lang='lat' dir='ltr'><strong>semper</strong></span> <span class='ocrx_word' id='word_1_283' title='bbox 1033 2306 1267 2366; x_wconf 89' lang='lat' dir='ltr'><strong>certent,</strong></span> <span class='ocrx_word' id='word_1_284' title='bbox 1281 2307 1346 2355; x_wconf 92' lang='lat' dir='ltr'><strong>ut</strong></span> <span class='ocrx_word' id='word_1_285' title='bbox 1363 2301 1702 2356; x_wconf 88' lang='lat' dir='ltr'><strong>sententiam</strong></span> 
     </span>
    </p>
   </div>
   <div class='ocr_carea' id='block_1_25' title="bbox 137 2384 1702 2460">
    <p class='ocr_par' dir='ltr' id='par_1_25' title="bbox 137 2384 1702 2460">
     <span class='ocr_line' id='line_1_25' title="bbox 137 2384 1702 2460; baseline 0.004 -22"><span class='ocrx_word' id='word_1_286' title='bbox 137 2384 372 2440; x_wconf 78' lang='lat' dir='ltr'><strong>Altissimi</strong></span> <span class='ocrx_word' id='word_1_287' title='bbox 409 2393 754 2458; x_wconf 82' lang='lat' dir='ltr'><strong>pervertant,</strong></span> <span class='ocrx_word' id='word_1_288' title='bbox 793 2389 888 2460; x_wconf 87' lang='lat' dir='ltr'><strong>qui</strong></span> <span class='ocrx_word' id='word_1_289' title='bbox 939 2389 1194 2444; x_wconf 87' lang='lat' dir='ltr'><strong>homines</strong></span> <span class='ocrx_word' id='word_1_290' title='bbox 1234 2389 1480 2444; x_wconf 88' lang='lat' dir='ltr'><strong>decrevit</strong></span> <span class='ocrx_word' id='word_1_291' title='bbox 1517 2390 1702 2444; x_wconf 90' lang='lat' dir='ltr'><strong>locum</strong></span> 
     </span>
    </p>
   </div>
   <div class='ocr_carea' id='block_1_26' title="bbox 139 2474 1380 2548">
    <p class='ocr_par' dir='ltr' id='par_1_26' title="bbox 139 2474 1380 2548">
     <span class='ocr_line' id='line_1_26' title="bbox 139 2474 1380 2548; baseline 0.003 -20"><span class='ocrx_word' id='word_1_292' title='bbox 139 2474 448 2543; x_wconf 85' lang='lat' dir='ltr'><strong>perditorum</strong></span> <span class='ocrx_word' id='word_1_293' title='bbox 478 2476 786 2547; x_wconf 86' lang='lat' dir='ltr'><strong>spirituum</strong></span> <span class='ocrx_word' id='word_1_294' title='bbox 818 2477 875 2532; x_wconf 91' lang='lat' dir='ltr'><strong>in</strong></span> <span class='ocrx_word' id='word_1_295' title='bbox 903 2479 1056 2532; x_wconf 75' lang='lat' dir='ltr'><strong>caelis</strong></span> <span class='ocrx_word' id='word_1_296' title='bbox 1075 2478 1380 2548; x_wconf 90' lang='lat' dir='ltr'><strong>possidere.</strong></span> 
     </span>
    </p>
   </div>
   <div class='ocr_carea' id='block_1_27' title="bbox 198 2563 1698 2638">
    <p class='ocr_par' dir='ltr' id='par_1_27' title="bbox 198 2563 1698 2638">
     <span class='ocr_line' id='line_1_27' title="bbox 198 2563 1698 2638; baseline 0.005 -23"><span class='ocrx_word' id='word_1_297' title='bbox 198 2580 222 2614; x_wconf 68' lang='grc' dir='ltr'>ε</span> <span class='ocrx_word' id='word_1_298' title='bbox 250 2564 388 2618; x_wconf 90' lang='lat' dir='ltr'><strong>Gens</strong></span> <span class='ocrx_word' id='word_1_299' title='bbox 413 2563 630 2636; x_wconf 89' lang='lat' dir='ltr'><strong>absque</strong></span> <span class='ocrx_word' id='word_1_300' title='bbox 657 2565 889 2620; x_wconf 91' lang='lat' dir='ltr'><strong>consilio</strong></span> <span class='ocrx_word' id='word_1_301' title='bbox 919 2572 1004 2620; x_wconf 89' lang='lat' dir='ltr'><strong>est</strong></span> <span class='ocrx_word' id='word_1_302' title='bbox 1031 2573 1090 2620; x_wconf 90' lang='lat' dir='ltr'><strong>et</strong></span> <span class='ocrx_word' id='word_1_303' title='bbox 1115 2567 1236 2621; x_wconf 89' lang='lat' dir='ltr'><strong>sine</strong></span> <span class='ocrx_word' id='word_1_304' title='bbox 1257 2567 1698 2638; x_wconf 90' lang='lat' dir='ltr'><strong>prudentia,uti-</strong></span> 
     </span>
    </p>
   </div>
   <div class='ocr_carea' id='block_1_28' title="bbox 143 2655 1700 2727">
    <p class='ocr_par' dir='ltr' id='par_1_28' title="bbox 143 2655 1700 2727">
     <span class='ocr_line' id='line_1_28' title="bbox 143 2655 1700 2727; baseline 0.004 -23"><span class='ocrx_word' id='word_1_305' title='bbox 143 2673 162 2703; x_wconf 75' lang='grc' dir='ltr'>ι</span> <span class='ocrx_word' id='word_1_306' title='bbox 191 2668 304 2706; x_wconf 91' lang='lat' dir='ltr'><strong>nam</strong></span> <span class='ocrx_word' id='word_1_307' title='bbox 322 2659 590 2724; x_wconf 87' lang='lat' dir='ltr'><strong>saperent</strong></span> <span class='ocrx_word' id='word_1_308' title='bbox 615 2659 673 2708; x_wconf 93' lang='lat' dir='ltr'><strong>et</strong></span> <span class='ocrx_word' id='word_1_309' title='bbox 700 2655 1098 2726; x_wconf 82' lang='lat' dir='ltr'><strong>intelligerent,</strong></span> <span class='ocrx_word' id='word_1_310' title='bbox 1132 2671 1197 2709; x_wconf 88' lang='lat' dir='ltr'><strong>ac</strong></span> <span class='ocrx_word' id='word_1_311' title='bbox 1239 2655 1540 2710; x_wconf 89' lang='lat' dir='ltr'><strong>novissima</strong></span> <span class='ocrx_word' id='word_1_312' title='bbox 1567 2673 1700 2727; x_wconf 92' lang='lat' dir='ltr'><strong>pro-</strong></span> 
     </span>
    </p>
   </div>
   <div class='ocr_carea' id='block_1_29' title="bbox 140 2741 1700 2816">
    <p class='ocr_par' dir='ltr' id='par_1_29' title="bbox 140 2741 1700 2816">
     <span class='ocr_line' id='line_1_29' title="bbox 140 2741 1700 2816; baseline 0.005 -25"><span class='ocrx_word' id='word_1_313' title='bbox 140 2759 160 2791; x_wconf 75' lang='grc' dir='ltr'>ι</span> <span class='ocrx_word' id='word_1_314' title='bbox 185 2741 431 2797; x_wconf 87' lang='lat' dir='ltr'><strong>viderent.</strong></span> <span class='ocrx_word' id='word_1_315' title='bbox 457 2763 484 2794; x_wconf 85' lang='lat'><strong>»</strong></span> <span class='ocrx_word' id='word_1_316' title='bbox 521 2743 649 2796; x_wconf 86' lang='lat' dir='ltr'><strong>Alia</strong></span> <span class='ocrx_word' id='word_1_317' title='bbox 674 2743 844 2798; x_wconf 87' lang='lat' dir='ltr'><strong>editio</strong></span> <span class='ocrx_word' id='word_1_318' title='bbox 878 2762 890 2796; x_wconf 87' lang='lat'><strong>:</strong></span> <span class='ocrx_word' id='word_1_319' title='bbox 929 2763 954 2796; x_wconf 85' lang='lat'>«</span> <span class='ocrx_word' id='word_1_320' title='bbox 987 2744 1132 2808; x_wconf 80' lang='lat' dir='ltr'><strong>Quia</strong></span> <span class='ocrx_word' id='word_1_321' title='bbox 1148 2761 1288 2815; x_wconf 85' lang='lat' dir='ltr'><strong>gens</strong></span> <span class='ocrx_word' id='word_1_322' title='bbox 1316 2745 1540 2816; x_wconf 85' lang='lat' dir='ltr'><strong>perdita</strong></span> <span class='ocrx_word' id='word_1_323' title='bbox 1565 2762 1700 2799; x_wconf 91' lang='lat' dir='ltr'><strong>con-</strong></span> 
     </span>
    </p>
   </div>
   <div class='ocr_carea' id='block_1_30' title="bbox 146 2829 1704 2906">
    <p class='ocr_par' dir='ltr' id='par_1_30' title="bbox 146 2829 1704 2906">
     <span class='ocr_line' id='line_1_30' title="bbox 146 2829 1704 2906; baseline 0.004 -24"><span class='ocrx_word' id='word_1_324' title='bbox 146 2829 249 2884; x_wconf 89' lang='lat' dir='ltr'><strong>silio</strong></span> <span class='ocrx_word' id='word_1_325' title='bbox 275 2837 328 2885; x_wconf 89' lang='lat' dir='ltr'><strong>et</strong></span> <span class='ocrx_word' id='word_1_326' title='bbox 352 2849 464 2886; x_wconf 89' lang='lat' dir='ltr'><strong>non</strong></span> <span class='ocrx_word' id='word_1_327' title='bbox 493 2838 586 2886; x_wconf 91' lang='lat' dir='ltr'><strong>est</strong></span> <span class='ocrx_word' id='word_1_328' title='bbox 610 2833 668 2886; x_wconf 89' lang='lat' dir='ltr'><strong>in</strong></span> <span class='ocrx_word' id='word_1_329' title='bbox 709 2833 809 2899; x_wconf 91' lang='lat' dir='ltr'><strong>eis,</strong></span> <span class='ocrx_word' id='word_1_330' title='bbox 855 2833 1206 2905; x_wconf 86' lang='lat' dir='ltr'><strong>disciplinam</strong></span> <span class='ocrx_word' id='word_1_331' title='bbox 1244 2851 1356 2888; x_wconf 92' lang='lat' dir='ltr'><strong>non</strong></span> <span class='ocrx_word' id='word_1_332' title='bbox 1393 2841 1704 2906; x_wconf 89' lang='lat' dir='ltr'><strong>sapuerunt</strong></span> 
     </span>
    </p>
   </div>
   <div class='ocr_carea' id='block_1_31' title="bbox 143 2919 1702 2994">
    <p class='ocr_par' dir='ltr' id='par_1_31' title="bbox 143 2919 1702 2994">
     <span class='ocr_line' id='line_1_31' title="bbox 143 2919 1702 2994; baseline 0.004 -23"><span class='ocrx_word' id='word_1_333' title='bbox 143 2919 438 2990; x_wconf 85' lang='lat' dir='ltr'><strong>intelligere,</strong></span> <span class='ocrx_word' id='word_1_334' title='bbox 473 2921 792 2993; x_wconf 86' lang='lat' dir='ltr'><strong>percipient</strong></span> <span class='ocrx_word' id='word_1_335' title='bbox 835 2921 895 2976; x_wconf 93' lang='lat' dir='ltr'><strong>in</strong></span> <span class='ocrx_word' id='word_1_336' title='bbox 945 2922 1135 2976; x_wconf 87' lang='lat' dir='ltr'><strong>futuro</strong></span> <span class='ocrx_word' id='word_1_337' title='bbox 1186 2928 1457 2994; x_wconf 90' lang='lat' dir='ltr'><strong>tempore.</strong></span> <span class='ocrx_word' id='word_1_338' title='bbox 1496 2943 1518 2974; x_wconf 73' lang='grc' dir='ltr'><strong><em>ι</em></strong></span> <span class='ocrx_word' id='word_1_339' title='bbox 1551 2923 1702 2978; x_wconf 91' lang='lat' dir='ltr'><strong>Gens</strong></span> 
     </span>
    </p>
   </div>
   <div class='ocr_carea' id='block_1_32' title="bbox 136 3007 1703 3082">
    <p class='ocr_par' dir='ltr' id='par_1_32' title="bbox 136 3007 1703 3082">
     <span class='ocr_line' id='line_1_32' title="bbox 136 3007 1703 3082; baseline 0.003 -21"><span class='ocrx_word' id='word_1_340' title='bbox 136 3007 441 3077; x_wconf 63' lang='lat' dir='ltr'><strong>Judeorum,</strong></span> <span class='ocrx_word' id='word_1_341' title='bbox 476 3026 585 3064; x_wconf 92' lang='lat' dir='ltr'><strong>nec</strong></span> <span class='ocrx_word' id='word_1_342' title='bbox 605 3026 716 3064; x_wconf 88' lang='lat' dir='ltr'><strong>non</strong></span> <span class='ocrx_word' id='word_1_343' title='bbox 745 3015 804 3064; x_wconf 91' lang='lat' dir='ltr'><strong>et</strong></span> <span class='ocrx_word' id='word_1_344' title='bbox 823 3010 1073 3065; x_wconf 90' lang='lat' dir='ltr'><strong>omnium</strong></span> <span class='ocrx_word' id='word_1_345' title='bbox 1103 3010 1407 3082; x_wconf 88' lang='lat' dir='ltr'><strong>impiorum</strong></span> <span class='ocrx_word' id='word_1_346' title='bbox 1435 3011 1557 3066; x_wconf 91' lang='lat' dir='ltr'><strong>sine</strong></span> <span class='ocrx_word' id='word_1_347' title='bbox 1577 3028 1703 3066; x_wconf 87' lang='lat' dir='ltr'><strong>con-</strong></span> 
     </span>
    </p>
   </div>
   <div class='ocr_carea' id='block_1_33' title="bbox 136 3095 1766 3171">
    <p class='ocr_par' dir='ltr' id='par_1_33' title="bbox 136 3095 1766 3171">
     <span class='ocr_line' id='line_1_33' title="bbox 136 3095 1766 3171; baseline 0.004 -22"><span class='ocrx_word' id='word_1_348' title='bbox 136 3095 239 3150; x_wconf 85' lang='lat' dir='ltr'><strong>silio</strong></span> <span class='ocrx_word' id='word_1_349' title='bbox 263 3098 452 3153; x_wconf 87' lang='lat' dir='ltr'><strong>salutis</strong></span> <span class='ocrx_word' id='word_1_350' title='bbox 476 3105 632 3164; x_wconf 86' lang='lat' dir='ltr'><strong>sunt,</strong></span> <span class='ocrx_word' id='word_1_351' title='bbox 651 3099 784 3170; x_wconf 88' lang='lat' dir='ltr'><strong>quia</strong></span> <span class='ocrx_word' id='word_1_352' title='bbox 801 3099 861 3154; x_wconf 91' lang='lat' dir='ltr'><strong>in</strong></span> <span class='ocrx_word' id='word_1_353' title='bbox 889 3099 1144 3154; x_wconf 86' lang='lat' dir='ltr'><strong>futurum</strong></span> <span class='ocrx_word' id='word_1_354' title='bbox 1171 3099 1276 3154; x_wconf 90' lang='lat' dir='ltr'><strong>sibi</strong></span> <span class='ocrx_word' id='word_1_355' title='bbox 1297 3099 1586 3171; x_wconf 87' lang='lat' dir='ltr'><strong>providere</strong></span> <span class='ocrx_word' id='word_1_356' title='bbox 1609 3117 1702 3156; x_wconf 91' lang='lat' dir='ltr'><strong>ne—</strong></span> <span class='ocrx_word' id='word_1_357' title='bbox 1721 3095 1766 3156; x_wconf 79' lang='grc' dir='ltr'>Ο</span> 
     </span>
    </p>
   </div>
   <div class='ocr_carea' id='block_1_34' title="bbox 134 3185 1703 3260">
    <p class='ocr_par' dir='ltr' id='par_1_34' title="bbox 134 3185 1703 3260">
     <span class='ocr_line' id='line_1_34' title="bbox 134 3185 1703 3260; baseline 0.004 -22"><span class='ocrx_word' id='word_1_358' title='bbox 134 3185 304 3251; x_wconf 84' lang='lat' dir='ltr'><strong>sciunt,</strong></span> <span class='ocrx_word' id='word_1_359' title='bbox 317 3193 599 3258; x_wconf 89' lang='lat' dir='ltr'><strong>quatenus</strong></span> <span class='ocrx_word' id='word_1_360' title='bbox 629 3187 1017 3243; x_wconf 89' lang='lat' dir='ltr'><strong>imminentem</strong></span> <span class='ocrx_word' id='word_1_361' title='bbox 1045 3206 1147 3260; x_wconf 90' lang='lat' dir='ltr'><strong>pro</strong></span> <span class='ocrx_word' id='word_1_362' title='bbox 1169 3189 1412 3260; x_wconf 88' lang='lat' dir='ltr'><strong>peccatis</strong></span> <span class='ocrx_word' id='word_1_363' title='bbox 1432 3189 1550 3243; x_wconf 93' lang='lat' dir='ltr'><strong>suis</strong></span> <span class='ocrx_word' id='word_1_364' title='bbox 1579 3205 1703 3244; x_wconf 88' lang='lat' dir='ltr'><strong>eva-</strong></span> 
     </span>
    </p>
   </div>
   <div class='ocr_carea' id='block_1_35' title="bbox 134 3271 1702 3349">
    <p class='ocr_par' dir='ltr' id='par_1_35' title="bbox 134 3271 1702 3349">
     <span class='ocr_line' id='line_1_35' title="bbox 134 3271 1702 3349; baseline 0.005 -24"><span class='ocrx_word' id='word_1_365' title='bbox 134 3273 248 3328; x_wconf 86' lang='lat' dir='ltr'><strong>dant</strong></span> <span class='ocrx_word' id='word_1_366' title='bbox 270 3271 570 3331; x_wconf 84' lang='lat' dir='ltr'><strong>vindictam</strong></span> <span class='ocrx_word' id='word_1_367' title='bbox 603 3282 661 3330; x_wconf 92' lang='lat' dir='ltr'><strong>et</strong></span> <span class='ocrx_word' id='word_1_368' title='bbox 703 3276 1062 3332; x_wconf 86' lang='lat' dir='ltr'><strong>infernalium</strong></span> <span class='ocrx_word' id='word_1_369' title='bbox 1105 3295 1400 3349; x_wconf 72' lang='lat' dir='ltr'><strong>pmnarum</strong></span> <span class='ocrx_word' id='word_1_370' title='bbox 1428 3284 1702 3332; x_wconf 54' lang='lat' dir='ltr'><strong>veternum</strong></span> 
     </span>
    </p>
   </div>
   <div class='ocr_carea' id='block_1_36' title="bbox 133 3362 1704 3439">
    <p class='ocr_par' dir='ltr' id='par_1_36' title="bbox 133 3362 1704 3439">
     <span class='ocr_line' id='line_1_36' title="bbox 133 3362 1704 3439; baseline 0.004 -24"><span class='ocrx_word' id='word_1_371' title='bbox 133 3362 370 3434; x_wconf 73' lang='lat' dir='ltr'><strong>effugiant</strong></span> <span class='ocrx_word' id='word_1_372' title='bbox 414 3372 786 3432; x_wconf 86' lang='lat' dir='ltr'><strong>tormentum,</strong></span> <span class='ocrx_word' id='word_1_373' title='bbox 832 3372 891 3420; x_wconf 90' lang='lat' dir='ltr'><strong>et</strong></span> <span class='ocrx_word' id='word_1_374' title='bbox 919 3367 1185 3439; x_wconf 87' lang='lat' dir='ltr'><strong>quoniam</strong></span> <span class='ocrx_word' id='word_1_375' title='bbox 1219 3367 1704 3439; x_wconf 89' lang='lat' dir='ltr'><strong>disciplinabiliter</strong></span> 
     </span>
    </p>
   </div>
   <div class='ocr_carea' id='block_1_37' title="bbox 131 3451 1704 3527">
    <p class='ocr_par' dir='ltr' id='par_1_37' title="bbox 131 3451 1704 3527">
     <span class='ocr_line' id='line_1_37' title="bbox 131 3451 1704 3527; baseline 0.006 -26"><span class='ocrx_word' id='word_1_376' title='bbox 131 3451 284 3506; x_wconf 86' lang='lat' dir='ltr'><strong>vivere</strong></span> <span class='ocrx_word' id='word_1_377' title='bbox 311 3455 628 3526; x_wconf 86' lang='lat' dir='ltr'><strong>negligunt,</strong></span> <span class='ocrx_word' id='word_1_378' title='bbox 658 3455 1080 3510; x_wconf 88' lang='lat' dir='ltr'><strong>tribulationem</strong></span> <span class='ocrx_word' id='word_1_379' title='bbox 1109 3462 1167 3511; x_wconf 92' lang='lat' dir='ltr'><strong>et</strong></span> <span class='ocrx_word' id='word_1_380' title='bbox 1184 3457 1504 3527; x_wconf 86' lang='lat' dir='ltr'><strong>angustiam</strong></span> <span class='ocrx_word' id='word_1_381' title='bbox 1535 3458 1592 3511; x_wconf 93' lang='lat' dir='ltr'><strong>in</strong></span> <span class='ocrx_word' id='word_1_382' title='bbox 1620 3457 1704 3511; x_wconf 80' lang='lat' dir='ltr'><strong>fu-</strong></span> 
     </span>
    </p>
   </div>
   <div class='ocr_carea' id='block_1_38' title="bbox 131 3543 1702 3618">
    <p class='ocr_par' dir='ltr' id='par_1_38' title="bbox 131 3543 1702 3618">
     <span class='ocr_line' id='line_1_38' title="bbox 131 3543 1702 3618; baseline 0.005 -26"><span class='ocrx_word' id='word_1_383' title='bbox 131 3545 237 3594; x_wconf 82' lang='lat' dir='ltr'><strong>turo</strong></span> <span class='ocrx_word' id='word_1_384' title='bbox 261 3543 640 3609; x_wconf 88' lang='lat' dir='ltr'><strong>sustinebunt,</strong></span> <span class='ocrx_word' id='word_1_385' title='bbox 665 3545 830 3614; x_wconf 81' lang='lat' dir='ltr'><strong>juxta</strong></span> <span class='ocrx_word' id='word_1_386' title='bbox 844 3545 1001 3608; x_wconf 89' lang='lat' dir='ltr'><strong>illud,</strong></span> <span class='ocrx_word' id='word_1_387' title='bbox 1029 3545 1173 3616; x_wconf 91' lang='lat' dir='ltr'><strong>quod</strong></span> <span class='ocrx_word' id='word_1_388' title='bbox 1207 3546 1276 3600; x_wconf 92' lang='lat' dir='ltr'><strong>de</strong></span> <span class='ocrx_word' id='word_1_389' title='bbox 1311 3545 1392 3600; x_wconf 89' lang='lat' dir='ltr'><strong>eis</strong></span> <span class='ocrx_word' id='word_1_390' title='bbox 1432 3546 1702 3618; x_wconf 89' lang='lat' dir='ltr'><strong>scriptum</strong></span> 
     </span>
    </p>
   </div>
   <div class='ocr_carea' id='block_1_39' title="bbox 129 3633 1704 3706">
    <p class='ocr_par' dir='ltr' id='par_1_39' title="bbox 129 3633 1704 3706">
     <span class='ocr_line' id='line_1_39' title="bbox 129 3633 1704 3706; baseline 0.006 -26"><span class='ocrx_word' id='word_1_391' title='bbox 129 3635 198 3681; x_wconf 88' lang='lat' dir='ltr'><strong>est</strong></span> <span class='ocrx_word' id='word_1_392' title='bbox 223 3633 389 3696; x_wconf 82' lang='lat' dir='ltr'><strong>(Prov.</strong></span> <span class='ocrx_word' id='word_1_393' title='bbox 423 3634 498 3702; x_wconf 75' lang='lat'><strong>1):</strong></span> <span class='ocrx_word' id='word_1_394' title='bbox 537 3652 558 3683; x_wconf 78' lang='grc' dir='ltr'>ι</span> <span class='ocrx_word' id='word_1_395' title='bbox 611 3633 752 3686; x_wconf 90' lang='lat' dir='ltr'><strong>Cum</strong></span> <span class='ocrx_word' id='word_1_396' title='bbox 799 3633 1030 3688; x_wconf 87' lang='lat' dir='ltr'><strong>irruerit</strong></span> <span class='ocrx_word' id='word_1_397' title='bbox 1066 3651 1238 3706; x_wconf 91' lang='lat' dir='ltr'><strong>super</strong></span> <span class='ocrx_word' id='word_1_398' title='bbox 1279 3651 1376 3689; x_wconf 91' lang='lat' dir='ltr'><strong>eos</strong></span> <span class='ocrx_word' id='word_1_399' title='bbox 1407 3635 1704 3706; x_wconf 88' lang='lat' dir='ltr'><strong>repentina</strong></span> 
     </span>
    </p>
   </div>
   <div class='ocr_carea' id='block_1_40' title="bbox 128 3717 1698 3795">
    <p class='ocr_par' dir='ltr' id='par_1_40' title="bbox 128 3717 1698 3795">
     <span class='ocr_line' id='line_1_40' title="bbox 128 3717 1698 3795; baseline 0.004 -24"><span class='ocrx_word' id='word_1_400' title='bbox 128 3717 405 3786; x_wconf 84' lang='lat' dir='ltr'><strong>calamitas,</strong></span> <span class='ocrx_word' id='word_1_401' title='bbox 447 3726 510 3775; x_wconf 89' lang='lat' dir='ltr'><strong>et</strong></span> <span class='ocrx_word' id='word_1_402' title='bbox 541 3721 802 3776; x_wconf 85' lang='lat' dir='ltr'><strong>interitus</strong></span> <span class='ocrx_word' id='word_1_403' title='bbox 847 3723 1006 3794; x_wconf 89' lang='lat' dir='ltr'><strong>quasi</strong></span> <span class='ocrx_word' id='word_1_404' title='bbox 1057 3728 1364 3795; x_wconf 88' lang='lat' dir='ltr'><strong>tempestas</strong></span> <span class='ocrx_word' id='word_1_405' title='bbox 1403 3723 1698 3794; x_wconf 86' lang='lat' dir='ltr'><strong>ingruerit,</strong></span> 
     </span>
    </p>
   </div>
   <div class='ocr_carea' id='block_1_41' title="bbox 127 3809 1703 3883">
    <p class='ocr_par' dir='ltr' id='par_1_41' title="bbox 127 3809 1703 3883">
     <span class='ocr_line' id='line_1_41' title="bbox 127 3809 1703 3883; baseline 0.006 -23"><span class='ocrx_word' id='word_1_406' title='bbox 127 3809 320 3875; x_wconf 86' lang='lat' dir='ltr'><strong>quando</strong></span> <span class='ocrx_word' id='word_1_407' title='bbox 339 3810 562 3865; x_wconf 85' lang='lat' dir='ltr'><strong>venerit</strong></span> <span class='ocrx_word' id='word_1_408' title='bbox 581 3827 752 3882; x_wconf 90' lang='lat' dir='ltr'><strong>super</strong></span> <span class='ocrx_word' id='word_1_409' title='bbox 773 3828 869 3866; x_wconf 90' lang='lat' dir='ltr'><strong>eos</strong></span> <span class='ocrx_word' id='word_1_410' title='bbox 890 3811 1182 3867; x_wconf 87' lang='lat' dir='ltr'><strong>tribulatio</strong></span> <span class='ocrx_word' id='word_1_411' title='bbox 1199 3817 1257 3867; x_wconf 90' lang='lat' dir='ltr'><strong>et</strong></span> <span class='ocrx_word' id='word_1_412' title='bbox 1279 3813 1703 3883; x_wconf 86' lang='lat' dir='ltr'><strong>angustia,tunc</strong></span> 
     </span>
    </p>
   </div>
   <div class='ocr_carea' id='block_1_42' title="bbox 128 3893 1706 3972">
    <p class='ocr_par' dir='ltr' id='par_1_42' title="bbox 128 3893 1706 3972">
     <span class='ocr_line' id='line_1_42' title="bbox 128 3893 1706 3972; baseline 0.008 -27"><span class='ocrx_word' id='word_1_413' title='bbox 128 3893 434 3953; x_wconf 85' lang='lat' dir='ltr'><strong>invocabunt</strong></span> <span class='ocrx_word' id='word_1_414' title='bbox 459 3916 556 3953; x_wconf 89' lang='lat' dir='ltr'><strong>me</strong></span> <span class='ocrx_word' id='word_1_415' title='bbox 578 3907 636 3954; x_wconf 90' lang='lat' dir='ltr'><strong>et</strong></span> <span class='ocrx_word' id='word_1_416' title='bbox 661 3916 773 3954; x_wconf 90' lang='lat' dir='ltr'><strong>non</strong></span> <span class='ocrx_word' id='word_1_417' title='bbox 799 3901 1113 3966; x_wconf 83' lang='lat' dir='ltr'><strong>exaudiam,</strong></span> <span class='ocrx_word' id='word_1_418' title='bbox 1153 3918 1320 3956; x_wconf 90' lang='lat' dir='ltr'><strong>mane</strong></span> <span class='ocrx_word' id='word_1_419' title='bbox 1367 3907 1706 3972; x_wconf 86' lang='lat' dir='ltr'><strong>consurgent</strong></span> 
     </span>
    </p>
   </div>
   <div class='ocr_carea' id='block_1_43' title="bbox 125 3988 1708 4060">
    <p class='ocr_par' dir='ltr' id='par_1_43' title="bbox 125 3988 1708 4060">
     <span class='ocr_line' id='line_1_43' title="bbox 125 3988 1708 4060; baseline 0.004 -22"><span class='ocrx_word' id='word_1_420' title='bbox 125 3990 170 4037; x_wconf 83' lang='lat' dir='ltr'><strong>et</strong></span> <span class='ocrx_word' id='word_1_421' title='bbox 192 4002 293 4041; x_wconf 90' lang='lat' dir='ltr'><strong>non</strong></span> <span class='ocrx_word' id='word_1_422' title='bbox 339 3988 632 4043; x_wconf 84' lang='lat' dir='ltr'><strong>invenient</strong></span> <span class='ocrx_word' id='word_1_423' title='bbox 675 4006 784 4056; x_wconf 89' lang='lat' dir='ltr'><strong>me,</strong></span> <span class='ocrx_word' id='word_1_424' title='bbox 819 4007 884 4043; x_wconf 93' lang='lat' dir='ltr'><strong>eo</strong></span> <span class='ocrx_word' id='word_1_425' title='bbox 940 3991 1090 4060; x_wconf 91' lang='lat' dir='ltr'><strong>quod</strong></span> <span class='ocrx_word' id='word_1_426' title='bbox 1128 4007 1354 4045; x_wconf 85' lang='lat' dir='ltr'><strong>exesam</strong></span> <span class='ocrx_word' id='word_1_427' title='bbox 1405 3991 1708 4046; x_wconf 88' lang='lat' dir='ltr'><strong>habuerint</strong></span> 
     </span>
    </p>
   </div>
   <div class='ocr_carea' id='block_1_44' title="bbox 125 4073 1700 4150">
    <p class='ocr_par' dir='ltr' id='par_1_44' title="bbox 125 4073 1700 4150">
     <span class='ocr_line' id='line_1_44' title="bbox 125 4073 1700 4150; baseline 0.005 -26"><span class='ocrx_word' id='word_1_428' title='bbox 125 4073 449 4146; x_wconf 86' lang='lat' dir='ltr'><strong>disciplinam</strong></span> <span class='ocrx_word' id='word_1_429' title='bbox 481 4084 544 4131; x_wconf 90' lang='lat' dir='ltr'><strong>et</strong></span> <span class='ocrx_word' id='word_1_430' title='bbox 561 4077 822 4132; x_wconf 89' lang='lat' dir='ltr'><strong>timorem</strong></span> <span class='ocrx_word' id='word_1_431' title='bbox 852 4079 1076 4133; x_wconf 90' lang='lat' dir='ltr'><strong>Domini</strong></span> <span class='ocrx_word' id='word_1_432' title='bbox 1107 4096 1219 4134; x_wconf 90' lang='lat' dir='ltr'><strong>non</strong></span> <span class='ocrx_word' id='word_1_433' title='bbox 1263 4080 1629 4150; x_wconf 82' lang='lat' dir='ltr'><strong>susceperint.</strong></span> <span class='ocrx_word' id='word_1_434' title='bbox 1675 4100 1700 4132; x_wconf 86' lang='lat'><strong>»</strong></span> 
     </span>
    </p>
   </div>
   <div class='ocr_carea' id='block_1_45' title="bbox 183 4165 1704 4238">
    <p class='ocr_par' dir='ltr' id='par_1_45' title="bbox 183 4165 1704 4238">
     <span class='ocr_line' id='line_1_45' title="bbox 183 4165 1704 4238; baseline 0.002 -18"><span class='ocrx_word' id='word_1_435' title='bbox 183 4183 205 4213; x_wconf 73' lang='grc' dir='ltr'>α</span> <span class='ocrx_word' id='word_1_436' title='bbox 235 4165 529 4229; x_wconf 85' lang='lat' dir='ltr'><strong>Quomodo</strong></span> <span class='ocrx_word' id='word_1_437' title='bbox 557 4167 914 4238; x_wconf 88' lang='lat' dir='ltr'><strong>persequitur</strong></span> <span class='ocrx_word' id='word_1_438' title='bbox 930 4183 1078 4222; x_wconf 88' lang='lat' dir='ltr'><strong>unus</strong></span> <span class='ocrx_word' id='word_1_439' title='bbox 1097 4169 1270 4234; x_wconf 90' lang='lat' dir='ltr'><strong>mille,</strong></span> <span class='ocrx_word' id='word_1_440' title='bbox 1287 4174 1344 4223; x_wconf 90' lang='lat' dir='ltr'><strong>et</strong></span> <span class='ocrx_word' id='word_1_441' title='bbox 1363 4169 1474 4223; x_wconf 90' lang='lat' dir='ltr'><strong>duo</strong></span> <span class='ocrx_word' id='word_1_442' title='bbox 1505 4167 1704 4238; x_wconf 86' lang='lat' dir='ltr'><strong>fugant</strong></span> 
     </span>
    </p>
   </div>
   <div class='ocr_carea' id='block_1_46' title="bbox 125 4251 1704 4328">
    <p class='ocr_par' dir='ltr' id='par_1_46' title="bbox 125 4251 1704 4328">
     <span class='ocr_line' id='line_1_46' title="bbox 125 4251 1704 4328; baseline 0.006 -26"><span class='ocrx_word' id='word_1_443' title='bbox 125 4269 146 4302; x_wconf 76' lang='grc' dir='ltr'><strong>ε</strong></span> <span class='ocrx_word' id='word_1_444' title='bbox 171 4251 348 4309; x_wconf 87' lang='lat' dir='ltr'><strong>decem</strong></span> <span class='ocrx_word' id='word_1_445' title='bbox 375 4256 580 4310; x_wconf 89' lang='lat' dir='ltr'><strong>millia.</strong></span> <span class='ocrx_word' id='word_1_446' title='bbox 603 4256 804 4310; x_wconf 82' lang='lat' dir='ltr'><strong>Nonne</strong></span> <span class='ocrx_word' id='word_1_447' title='bbox 817 4256 964 4324; x_wconf 90' lang='lat' dir='ltr'><strong>ideo,</strong></span> <span class='ocrx_word' id='word_1_448' title='bbox 981 4257 1116 4328; x_wconf 89' lang='lat' dir='ltr'><strong>quia</strong></span> <span class='ocrx_word' id='word_1_449' title='bbox 1136 4257 1286 4311; x_wconf 89' lang='lat' dir='ltr'><strong>Deus</strong></span> <span class='ocrx_word' id='word_1_450' title='bbox 1301 4275 1436 4312; x_wconf 91' lang='lat' dir='ltr'><strong>suus</strong></span> <span class='ocrx_word' id='word_1_451' title='bbox 1455 4257 1704 4312; x_wconf 92' lang='lat' dir='ltr'><strong>vendidit</strong></span> 
     </span>
    </p>
   </div>
   <div class='ocr_carea' id='block_1_47' title="bbox 124 4345 1697 4408">
    <p class='ocr_par' dir='ltr' id='par_1_47' title="bbox 124 4345 1697 4408">
     <span class='ocr_line' id='line_1_47' title="bbox 124 4345 1697 4408; baseline 0.003 -13"><span class='ocrx_word' id='word_1_452' title='bbox 124 4358 146 4388; x_wconf 67' lang='grc' dir='ltr'><strong>α</strong></span> <span class='ocrx_word' id='word_1_453' title='bbox 169 4358 273 4408; x_wconf 90' lang='lat' dir='ltr'><strong>eos,</strong></span> <span class='ocrx_word' id='word_1_454' title='bbox 321 4350 378 4398; x_wconf 90' lang='lat' dir='ltr'><strong>et</strong></span> <span class='ocrx_word' id='word_1_455' title='bbox 433 4345 714 4400; x_wconf 89' lang='lat' dir='ltr'><strong>Dominus</strong></span> <span class='ocrx_word' id='word_1_456' title='bbox 751 4346 1026 4399; x_wconf 90' lang='lat' dir='ltr'><strong>conclusit</strong></span> <span class='ocrx_word' id='word_1_457' title='bbox 1065 4345 1224 4399; x_wconf 84' lang='lat' dir='ltr'><strong>illos?</strong></span> <span class='ocrx_word' id='word_1_458' title='bbox 1259 4365 1280 4396; x_wconf 78' lang='grc' dir='ltr'><strong><em>ι</em></strong></span> <span class='ocrx_word' id='word_1_459' title='bbox 1321 4347 1447 4400; x_wconf 83' lang='lat' dir='ltr'><strong>Alia</strong></span> <span class='ocrx_word' id='word_1_460' title='bbox 1499 4347 1697 4401; x_wconf 87' lang='lat' dir='ltr'><strong>editio:</strong></span> 
     </span>
    </p>
   </div>
   <div class='ocr_carea' id='block_1_48' title="bbox 125 4429 1706 4505">
    <p class='ocr_par' dir='ltr' id='par_1_48' title="bbox 125 4429 1706 4505">
     <span class='ocr_line' id='line_1_48' title="bbox 125 4429 1706 4505; baseline 0.004 -21"><span class='ocrx_word' id='word_1_461' title='bbox 125 4446 148 4478; x_wconf 78' lang='grc' dir='ltr'>ι</span> <span class='ocrx_word' id='word_1_462' title='bbox 170 4429 449 4494; x_wconf 88' lang='lat' dir='ltr'><strong>Quomodo</strong></span> <span class='ocrx_word' id='word_1_463' title='bbox 472 4435 835 4505; x_wconf 89' lang='lat' dir='ltr'><strong>persequitur</strong></span> <span class='ocrx_word' id='word_1_464' title='bbox 856 4451 1002 4488; x_wconf 86' lang='lat' dir='ltr'><strong>unus</strong></span> <span class='ocrx_word' id='word_1_465' title='bbox 1027 4434 1200 4500; x_wconf 89' lang='lat' dir='ltr'><strong>mille,</strong></span> <span class='ocrx_word' id='word_1_466' title='bbox 1220 4441 1277 4489; x_wconf 91' lang='lat' dir='ltr'><strong>et</strong></span> <span class='ocrx_word' id='word_1_467' title='bbox 1303 4435 1414 4490; x_wconf 90' lang='lat' dir='ltr'><strong>duo</strong></span> <span class='ocrx_word' id='word_1_468' title='bbox 1431 4441 1706 4490; x_wconf 88' lang='lat' dir='ltr'><strong>transmo-</strong></span> 
     </span>
    </p>
   </div>
   <div class='ocr_carea' id='block_1_49' title="bbox 122 4516 1703 4594">
    <p class='ocr_par' dir='ltr' id='par_1_49' title="bbox 122 4516 1703 4594">
     <span class='ocr_line' id='line_1_49' title="bbox 122 4516 1703 4594; baseline 0.007 -25"><span class='ocrx_word' id='word_1_469' title='bbox 122 4516 308 4574; x_wconf 80' lang='lat' dir='ltr'><strong>vebunt</strong></span> <span class='ocrx_word' id='word_1_470' title='bbox 324 4521 476 4576; x_wconf 89' lang='lat' dir='ltr'><strong>dena</strong></span> <span class='ocrx_word' id='word_1_471' title='bbox 503 4523 702 4589; x_wconf 89' lang='lat' dir='ltr'><strong>millia,</strong></span> <span class='ocrx_word' id='word_1_472' title='bbox 735 4523 843 4577; x_wconf 89' lang='lat' dir='ltr'><strong>nisi</strong></span> <span class='ocrx_word' id='word_1_473' title='bbox 873 4523 1009 4594; x_wconf 87' lang='lat' dir='ltr'><strong>quia</strong></span> <span class='ocrx_word' id='word_1_474' title='bbox 1033 4523 1308 4578; x_wconf 91' lang='lat' dir='ltr'><strong>Dominus</strong></span> <span class='ocrx_word' id='word_1_475' title='bbox 1337 4523 1584 4579; x_wconf 88' lang='lat' dir='ltr'><strong>subdidit</strong></span> <span class='ocrx_word' id='word_1_476' title='bbox 1607 4540 1703 4580; x_wconf 92' lang='lat' dir='ltr'><strong>eos</strong></span> 
     </span>
    </p>
   </div>
   <div class='ocr_carea' id='block_1_50' title="bbox 123 4608 1704 4684">
    <p class='ocr_par' dir='ltr' id='par_1_50' title="bbox 123 4608 1704 4684">
     <span class='ocr_line' id='line_1_50' title="bbox 123 4608 1704 4684; baseline 0.007 -27"><span class='ocrx_word' id='word_1_477' title='bbox 123 4613 170 4658; x_wconf 87' lang='lat' dir='ltr'><strong>et</strong></span> <span class='ocrx_word' id='word_1_478' title='bbox 193 4608 333 4663; x_wconf 88' lang='lat' dir='ltr'><strong>Deus</strong></span> <span class='ocrx_word' id='word_1_479' title='bbox 349 4610 596 4665; x_wconf 89' lang='lat' dir='ltr'><strong>tradidit</strong></span> <span class='ocrx_word' id='word_1_480' title='bbox 622 4611 767 4665; x_wconf 91' lang='lat' dir='ltr'><strong>illos.</strong></span> <span class='ocrx_word' id='word_1_481' title='bbox 809 4631 834 4663; x_wconf 75' lang='grc' dir='ltr'><strong><em>ι</em></strong></span> <span class='ocrx_word' id='word_1_482' title='bbox 885 4611 1218 4683; x_wconf 84' lang='lat' dir='ltr'><strong>Quicunque</strong></span> <span class='ocrx_word' id='word_1_483' title='bbox 1256 4613 1704 4684; x_wconf 85' lang='lat' dir='ltr'><strong>magnitudinem</strong></span> 
     </span>
    </p>
   </div>
   <div class='ocr_carea' id='block_1_51' title="bbox 117 4693 1706 4770">
    <p class='ocr_par' dir='ltr' id='par_1_51' title="bbox 117 4693 1706 4770">
     <span class='ocr_line' id='line_1_51' title="bbox 117 4693 1706 4770; baseline 0.007 -24"><span class='ocrx_word' id='word_1_484' title='bbox 117 4693 320 4752; x_wconf 88' lang='lat' dir='ltr'><strong>Domini</strong></span> <span class='ocrx_word' id='word_1_485' title='bbox 349 4701 630 4753; x_wconf 86' lang='lat' dir='ltr'><strong>veraciter</strong></span> <span class='ocrx_word' id='word_1_486' title='bbox 643 4701 913 4770; x_wconf 85' lang='lat' dir='ltr'><strong>agnoscit,</strong></span> <span class='ocrx_word' id='word_1_487' title='bbox 931 4701 1222 4755; x_wconf 89' lang='lat' dir='ltr'><strong>interitum</strong></span> <span class='ocrx_word' id='word_1_488' title='bbox 1253 4718 1486 4756; x_wconf 90' lang='lat' dir='ltr'><strong>suorum</strong></span> <span class='ocrx_word' id='word_1_489' title='bbox 1507 4719 1619 4757; x_wconf 90' lang='lat' dir='ltr'><strong>non</strong></span> <span class='ocrx_word' id='word_1_490' title='bbox 1640 4720 1706 4757; x_wconf 86' lang='lat' dir='ltr'><strong>ex</strong></span> 
     </span>
    </p>
   </div>
   <div class='ocr_carea' id='block_1_52' title="bbox 119 4781 1706 4863">
    <p class='ocr_par' dir='ltr' id='par_1_52' title="bbox 119 4781 1706 4863">
     <span class='ocr_line' id='line_1_52' title="bbox 119 4781 1706 4863; baseline 0.006 -27"><span class='ocrx_word' id='word_1_491' title='bbox 119 4781 428 4841; x_wconf 82' lang='lat' dir='ltr'><strong>inﬁrmitate</strong></span> <span class='ocrx_word' id='word_1_492' title='bbox 465 4789 730 4858; x_wconf 67' lang='lat' dir='ltr'><strong>potentiae</strong></span> <span class='ocrx_word' id='word_1_493' title='bbox 757 4789 952 4860; x_wconf 89' lang='lat' dir='ltr'><strong>ipsius,</strong></span> <span class='ocrx_word' id='word_1_494' title='bbox 973 4790 1071 4844; x_wconf 90' lang='lat' dir='ltr'><strong>sed</strong></span> <span class='ocrx_word' id='word_1_495' title='bbox 1093 4807 1157 4844; x_wconf 83' lang='lat' dir='ltr'><strong>ex</strong></span> <span class='ocrx_word' id='word_1_496' title='bbox 1179 4791 1547 4862; x_wconf 90' lang='lat' dir='ltr'><strong>permissione</strong></span> <span class='ocrx_word' id='word_1_497' title='bbox 1564 4793 1706 4863; x_wconf 88' lang='lat' dir='ltr'><strong>justi</strong></span> 
     </span>
    </p>
   </div>
   <div class='ocr_carea' id='block_1_53' title="bbox 113 4871 1706 4952">
    <p class='ocr_par' dir='ltr' id='par_1_53' title="bbox 113 4871 1706 4952">
     <span class='ocr_line' id='line_1_53' title="bbox 113 4871 1706 4952; baseline 0.007 -27"><span class='ocrx_word' id='word_1_498' title='bbox 113 4871 288 4940; x_wconf 86' lang='lat' dir='ltr'><strong>judicii</strong></span> <span class='ocrx_word' id='word_1_499' title='bbox 321 4877 448 4948; x_wconf 86' lang='lat' dir='ltr'><strong>ejus</strong></span> <span class='ocrx_word' id='word_1_500' title='bbox 469 4877 692 4932; x_wconf 89' lang='lat' dir='ltr'><strong>evenire</strong></span> <span class='ocrx_word' id='word_1_501' title='bbox 718 4878 1011 4933; x_wconf 88' lang='lat' dir='ltr'><strong>manifeste</strong></span> <span class='ocrx_word' id='word_1_502' title='bbox 1047 4879 1309 4950; x_wconf 87' lang='lat' dir='ltr'><strong>probabit</strong></span> <span class='ocrx_word' id='word_1_503' title='bbox 1341 4899 1352 4934; x_wconf 91' lang='lat'>:</span> <span class='ocrx_word' id='word_1_504' title='bbox 1388 4881 1524 4952; x_wconf 87' lang='lat' dir='ltr'><strong>quia</strong></span> <span class='ocrx_word' id='word_1_505' title='bbox 1550 4883 1706 4936; x_wconf 90' lang='lat' dir='ltr'><strong>nullo</strong></span> 
     </span>
    </p>
   </div>
   <div class='ocr_carea' id='block_1_54' title="bbox 118 4963 1708 5040">
    <p class='ocr_par' dir='ltr' id='par_1_54' title="bbox 118 4963 1708 5040">
     <span class='ocr_line' id='line_1_54' title="bbox 118 4963 1708 5040; baseline 0.006 -25"><span class='ocrx_word' id='word_1_506' title='bbox 118 4963 264 5018; x_wconf 90' lang='lat' dir='ltr'><strong>modo</strong></span> <span class='ocrx_word' id='word_1_507' title='bbox 292 4965 420 5020; x_wconf 86' lang='lat' dir='ltr'><strong>ﬁeri</strong></span> <span class='ocrx_word' id='word_1_508' title='bbox 449 4974 644 5038; x_wconf 90' lang='lat' dir='ltr'><strong>posset</strong></span> <span class='ocrx_word' id='word_1_509' title='bbox 661 4967 810 5039; x_wconf 90' lang='lat' dir='ltr'><strong>quod</strong></span> <span class='ocrx_word' id='word_1_510' title='bbox 831 4984 978 5022; x_wconf 90' lang='lat' dir='ltr'><strong>unus</strong></span> <span class='ocrx_word' id='word_1_511' title='bbox 1008 4974 1446 5040; x_wconf 89' lang='lat' dir='ltr'><strong>persequeretur</strong></span> <span class='ocrx_word' id='word_1_512' title='bbox 1464 4970 1634 5036; x_wconf 91' lang='lat' dir='ltr'><strong>mille,</strong></span> <span class='ocrx_word' id='word_1_513' title='bbox 1651 4977 1708 5026; x_wconf 88' lang='lat' dir='ltr'><strong>et</strong></span> 
     </span>
    </p>
   </div>
   <div class='ocr_carea' id='block_1_55' title="bbox 119 5048 1706 5126">
    <p class='ocr_par' dir='ltr' id='par_1_55' title="bbox 119 5048 1706 5126">
     <span class='ocr_line' id='line_1_55' title="bbox 119 5048 1706 5126; baseline 0.006 -23"><span class='ocrx_word' id='word_1_514' title='bbox 119 5048 214 5106; x_wconf 88' lang='lat' dir='ltr'><strong>duo</strong></span> <span class='ocrx_word' id='word_1_515' title='bbox 233 5053 502 5126; x_wconf 78' lang='lat' dir='ltr'><strong>fugarent</strong></span> <span class='ocrx_word' id='word_1_516' title='bbox 531 5056 722 5110; x_wconf 91' lang='lat' dir='ltr'><strong>decem</strong></span> <span class='ocrx_word' id='word_1_517' title='bbox 751 5057 946 5122; x_wconf 88' lang='lat' dir='ltr'><strong>millia,</strong></span> <span class='ocrx_word' id='word_1_518' title='bbox 965 5057 1073 5111; x_wconf 90' lang='lat' dir='ltr'><strong>nisi</strong></span> <span class='ocrx_word' id='word_1_519' title='bbox 1103 5057 1375 5113; x_wconf 84' lang='lat' dir='ltr'><strong>Dominus</strong></span> <span class='ocrx_word' id='word_1_520' title='bbox 1405 5075 1500 5113; x_wconf 92' lang='lat' dir='ltr'><strong>eos</strong></span> <span class='ocrx_word' id='word_1_521' title='bbox 1528 5059 1706 5113; x_wconf 87' lang='lat' dir='ltr'><strong>tradi-</strong></span> 
     </span>
    </p>
   </div>
   <div class='ocr_carea' id='block_1_56' title="bbox 117 5137 1706 5216">
    <p class='ocr_par' dir='ltr' id='par_1_56' title="bbox 117 5137 1706 5216">
     <span class='ocr_line' id='line_1_56' title="bbox 117 5137 1706 5216; baseline 0.006 -23"><span class='ocrx_word' id='word_1_522' title='bbox 117 5137 289 5208; x_wconf 86' lang='lat' dir='ltr'><strong>disset,</strong></span> <span class='ocrx_word' id='word_1_523' title='bbox 323 5150 384 5198; x_wconf 92' lang='lat' dir='ltr'><strong>et</strong></span> <span class='ocrx_word' id='word_1_524' title='bbox 413 5161 614 5199; x_wconf 83' lang='lat' dir='ltr'><strong>exosos</strong></span> <span class='ocrx_word' id='word_1_525' title='bbox 636 5145 981 5216; x_wconf 88' lang='lat' dir='ltr'><strong>projiciendo</strong></span> <span class='ocrx_word' id='word_1_526' title='bbox 1010 5146 1068 5200; x_wconf 92' lang='lat' dir='ltr'><strong>in</strong></span> <span class='ocrx_word' id='word_1_527' title='bbox 1117 5163 1319 5202; x_wconf 90' lang='lat' dir='ltr'><strong>manus</strong></span> <span class='ocrx_word' id='word_1_528' title='bbox 1349 5147 1706 5203; x_wconf 88' lang='lat' dir='ltr'><strong>inimicorum</strong></span> 
     </span>
    </p>
   </div>
   <div class='ocr_carea' id='block_1_57' title="bbox 116 5232 481 5300">
    <p class='ocr_par' dir='ltr' id='par_1_57' title="bbox 116 5232 481 5300">
     <span class='ocr_line' id='line_1_57' title="bbox 116 5232 481 5300; baseline 0.005 -16"><span class='ocrx_word' id='word_1_529' title='bbox 116 5232 481 5300; x_wconf 79' lang='lat' dir='ltr'><strong>concluderet.</strong></span> 
     </span>
    </p>
   </div>
   <div class='ocr_carea' id='block_1_58' title="bbox 177 5321 1709 5382">
    <p class='ocr_par' dir='ltr' id='par_1_58' title="bbox 177 5321 1709 5382">
     <span class='ocr_line' id='line_1_58' title="bbox 177 5321 1709 5382; baseline 0.005 -8"><span class='ocrx_word' id='word_1_530' title='bbox 177 5337 202 5371; x_wconf 70' lang='grc' dir='ltr'><strong>ε</strong></span> <span class='ocrx_word' id='word_1_531' title='bbox 230 5321 355 5376; x_wconf 90' lang='lat' dir='ltr'><strong>Non</strong></span> <span class='ocrx_word' id='word_1_532' title='bbox 375 5327 466 5376; x_wconf 87' lang='lat' dir='ltr'><strong>est</strong></span> <span class='ocrx_word' id='word_1_533' title='bbox 508 5322 656 5377; x_wconf 78' lang='lat' dir='ltr'><strong>enim</strong></span> <span class='ocrx_word' id='word_1_534' title='bbox 685 5324 836 5378; x_wconf 90' lang='lat' dir='ltr'><strong>Deus</strong></span> <span class='ocrx_word' id='word_1_535' title='bbox 863 5330 1056 5378; x_wconf 89' lang='lat' dir='ltr'><strong>noster</strong></span> <span class='ocrx_word' id='word_1_536' title='bbox 1088 5330 1154 5380; x_wconf 91' lang='lat' dir='ltr'><strong>ut</strong></span> <span class='ocrx_word' id='word_1_537' title='bbox 1191 5325 1344 5380; x_wconf 90' lang='lat' dir='ltr'><strong>Deus</strong></span> <span class='ocrx_word' id='word_1_538' title='bbox 1388 5343 1604 5382; x_wconf 90' lang='lat' dir='ltr'><strong>eorum.</strong></span> <span class='ocrx_word' id='word_1_539' title='bbox 1639 5327 1709 5382; x_wconf 90' lang='lat' dir='ltr'><strong>Et</strong></span> 
     </span>
    </p>
   </div>
   <div class='ocr_carea' id='block_1_59' title="bbox 116 5407 1705 5483">
    <p class='ocr_par' dir='ltr' id='par_1_59' title="bbox 116 5407 1705 5483">
     <span class='ocr_line' id='line_1_59' title="bbox 116 5407 1705 5483; baseline 0.009 -27"><span class='ocrx_word' id='word_1_540' title='bbox 116 5407 372 5464; x_wconf 72' lang='lat' dir='ltr'><strong>«inimici</strong></span> <span class='ocrx_word' id='word_1_541' title='bbox 403 5411 587 5466; x_wconf 89' lang='lat' dir='ltr'><strong>nostri</strong></span> <span class='ocrx_word' id='word_1_542' title='bbox 615 5419 748 5468; x_wconf 89' lang='lat' dir='ltr'><strong>sunt</strong></span> <span class='ocrx_word' id='word_1_543' title='bbox 768 5413 1006 5483; x_wconf 79' lang='lat' dir='ltr'><strong>judicas.</strong></span> <span class='ocrx_word' id='word_1_544' title='bbox 1041 5431 1069 5466; x_wconf 78' lang='grc' dir='ltr'><strong><em>α</em></strong></span> <span class='ocrx_word' id='word_1_545' title='bbox 1114 5414 1242 5468; x_wconf 81' lang='lat' dir='ltr'><strong>Alia</strong></span> <span class='ocrx_word' id='word_1_546' title='bbox 1275 5415 1448 5469; x_wconf 90' lang='lat' dir='ltr'><strong>editio</strong></span> <span class='ocrx_word' id='word_1_547' title='bbox 1481 5434 1492 5469; x_wconf 93' lang='lat'>:</span> <span class='ocrx_word' id='word_1_548' title='bbox 1531 5435 1557 5468; x_wconf 69' lang='grc' dir='ltr'><strong>(ς</strong></span> <span class='ocrx_word' id='word_1_549' title='bbox 1598 5416 1705 5482; x_wconf 90' lang='lat' dir='ltr'><strong>Qui</strong></span> 
     </span>
    </p>
   </div>
   <div class='ocr_carea' id='block_1_60' title="bbox 115 5501 1706 5570">
    <p class='ocr_par' dir='ltr' id='par_1_60' title="bbox 115 5501 1706 5570">
     <span class='ocr_line' id='line_1_60' title="bbox 115 5501 1706 5570; baseline 0.007 -21"><span class='ocrx_word' id='word_1_550' title='bbox 115 5511 212 5551; x_wconf 89' lang='lat' dir='ltr'><strong>non</strong></span> <span class='ocrx_word' id='word_1_551' title='bbox 237 5506 324 5554; x_wconf 88' lang='lat' dir='ltr'><strong>est</strong></span> <span class='ocrx_word' id='word_1_552' title='bbox 349 5501 511 5556; x_wconf 89' lang='lat' dir='ltr'><strong>Deus</strong></span> <span class='ocrx_word' id='word_1_553' title='bbox 537 5508 745 5568; x_wconf 91' lang='lat' dir='ltr'><strong>noster,</strong></span> <span class='ocrx_word' id='word_1_554' title='bbox 763 5501 908 5557; x_wconf 89' lang='lat' dir='ltr'><strong>sicut</strong></span> <span class='ocrx_word' id='word_1_555' title='bbox 923 5503 1001 5556; x_wconf 90' lang='lat' dir='ltr'><strong>dii</strong></span> <span class='ocrx_word' id='word_1_556' title='bbox 1022 5503 1267 5570; x_wconf 87' lang='lat' dir='ltr'><strong>illorum,</strong></span> <span class='ocrx_word' id='word_1_557' title='bbox 1282 5503 1495 5560; x_wconf 90' lang='lat' dir='ltr'><strong>inimici</strong></span> <span class='ocrx_word' id='word_1_558' title='bbox 1513 5512 1706 5560; x_wconf 88' lang='lat' dir='ltr'><strong>autem</strong></span> 
     </span>
    </p>
   </div>
   <div class='ocr_carea' id='block_1_61' title="bbox 115 5588 1702 5650">
    <p class='ocr_par' dir='ltr' id='par_1_61' title="bbox 115 5588 1702 5650">
     <span class='ocr_line' id='line_1_61' title="bbox 115 5588 1702 5650; baseline 0.006 -12"><span class='ocrx_word' id='word_1_559' title='bbox 115 5588 274 5642; x_wconf 86' lang='lat' dir='ltr'><strong>nostri</strong></span> <span class='ocrx_word' id='word_1_560' title='bbox 301 5589 601 5645; x_wconf 87' lang='lat' dir='ltr'><strong>insensati.</strong></span> <span class='ocrx_word' id='word_1_561' title='bbox 628 5610 654 5644; x_wconf 85' lang='grc'><strong>)›</strong></span> <span class='ocrx_word' id='word_1_562' title='bbox 686 5591 958 5646; x_wconf 89' lang='lat' dir='ltr'><strong>Dominus</strong></span> <span class='ocrx_word' id='word_1_563' title='bbox 977 5592 1130 5648; x_wconf 89' lang='lat' dir='ltr'><strong>enim</strong></span> <span class='ocrx_word' id='word_1_564' title='bbox 1151 5592 1301 5647; x_wconf 92' lang='lat' dir='ltr'><strong>Deus</strong></span> <span class='ocrx_word' id='word_1_565' title='bbox 1326 5599 1520 5648; x_wconf 89' lang='lat' dir='ltr'><strong>noster</strong></span> <span class='ocrx_word' id='word_1_566' title='bbox 1536 5610 1702 5650; x_wconf 79' lang='lat' dir='ltr'><strong>verax</strong></span> 
     </span>
    </p>
   </div>
   <div class='ocr_carea' id='block_1_62' title="bbox 1720 4391 1769 4450">
    <p class='ocr_par' dir='ltr' id='par_1_62' title="bbox 1720 4391 1769 4450">
     <span class='ocr_line' id='line_1_62' title="bbox 1720 4391 1769 4450; baseline 0 0"><span class='ocrx_word' id='word_1_567' title='bbox 1720 4391 1769 4450; x_wconf 94' lang='lat' dir='ltr'><strong>D</strong></span> 
     </span>
    </p>
   </div>
   <div class='ocr_carea' id='block_1_63' title="bbox 1715 1717 3376 1814">
    <p class='ocr_par' dir='ltr' id='par_1_63' title="bbox 1715 1717 3376 1814">
     <span class='ocr_line' id='line_1_63' title="bbox 1715 1717 3376 1814; baseline -0.003 -39"><span class='ocrx_word' id='word_1_568' title='bbox 1715 1753 1762 1814; x_wconf 77' lang='grc' dir='ltr'>Β</span> <span class='ocrx_word' id='word_1_569' title='bbox 1794 1795 1797 1798; x_wconf 17' lang='grc' dir='ltr'>ι</span> <span class='ocrx_word' id='word_1_570' title='bbox 1857 1743 1881 1775; x_wconf 89' lang='grc'><strong>‹‹</strong></span> <span class='ocrx_word' id='word_1_571' title='bbox 1915 1724 1997 1778; x_wconf 91' lang='lat' dir='ltr'><strong>De</strong></span> <span class='ocrx_word' id='word_1_572' title='bbox 2021 1725 2186 1778; x_wconf 89' lang='lat' dir='ltr'><strong>vinea</strong></span> <span class='ocrx_word' id='word_1_573' title='bbox 2215 1723 2367 1777; x_wconf 91' lang='lat' dir='ltr'><strong>enim</strong></span> <span class='ocrx_word' id='word_1_574' title='bbox 2397 1723 2768 1777; x_wconf 87' lang='lat' dir='ltr'><strong>Sodomorum</strong></span> <span class='ocrx_word' id='word_1_575' title='bbox 2796 1721 2960 1774; x_wconf 88' lang='lat' dir='ltr'><strong>vinea</strong></span> <span class='ocrx_word' id='word_1_576' title='bbox 2983 1722 3276 1776; x_wconf 86' lang='lat' dir='ltr'><strong>eorum.et</strong></span> <span class='ocrx_word' id='word_1_577' title='bbox 3305 1717 3376 1771; x_wconf 91' lang='lat' dir='ltr'><strong>de</strong></span> 
     </span>
    </p>
   </div>
   <div class='ocr_carea' id='block_1_64' title="bbox 1786 1806 3376 1877">
    <p class='ocr_par' dir='ltr' id='par_1_64' title="bbox 1786 1806 3376 1877">
     <span class='ocr_line' id='line_1_64' title="bbox 1786 1806 3376 1877; baseline -0.004 -12"><span class='ocrx_word' id='word_1_578' title='bbox 1786 1833 1809 1865; x_wconf 73' lang='grc' dir='ltr'>ι</span> <span class='ocrx_word' id='word_1_579' title='bbox 1843 1812 2179 1868; x_wconf 88' lang='lat' dir='ltr'><strong>suburbanis</strong></span> <span class='ocrx_word' id='word_1_580' title='bbox 2208 1812 2553 1877; x_wconf 83' lang='lat' dir='ltr'><strong>Gomorrhae,</strong></span> <span class='ocrx_word' id='word_1_581' title='bbox 2579 1827 2688 1865; x_wconf 88' lang='lat' dir='ltr'><strong>uva</strong></span> <span class='ocrx_word' id='word_1_582' title='bbox 2718 1826 2933 1875; x_wconf 90' lang='lat' dir='ltr'><strong>eorum,</strong></span> <span class='ocrx_word' id='word_1_583' title='bbox 2965 1825 3074 1863; x_wconf 89' lang='lat' dir='ltr'><strong>uva</strong></span> <span class='ocrx_word' id='word_1_584' title='bbox 3110 1806 3272 1874; x_wconf 90' lang='lat' dir='ltr'><strong>fellis,</strong></span> <span class='ocrx_word' id='word_1_585' title='bbox 3317 1812 3376 1860; x_wconf 90' lang='lat' dir='ltr'><strong>et</strong></span> 
     </span>
    </p>
   </div>
   <div class='ocr_carea' id='block_1_65' title="bbox 1784 1895 3374 1957">
    <p class='ocr_par' dir='ltr' id='par_1_65' title="bbox 1784 1895 3374 1957">
     <span class='ocr_line' id='line_1_65' title="bbox 1784 1895 3374 1957; baseline -0.004 -3"><span class='ocrx_word' id='word_1_586' title='bbox 1784 1920 1813 1954; x_wconf 72' lang='grc' dir='ltr'>ι</span> <span class='ocrx_word' id='word_1_587' title='bbox 1842 1901 2036 1957; x_wconf 89' lang='lat' dir='ltr'><strong>botrus</strong></span> <span class='ocrx_word' id='word_1_588' title='bbox 2050 1901 2421 1956; x_wconf 88' lang='lat' dir='ltr'><strong>amarissima.</strong></span> <span class='ocrx_word' id='word_1_589' title='bbox 2441 1919 2466 1952; x_wconf 65' lang='grc' dir='ltr'><strong>ιι</strong></span> <span class='ocrx_word' id='word_1_590' title='bbox 2498 1899 2626 1954; x_wconf 82' lang='lat' dir='ltr'><strong>Alia</strong></span> <span class='ocrx_word' id='word_1_591' title='bbox 2644 1897 2815 1953; x_wconf 84' lang='lat' dir='ltr'><strong>e&#39;ditio</strong></span> <span class='ocrx_word' id='word_1_592' title='bbox 2839 1917 2851 1951; x_wconf 88' lang='lat'><strong>:</strong></span> <span class='ocrx_word' id='word_1_593' title='bbox 2873 1917 2895 1949; x_wconf 75' lang='grc' dir='ltr'>α</span> <span class='ocrx_word' id='word_1_594' title='bbox 2922 1897 3001 1952; x_wconf 80' lang='lat' dir='ltr'><strong>Ex</strong></span> <span class='ocrx_word' id='word_1_595' title='bbox 3027 1897 3193 1952; x_wconf 88' lang='lat' dir='ltr'><strong>vinea</strong></span> <span class='ocrx_word' id='word_1_596' title='bbox 3220 1895 3374 1950; x_wconf 90' lang='lat' dir='ltr'><strong>enim</strong></span> 
     </span>
    </p>
   </div>
   <div class='ocr_carea' id='block_1_66' title="bbox 1783 1984 3373 2059">
    <p class='ocr_par' dir='ltr' id='par_1_66' title="bbox 1783 1984 3373 2059">
     <span class='ocr_line' id='line_1_66' title="bbox 1783 1984 3373 2059; baseline -0.006 -13"><span class='ocrx_word' id='word_1_597' title='bbox 1783 1991 2154 2046; x_wconf 87' lang='lat' dir='ltr'><strong>Sodomorum</strong></span> <span class='ocrx_word' id='word_1_598' title='bbox 2179 1991 2306 2044; x_wconf 91' lang='lat' dir='ltr'><strong>vitis</strong></span> <span class='ocrx_word' id='word_1_599' title='bbox 2337 2005 2552 2054; x_wconf 90' lang='lat' dir='ltr'><strong>eorum,</strong></span> <span class='ocrx_word' id='word_1_600' title='bbox 2586 1994 2644 2042; x_wconf 91' lang='lat' dir='ltr'><strong>et</strong></span> <span class='ocrx_word' id='word_1_601' title='bbox 2671 2003 2920 2059; x_wconf 85' lang='lat' dir='ltr'><strong>propago</strong></span> <span class='ocrx_word' id='word_1_602' title='bbox 2949 2002 3143 2040; x_wconf 90' lang='lat' dir='ltr'><strong>eorum</strong></span> <span class='ocrx_word' id='word_1_603' title='bbox 3173 2001 3239 2039; x_wconf 80' lang='lat' dir='ltr'><strong>ex</strong></span> <span class='ocrx_word' id='word_1_604' title='bbox 3260 1984 3373 2038; x_wconf 90' lang='lat' dir='ltr'><strong>Go-</strong></span> 
     </span>
    </p>
   </div>
   <div class='ocr_carea' id='block_1_67' title="bbox 1781 2071 3376 2146">
    <p class='ocr_par' dir='ltr' id='par_1_67' title="bbox 1781 2071 3376 2146">
     <span class='ocr_line' id='line_1_67' title="bbox 1781 2071 3376 2146; baseline -0.006 -11"><span class='ocrx_word' id='word_1_605' title='bbox 1781 2081 2026 2146; x_wconf 85' lang='lat' dir='ltr'><strong>morrha,</strong></span> <span class='ocrx_word' id='word_1_606' title='bbox 2057 2095 2164 2134; x_wconf 90' lang='lat' dir='ltr'><strong>uva</strong></span> <span class='ocrx_word' id='word_1_607' title='bbox 2189 2095 2404 2144; x_wconf 89' lang='lat' dir='ltr'><strong>eorum,</strong></span> <span class='ocrx_word' id='word_1_608' title='bbox 2435 2094 2543 2132; x_wconf 88' lang='lat' dir='ltr'><strong>uva</strong></span> <span class='ocrx_word' id='word_1_609' title='bbox 2561 2076 2726 2142; x_wconf 88' lang='lat' dir='ltr'><strong>fellis,</strong></span> <span class='ocrx_word' id='word_1_610' title='bbox 2749 2075 2944 2130; x_wconf 89' lang='lat' dir='ltr'><strong>botrus</strong></span> <span class='ocrx_word' id='word_1_611' title='bbox 2981 2071 3376 2128; x_wconf 84' lang='lat' dir='ltr'><strong>amaritudinis</strong></span> 
     </span>
    </p>
   </div>
   <div class='ocr_carea' id='block_1_68' title="bbox 1782 2159 3372 2240">
    <p class='ocr_par' dir='ltr' id='par_1_68' title="bbox 1782 2159 3372 2240">
     <span class='ocr_line' id='line_1_68' title="bbox 1782 2159 3372 2240; baseline -0.005 -18"><span class='ocrx_word' id='word_1_612' title='bbox 1782 2169 1934 2240; x_wconf 89' lang='lat' dir='ltr'><strong>ipsis.</strong></span> <span class='ocrx_word' id='word_1_613' title='bbox 1971 2188 1997 2221; x_wconf 84' lang='lat'><strong>»</strong></span> <span class='ocrx_word' id='word_1_614' title='bbox 2021 2168 2178 2238; x_wconf 66' lang='lat' dir='ltr'><strong>Saepe</strong></span> <span class='ocrx_word' id='word_1_615' title='bbox 2206 2166 2265 2221; x_wconf 91' lang='lat' dir='ltr'><strong>in</strong></span> <span class='ocrx_word' id='word_1_616' title='bbox 2289 2165 2593 2237; x_wconf 88' lang='lat' dir='ltr'><strong>Scripturis</strong></span> <span class='ocrx_word' id='word_1_617' title='bbox 2621 2163 2794 2218; x_wconf 89' lang='lat' dir='ltr'><strong>sacris</strong></span> <span class='ocrx_word' id='word_1_618' title='bbox 2823 2178 3109 2234; x_wconf 87' lang='lat' dir='ltr'><strong>synagoga</strong></span> <span class='ocrx_word' id='word_1_619' title='bbox 3131 2161 3216 2215; x_wconf 90' lang='lat' dir='ltr'><strong>vel</strong></span> <span class='ocrx_word' id='word_1_620' title='bbox 3236 2159 3372 2214; x_wconf 87' lang='lat' dir='ltr'><strong>Hie-</strong></span> 
     </span>
    </p>
   </div>
   <div class='ocr_carea' id='block_1_69' title="bbox 1783 2249 3375 2322">
    <p class='ocr_par' dir='ltr' id='par_1_69' title="bbox 1783 2249 3375 2322">
     <span class='ocr_line' id='line_1_69' title="bbox 1783 2249 3375 2322; baseline -0.005 -12"><span class='ocrx_word' id='word_1_621' title='bbox 1783 2257 2026 2312; x_wconf 90' lang='lat' dir='ltr'><strong>rusalem</strong></span> <span class='ocrx_word' id='word_1_622' title='bbox 2055 2257 2310 2311; x_wconf 81' lang='lat' dir='ltr'><strong>Sodomae</strong></span> <span class='ocrx_word' id='word_1_623' title='bbox 2345 2261 2404 2309; x_wconf 92' lang='lat' dir='ltr'><strong>et</strong></span> <span class='ocrx_word' id='word_1_624' title='bbox 2428 2253 2755 2308; x_wconf 72' lang='lat' dir='ltr'><strong>Gomorrhae</strong></span> <span class='ocrx_word' id='word_1_625' title='bbox 2788 2256 3206 2322; x_wconf 88' lang='lat' dir='ltr'><strong>comparantur,</strong></span> <span class='ocrx_word' id='word_1_626' title='bbox 3243 2249 3375 2320; x_wconf 90' lang='lat' dir='ltr'><strong>quia</strong></span> 
     </span>
    </p>
   </div>
   <div class='ocr_carea' id='block_1_70' title="bbox 1783 2339 3372 2406">
    <p class='ocr_par' dir='ltr' id='par_1_70' title="bbox 1783 2339 3372 2406">
     <span class='ocr_line' id='line_1_70' title="bbox 1783 2339 3372 2406; baseline -0.006 -5"><span class='ocrx_word' id='word_1_627' title='bbox 1783 2347 1928 2400; x_wconf 90' lang='lat' dir='ltr'><strong>sicut</strong></span> <span class='ocrx_word' id='word_1_628' title='bbox 1953 2346 2064 2400; x_wconf 70' lang='lat' dir='ltr'><strong>illae</strong></span> <span class='ocrx_word' id='word_1_629' title='bbox 2093 2345 2239 2399; x_wconf 91' lang='lat' dir='ltr'><strong>male</strong></span> <span class='ocrx_word' id='word_1_630' title='bbox 2271 2343 2430 2398; x_wconf 89' lang='lat' dir='ltr'><strong>abusi</strong></span> <span class='ocrx_word' id='word_1_631' title='bbox 2467 2349 2602 2397; x_wconf 91' lang='lat' dir='ltr'><strong>sunt</strong></span> <span class='ocrx_word' id='word_1_632' title='bbox 2636 2342 2798 2396; x_wconf 90' lang='lat' dir='ltr'><strong>donis</strong></span> <span class='ocrx_word' id='word_1_633' title='bbox 2845 2341 2984 2406; x_wconf 91' lang='lat' dir='ltr'><strong>Dei;</strong></span> <span class='ocrx_word' id='word_1_634' title='bbox 3029 2340 3110 2394; x_wconf 91' lang='lat' dir='ltr'><strong>sic</strong></span> <span class='ocrx_word' id='word_1_635' title='bbox 3148 2345 3207 2393; x_wconf 89' lang='lat' dir='ltr'><strong>et</strong></span> <span class='ocrx_word' id='word_1_636' title='bbox 3251 2339 3372 2392; x_wconf 66' lang='lat' dir='ltr'><strong>ista:</strong></span> 
     </span>
    </p>
   </div>
   <div class='ocr_carea' id='block_1_71' title="bbox 1781 2427 3372 2504">
    <p class='ocr_par' dir='ltr' id='par_1_71' title="bbox 1781 2427 3372 2504">
     <span class='ocr_line' id='line_1_71' title="bbox 1781 2427 3372 2504; baseline -0.005 -16"><span class='ocrx_word' id='word_1_637' title='bbox 1781 2435 2064 2490; x_wconf 78' lang='lat' dir='ltr'><strong>beneficiis</strong></span> <span class='ocrx_word' id='word_1_638' title='bbox 2073 2435 2174 2488; x_wconf 91' lang='lat' dir='ltr'><strong>Dei</strong></span> <span class='ocrx_word' id='word_1_639' title='bbox 2193 2449 2418 2504; x_wconf 90' lang='lat' dir='ltr'><strong>semper</strong></span> <span class='ocrx_word' id='word_1_640' title='bbox 2430 2432 2766 2486; x_wconf 84' lang='lat' dir='ltr'><strong>exstiterunt</strong></span> <span class='ocrx_word' id='word_1_641' title='bbox 2786 2428 3012 2500; x_wconf 87' lang='lat' dir='ltr'><strong>ingrati.</strong></span> <span class='ocrx_word' id='word_1_642' title='bbox 3027 2427 3186 2484; x_wconf 88' lang='lat' dir='ltr'><strong>Unde</strong></span> <span class='ocrx_word' id='word_1_643' title='bbox 3197 2427 3372 2482; x_wconf 88' lang='lat' dir='ltr'><strong>Isaias</strong></span> 
     </span>
    </p>
   </div>
   <div class='ocr_carea' id='block_1_72' title="bbox 1783 2516 3372 2587">
    <p class='ocr_par' dir='ltr' id='par_1_72' title="bbox 1783 2516 3372 2587">
     <span class='ocr_line' id='line_1_72' title="bbox 1783 2516 3372 2587; baseline -0.006 -9"><span class='ocrx_word' id='word_1_644' title='bbox 1783 2525 1853 2578; x_wconf 91' lang='lat' dir='ltr'><strong>de</strong></span> <span class='ocrx_word' id='word_1_645' title='bbox 1879 2524 1990 2578; x_wconf 90' lang='lat' dir='ltr'><strong>illis</strong></span> <span class='ocrx_word' id='word_1_646' title='bbox 2019 2523 2100 2578; x_wconf 88' lang='lat' dir='ltr'><strong>ait</strong></span> <span class='ocrx_word' id='word_1_647' title='bbox 2129 2541 2140 2576; x_wconf 92' lang='lat'><strong>:</strong></span> <span class='ocrx_word' id='word_1_648' title='bbox 2180 2543 2203 2574; x_wconf 77' lang='grc' dir='ltr'>ι</span> <span class='ocrx_word' id='word_1_649' title='bbox 2229 2522 2348 2576; x_wconf 90' lang='lat' dir='ltr'><strong>Nisi</strong></span> <span class='ocrx_word' id='word_1_650' title='bbox 2369 2520 2641 2577; x_wconf 90' lang='lat' dir='ltr'><strong>Dominus</strong></span> <span class='ocrx_word' id='word_1_651' title='bbox 2670 2519 3016 2574; x_wconf 81' lang='lat' dir='ltr'><strong>exercituum</strong></span> <span class='ocrx_word' id='word_1_652' title='bbox 3052 2516 3372 2587; x_wconf 90' lang='lat' dir='ltr'><strong>reliquisset</strong></span> 
     </span>
    </p>
   </div>
   <div class='ocr_carea' id='block_1_73' title="bbox 1781 2606 3376 2682">
    <p class='ocr_par' dir='ltr' id='par_1_73' title="bbox 1781 2606 3376 2682">
     <span class='ocr_line' id='line_1_73' title="bbox 1781 2606 3376 2682; baseline -0.005 -15"><span class='ocrx_word' id='word_1_653' title='bbox 1781 2612 1942 2668; x_wconf 88' lang='lat' dir='ltr'><strong>nobis</strong></span> <span class='ocrx_word' id='word_1_654' title='bbox 1969 2611 2346 2682; x_wconf 88' lang='lat' dir='ltr'><strong>semen,quasi</strong></span> <span class='ocrx_word' id='word_1_655' title='bbox 2367 2609 2609 2664; x_wconf 90' lang='lat' dir='ltr'><strong>Sodoma</strong></span> <span class='ocrx_word' id='word_1_656' title='bbox 2627 2608 2945 2674; x_wconf 83' lang='lat' dir='ltr'><strong>fuissemus,</strong></span> <span class='ocrx_word' id='word_1_657' title='bbox 2965 2606 3124 2678; x_wconf 90' lang='lat' dir='ltr'><strong>quasi</strong></span> <span class='ocrx_word' id='word_1_658' title='bbox 3141 2606 3376 2660; x_wconf 88' lang='lat' dir='ltr'><strong>Gomor-</strong></span> 
     </span>
    </p>
   </div>
   <div class='ocr_carea' id='block_1_74' title="bbox 1782 2693 3374 2766">
    <p class='ocr_par' dir='ltr' id='par_1_74' title="bbox 1782 2693 3374 2766">
     <span class='ocr_line' id='line_1_74' title="bbox 1782 2693 3374 2766; baseline -0.005 -10"><span class='ocrx_word' id='word_1_659' title='bbox 1782 2702 1884 2756; x_wconf 91' lang='lat' dir='ltr'><strong>rha</strong></span> <span class='ocrx_word' id='word_1_660' title='bbox 1920 2701 2133 2755; x_wconf 90' lang='lat' dir='ltr'><strong>similes</strong></span> <span class='ocrx_word' id='word_1_661' title='bbox 2161 2699 2626 2764; x_wconf 87' lang='lat' dir='ltr'><strong>essemus,audite</strong></span> <span class='ocrx_word' id='word_1_662' title='bbox 2653 2697 2884 2752; x_wconf 88' lang='lat' dir='ltr'><strong>verbum</strong></span> <span class='ocrx_word' id='word_1_663' title='bbox 2912 2693 3374 2766; x_wconf 85' lang='lat' dir='ltr'><strong>Domini,princi-</strong></span> 
     </span>
    </p>
   </div>
   <div class='ocr_carea' id='block_1_75' title="bbox 1782 2783 3374 2863">
    <p class='ocr_par' dir='ltr' id='par_1_75' title="bbox 1782 2783 3374 2863">
     <span class='ocr_line' id='line_1_75' title="bbox 1782 2783 3374 2863; baseline -0.006 -17"><span class='ocrx_word' id='word_1_664' title='bbox 1782 2808 1882 2863; x_wconf 89' lang='lat' dir='ltr'><strong>pes</strong></span> <span class='ocrx_word' id='word_1_665' title='bbox 1911 2790 2301 2854; x_wconf 87' lang='lat' dir='ltr'><strong>Sodomorum,</strong></span> <span class='ocrx_word' id='word_1_666' title='bbox 2334 2787 2558 2860; x_wconf 90' lang='lat' dir='ltr'><strong>percipe</strong></span> <span class='ocrx_word' id='word_1_667' title='bbox 2588 2786 2818 2842; x_wconf 89' lang='lat' dir='ltr'><strong>auribus</strong></span> <span class='ocrx_word' id='word_1_668' title='bbox 2849 2787 3029 2860; x_wconf 85' lang='lat' dir='ltr'><strong>legem</strong></span> <span class='ocrx_word' id='word_1_669' title='bbox 3055 2783 3156 2839; x_wconf 90' lang='lat' dir='ltr'><strong>Dei</strong></span> <span class='ocrx_word' id='word_1_670' title='bbox 3175 2783 3374 2848; x_wconf 87' lang='lat' dir='ltr'><strong>nostri,</strong></span> 
     </span>
    </p>
   </div>
   <div class='ocr_carea' id='block_1_76' title="bbox 1783 2871 3376 2951">
    <p class='ocr_par' dir='ltr' id='par_1_76' title="bbox 1783 2871 3376 2951">
     <span class='ocr_line' id='line_1_76' title="bbox 1783 2871 3376 2951; baseline -0.005 -17"><span class='ocrx_word' id='word_1_671' title='bbox 1783 2879 2023 2951; x_wconf 91' lang='lat' dir='ltr'><strong>populus</strong></span> <span class='ocrx_word' id='word_1_672' title='bbox 2043 2877 2390 2942; x_wconf 70' lang='lat' dir='ltr'><strong>Gomorrhze,</strong></span> <span class='ocrx_word' id='word_1_673' title='bbox 2414 2882 2520 2931; x_wconf 90' lang='lat' dir='ltr'><strong>etc.</strong></span> <span class='ocrx_word' id='word_1_674' title='bbox 2556 2878 2686 2942; x_wconf 77' lang='lat' dir='ltr'><strong>(13a.</strong></span> <span class='ocrx_word' id='word_1_675' title='bbox 2716 2877 2778 2946; x_wconf 84' lang='grc' dir='ltr'><strong>ι).</strong></span> <span class='ocrx_word' id='word_1_676' title='bbox 2807 2892 2834 2926; x_wconf 68' lang='grc' dir='ltr'><strong><em>ι</em></strong></span> <span class='ocrx_word' id='word_1_677' title='bbox 2867 2875 3046 2928; x_wconf 89' lang='lat' dir='ltr'><strong>Vinea</strong></span> <span class='ocrx_word' id='word_1_678' title='bbox 3082 2871 3235 2927; x_wconf 87' lang='lat' dir='ltr'><strong>enim</strong></span> <span class='ocrx_word' id='word_1_679' title='bbox 3262 2873 3376 2926; x_wconf 90' lang='lat' dir='ltr'><strong>Do-</strong></span> 
     </span>
    </p>
   </div>
   <div class='ocr_carea' id='block_1_77' title="bbox 1784 2961 3380 3037">
    <p class='ocr_par' dir='ltr' id='par_1_77' title="bbox 1784 2961 3380 3037">
     <span class='ocr_line' id='line_1_77' title="bbox 1784 2961 3380 3037; baseline -0.006 -14"><span class='ocrx_word' id='word_1_680' title='bbox 1784 2968 1942 3034; x_wconf 91' lang='lat' dir='ltr'><strong>mini,</strong></span> <span class='ocrx_word' id='word_1_681' title='bbox 1958 2968 2105 3022; x_wconf 86' lang='lat' dir='ltr'><strong>sicut</strong></span> <span class='ocrx_word' id='word_1_682' title='bbox 2129 2967 2188 3020; x_wconf 90' lang='lat' dir='ltr'><strong>in</strong></span> <span class='ocrx_word' id='word_1_683' title='bbox 2213 2966 2410 3020; x_wconf 91' lang='lat' dir='ltr'><strong>eodem</strong></span> <span class='ocrx_word' id='word_1_684' title='bbox 2437 2965 2713 3037; x_wconf 87' lang='lat' dir='ltr'><strong>propheta</strong></span> <span class='ocrx_word' id='word_1_685' title='bbox 2739 2963 3008 3036; x_wconf 86' lang='lat' dir='ltr'><strong>scriptum</strong></span> <span class='ocrx_word' id='word_1_686' title='bbox 3041 2967 3146 3027; x_wconf 91' lang='lat' dir='ltr'><strong>est,</strong></span> <span class='ocrx_word' id='word_1_687' title='bbox 3179 2961 3380 3016; x_wconf 85' lang='lat' dir='ltr'><strong>domus</strong></span> 
     </span>
    </p>
   </div>
   <div class='ocr_carea' id='block_1_78' title="bbox 1783 3051 3382 3128">
    <p class='ocr_par' dir='ltr' id='par_1_78' title="bbox 1783 3051 3382 3128">
     <span class='ocr_line' id='line_1_78' title="bbox 1783 3051 3382 3128; baseline -0.004 -17"><span class='ocrx_word' id='word_1_688' title='bbox 1783 3057 1957 3112; x_wconf 88' lang='lat' dir='ltr'><strong>Israel</strong></span> <span class='ocrx_word' id='word_1_689' title='bbox 1974 3051 2095 3121; x_wconf 81' lang='lat' dir='ltr'><strong>fuit,</strong></span> <span class='ocrx_word' id='word_1_690' title='bbox 2116 3072 2238 3128; x_wconf 65' lang='lat' dir='ltr'><strong>quae</strong></span> <span class='ocrx_word' id='word_1_691' title='bbox 2252 3061 2388 3110; x_wconf 92' lang='lat' dir='ltr'><strong>tunc</strong></span> <span class='ocrx_word' id='word_1_692' title='bbox 2415 3055 2475 3108; x_wconf 89' lang='lat' dir='ltr'><strong>in</strong></span> <span class='ocrx_word' id='word_1_693' title='bbox 2503 3055 2646 3108; x_wconf 81' lang='lat' dir='ltr'><strong>fellis</strong></span> <span class='ocrx_word' id='word_1_694' title='bbox 2663 3052 3097 3108; x_wconf 89' lang='lat' dir='ltr'><strong>amaritudinem</strong></span> <span class='ocrx_word' id='word_1_695' title='bbox 3113 3066 3382 3105; x_wconf 83' lang='lat' dir='ltr'><strong>conversa</strong></span> 
     </span>
    </p>
   </div>
   <div class='ocr_carea' id='block_1_79' title="bbox 1784 3139 3382 3217">
    <p class='ocr_par' dir='ltr' id='par_1_79' title="bbox 1784 3139 3382 3217">
     <span class='ocr_line' id='line_1_79' title="bbox 1784 3139 3382 3217; baseline -0.005 -16"><span class='ocrx_word' id='word_1_696' title='bbox 1784 3153 1888 3213; x_wconf 90' lang='lat' dir='ltr'><strong>est,</strong></span> <span class='ocrx_word' id='word_1_697' title='bbox 1921 3145 2144 3217; x_wconf 89' lang='lat' dir='ltr'><strong>quando</strong></span> <span class='ocrx_word' id='word_1_698' title='bbox 2167 3144 2376 3199; x_wconf 87' lang='lat' dir='ltr'><strong>Christi</strong></span> <span class='ocrx_word' id='word_1_699' title='bbox 2426 3149 2665 3198; x_wconf 90' lang='lat' dir='ltr'><strong>mortem</strong></span> <span class='ocrx_word' id='word_1_700' title='bbox 2707 3140 3102 3196; x_wconf 88' lang='lat' dir='ltr'><strong>meditabatur.</strong></span> <span class='ocrx_word' id='word_1_701' title='bbox 3134 3139 3294 3195; x_wconf 88' lang='lat' dir='ltr'><strong>Unde</strong></span> <span class='ocrx_word' id='word_1_702' title='bbox 3323 3145 3382 3194; x_wconf 89' lang='lat' dir='ltr'><strong>et</strong></span> 
     </span>
    </p>
   </div>
   <div class='ocr_carea' id='block_1_80' title="bbox 1783 3228 3380 3308">
    <p class='ocr_par' dir='ltr' id='par_1_80' title="bbox 1783 3228 3380 3308">
     <span class='ocr_line' id='line_1_80' title="bbox 1783 3228 3380 3308; baseline -0.004 -18"><span class='ocrx_word' id='word_1_703' title='bbox 1783 3236 1888 3308; x_wconf 86' lang='lat' dir='ltr'><strong>ipsi</strong></span> <span class='ocrx_word' id='word_1_704' title='bbox 1917 3235 1976 3289; x_wconf 90' lang='lat' dir='ltr'><strong>in</strong></span> <span class='ocrx_word' id='word_1_705' title='bbox 2005 3251 2168 3289; x_wconf 83' lang='lat' dir='ltr'><strong>cruce</strong></span> <span class='ocrx_word' id='word_1_706' title='bbox 2189 3233 2456 3306; x_wconf 78' lang='lat' dir='ltr'><strong>pendenti</strong></span> <span class='ocrx_word' id='word_1_707' title='bbox 2477 3238 2697 3287; x_wconf 84' lang='lat' dir='ltr'><strong>acetum</strong></span> <span class='ocrx_word' id='word_1_708' title='bbox 2714 3231 2840 3285; x_wconf 86' lang='lat' dir='ltr'><strong>felle</strong></span> <span class='ocrx_word' id='word_1_709' title='bbox 2856 3230 3084 3285; x_wconf 88' lang='lat' dir='ltr'><strong>mistum</strong></span> <span class='ocrx_word' id='word_1_710' title='bbox 3102 3228 3380 3284; x_wconf 87' lang='lat' dir='ltr'><strong>arundine</strong></span> 
     </span>
    </p>
   </div>
   <div class='ocr_carea' id='block_1_81' title="bbox 1783 3318 3378 3397">
    <p class='ocr_par' dir='ltr' id='par_1_81' title="bbox 1783 3318 3378 3397">
     <span class='ocr_line' id='line_1_81' title="bbox 1783 3318 3378 3397; baseline -0.004 -18"><span class='ocrx_word' id='word_1_711' title='bbox 1783 3329 2171 3397; x_wconf 88' lang='lat' dir='ltr'><strong>porrexerunt,</strong></span> <span class='ocrx_word' id='word_1_712' title='bbox 2185 3328 2251 3378; x_wconf 89' lang='lat' dir='ltr'><strong>ut</strong></span> <span class='ocrx_word' id='word_1_713' title='bbox 2264 3323 2323 3376; x_wconf 88' lang='lat' dir='ltr'><strong>in</strong></span> <span class='ocrx_word' id='word_1_714' title='bbox 2340 3323 2446 3376; x_wconf 93' lang='lat' dir='ltr'><strong>hoc</strong></span> <span class='ocrx_word' id='word_1_715' title='bbox 2475 3323 2959 3376; x_wconf 87' lang='lat' dir='ltr'><strong>demonstraretur</strong></span> <span class='ocrx_word' id='word_1_716' title='bbox 2977 3319 3272 3374; x_wconf 90' lang='lat' dir='ltr'><strong>scientiam</strong></span> <span class='ocrx_word' id='word_1_717' title='bbox 3295 3318 3378 3373; x_wconf 89' lang='lat' dir='ltr'><strong>le-</strong></span> 
     </span>
    </p>
   </div>
   <div class='ocr_carea' id='block_1_82' title="bbox 1781 3408 3380 3485">
    <p class='ocr_par' dir='ltr' id='par_1_82' title="bbox 1781 3408 3380 3485">
     <span class='ocr_line' id='line_1_82' title="bbox 1781 3408 3380 3485; baseline -0.004 -17"><span class='ocrx_word' id='word_1_718' title='bbox 1781 3415 1884 3485; x_wconf 85' lang='lat' dir='ltr'><strong>gis,</strong></span> <span class='ocrx_word' id='word_1_719' title='bbox 1921 3430 2089 3484; x_wconf 91' lang='lat' dir='ltr'><strong>quam</strong></span> <span class='ocrx_word' id='word_1_720' title='bbox 2115 3412 2223 3483; x_wconf 91' lang='lat' dir='ltr'><strong>ipsi</strong></span> <span class='ocrx_word' id='word_1_721' title='bbox 2251 3417 2464 3466; x_wconf 89' lang='lat' dir='ltr'><strong>rectam</strong></span> <span class='ocrx_word' id='word_1_722' title='bbox 2492 3415 2846 3481; x_wconf 89' lang='lat' dir='ltr'><strong>acceperunt,</strong></span> <span class='ocrx_word' id='word_1_723' title='bbox 2859 3409 2988 3464; x_wconf 90' lang='lat' dir='ltr'><strong>felle</strong></span> <span class='ocrx_word' id='word_1_724' title='bbox 3014 3408 3245 3463; x_wconf 60' lang='lat' dir='ltr'><strong>malitia!</strong></span> <span class='ocrx_word' id='word_1_725' title='bbox 3263 3424 3380 3462; x_wconf 75' lang='lat' dir='ltr'><strong>suae</strong></span> 
     </span>
    </p>
   </div>
   <div class='ocr_carea' id='block_1_83' title="bbox 1783 3497 3380 3571">
    <p class='ocr_par' dir='ltr' id='par_1_83' title="bbox 1783 3497 3380 3571">
     <span class='ocr_line' id='line_1_83' title="bbox 1783 3497 3380 3571; baseline -0.004 -15"><span class='ocrx_word' id='word_1_726' title='bbox 1783 3502 1988 3558; x_wconf 89' lang='lat' dir='ltr'><strong>habere</strong></span> <span class='ocrx_word' id='word_1_727' title='bbox 2017 3507 2359 3571; x_wconf 89' lang='lat' dir='ltr'><strong>corruptam,</strong></span> <span class='ocrx_word' id='word_1_728' title='bbox 2383 3516 2509 3554; x_wconf 91' lang='lat' dir='ltr'><strong>cum</strong></span> <span class='ocrx_word' id='word_1_729' title='bbox 2536 3499 2788 3553; x_wconf 88' lang='lat' dir='ltr'><strong>datorem</strong></span> <span class='ocrx_word' id='word_1_730' title='bbox 2818 3498 2958 3568; x_wconf 88' lang='lat' dir='ltr'><strong>legis</strong></span> <span class='ocrx_word' id='word_1_731' title='bbox 2973 3497 3045 3551; x_wconf 90' lang='lat' dir='ltr'><strong>ad</strong></span> <span class='ocrx_word' id='word_1_732' title='bbox 3067 3514 3128 3551; x_wconf 87' lang='lat' dir='ltr'><strong>se</strong></span> <span class='ocrx_word' id='word_1_733' title='bbox 3148 3497 3380 3551; x_wconf 84' lang='lat' dir='ltr'><strong>venien-</strong></span> 
     </span>
    </p>
   </div>
   <div class='ocr_carea' id='block_1_84' title="bbox 1782 3585 3382 3660">
    <p class='ocr_par' dir='ltr' id='par_1_84' title="bbox 1782 3585 3382 3660">
     <span class='ocr_line' id='line_1_84' title="bbox 1782 3585 3382 3660; baseline -0.005 -14"><span class='ocrx_word' id='word_1_734' title='bbox 1782 3599 1898 3648; x_wconf 88' lang='lat' dir='ltr'><strong>tem</strong></span> <span class='ocrx_word' id='word_1_735' title='bbox 1917 3591 2166 3660; x_wconf 87' lang='lat' dir='ltr'><strong>recipere</strong></span> <span class='ocrx_word' id='word_1_736' title='bbox 2194 3589 2644 3654; x_wconf 88' lang='lat' dir='ltr'><strong>noluerunt,insu</strong></span> <span class='ocrx_word' id='word_1_737' title='bbox 2652 3603 2753 3658; x_wconf 88' lang='lat' dir='ltr'><strong>per</strong></span> <span class='ocrx_word' id='word_1_738' title='bbox 2775 3587 3140 3640; x_wconf 87' lang='lat' dir='ltr'><strong>irritaverunt</strong></span> <span class='ocrx_word' id='word_1_739' title='bbox 3154 3591 3212 3639; x_wconf 89' lang='lat' dir='ltr'><strong>et</strong></span> <span class='ocrx_word' id='word_1_740' title='bbox 3231 3585 3382 3638; x_wconf 88' lang='lat' dir='ltr'><strong>cruci</strong></span> 
     </span>
    </p>
   </div>
   <div class='ocr_carea' id='block_1_85' title="bbox 1785 3674 3384 3736">
    <p class='ocr_par' dir='ltr' id='par_1_85' title="bbox 1785 3674 3384 3736">
     <span class='ocr_line' id='line_1_85' title="bbox 1785 3674 3384 3736; baseline -0.006 0"><span class='ocrx_word' id='word_1_741' title='bbox 1785 3681 2099 3736; x_wconf 86' lang='lat' dir='ltr'><strong>affixerunt.</strong></span> <span class='ocrx_word' id='word_1_742' title='bbox 2127 3679 2308 3732; x_wconf 82' lang='lat' dir='ltr'><strong>Aliter</strong></span> <span class='ocrx_word' id='word_1_743' title='bbox 2329 3679 2434 3732; x_wconf 88' lang='lat' dir='ltr'><strong>hac</strong></span> <span class='ocrx_word' id='word_1_744' title='bbox 2460 3676 2742 3731; x_wconf 91' lang='lat' dir='ltr'><strong>sententia</strong></span> <span class='ocrx_word' id='word_1_745' title='bbox 2797 3681 2856 3730; x_wconf 93' lang='lat' dir='ltr'><strong>et</strong></span> <span class='ocrx_word' id='word_1_746' title='bbox 2873 3674 3263 3730; x_wconf 80' lang='lat' dir='ltr'><strong>haereticorum</strong></span> <span class='ocrx_word' id='word_1_747' title='bbox 3287 3689 3384 3727; x_wconf 60' lang='lat' dir='ltr'><strong>ne-</strong></span> 
     </span>
    </p>
   </div>
   <div class='ocr_carea' id='block_1_86' title="bbox 1786 3762 3382 3842">
    <p class='ocr_par' dir='ltr' id='par_1_86' title="bbox 1786 3762 3382 3842">
     <span class='ocr_line' id='line_1_86' title="bbox 1786 3762 3382 3842; baseline -0.006 -17"><span class='ocrx_word' id='word_1_748' title='bbox 1786 3769 1966 3842; x_wconf 88' lang='lat' dir='ltr'><strong>quitia</strong></span> <span class='ocrx_word' id='word_1_749' title='bbox 1983 3767 2314 3840; x_wconf 89' lang='lat' dir='ltr'><strong>percutitur,</strong></span> <span class='ocrx_word' id='word_1_750' title='bbox 2347 3766 2444 3838; x_wconf 91' lang='lat' dir='ltr'><strong>qui</strong></span> <span class='ocrx_word' id='word_1_751' title='bbox 2469 3766 2599 3820; x_wconf 90' lang='lat' dir='ltr'><strong>licet</strong></span> <span class='ocrx_word' id='word_1_752' title='bbox 2630 3764 2826 3836; x_wconf 79' lang='lat' dir='ltr'><strong>gratiae</strong></span> <span class='ocrx_word' id='word_1_753' title='bbox 2856 3762 3164 3836; x_wconf 90' lang='lat' dir='ltr'><strong>spiritualis</strong></span> <span class='ocrx_word' id='word_1_754' title='bbox 3194 3779 3230 3817; x_wconf 95' lang='lat' dir='ltr'><strong>a</strong></span> <span class='ocrx_word' id='word_1_755' title='bbox 3255 3778 3382 3816; x_wconf 86' lang='lat' dir='ltr'><strong>san-</strong></span> 
     </span>
    </p>
   </div>
   <div class='ocr_carea' id='block_1_87' title="bbox 1785 3853 3380 3931">
    <p class='ocr_par' dir='ltr' id='par_1_87' title="bbox 1785 3853 3380 3931">
     <span class='ocr_line' id='line_1_87' title="bbox 1785 3853 3380 3931; baseline -0.006 -17"><span class='ocrx_word' id='word_1_756' title='bbox 1785 3860 1888 3915; x_wconf 89' lang='lat' dir='ltr'><strong>ctis</strong></span> <span class='ocrx_word' id='word_1_757' title='bbox 1908 3855 2370 3931; x_wconf 62' lang='lat' dir='ltr'><strong>praedicatoribus</strong></span> <span class='ocrx_word' id='word_1_758' title='bbox 2397 3871 2603 3927; x_wconf 90' lang='lat' dir='ltr'><strong>purum</strong></span> <span class='ocrx_word' id='word_1_759' title='bbox 2631 3854 2836 3925; x_wconf 85' lang='lat' dir='ltr'><strong>dogma</strong></span> <span class='ocrx_word' id='word_1_760' title='bbox 2860 3853 3122 3925; x_wconf 89' lang='lat' dir='ltr'><strong>primitus</strong></span> <span class='ocrx_word' id='word_1_761' title='bbox 3149 3868 3380 3923; x_wconf 88' lang='lat' dir='ltr'><strong>accepe-</strong></span> 
     </span>
    </p>
   </div>
   <div class='ocr_carea' id='block_1_88' title="bbox 1787 3931 3472 4018">
    <p class='ocr_par' dir='ltr' id='par_1_88' title="bbox 1787 3931 3472 4018">
     <span class='ocr_line' id='line_1_88' title="bbox 1787 3931 3472 4018; baseline -0.005 -14"><span class='ocrx_word' id='word_1_762' title='bbox 1787 3954 1938 4013; x_wconf 89' lang='lat' dir='ltr'><strong>runt,</strong></span> <span class='ocrx_word' id='word_1_763' title='bbox 1969 3946 2076 4018; x_wconf 90' lang='lat' dir='ltr'><strong>ipsi</strong></span> <span class='ocrx_word' id='word_1_764' title='bbox 2101 3952 2295 4000; x_wconf 90' lang='lat' dir='ltr'><strong>tamen</strong></span> <span class='ocrx_word' id='word_1_765' title='bbox 2322 3943 2607 3999; x_wconf 90' lang='lat' dir='ltr'><strong>erroribus</strong></span> <span class='ocrx_word' id='word_1_766' title='bbox 2627 3944 2744 3997; x_wconf 88' lang='lat' dir='ltr'><strong>suis</strong></span> <span class='ocrx_word' id='word_1_767' title='bbox 2785 3943 2923 3997; x_wconf 91' lang='lat' dir='ltr'><strong>illud</strong></span> <span class='ocrx_word' id='word_1_768' title='bbox 2953 3941 3237 3996; x_wconf 88' lang='lat' dir='ltr'><strong>maculare</strong></span> <span class='ocrx_word' id='word_1_769' title='bbox 3268 3955 3380 3995; x_wconf 92' lang='lat' dir='ltr'><strong>non</strong></span> <span class='ocrx_word' id='word_1_770' title='bbox 3447 3931 3472 3954; x_wconf 38' lang='grc' dir='ltr'><strong>λ</strong></span> 
     </span>
    </p>
   </div>
   <div class='ocr_carea' id='block_1_89' title="bbox 1787 4031 3378 4111">
    <p class='ocr_par' dir='ltr' id='par_1_89' title="bbox 1787 4031 3378 4111">
     <span class='ocr_line' id='line_1_89' title="bbox 1787 4031 3378 4111; baseline -0.004 -20"><span class='ocrx_word' id='word_1_771' title='bbox 1787 4034 2258 4111; x_wconf 87' lang='lat' dir='ltr'><strong>pertimescebant</strong></span> <span class='ocrx_word' id='word_1_772' title='bbox 2273 4039 2332 4088; x_wconf 92' lang='lat' dir='ltr'><strong>et</strong></span> <span class='ocrx_word' id='word_1_773' title='bbox 2358 4033 2484 4088; x_wconf 90' lang='lat' dir='ltr'><strong>ideo</strong></span> <span class='ocrx_word' id='word_1_774' title='bbox 2501 4039 2626 4088; x_wconf 83' lang='lat' dir='ltr'><strong>tota</strong></span> <span class='ocrx_word' id='word_1_775' title='bbox 2653 4032 2908 4088; x_wconf 89' lang='lat' dir='ltr'><strong>doctrina</strong></span> <span class='ocrx_word' id='word_1_776' title='bbox 2923 4047 3120 4086; x_wconf 90' lang='lat' dir='ltr'><strong>eorum</strong></span> <span class='ocrx_word' id='word_1_777' title='bbox 3136 4031 3196 4086; x_wconf 92' lang='lat' dir='ltr'><strong>in</strong></span> <span class='ocrx_word' id='word_1_778' title='bbox 3214 4031 3378 4098; x_wconf 84' lang='lat' dir='ltr'><strong>fellis,</strong></span> 
     </span>
    </p>
   </div>
   <div class='ocr_carea' id='block_1_90' title="bbox 1783 4123 3118 4183">
    <p class='ocr_par' dir='ltr' id='par_1_90' title="bbox 1783 4123 3118 4183">
     <span class='ocr_line' id='line_1_90' title="bbox 1783 4123 3118 4183; baseline -0.005 -1"><span class='ocrx_word' id='word_1_779' title='bbox 1783 4135 1840 4183; x_wconf 91' lang='lat' dir='ltr'><strong>et</strong></span> <span class='ocrx_word' id='word_1_780' title='bbox 1866 4127 1926 4180; x_wconf 91' lang='lat' dir='ltr'><strong>in</strong></span> <span class='ocrx_word' id='word_1_781' title='bbox 1955 4123 2217 4180; x_wconf 85' lang='lat' dir='ltr'><strong>absinthii</strong></span> <span class='ocrx_word' id='word_1_782' title='bbox 2247 4123 2687 4178; x_wconf 87' lang='lat' dir='ltr'><strong>amaritudinem</strong></span> <span class='ocrx_word' id='word_1_783' title='bbox 2716 4139 2984 4176; x_wconf 88' lang='lat' dir='ltr'><strong>conversa</strong></span> <span class='ocrx_word' id='word_1_784' title='bbox 3013 4126 3118 4175; x_wconf 90' lang='lat' dir='ltr'><strong>est.</strong></span> 
     </span>
    </p>
   </div>
   <div class='ocr_carea' id='block_1_91' title="bbox 1859 4255 3383 4326">
    <p class='ocr_par' dir='ltr' id='par_1_91' title="bbox 1859 4255 3383 4326">
     <span class='ocr_line' id='line_1_91' title="bbox 1859 4255 3383 4326; baseline -0.001 -16"><span class='ocrx_word' id='word_1_785' title='bbox 1859 4279 1884 4310; x_wconf 77' lang='grc' dir='ltr'><strong><em>α</em></strong></span> <span class='ocrx_word' id='word_1_786' title='bbox 1909 4259 2007 4313; x_wconf 91' lang='lat' dir='ltr'><strong>Fel</strong></span> <span class='ocrx_word' id='word_1_787' title='bbox 2035 4259 2342 4312; x_wconf 80' lang='lat' dir='ltr'><strong>draconum</strong></span> <span class='ocrx_word' id='word_1_788' title='bbox 2371 4257 2563 4312; x_wconf 90' lang='lat' dir='ltr'><strong>vinum</strong></span> <span class='ocrx_word' id='word_1_789' title='bbox 2593 4273 2808 4321; x_wconf 90' lang='lat' dir='ltr'><strong>eorum,</strong></span> <span class='ocrx_word' id='word_1_790' title='bbox 2841 4260 2907 4310; x_wconf 91' lang='lat' dir='ltr'><strong>ut</strong></span> <span class='ocrx_word' id='word_1_791' title='bbox 2923 4271 3201 4310; x_wconf 89' lang='lat' dir='ltr'><strong>venenum</strong></span> <span class='ocrx_word' id='word_1_792' title='bbox 3232 4255 3383 4326; x_wconf 86' lang='lat' dir='ltr'><strong>aspi-</strong></span> 
     </span>
    </p>
   </div>
   <div class='ocr_carea' id='block_1_92' title="bbox 1791 4343 3386 4402">
    <p class='ocr_par' dir='ltr' id='par_1_92' title="bbox 1791 4343 3386 4402">
     <span class='ocr_line' id='line_1_92' title="bbox 1791 4343 3386 4402; baseline -0.003 -2"><span class='ocrx_word' id='word_1_793' title='bbox 1791 4368 1816 4400; x_wconf 86' lang='grc'><strong>(‹</strong></span> <span class='ocrx_word' id='word_1_794' title='bbox 1847 4349 1982 4402; x_wconf 90' lang='lat' dir='ltr'><strong>dum</strong></span> <span class='ocrx_word' id='word_1_795' title='bbox 2003 4346 2333 4402; x_wconf 87' lang='lat' dir='ltr'><strong>insanabile.</strong></span> <span class='ocrx_word' id='word_1_796' title='bbox 2374 4367 2399 4399; x_wconf 88' lang='lat'>»</span> <span class='ocrx_word' id='word_1_797' title='bbox 2431 4346 2557 4400; x_wconf 79' lang='lat' dir='ltr'><strong>Alia</strong></span> <span class='ocrx_word' id='word_1_798' title='bbox 2589 4346 2760 4400; x_wconf 90' lang='lat' dir='ltr'><strong>editio</strong></span> <span class='ocrx_word' id='word_1_799' title='bbox 2786 4363 2797 4397; x_wconf 92' lang='lat'>:</span> <span class='ocrx_word' id='word_1_800' title='bbox 2825 4365 2847 4394; x_wconf 76' lang='grc' dir='ltr'>ι</span> <span class='ocrx_word' id='word_1_801' title='bbox 2880 4345 3061 4398; x_wconf 91' lang='lat' dir='ltr'><strong>Furor</strong></span> <span class='ocrx_word' id='word_1_802' title='bbox 3075 4343 3386 4398; x_wconf 90' lang='lat' dir='ltr'><strong>draconum</strong></span> 
     </span>
    </p>
   </div>
   <div class='ocr_carea' id='block_1_93' title="bbox 1786 4431 3384 4505">
    <p class='ocr_par' dir='ltr' id='par_1_93' title="bbox 1786 4431 3384 4505">
     <span class='ocr_line' id='line_1_93' title="bbox 1786 4431 3384 4505; baseline -0.001 -17"><span class='ocrx_word' id='word_1_803' title='bbox 1786 4437 1978 4492; x_wconf 90' lang='lat' dir='ltr'><strong>vinum</strong></span> <span class='ocrx_word' id='word_1_804' title='bbox 2009 4453 2224 4502; x_wconf 90' lang='lat' dir='ltr'><strong>eorum,</strong></span> <span class='ocrx_word' id='word_1_805' title='bbox 2258 4442 2317 4490; x_wconf 90' lang='lat' dir='ltr'><strong>et</strong></span> <span class='ocrx_word' id='word_1_806' title='bbox 2339 4435 2497 4490; x_wconf 89' lang='lat' dir='ltr'><strong>furor</strong></span> <span class='ocrx_word' id='word_1_807' title='bbox 2524 4434 2780 4505; x_wconf 87' lang='lat' dir='ltr'><strong>aspidum</strong></span> <span class='ocrx_word' id='word_1_808' title='bbox 2811 4431 3160 4486; x_wconf 87' lang='lat' dir='ltr'><strong>insanabilis.</strong></span> <span class='ocrx_word' id='word_1_809' title='bbox 3189 4449 3216 4484; x_wconf 76' lang='grc' dir='ltr'><strong><em>α</em></strong></span> <span class='ocrx_word' id='word_1_810' title='bbox 3239 4433 3384 4503; x_wconf 86' lang='lat' dir='ltr'><strong>Apte</strong></span> 
     </span>
    </p>
   </div>
   <div class='ocr_carea' id='block_1_94' title="bbox 1786 4520 3386 4597">
    <p class='ocr_par' dir='ltr' id='par_1_94' title="bbox 1786 4520 3386 4597">
     <span class='ocr_line' id='line_1_94' title="bbox 1786 4520 3386 4597; baseline -0.005 -15"><span class='ocrx_word' id='word_1_811' title='bbox 1786 4527 2108 4582; x_wconf 68' lang='lat' dir='ltr'><strong>Iudaeorum</strong></span> <span class='ocrx_word' id='word_1_812' title='bbox 2130 4525 2366 4597; x_wconf 84' lang='lat' dir='ltr'><strong>perﬁdia</strong></span> <span class='ocrx_word' id='word_1_813' title='bbox 2395 4529 2453 4578; x_wconf 91' lang='lat' dir='ltr'><strong>et</strong></span> <span class='ocrx_word' id='word_1_814' title='bbox 2477 4523 2869 4578; x_wconf 67' lang='lat' dir='ltr'><strong>haereticorum</strong></span> <span class='ocrx_word' id='word_1_815' title='bbox 2909 4520 3157 4575; x_wconf 89' lang='lat' dir='ltr'><strong>versutia</strong></span> <span class='ocrx_word' id='word_1_816' title='bbox 3192 4520 3386 4574; x_wconf 89' lang='lat' dir='ltr'><strong>draco-</strong></span> 
     </span>
    </p>
   </div>
   <div class='ocr_carea' id='block_1_95' title="bbox 1787 4611 3386 4694">
    <p class='ocr_par' dir='ltr' id='par_1_95' title="bbox 1787 4611 3386 4694">
     <span class='ocr_line' id='line_1_95' title="bbox 1787 4611 3386 4694; baseline -0.005 -22"><span class='ocrx_word' id='word_1_817' title='bbox 1787 4633 1926 4674; x_wconf 85' lang='lat' dir='ltr'><strong>num</strong></span> <span class='ocrx_word' id='word_1_818' title='bbox 1937 4616 2121 4670; x_wconf 90' lang='lat' dir='ltr'><strong>felliet</strong></span> <span class='ocrx_word' id='word_1_819' title='bbox 2132 4614 2390 4685; x_wconf 91' lang='lat' dir='ltr'><strong>aspidum</strong></span> <span class='ocrx_word' id='word_1_820' title='bbox 2409 4628 2622 4694; x_wconf 78' lang='lat' dir='ltr'><strong>veneno</strong></span> <span class='ocrx_word' id='word_1_821' title='bbox 2643 4617 3062 4682; x_wconf 88' lang='lat' dir='ltr'><strong>comparantur,</strong></span> <span class='ocrx_word' id='word_1_822' title='bbox 3081 4611 3216 4682; x_wconf 90' lang='lat' dir='ltr'><strong>quia</strong></span> <span class='ocrx_word' id='word_1_823' title='bbox 3239 4611 3386 4666; x_wconf 89' lang='lat' dir='ltr'><strong>sicut</strong></span> 
     </span>
    </p>
   </div>
   <div class='ocr_carea' id='block_1_96' title="bbox 1787 4700 3380 4776">
    <p class='ocr_par' dir='ltr' id='par_1_96' title="bbox 1787 4700 3380 4776">
     <span class='ocr_line' id='line_1_96' title="bbox 1787 4700 3380 4776; baseline -0.004 -16"><span class='ocrx_word' id='word_1_824' title='bbox 1787 4711 2076 4776; x_wconf 90' lang='lat' dir='ltr'><strong>serpentes</strong></span> <span class='ocrx_word' id='word_1_825' title='bbox 2092 4702 2526 4756; x_wconf 87' lang='lat' dir='ltr'><strong>amaritudinem</strong></span> <span class='ocrx_word' id='word_1_826' title='bbox 2547 4707 2605 4755; x_wconf 92' lang='lat' dir='ltr'><strong>et</strong></span> <span class='ocrx_word' id='word_1_827' title='bbox 2623 4700 2970 4754; x_wconf 82' lang='lat' dir='ltr'><strong>venenumin</strong></span> <span class='ocrx_word' id='word_1_828' title='bbox 2999 4717 3060 4755; x_wconf 93' lang='lat' dir='ltr'><strong>se</strong></span> <span class='ocrx_word' id='word_1_829' title='bbox 3079 4701 3380 4765; x_wconf 87' lang='lat' dir='ltr'><strong>occultant,</strong></span> 
     </span>
    </p>
   </div>
   <div class='ocr_carea' id='block_1_97' title="bbox 1789 4789 3385 4866">
    <p class='ocr_par' dir='ltr' id='par_1_97' title="bbox 1789 4789 3385 4866">
     <span class='ocr_line' id='line_1_97' title="bbox 1789 4789 3385 4866; baseline -0.004 -18"><span class='ocrx_word' id='word_1_830' title='bbox 1789 4800 2068 4866; x_wconf 88' lang='lat' dir='ltr'><strong>quatenus</strong></span> <span class='ocrx_word' id='word_1_831' title='bbox 2095 4793 2350 4846; x_wconf 87' lang='lat' dir='ltr'><strong>incautos</strong></span> <span class='ocrx_word' id='word_1_832' title='bbox 2386 4790 2685 4862; x_wconf 87' lang='lat' dir='ltr'><strong>improvise</strong></span> <span class='ocrx_word' id='word_1_833' title='bbox 2727 4789 2952 4854; x_wconf 70' lang='lat' dir='ltr'><strong>laadant,</strong></span> <span class='ocrx_word' id='word_1_834' title='bbox 2997 4789 3078 4843; x_wconf 88' lang='lat' dir='ltr'><strong>sic</strong></span> <span class='ocrx_word' id='word_1_835' title='bbox 3113 4795 3172 4844; x_wconf 93' lang='lat' dir='ltr'><strong>et</strong></span> <span class='ocrx_word' id='word_1_836' title='bbox 3208 4789 3385 4844; x_wconf 87' lang='lat' dir='ltr'><strong>Judaei</strong></span> 
     </span>
    </p>
   </div>
   <div class='ocr_carea' id='block_1_98' title="bbox 1789 4877 3386 4953">
    <p class='ocr_par' dir='ltr' id='par_1_98' title="bbox 1789 4877 3386 4953">
     <span class='ocr_line' id='line_1_98' title="bbox 1789 4877 3386 4953; baseline -0.004 -15"><span class='ocrx_word' id='word_1_837' title='bbox 1789 4889 1959 4953; x_wconf 91' lang='lat' dir='ltr'><strong>atque</strong></span> <span class='ocrx_word' id='word_1_838' title='bbox 1988 4880 2232 4936; x_wconf 58' lang='lat' dir='ltr'><strong>haeretici</strong></span> <span class='ocrx_word' id='word_1_839' title='bbox 2261 4880 2535 4934; x_wconf 88' lang='lat' dir='ltr'><strong>malitiam</strong></span> <span class='ocrx_word' id='word_1_840' title='bbox 2557 4895 2717 4933; x_wconf 85' lang='lat' dir='ltr'><strong>suam</strong></span> <span class='ocrx_word' id='word_1_841' title='bbox 2739 4879 2866 4932; x_wconf 88' lang='lat' dir='ltr'><strong>dolo</strong></span> <span class='ocrx_word' id='word_1_842' title='bbox 2895 4883 2953 4932; x_wconf 90' lang='lat' dir='ltr'><strong>et</strong></span> <span class='ocrx_word' id='word_1_843' title='bbox 2978 4877 3270 4934; x_wconf 87' lang='lat' dir='ltr'><strong>fraudibus</strong></span> <span class='ocrx_word' id='word_1_844' title='bbox 3298 4895 3386 4932; x_wconf 90' lang='lat' dir='ltr'><strong>ve-</strong></span> 
     </span>
    </p>
   </div>
   <div class='ocr_carea' id='block_1_99' title="bbox 1787 4967 3482 5042">
    <p class='ocr_par' dir='ltr' id='par_1_99' title="bbox 1787 4967 3482 5042">
     <span class='ocr_line' id='line_1_99' title="bbox 1787 4967 3482 5042; baseline -0.004 -16"><span class='ocrx_word' id='word_1_845' title='bbox 1787 4969 2607 5042; x_wconf 82' lang='lat' dir='ltr'><strong>lant,quatenusimprudentes</strong></span> <span class='ocrx_word' id='word_1_846' title='bbox 2627 4969 2842 5023; x_wconf 83' lang='lat' dir='ltr'><strong>facilius</strong></span> <span class='ocrx_word' id='word_1_847' title='bbox 2853 4967 3386 5037; x_wconf 85' lang='lat' dir='ltr'><strong>exstinguant.Bene</strong></span> <span class='ocrx_word' id='word_1_848' title='bbox 3473 5021 3482 5028; x_wconf 62' lang='grc'><em>,</em></span> 
     </span>
    </p>
   </div>
   <div class='ocr_carea' id='block_1_100' title="bbox 1789 5055 3388 5131">
    <p class='ocr_par' dir='ltr' id='par_1_100' title="bbox 1789 5055 3388 5131">
     <span class='ocr_line' id='line_1_100' title="bbox 1789 5055 3388 5131; baseline -0.003 -17"><span class='ocrx_word' id='word_1_849' title='bbox 1789 5076 1922 5131; x_wconf 88' lang='lat' dir='ltr'><strong>ergo</strong></span> <span class='ocrx_word' id='word_1_850' title='bbox 1947 5059 2177 5114; x_wconf 89' lang='lat' dir='ltr'><strong>dicitur:</strong></span> <span class='ocrx_word' id='word_1_851' title='bbox 2200 5079 2222 5110; x_wconf 71' lang='grc' dir='ltr'>ε</span> <span class='ocrx_word' id='word_1_852' title='bbox 2257 5058 2549 5112; x_wconf 82' lang='lat' dir='ltr'><strong>Venenum</strong></span> <span class='ocrx_word' id='word_1_853' title='bbox 2579 5057 2838 5129; x_wconf 90' lang='lat' dir='ltr'><strong>aspidum</strong></span> <span class='ocrx_word' id='word_1_854' title='bbox 2869 5055 3234 5121; x_wconf 65' lang='lat' dir='ltr'><strong>insanabile,n</strong></span> <span class='ocrx_word' id='word_1_855' title='bbox 3255 5055 3388 5126; x_wconf 88' lang='lat' dir='ltr'><strong>quia</strong></span> 
     </span>
    </p>
   </div>
   <div class='ocr_carea' id='block_1_101' title="bbox 1789 5144 3386 5219">
    <p class='ocr_par' dir='ltr' id='par_1_101' title="bbox 1789 5144 3386 5219">
     <span class='ocr_line' id='line_1_101' title="bbox 1789 5144 3386 5219; baseline -0.002 -17"><span class='ocrx_word' id='word_1_856' title='bbox 1789 5149 2183 5204; x_wconf 78' lang='lat' dir='ltr'><strong>haereticorum</strong></span> <span class='ocrx_word' id='word_1_857' title='bbox 2229 5163 2388 5201; x_wconf 90' lang='lat' dir='ltr'><strong>error</strong></span> <span class='ocrx_word' id='word_1_858' title='bbox 2431 5163 2824 5219; x_wconf 87' lang='lat' dir='ltr'><strong>quemcunque</strong></span> <span class='ocrx_word' id='word_1_859' title='bbox 2853 5145 3139 5212; x_wconf 78' lang='lat' dir='ltr'><strong>invaserit,</strong></span> <span class='ocrx_word' id='word_1_860' title='bbox 3184 5144 3294 5200; x_wconf 90' lang='lat' dir='ltr'><strong>nisi</strong></span> <span class='ocrx_word' id='word_1_861' title='bbox 3325 5161 3386 5199; x_wconf 90' lang='lat' dir='ltr'><strong>se</strong></span> 
     </span>
    </p>
   </div>
   <div class='ocr_carea' id='block_1_102' title="bbox 1791 5235 3382 5306">
    <p class='ocr_par' dir='ltr' id='par_1_102' title="bbox 1791 5235 3382 5306">
     <span class='ocr_line' id='line_1_102' title="bbox 1791 5235 3382 5306; baseline -0.001 -14"><span class='ocrx_word' id='word_1_862' title='bbox 1791 5237 1920 5292; x_wconf 90' lang='lat' dir='ltr'><strong>inde</strong></span> <span class='ocrx_word' id='word_1_863' title='bbox 1965 5235 2301 5302; x_wconf 89' lang='lat' dir='ltr'><strong>liberaverit,</strong></span> <span class='ocrx_word' id='word_1_864' title='bbox 2335 5235 2455 5290; x_wconf 90' lang='lat' dir='ltr'><strong>sine</strong></span> <span class='ocrx_word' id='word_1_865' title='bbox 2501 5236 2673 5290; x_wconf 89' lang='lat' dir='ltr'><strong>dubio</strong></span> <span class='ocrx_word' id='word_1_866' title='bbox 2703 5237 2762 5290; x_wconf 90' lang='lat' dir='ltr'><strong>in</strong></span> <span class='ocrx_word' id='word_1_867' title='bbox 2810 5240 3084 5291; x_wconf 68' lang='lat' dir='ltr'><strong>aeternum</strong></span> <span class='ocrx_word' id='word_1_868' title='bbox 3137 5235 3382 5306; x_wconf 89' lang='lat' dir='ltr'><strong>perimit.</strong></span> 
     </span>
    </p>
   </div>
   <div class='ocr_carea' id='block_1_103' title="bbox 1791 5324 3390 5396">
    <p class='ocr_par' dir='ltr' id='par_1_103' title="bbox 1791 5324 3390 5396">
     <span class='ocr_line' id='line_1_103' title="bbox 1791 5324 3390 5396; baseline -0.001 -14"><span class='ocrx_word' id='word_1_869' title='bbox 1791 5327 1952 5392; x_wconf 91' lang='lat' dir='ltr'><strong>Quod</strong></span> <span class='ocrx_word' id='word_1_870' title='bbox 1980 5331 2168 5381; x_wconf 88' lang='lat' dir='ltr'><strong>autem</strong></span> <span class='ocrx_word' id='word_1_871' title='bbox 2194 5327 2358 5396; x_wconf 86' lang='lat' dir='ltr'><strong>juxta</strong></span> <span class='ocrx_word' id='word_1_872' title='bbox 2377 5325 2545 5380; x_wconf 89' lang='lat' dir='ltr'><strong>aliam</strong></span> <span class='ocrx_word' id='word_1_873' title='bbox 2576 5325 2878 5380; x_wconf 90' lang='lat' dir='ltr'><strong>editionem</strong></span> <span class='ocrx_word' id='word_1_874' title='bbox 2899 5324 3131 5395; x_wconf 87' lang='lat' dir='ltr'><strong>legitur:</strong></span> <span class='ocrx_word' id='word_1_875' title='bbox 3161 5343 3190 5377; x_wconf 86' lang='grc'><strong>‹‹</strong></span> <span class='ocrx_word' id='word_1_876' title='bbox 3210 5324 3390 5380; x_wconf 88' lang='lat' dir='ltr'><strong>Furor</strong></span> 
     </span>
    </p>
   </div>
   <div class='ocr_carea' id='block_1_104' title="bbox 1788 5413 3389 5487">
    <p class='ocr_par' dir='ltr' id='par_1_104' title="bbox 1788 5413 3389 5487">
     <span class='ocr_line' id='line_1_104' title="bbox 1788 5413 3389 5487; baseline -0.001 -16"><span class='ocrx_word' id='word_1_877' title='bbox 1788 5417 2094 5471; x_wconf 89' lang='lat' dir='ltr'><strong>draconum</strong></span> <span class='ocrx_word' id='word_1_878' title='bbox 2117 5414 2309 5470; x_wconf 90' lang='lat' dir='ltr'><strong>vinum</strong></span> <span class='ocrx_word' id='word_1_879' title='bbox 2339 5431 2555 5482; x_wconf 89' lang='lat' dir='ltr'><strong>eorum,</strong></span> <span class='ocrx_word' id='word_1_880' title='bbox 2577 5421 2633 5470; x_wconf 91' lang='lat' dir='ltr'><strong>et</strong></span> <span class='ocrx_word' id='word_1_881' title='bbox 2661 5415 2818 5470; x_wconf 82' lang='lat' dir='ltr'><strong>furor</strong></span> <span class='ocrx_word' id='word_1_882' title='bbox 2831 5413 3090 5487; x_wconf 89' lang='lat' dir='ltr'><strong>aspidum</strong></span> <span class='ocrx_word' id='word_1_883' title='bbox 3109 5414 3389 5470; x_wconf 85' lang='lat' dir='ltr'><strong>insanabi-</strong></span> 
     </span>
    </p>
   </div>
   <div class='ocr_carea' id='block_1_105' title="bbox 1787 5503 3385 5575">
    <p class='ocr_par' dir='ltr' id='par_1_105' title="bbox 1787 5503 3385 5575">
     <span class='ocr_line' id='line_1_105' title="bbox 1787 5503 3385 5575; baseline -0.001 -15"><span class='ocrx_word' id='word_1_884' title='bbox 1787 5506 1877 5571; x_wconf 93' lang='lat' dir='ltr'><strong>lis,</strong></span> <span class='ocrx_word' id='word_1_885' title='bbox 1907 5523 1936 5560; x_wconf 70' lang='grc' dir='ltr'><strong><em>ι</em></strong></span> <span class='ocrx_word' id='word_1_886' title='bbox 1969 5504 2216 5562; x_wconf 89' lang='lat' dir='ltr'><strong>ostendit</strong></span> <span class='ocrx_word' id='word_1_887' title='bbox 2240 5521 2352 5560; x_wconf 92' lang='lat' dir='ltr'><strong>non</strong></span> <span class='ocrx_word' id='word_1_888' title='bbox 2369 5521 2521 5560; x_wconf 68' lang='lat' dir='ltr'><strong>sana:</strong></span> <span class='ocrx_word' id='word_1_889' title='bbox 2549 5521 2674 5560; x_wconf 90' lang='lat' dir='ltr'><strong>esse</strong></span> <span class='ocrx_word' id='word_1_890' title='bbox 2695 5505 2920 5572; x_wconf 90' lang='lat' dir='ltr'><strong>mentis,</strong></span> <span class='ocrx_word' id='word_1_891' title='bbox 2949 5503 3046 5560; x_wconf 90' lang='lat' dir='ltr'><strong>sed</strong></span> <span class='ocrx_word' id='word_1_892' title='bbox 3087 5503 3268 5575; x_wconf 89' lang='lat' dir='ltr'><strong>magis</strong></span> <span class='ocrx_word' id='word_1_893' title='bbox 3296 5503 3385 5558; x_wconf 91' lang='lat' dir='ltr'><strong>in-</strong></span> 
     </span>
    </p>
   </div>
   <div class='ocr_carea' id='block_1_106' title="bbox 1785 5593 3386 5668">
    <p class='ocr_par' dir='ltr' id='par_1_106' title="bbox 1785 5593 3386 5668">
     <span class='ocr_line' id='line_1_106' title="bbox 1785 5593 3386 5668; baseline 0 -20"><span class='ocrx_word' id='word_1_894' title='bbox 1785 5593 2073 5661; x_wconf 85' lang='lat' dir='ltr'><strong>sanientis,</strong></span> <span class='ocrx_word' id='word_1_895' title='bbox 2097 5594 2269 5649; x_wconf 88' lang='lat' dir='ltr'><strong>vitam</strong></span> <span class='ocrx_word' id='word_1_896' title='bbox 2299 5599 2570 5649; x_wconf 78' lang='lat' dir='ltr'><strong>aeternam</strong></span> <span class='ocrx_word' id='word_1_897' title='bbox 2599 5611 2865 5668; x_wconf 89' lang='lat' dir='ltr'><strong>spernere</strong></span> <span class='ocrx_word' id='word_1_898' title='bbox 2894 5600 2953 5648; x_wconf 91' lang='lat' dir='ltr'><strong>et</strong></span> <span class='ocrx_word' id='word_1_899' title='bbox 2987 5601 3226 5651; x_wconf 85' lang='lat' dir='ltr'><strong>mortem</strong></span> <span class='ocrx_word' id='word_1_900' title='bbox 3257 5609 3386 5666; x_wconf 86' lang='lat' dir='ltr'><strong>per-</strong></span> 
     </span>
    </p>
   </div>
  </div>
