  <div class='ocr_page' id='page_1' title='image "/cluster/home/n/w/nwhite01/storage/ocr_20150623/112/hvd.32044054759774/579.png"; bbox 0 0 3942 6158; ppageno 0'>
   <div class='ocr_carea' id='block_1_1' title="bbox 508 372 644 437">
    <p class='ocr_par' dir='ltr' id='par_1_1' title="bbox 508 372 644 437">
     <span class='ocr_line' id='line_1_1' title="bbox 508 372 644 437; baseline -0.015 -1"><span class='ocrx_word' id='word_1_1' title='bbox 508 372 644 437; x_wconf 78' lang='grc'><strong>1147</strong></span> 
     </span>
    </p>
   </div>
   <div class='ocr_carea' id='block_1_2' title="bbox 1033 332 3186 437">
    <p class='ocr_par' dir='ltr' id='par_1_2' title="bbox 1033 332 3186 437">
     <span class='ocr_line' id='line_1_2' title="bbox 1033 332 3186 437; baseline 0 -4"><span class='ocrx_word' id='word_1_2' title='bbox 1033 332 1037 336; x_wconf 57' lang='grc'><em>’</em></span> <span class='ocrx_word' id='word_1_3' title='bbox 1093 378 1156 433; x_wconf 83' lang='lat' dir='ltr'>s.</span> <span class='ocrx_word' id='word_1_4' title='bbox 1195 372 1472 434; x_wconf 72' lang='lat' dir='ltr'>mm</span> <span class='ocrx_word' id='word_1_5' title='bbox 1510 370 1743 436; x_wconf 69' lang='lat' dir='ltr'>mum</span> <span class='ocrx_word' id='word_1_6' title='bbox 1780 373 2119 435; x_wconf 71' lang='lat' dir='ltr'>ARCHIEP.</span> <span class='ocrx_word' id='word_1_7' title='bbox 2159 370 2484 436; x_wconf 71' lang='lat' dir='ltr'>uocum.</span> <span class='ocrx_word' id='word_1_8' title='bbox 2520 372 2823 436; x_wconf 74' lang='lat' dir='ltr'><strong>OPERUM</strong></span> <span class='ocrx_word' id='word_1_9' title='bbox 2867 374 3053 437; x_wconf 69' lang='lat' dir='ltr'>rans</span> <span class='ocrx_word' id='word_1_10' title='bbox 3089 368 3186 436; x_wconf 74' lang='lat' dir='ltr'>tu.</span> 
     </span>
    </p>
   </div>
   <div class='ocr_carea' id='block_1_3' title="bbox 3598 374 3713 443">
    <p class='ocr_par' dir='ltr' id='par_1_3' title="bbox 3598 374 3713 443">
     <span class='ocr_line' id='line_1_3' title="bbox 3598 374 3713 443; baseline 0.009 -1"><span class='ocrx_word' id='word_1_11' title='bbox 3598 374 3713 443; x_wconf 65' lang='lat' dir='ltr'>illi</span> 
     </span>
    </p>
   </div>
   <div class='ocr_carea' id='block_1_4' title="bbox 501 498 3716 577">
    <p class='ocr_par' dir='ltr' id='par_1_4' title="bbox 501 498 3716 577">
     <span class='ocr_line' id='line_1_4' title="bbox 501 498 3716 577; baseline 0.002 -19"><span class='ocrx_word' id='word_1_12' title='bbox 501 506 731 577; x_wconf 87' lang='lat' dir='ltr'>petuam</span> <span class='ocrx_word' id='word_1_13' title='bbox 759 500 985 574; x_wconf 80' lang='lat' dir='ltr'>eligere,</span> <span class='ocrx_word' id='word_1_14' title='bbox 1017 500 1311 559; x_wconf 80' lang='lat' dir='ltr'>veritatem</span> <span class='ocrx_word' id='word_1_15' title='bbox 1341 498 1628 575; x_wconf 84' lang='lat' dir='ltr'>Evangelii</span> <span class='ocrx_word' id='word_1_16' title='bbox 1667 502 2003 576; x_wconf 74' lang='lat' dir='ltr'>relinquere,</span> <span class='ocrx_word' id='word_1_17' title='bbox 2039 508 2098 559; x_wconf 90' lang='lat' dir='ltr'>et</span> <span class='ocrx_word' id='word_1_18' title='bbox 2113 504 2248 565; x_wconf 79' lang='lat' dir='ltr'>Ade</span> <span class='ocrx_word' id='word_1_19' title='bbox 2273 504 2442 574; x_wconf 79' lang='lat' dir='ltr'>gente</span> <span class='ocrx_word' id='word_1_20' title='bbox 2470 514 2584 559; x_wconf 82' lang='lat' dir='ltr'>non</span> <span class='ocrx_word' id='word_1_21' title='bbox 2630 506 2858 572; x_wconf 82' lang='lat' dir='ltr'>sancta;</span> <span class='ocrx_word' id='word_1_22' title='bbox 2900 500 2973 560; x_wconf 81' lang='lat' dir='ltr'>ab</span> <span class='ocrx_word' id='word_1_23' title='bbox 3000 503 3226 560; x_wconf 65' lang='lat' dir='ltr'>bonane</span> <span class='ocrx_word' id='word_1_24' title='bbox 3260 504 3444 577; x_wconf 77' lang='lat' dir='ltr'>iniquo</span> <span class='ocrx_word' id='word_1_25' title='bbox 3471 510 3527 562; x_wconf 81' lang='lat' dir='ltr'>et</span> <span class='ocrx_word' id='word_1_26' title='bbox 3556 502 3716 566; x_wconf 77' lang='lat' dir='ltr'>doloso</span> 
     </span>
    </p>
   </div>
   <div class='ocr_carea' id='block_1_5' title="bbox 432 578 1651 665">
    <p class='ocr_par' dir='ltr' id='par_1_5' title="bbox 432 578 1651 665">
     <span class='ocr_line' id='line_1_5' title="bbox 432 578 1651 665; baseline -0.001 -18"><span class='ocrx_word' id='word_1_27' title='bbox 432 578 441 584; x_wconf 57' lang='grc'><strong>’</strong></span> <span class='ocrx_word' id='word_1_28' title='bbox 503 608 758 648; x_wconf 89' lang='lat' dir='ltr'>errorum</span> <span class='ocrx_word' id='word_1_29' title='bbox 785 590 1063 649; x_wconf 79' lang='lat' dir='ltr'>fallaciam</span> <span class='ocrx_word' id='word_1_30' title='bbox 1089 593 1277 665; x_wconf 81' lang='lat' dir='ltr'>potius</span> <span class='ocrx_word' id='word_1_31' title='bbox 1305 593 1462 664; x_wconf 87' lang='lat' dir='ltr'>sequi</span> <span class='ocrx_word' id='word_1_32' title='bbox 1491 592 1651 647; x_wconf 80' lang='lat' dir='ltr'>velle.</span> 
     </span>
    </p>
   </div>
   <div class='ocr_carea' id='block_1_6' title="bbox 576 669 2096 753">
    <p class='ocr_par' dir='ltr' id='par_1_6' title="bbox 576 669 2096 753">
     <span class='ocr_line' id='line_1_6' title="bbox 576 669 2096 753; baseline 0.001 -18"><span class='ocrx_word' id='word_1_33' title='bbox 576 698 606 734; x_wconf 84' lang='grc'><strong>«</strong></span> <span class='ocrx_word' id='word_1_34' title='bbox 634 678 835 736; x_wconf 86' lang='lat' dir='ltr'>Nonne</span> <span class='ocrx_word' id='word_1_35' title='bbox 854 676 976 736; x_wconf 66' lang='lat' dir='ltr'>haec</span> <span class='ocrx_word' id='word_1_36' title='bbox 995 678 1220 736; x_wconf 87' lang='lat' dir='ltr'>condita</span> <span class='ocrx_word' id='word_1_37' title='bbox 1246 687 1380 736; x_wconf 87' lang='lat' dir='ltr'>sunt</span> <span class='ocrx_word' id='word_1_38' title='bbox 1405 669 1553 753; x_wconf 82' lang='lat' dir='ltr'>apud</span> <span class='ocrx_word' id='word_1_39' title='bbox 1576 696 1684 748; x_wconf 90' lang='lat' dir='ltr'>me,</span> <span class='ocrx_word' id='word_1_40' title='bbox 1705 686 1763 737; x_wconf 87' lang='lat' dir='ltr'>et</span> <span class='ocrx_word' id='word_1_41' title='bbox 1787 679 2011 753; x_wconf 82' lang='lat' dir='ltr'>signata</span> <span class='ocrx_word' id='word_1_42' title='bbox 2036 680 2096 736; x_wconf 85' lang='lat' dir='ltr'>in</span> 
     </span>
    </p>
   </div>
   <div class='ocr_carea' id='block_1_7' title="bbox 505 766 2098 826">
    <p class='ocr_par' dir='ltr' id='par_1_7' title="bbox 505 766 2098 826">
     <span class='ocr_line' id='line_1_7' title="bbox 505 766 2098 826; baseline 0.002 -3"><span class='ocrx_word' id='word_1_43' title='bbox 505 787 533 823; x_wconf 73' lang='grc' dir='ltr'><strong>α</strong></span> <span class='ocrx_word' id='word_1_44' title='bbox 561 766 841 825; x_wconf 77' lang='lat' dir='ltr'>thesauris</span> <span class='ocrx_word' id='word_1_45' title='bbox 860 771 1001 825; x_wconf 89' lang='lat' dir='ltr'>meis</span> <span class='ocrx_word' id='word_1_46' title='bbox 1020 770 1046 824; x_wconf 64' lang='grc' dir='ltr'>’ἵ</span> <span class='ocrx_word' id='word_1_47' title='bbox 1078 790 1102 823; x_wconf 71' lang='grc' dir='ltr'><strong><em>ι</em></strong></span> <span class='ocrx_word' id='word_1_48' title='bbox 1122 768 1248 826; x_wconf 86' lang='lat' dir='ltr'>Alia</span> <span class='ocrx_word' id='word_1_49' title='bbox 1266 768 1437 826; x_wconf 84' lang='lat' dir='ltr'>editio</span> <span class='ocrx_word' id='word_1_50' title='bbox 1465 789 1476 824; x_wconf 91' lang='lat'><strong>:</strong></span> <span class='ocrx_word' id='word_1_51' title='bbox 1499 784 1525 823; x_wconf 72' lang='grc' dir='ltr'><em>α</em></span> <span class='ocrx_word' id='word_1_52' title='bbox 1542 768 1740 826; x_wconf 80' lang='lat' dir='ltr'>Nonne</span> <span class='ocrx_word' id='word_1_53' title='bbox 1768 768 1884 826; x_wconf 74' lang='lat' dir='ltr'>haec</span> <span class='ocrx_word' id='word_1_54' title='bbox 1904 771 2098 826; x_wconf 89' lang='lat' dir='ltr'>omnia</span> 
     </span>
    </p>
   </div>
   <div class='ocr_carea' id='block_1_8' title="bbox 501 857 2094 932">
    <p class='ocr_par' dir='ltr' id='par_1_8' title="bbox 501 857 2094 932">
     <span class='ocr_line' id='line_1_8' title="bbox 501 857 2094 932; baseline 0 -18"><span class='ocrx_word' id='word_1_55' title='bbox 501 862 840 931; x_wconf 84' lang='lat' dir='ltr'>congregata</span> <span class='ocrx_word' id='word_1_56' title='bbox 885 864 1018 915; x_wconf 87' lang='lat' dir='ltr'>sunt</span> <span class='ocrx_word' id='word_1_57' title='bbox 1060 857 1209 932; x_wconf 88' lang='lat' dir='ltr'>apud</span> <span class='ocrx_word' id='word_1_58' title='bbox 1244 874 1334 914; x_wconf 87' lang='lat' dir='ltr'>me</span> <span class='ocrx_word' id='word_1_59' title='bbox 1368 862 1428 914; x_wconf 87' lang='lat' dir='ltr'>et</span> <span class='ocrx_word' id='word_1_60' title='bbox 1467 859 1689 931; x_wconf 84' lang='lat' dir='ltr'>signata</span> <span class='ocrx_word' id='word_1_61' title='bbox 1716 860 1775 915; x_wconf 89' lang='lat' dir='ltr'>in</span> <span class='ocrx_word' id='word_1_62' title='bbox 1812 860 2094 915; x_wconf 79' lang='lat' dir='ltr'>thesauris</span> 
     </span>
    </p>
   </div>
   <div class='ocr_carea' id='block_1_9' title="bbox 502 944 2092 1022">
    <p class='ocr_par' dir='ltr' id='par_1_9' title="bbox 502 944 2092 1022">
     <span class='ocr_line' id='line_1_9' title="bbox 502 944 2092 1022; baseline 0.001 -19"><span class='ocrx_word' id='word_1_63' title='bbox 502 944 687 1004; x_wconf 84' lang='lat' dir='ltr'>meis?</span> <span class='ocrx_word' id='word_1_64' title='bbox 717 967 744 1002; x_wconf 73' lang='grc' dir='ltr'><strong><em>ι</em></strong></span> <span class='ocrx_word' id='word_1_65' title='bbox 769 944 942 1005; x_wconf 89' lang='lat' dir='ltr'>Moris</span> <span class='ocrx_word' id='word_1_66' title='bbox 963 952 1049 1004; x_wconf 87' lang='lat' dir='ltr'>est</span> <span class='ocrx_word' id='word_1_67' title='bbox 1067 946 1300 1004; x_wconf 82' lang='lat' dir='ltr'>humani</span> <span class='ocrx_word' id='word_1_68' title='bbox 1330 949 1573 1020; x_wconf 78' lang='lat' dir='ltr'>generis,</span> <span class='ocrx_word' id='word_1_69' title='bbox 1596 955 1663 1004; x_wconf 89' lang='lat' dir='ltr'>ut</span> <span class='ocrx_word' id='word_1_70' title='bbox 1675 948 1960 1022; x_wconf 74' lang='lat' dir='ltr'>pnetetita</span> <span class='ocrx_word' id='word_1_71' title='bbox 1983 949 2092 1004; x_wconf 85' lang='lat' dir='ltr'>cito</span> 
     </span>
    </p>
   </div>
   <div class='ocr_carea' id='block_1_10' title="bbox 502 1033 2088 1110">
    <p class='ocr_par' dir='ltr' id='par_1_10' title="bbox 502 1033 2088 1110">
     <span class='ocr_line' id='line_1_10' title="bbox 502 1033 2088 1110; baseline 0.001 -18"><span class='ocrx_word' id='word_1_72' title='bbox 502 1034 878 1106; x_wconf 84' lang='lat' dir='ltr'>obliviscatur,</span> <span class='ocrx_word' id='word_1_73' title='bbox 913 1044 970 1094; x_wconf 91' lang='lat' dir='ltr'>et</span> <span class='ocrx_word' id='word_1_74' title='bbox 989 1054 1112 1110; x_wconf 81' lang='lat' dir='ltr'>quae</span> <span class='ocrx_word' id='word_1_75' title='bbox 1139 1033 1441 1110; x_wconf 83' lang='lat' dir='ltr'>aliquando</span> <span class='ocrx_word' id='word_1_76' title='bbox 1467 1037 1707 1108; x_wconf 75' lang='lat' dir='ltr'>grandia</span> <span class='ocrx_word' id='word_1_77' title='bbox 1737 1036 2088 1105; x_wconf 80' lang='lat' dir='ltr'>videbantur,</span> 
     </span>
    </p>
   </div>
   <div class='ocr_carea' id='block_1_11' title="bbox 501 1122 2093 1199">
    <p class='ocr_par' dir='ltr' id='par_1_11' title="bbox 501 1122 2093 1199">
     <span class='ocr_line' id='line_1_11' title="bbox 501 1122 2093 1199; baseline 0.001 -18"><span class='ocrx_word' id='word_1_78' title='bbox 501 1127 682 1199; x_wconf 86' lang='lat' dir='ltr'>spatio</span> <span class='ocrx_word' id='word_1_79' title='bbox 712 1127 983 1199; x_wconf 88' lang='lat' dir='ltr'>temporis</span> <span class='ocrx_word' id='word_1_80' title='bbox 1009 1122 1234 1182; x_wconf 85' lang='lat' dir='ltr'>labente</span> <span class='ocrx_word' id='word_1_81' title='bbox 1261 1127 1429 1182; x_wconf 86' lang='lat' dir='ltr'>simul</span> <span class='ocrx_word' id='word_1_82' title='bbox 1464 1126 1589 1198; x_wconf 84' lang='lat' dir='ltr'>ipsa</span> <span class='ocrx_word' id='word_1_83' title='bbox 1614 1127 1674 1181; x_wconf 88' lang='lat' dir='ltr'>in</span> <span class='ocrx_word' id='word_1_84' title='bbox 1702 1127 2093 1182; x_wconf 82' lang='lat' dir='ltr'>recordatione</span> 
     </span>
    </p>
   </div>
   <div class='ocr_carea' id='block_1_12' title="bbox 499 1208 2097 1288">
    <p class='ocr_par' dir='ltr' id='par_1_12' title="bbox 499 1208 2097 1288">
     <span class='ocr_line' id='line_1_12' title="bbox 499 1208 2097 1288; baseline 0.001 -18"><span class='ocrx_word' id='word_1_85' title='bbox 499 1208 797 1285; x_wconf 83' lang='lat' dir='ltr'>deﬁciant;</span> <span class='ocrx_word' id='word_1_86' title='bbox 830 1214 928 1271; x_wconf 88' lang='lat' dir='ltr'>sed</span> <span class='ocrx_word' id='word_1_87' title='bbox 957 1233 1071 1272; x_wconf 91' lang='lat' dir='ltr'>non</span> <span class='ocrx_word' id='word_1_88' title='bbox 1095 1216 1177 1271; x_wconf 85' lang='lat' dir='ltr'>ita</span> <span class='ocrx_word' id='word_1_89' title='bbox 1203 1223 1290 1271; x_wconf 90' lang='lat' dir='ltr'>est</span> <span class='ocrx_word' id='word_1_90' title='bbox 1317 1214 1468 1288; x_wconf 86' lang='lat' dir='ltr'>apud</span> <span class='ocrx_word' id='word_1_91' title='bbox 1494 1215 1692 1282; x_wconf 89' lang='lat' dir='ltr'>Deum,</span> <span class='ocrx_word' id='word_1_92' title='bbox 1728 1214 1821 1270; x_wconf 90' lang='lat' dir='ltr'>ubi</span> <span class='ocrx_word' id='word_1_93' title='bbox 1850 1217 2097 1287; x_wconf 68' lang='lat' dir='ltr'>praeteri-</span> 
     </span>
    </p>
   </div>
   <div class='ocr_carea' id='block_1_13' title="bbox 500 1303 2094 1377">
    <p class='ocr_par' dir='ltr' id='par_1_13' title="bbox 500 1303 2094 1377">
     <span class='ocr_line' id='line_1_13' title="bbox 500 1303 2094 1377; baseline 0 -17"><span class='ocrx_word' id='word_1_94' title='bbox 500 1309 622 1361; x_wconf 83' lang='lat' dir='ltr'>tum</span> <span class='ocrx_word' id='word_1_95' title='bbox 651 1311 710 1360; x_wconf 88' lang='lat' dir='ltr'>et</span> <span class='ocrx_word' id='word_1_96' title='bbox 724 1303 977 1360; x_wconf 80' lang='lat' dir='ltr'>futurum</span> <span class='ocrx_word' id='word_1_97' title='bbox 1003 1323 1116 1360; x_wconf 92' lang='lat' dir='ltr'>non</span> <span class='ocrx_word' id='word_1_98' title='bbox 1137 1310 1241 1372; x_wconf 90' lang='lat' dir='ltr'>est,</span> <span class='ocrx_word' id='word_1_99' title='bbox 1263 1304 1360 1359; x_wconf 89' lang='lat' dir='ltr'>sed</span> <span class='ocrx_word' id='word_1_100' title='bbox 1388 1318 1890 1377; x_wconf 65' lang='lat' dir='ltr'>presens,semper</span> <span class='ocrx_word' id='word_1_101' title='bbox 1906 1305 2094 1373; x_wconf 80' lang='lat' dir='ltr'>adest;</span> 
     </span>
    </p>
   </div>
   <div class='ocr_carea' id='block_1_14' title="bbox 500 1388 2100 1466">
    <p class='ocr_par' dir='ltr' id='par_1_14' title="bbox 500 1388 2100 1466">
     <span class='ocr_line' id='line_1_14' title="bbox 500 1388 2100 1466; baseline -0.001 -17"><span class='ocrx_word' id='word_1_102' title='bbox 500 1409 627 1466; x_wconf 77' lang='lat' dir='ltr'>quae</span> <span class='ocrx_word' id='word_1_103' title='bbox 670 1390 822 1450; x_wconf 88' lang='lat' dir='ltr'>enim</span> <span class='ocrx_word' id='word_1_104' title='bbox 864 1393 1027 1451; x_wconf 89' lang='lat' dir='ltr'>nobis</span> <span class='ocrx_word' id='word_1_105' title='bbox 1072 1398 1431 1466; x_wconf 80' lang='lat' dir='ltr'>praetereunt,</span> <span class='ocrx_word' id='word_1_106' title='bbox 1472 1388 1551 1448; x_wconf 86' lang='lat' dir='ltr'>ibi</span> <span class='ocrx_word' id='word_1_107' title='bbox 1584 1399 1960 1461; x_wconf 80' lang='lat' dir='ltr'>reservantur,</span> <span class='ocrx_word' id='word_1_108' title='bbox 1996 1410 2100 1449; x_wconf 86' lang='lat' dir='ltr'>nec</span> 
     </span>
    </p>
   </div>
   <div class='ocr_carea' id='block_1_15' title="bbox 434 1476 2101 1556">
    <p class='ocr_par' dir='ltr' id='par_1_15' title="bbox 434 1476 2101 1556">
     <span class='ocr_line' id='line_1_15' title="bbox 434 1476 2101 1556; baseline 0.001 -18"><span class='ocrx_word' id='word_1_109' title='bbox 434 1476 453 1495; x_wconf 74' lang='grc'><em>⁰</em></span> <span class='ocrx_word' id='word_1_110' title='bbox 499 1481 762 1539; x_wconf 86' lang='lat' dir='ltr'>oblivioni</span> <span class='ocrx_word' id='word_1_111' title='bbox 800 1483 1114 1552; x_wconf 87' lang='lat' dir='ltr'>tradentur,</span> <span class='ocrx_word' id='word_1_112' title='bbox 1170 1483 1302 1538; x_wconf 88' lang='lat' dir='ltr'>inde</span> <span class='ocrx_word' id='word_1_113' title='bbox 1340 1496 1566 1538; x_wconf 89' lang='lat' dir='ltr'>necesse</span> <span class='ocrx_word' id='word_1_114' title='bbox 1605 1488 1710 1549; x_wconf 88' lang='lat' dir='ltr'>est,</span> <span class='ocrx_word' id='word_1_115' title='bbox 1758 1488 1824 1538; x_wconf 87' lang='lat' dir='ltr'>ut</span> <span class='ocrx_word' id='word_1_116' title='bbox 1870 1486 2101 1556; x_wconf 85' lang='lat' dir='ltr'>peccata</span> 
     </span>
    </p>
   </div>
   <div class='ocr_carea' id='block_1_16' title="bbox 500 1568 2096 1645">
    <p class='ocr_par' dir='ltr' id='par_1_16' title="bbox 500 1568 2096 1645">
     <span class='ocr_line' id='line_1_16' title="bbox 500 1568 2096 1645; baseline 0 -17"><span class='ocrx_word' id='word_1_117' title='bbox 500 1589 624 1644; x_wconf 74' lang='lat' dir='ltr'>quae</span> <span class='ocrx_word' id='word_1_118' title='bbox 644 1568 858 1628; x_wconf 90' lang='lat' dir='ltr'>dudum</span> <span class='ocrx_word' id='word_1_119' title='bbox 876 1570 1279 1638; x_wconf 86' lang='lat' dir='ltr'>commisimus,</span> <span class='ocrx_word' id='word_1_120' title='bbox 1303 1572 1538 1627; x_wconf 85' lang='lat' dir='ltr'>instanti</span> <span class='ocrx_word' id='word_1_121' title='bbox 1557 1570 1891 1645; x_wconf 69' lang='lat' dir='ltr'>paenitentia</span> <span class='ocrx_word' id='word_1_122' title='bbox 1909 1570 2096 1628; x_wconf 86' lang='lat' dir='ltr'>delere</span> 
     </span>
    </p>
   </div>
   <div class='ocr_carea' id='block_1_17' title="bbox 498 1658 2088 1730">
    <p class='ocr_par' dir='ltr' id='par_1_17' title="bbox 498 1658 2088 1730">
     <span class='ocr_line' id='line_1_17' title="bbox 498 1658 2088 1730; baseline 0.001 -14"><span class='ocrx_word' id='word_1_123' title='bbox 498 1678 686 1717; x_wconf 88' lang='lat' dir='ltr'>coram</span> <span class='ocrx_word' id='word_1_124' title='bbox 745 1662 921 1717; x_wconf 90' lang='lat' dir='ltr'>oculis</span> <span class='ocrx_word' id='word_1_125' title='bbox 972 1662 1073 1717; x_wconf 89' lang='lat' dir='ltr'>Dei</span> <span class='ocrx_word' id='word_1_126' title='bbox 1125 1663 1473 1728; x_wconf 87' lang='lat' dir='ltr'>studeamus,</span> <span class='ocrx_word' id='word_1_127' title='bbox 1509 1676 1580 1716; x_wconf 91' lang='lat' dir='ltr'>ne</span> <span class='ocrx_word' id='word_1_128' title='bbox 1609 1658 1753 1717; x_wconf 84' lang='lat' dir='ltr'>forte</span> <span class='ocrx_word' id='word_1_129' title='bbox 1787 1660 1847 1716; x_wconf 90' lang='lat' dir='ltr'>in</span> <span class='ocrx_word' id='word_1_130' title='bbox 1877 1661 2088 1730; x_wconf 68' lang='lat' dir='ltr'>futuro,</span> 
     </span>
    </p>
   </div>
   <div class='ocr_carea' id='block_1_18' title="bbox 2176 588 3714 666">
    <p class='ocr_par' dir='ltr' id='par_1_18' title="bbox 2176 588 3714 666">
     <span class='ocr_line' id='line_1_18' title="bbox 2176 588 3714 666; baseline 0.005 -19"><span class='ocrx_word' id='word_1_131' title='bbox 2176 588 2330 664; x_wconf 84' lang='lat' dir='ltr'>eripe</span> <span class='ocrx_word' id='word_1_132' title='bbox 2360 606 2451 648; x_wconf 87' lang='lat' dir='ltr'>me</span> <span class='ocrx_word' id='word_1_133' title='bbox 2468 592 2634 664; x_wconf 82' lang='lat' dir='ltr'>(Psal.</span> <span class='ocrx_word' id='word_1_134' title='bbox 2662 591 2810 666; x_wconf 78' lang='lat' dir='ltr'>xw).</span> <span class='ocrx_word' id='word_1_135' title='bbox 2854 610 2883 647; x_wconf 69' lang='grc' dir='ltr'>ί</span> <span class='ocrx_word' id='word_1_136' title='bbox 2912 593 3017 649; x_wconf 78' lang='lat' dir='ltr'>Hic</span> <span class='ocrx_word' id='word_1_137' title='bbox 3040 594 3288 664; x_wconf 68' lang='lat' dir='ltr'>judicare</span> <span class='ocrx_word' id='word_1_138' title='bbox 3315 604 3410 666; x_wconf 85' lang='lat' dir='ltr'>pro</span> <span class='ocrx_word' id='word_1_139' title='bbox 3426 595 3714 654; x_wconf 65' lang='lat' dir='ltr'>ﬁceretione</span> 
     </span>
    </p>
   </div>
   <div class='ocr_carea' id='block_1_19' title="bbox 2176 676 3715 755">
    <p class='ocr_par' dir='ltr' id='par_1_19' title="bbox 2176 676 3715 755">
     <span class='ocr_line' id='line_1_19' title="bbox 2176 676 3715 755; baseline 0.004 -20"><span class='ocrx_word' id='word_1_140' title='bbox 2176 681 2434 753; x_wconf 84' lang='lat' dir='ltr'>ponitur;</span> <span class='ocrx_word' id='word_1_141' title='bbox 2466 681 2601 736; x_wconf 82' lang='lat' dir='ltr'>alibi</span> <span class='ocrx_word' id='word_1_142' title='bbox 2632 684 2824 737; x_wconf 84' lang='lat' dir='ltr'>autem</span> <span class='ocrx_word' id='word_1_143' title='bbox 2866 683 3014 738; x_wconf 79' lang='lat' dir='ltr'>idem</span> <span class='ocrx_word' id='word_1_144' title='bbox 3046 683 3314 755; x_wconf 78' lang='lat' dir='ltr'>propheta</span> <span class='ocrx_word' id='word_1_145' title='bbox 3348 680 3419 737; x_wconf 76' lang='lat' dir='ltr'>ad</span> <span class='ocrx_word' id='word_1_146' title='bbox 3461 676 3715 742; x_wconf 63' lang='lat' dir='ltr'>Dominum</span> 
     </span>
    </p>
   </div>
   <div class='ocr_carea' id='block_1_20' title="bbox 2176 770 3718 846">
    <p class='ocr_par' dir='ltr' id='par_1_20' title="bbox 2176 770 3718 846">
     <span class='ocr_line' id='line_1_20' title="bbox 2176 770 3718 846; baseline 0.004 -22"><span class='ocrx_word' id='word_1_147' title='bbox 2176 771 2426 826; x_wconf 83' lang='lat' dir='ltr'>clamans</span> <span class='ocrx_word' id='word_1_148' title='bbox 2446 772 2528 826; x_wconf 80' lang='lat' dir='ltr'>ait</span> <span class='ocrx_word' id='word_1_149' title='bbox 2560 790 2572 826; x_wconf 90' lang='lat'>:</span> <span class='ocrx_word' id='word_1_150' title='bbox 2604 784 2635 824; x_wconf 63' lang='grc' dir='ltr'><em>α</em></span> <span class='ocrx_word' id='word_1_151' title='bbox 2665 770 2880 839; x_wconf 86' lang='lat' dir='ltr'>Judica,</span> <span class='ocrx_word' id='word_1_152' title='bbox 2914 771 3167 837; x_wconf 81' lang='lat' dir='ltr'>Domine,</span> <span class='ocrx_word' id='word_1_153' title='bbox 3192 777 3446 827; x_wconf 81' lang='lat' dir='ltr'>nocentes</span> <span class='ocrx_word' id='word_1_154' title='bbox 3472 784 3718 846; x_wconf 73' lang='lat' dir='ltr'>me.exp\i~</span> 
     </span>
    </p>
   </div>
   <div class='ocr_carea' id='block_1_21' title="bbox 2173 858 3717 935">
    <p class='ocr_par' dir='ltr' id='par_1_21' title="bbox 2173 858 3717 935">
     <span class='ocr_line' id='line_1_21' title="bbox 2173 858 3717 935; baseline 0.004 -22"><span class='ocrx_word' id='word_1_155' title='bbox 2173 872 2287 931; x_wconf 81' lang='lat' dir='ltr'>gna</span> <span class='ocrx_word' id='word_1_156' title='bbox 2313 858 2710 932; x_wconf 67' lang='lat' dir='ltr'>impugnantes</span> <span class='ocrx_word' id='word_1_157' title='bbox 2738 874 2830 915; x_wconf 87' lang='lat' dir='ltr'>me</span> <span class='ocrx_word' id='word_1_158' title='bbox 2858 864 3024 924; x_wconf 76' lang='lat' dir='ltr'>(Psal.</span> <span class='ocrx_word' id='word_1_159' title='bbox 3059 864 3262 928; x_wconf 74' lang='lat' dir='ltr'>nim).</span> <span class='ocrx_word' id='word_1_160' title='bbox 3298 872 3322 912; x_wconf 69' lang='grc' dir='ltr'><strong><em>ι</em></strong></span> <span class='ocrx_word' id='word_1_161' title='bbox 3358 862 3464 916; x_wconf 79' lang='lat' dir='ltr'>Sed</span> <span class='ocrx_word' id='word_1_162' title='bbox 3489 858 3575 916; x_wconf 77' lang='lat' dir='ltr'>hic</span> <span class='ocrx_word' id='word_1_163' title='bbox 3592 864 3717 935; x_wconf 79' lang='lat' dir='ltr'>judi-</span> 
     </span>
    </p>
   </div>
   <div class='ocr_carea' id='block_1_22' title="bbox 2175 949 3718 1021">
    <p class='ocr_par' dir='ltr' id='par_1_22' title="bbox 2175 949 3718 1021">
     <span class='ocr_line' id='line_1_22' title="bbox 2175 949 3718 1021; baseline 0.003 -18"><span class='ocrx_word' id='word_1_164' title='bbox 2175 950 2325 1004; x_wconf 84' lang='lat' dir='ltr'>cium</span> <span class='ocrx_word' id='word_1_165' title='bbox 2346 962 2448 1020; x_wconf 84' lang='lat' dir='ltr'>pro</span> <span class='ocrx_word' id='word_1_166' title='bbox 2476 949 2840 1004; x_wconf 81' lang='lat' dir='ltr'>damnatione</span> <span class='ocrx_word' id='word_1_167' title='bbox 2875 949 3126 1020; x_wconf 78' lang='lat' dir='ltr'>positum</span> <span class='ocrx_word' id='word_1_168' title='bbox 3171 956 3276 1015; x_wconf 86' lang='lat' dir='ltr'>est,</span> <span class='ocrx_word' id='word_1_169' title='bbox 3311 950 3572 1021; x_wconf 77' lang='lat' dir='ltr'>judicabit</span> <span class='ocrx_word' id='word_1_170' title='bbox 3599 953 3718 1008; x_wconf 80' lang='lat' dir='ltr'>enim</span> 
     </span>
    </p>
   </div>
   <div class='ocr_carea' id='block_1_23' title="bbox 2177 1038 3718 1110">
    <p class='ocr_par' dir='ltr' id='par_1_23' title="bbox 2177 1038 3718 1110">
     <span class='ocr_line' id='line_1_23' title="bbox 2177 1038 3718 1110; baseline 0.002 -17"><span class='ocrx_word' id='word_1_171' title='bbox 2177 1038 2450 1093; x_wconf 86' lang='lat' dir='ltr'>Dominus</span> <span class='ocrx_word' id='word_1_172' title='bbox 2468 1038 2689 1094; x_wconf 85' lang='lat' dir='ltr'>sanctos</span> <span class='ocrx_word' id='word_1_173' title='bbox 2715 1054 2865 1106; x_wconf 89' lang='lat' dir='ltr'>suos,</span> <span class='ocrx_word' id='word_1_174' title='bbox 2889 1039 3116 1110; x_wconf 78' lang='lat' dir='ltr'>quando</span> <span class='ocrx_word' id='word_1_175' title='bbox 3142 1052 3237 1094; x_wconf 85' lang='lat' dir='ltr'>eos</span> <span class='ocrx_word' id='word_1_176' title='bbox 3265 1038 3324 1093; x_wconf 84' lang='lat' dir='ltr'>in</span> <span class='ocrx_word' id='word_1_177' title='bbox 3352 1039 3443 1093; x_wconf 84' lang='lat' dir='ltr'>die</span> <span class='ocrx_word' id='word_1_178' title='bbox 3457 1038 3632 1110; x_wconf 74' lang='lat' dir='ltr'>judicii</span> <span class='ocrx_word' id='word_1_179' title='bbox 3647 1054 3718 1096; x_wconf 83' lang='lat' dir='ltr'>se-</span> 
     </span>
    </p>
   </div>
   <div class='ocr_carea' id='block_1_24' title="bbox 2277 1127 3711 1198">
    <p class='ocr_par' dir='ltr' id='par_1_24' title="bbox 2277 1127 3711 1198">
     <span class='ocr_line' id='line_1_24' title="bbox 2277 1127 3711 1198; baseline 0.002 -17"><span class='ocrx_word' id='word_1_180' title='bbox 2277 1142 2418 1197; x_wconf 82' lang='lat' dir='ltr'>gans</span> <span class='ocrx_word' id='word_1_181' title='bbox 2441 1140 2475 1181; x_wconf 85' lang='lat' dir='ltr'>a</span> <span class='ocrx_word' id='word_1_182' title='bbox 2502 1127 2888 1198; x_wconf 86' lang='lat' dir='ltr'>peccatoribus</span> <span class='ocrx_word' id='word_1_183' title='bbox 2938 1127 3235 1183; x_wconf 82' lang='lat' dir='ltr'>collocabit</span> <span class='ocrx_word' id='word_1_184' title='bbox 3261 1127 3319 1182; x_wconf 87' lang='lat' dir='ltr'>in</span> <span class='ocrx_word' id='word_1_185' title='bbox 3352 1127 3568 1183; x_wconf 75' lang='lat' dir='ltr'>dextera</span> <span class='ocrx_word' id='word_1_186' title='bbox 3594 1145 3711 1184; x_wconf 84' lang='lat' dir='ltr'>sua:</span> 
     </span>
    </p>
   </div>
   <div class='ocr_carea' id='block_1_25' title="bbox 2177 1215 3721 1288">
    <p class='ocr_par' dir='ltr' id='par_1_25' title="bbox 2177 1215 3721 1288">
     <span class='ocr_line' id='line_1_25' title="bbox 2177 1215 3721 1288; baseline 0.003 -18"><span class='ocrx_word' id='word_1_187' title='bbox 2177 1215 2367 1270; x_wconf 82' lang='lat' dir='ltr'>hostes</span> <span class='ocrx_word' id='word_1_188' title='bbox 2395 1221 2586 1271; x_wconf 84' lang='lat' dir='ltr'>autem</span> <span class='ocrx_word' id='word_1_189' title='bbox 2604 1229 2801 1272; x_wconf 84' lang='lat' dir='ltr'>eorum</span> <span class='ocrx_word' id='word_1_190' title='bbox 2830 1222 2889 1272; x_wconf 89' lang='lat' dir='ltr'>et</span> <span class='ocrx_word' id='word_1_191' title='bbox 2912 1222 3300 1288; x_wconf 77' lang='lat' dir='ltr'>persecutores</span> <span class='ocrx_word' id='word_1_192' title='bbox 3326 1229 3364 1271; x_wconf 85' lang='lat' dir='ltr'>a</span> <span class='ocrx_word' id='word_1_193' title='bbox 3399 1216 3618 1272; x_wconf 71' lang='lat' dir='ltr'>sinistris</span> <span class='ocrx_word' id='word_1_194' title='bbox 3634 1226 3721 1274; x_wconf 78' lang='lat' dir='ltr'>sta-</span> 
     </span>
    </p>
   </div>
   <div class='ocr_carea' id='block_1_26' title="bbox 2178 1305 3723 1379">
    <p class='ocr_par' dir='ltr' id='par_1_26' title="bbox 2178 1305 3723 1379">
     <span class='ocr_line' id='line_1_26' title="bbox 2178 1305 3723 1379; baseline 0.001 -19"><span class='ocrx_word' id='word_1_195' title='bbox 2178 1308 2321 1371; x_wconf 83' lang='lat' dir='ltr'>tuet,</span> <span class='ocrx_word' id='word_1_196' title='bbox 2351 1310 2418 1360; x_wconf 87' lang='lat' dir='ltr'>ut</span> <span class='ocrx_word' id='word_1_197' title='bbox 2444 1305 2865 1361; x_wconf 79' lang='lat' dir='ltr'>damnationem</span> <span class='ocrx_word' id='word_1_198' title='bbox 2885 1311 3096 1361; x_wconf 70' lang='lat' dir='ltr'>certam</span> <span class='ocrx_word' id='word_1_199' title='bbox 3128 1314 3257 1360; x_wconf 84' lang='lat' dir='ltr'>cum</span> <span class='ocrx_word' id='word_1_200' title='bbox 3286 1305 3502 1362; x_wconf 80' lang='lat' dir='ltr'>diabolo</span> <span class='ocrx_word' id='word_1_201' title='bbox 3526 1312 3579 1362; x_wconf 74' lang='lat' dir='ltr'>et</span> <span class='ocrx_word' id='word_1_202' title='bbox 3590 1319 3723 1379; x_wconf 80' lang='lat' dir='ltr'>ange-</span> 
     </span>
    </p>
   </div>
   <div class='ocr_carea' id='block_1_27' title="bbox 2179 1393 3719 1468">
    <p class='ocr_par' dir='ltr' id='par_1_27' title="bbox 2179 1393 3719 1468">
     <span class='ocr_line' id='line_1_27' title="bbox 2179 1393 3719 1468; baseline 0.001 -20"><span class='ocrx_word' id='word_1_203' title='bbox 2179 1393 2249 1448; x_wconf 89' lang='lat' dir='ltr'>lis</span> <span class='ocrx_word' id='word_1_204' title='bbox 2277 1396 2400 1466; x_wconf 87' lang='lat' dir='ltr'>ejus</span> <span class='ocrx_word' id='word_1_205' title='bbox 2427 1393 2487 1448; x_wconf 88' lang='lat' dir='ltr'>in</span> <span class='ocrx_word' id='word_1_206' title='bbox 2525 1393 2743 1450; x_wconf 71' lang='lat' dir='ltr'>inferno</span> <span class='ocrx_word' id='word_1_207' title='bbox 2768 1395 3062 1467; x_wconf 79' lang='lat' dir='ltr'>recipiant,</span> <span class='ocrx_word' id='word_1_208' title='bbox 3096 1401 3154 1450; x_wconf 85' lang='lat' dir='ltr'>et</span> <span class='ocrx_word' id='word_1_209' title='bbox 3180 1393 3346 1450; x_wconf 84' lang='lat' dir='ltr'>ibunt</span> <span class='ocrx_word' id='word_1_210' title='bbox 3382 1394 3440 1449; x_wconf 84' lang='lat' dir='ltr'>hi</span> <span class='ocrx_word' id='word_1_211' title='bbox 3465 1395 3520 1450; x_wconf 81' lang='lat' dir='ltr'>in</span> <span class='ocrx_word' id='word_1_212' title='bbox 3546 1397 3719 1468; x_wconf 83' lang='lat' dir='ltr'>suppil-</span> 
     </span>
    </p>
   </div>
   <div class='ocr_carea' id='block_1_28' title="bbox 2179 1482 3723 1554">
    <p class='ocr_par' dir='ltr' id='par_1_28' title="bbox 2179 1482 3723 1554">
     <span class='ocr_line' id='line_1_28' title="bbox 2179 1482 3723 1554; baseline 0.002 -17"><span class='ocrx_word' id='word_1_213' title='bbox 2179 1482 2328 1537; x_wconf 83' lang='lat' dir='ltr'>cium</span> <span class='ocrx_word' id='word_1_214' title='bbox 2352 1486 2656 1539; x_wconf 77' lang='lat' dir='ltr'>aeternum:</span> <span class='ocrx_word' id='word_1_215' title='bbox 2675 1483 2816 1554; x_wconf 81' lang='lat' dir='ltr'>justi</span> <span class='ocrx_word' id='word_1_216' title='bbox 2844 1488 3035 1540; x_wconf 83' lang='lat' dir='ltr'>autem</span> <span class='ocrx_word' id='word_1_217' title='bbox 3052 1484 3112 1538; x_wconf 83' lang='lat' dir='ltr'>in</span> <span class='ocrx_word' id='word_1_218' title='bbox 3132 1485 3307 1539; x_wconf 83' lang='lat' dir='ltr'>vitam</span> <span class='ocrx_word' id='word_1_219' title='bbox 3321 1488 3723 1549; x_wconf 77' lang='lat' dir='ltr'>aetemam,tunc-</span> 
     </span>
    </p>
   </div>
   <div class='ocr_carea' id='block_1_29' title="bbox 2180 1570 3722 1644">
    <p class='ocr_par' dir='ltr' id='par_1_29' title="bbox 2180 1570 3722 1644">
     <span class='ocr_line' id='line_1_29' title="bbox 2180 1570 3722 1644; baseline 0.001 -18"><span class='ocrx_word' id='word_1_220' title='bbox 2180 1584 2288 1644; x_wconf 89' lang='lat' dir='ltr'>que</span> <span class='ocrx_word' id='word_1_221' title='bbox 2314 1572 2557 1644; x_wconf 76' lang='lat' dir='ltr'>perfecte</span> <span class='ocrx_word' id='word_1_222' title='bbox 2587 1573 2712 1639; x_wconf 81' lang='lat' dir='ltr'>erit,</span> <span class='ocrx_word' id='word_1_223' title='bbox 2744 1573 2895 1644; x_wconf 88' lang='lat' dir='ltr'>quod</span> <span class='ocrx_word' id='word_1_224' title='bbox 2923 1573 2983 1628; x_wconf 88' lang='lat' dir='ltr'>in</span> <span class='ocrx_word' id='word_1_225' title='bbox 3010 1572 3280 1644; x_wconf 79' lang='lat' dir='ltr'>praedicto</span> <span class='ocrx_word' id='word_1_226' title='bbox 3310 1586 3467 1627; x_wconf 87' lang='lat' dir='ltr'>versu</span> <span class='ocrx_word' id='word_1_227' title='bbox 3482 1570 3722 1644; x_wconf 66' lang='lat' dir='ltr'>subsequi</span> 
     </span>
    </p>
   </div>
   <div class='ocr_carea' id='block_1_30' title="bbox 2173 1660 3725 1727">
    <p class='ocr_par' dir='ltr' id='par_1_30' title="bbox 2173 1660 3725 1727">
     <span class='ocr_line' id='line_1_30' title="bbox 2173 1660 3725 1727; baseline 0.001 -11"><span class='ocrx_word' id='word_1_228' title='bbox 2173 1666 2272 1716; x_wconf 86' lang='lat' dir='ltr'>tur</span> <span class='ocrx_word' id='word_1_229' title='bbox 2300 1680 2313 1715; x_wconf 89' lang='lat'><strong>:</strong></span> <span class='ocrx_word' id='word_1_230' title='bbox 2350 1680 2377 1713; x_wconf 73' lang='grc' dir='ltr'>ι(</span> <span class='ocrx_word' id='word_1_231' title='bbox 2406 1661 2475 1717; x_wconf 88' lang='lat' dir='ltr'>Et</span> <span class='ocrx_word' id='word_1_232' title='bbox 2496 1661 2559 1716; x_wconf 92' lang='lat' dir='ltr'>in</span> <span class='ocrx_word' id='word_1_233' title='bbox 2581 1661 2753 1716; x_wconf 81' lang='lat' dir='ltr'>servis</span> <span class='ocrx_word' id='word_1_234' title='bbox 2781 1662 2895 1716; x_wconf 87' lang='lat' dir='ltr'>tuis</span> <span class='ocrx_word' id='word_1_235' title='bbox 2926 1660 3307 1716; x_wconf 73' lang='lat' dir='ltr'>miserebitur.</span> <span class='ocrx_word' id='word_1_236' title='bbox 3327 1680 3353 1713; x_wconf 59' lang='grc' dir='ltr'><strong>υ</strong></span> <span class='ocrx_word' id='word_1_237' title='bbox 3378 1661 3519 1727; x_wconf 78' lang='lat' dir='ltr'>Quia</span> <span class='ocrx_word' id='word_1_238' title='bbox 3554 1662 3608 1716; x_wconf 79' lang='lat' dir='ltr'>in</span> <span class='ocrx_word' id='word_1_239' title='bbox 3639 1676 3725 1717; x_wconf 69' lang='lat' dir='ltr'>ce-</span> 
     </span>
    </p>
   </div>
   <div class='ocr_carea' id='block_1_31' title="bbox 498 1744 3725 1823">
    <p class='ocr_par' dir='ltr' id='par_1_31' title="bbox 498 1744 3725 1823">
     <span class='ocr_line' id='line_1_31' title="bbox 498 1744 3725 1823; baseline 0 -18"><span class='ocrx_word' id='word_1_240' title='bbox 498 1751 724 1823; x_wconf 87' lang='lat' dir='ltr'>quando</span> <span class='ocrx_word' id='word_1_241' title='bbox 749 1756 974 1823; x_wconf 80' lang='lat' dir='ltr'>tempus</span> <span class='ocrx_word' id='word_1_242' title='bbox 998 1751 1111 1806; x_wconf 82' lang='lat' dir='ltr'>erit</span> <span class='ocrx_word' id='word_1_243' title='bbox 1146 1751 1401 1806; x_wconf 70' lang='lat' dir='ltr'>vindicta:</span> <span class='ocrx_word' id='word_1_244' title='bbox 1441 1756 1666 1823; x_wconf 82' lang='lat' dir='ltr'>reputet</span> <span class='ocrx_word' id='word_1_245' title='bbox 1706 1751 1866 1806; x_wconf 90' lang='lat' dir='ltr'>nobis</span> <span class='ocrx_word' id='word_1_246' title='bbox 1901 1750 2092 1806; x_wconf 88' lang='lat' dir='ltr'>debita</span> <span class='ocrx_word' id='word_1_247' title='bbox 2118 1820 2127 1823; x_wconf 92' lang='lat'><em>_</em></span> <span class='ocrx_word' id='word_1_248' title='bbox 2170 1744 2299 1805; x_wconf 91' lang='lat' dir='ltr'>lesti</span> <span class='ocrx_word' id='word_1_249' title='bbox 2318 1749 2664 1806; x_wconf 74' lang='lat' dir='ltr'>beatitudine</span> <span class='ocrx_word' id='word_1_250' title='bbox 2682 1750 2939 1806; x_wconf 80' lang='lat' dir='ltr'>ﬁdelibus</span> <span class='ocrx_word' id='word_1_251' title='bbox 2956 1751 3075 1806; x_wconf 83' lang='lat' dir='ltr'>suis</span> <span class='ocrx_word' id='word_1_252' title='bbox 3086 1751 3725 1823; x_wconf 66' lang='lat' dir='ltr'>miseﬁcordiamprests-</span> 
     </span>
    </p>
   </div>
   <div class='ocr_carea' id='block_1_32' title="bbox 495 1820 3724 1911">
    <p class='ocr_par' dir='ltr' id='par_1_32' title="bbox 495 1820 3724 1911">
     <span class='ocr_line' id='line_1_32' title="bbox 495 1820 3724 1911; baseline 0.001 -16"><span class='ocrx_word' id='word_1_253' title='bbox 495 1820 690 1895; x_wconf 72' lang='lat' dir='ltr'>nostra</span> <span class='ocrx_word' id='word_1_254' title='bbox 724 1846 785 1894; x_wconf 84' lang='lat' dir='ltr'>et</span> <span class='ocrx_word' id='word_1_255' title='bbox 820 1820 1006 1895; x_wconf 79' lang='lat' dir='ltr'>dicat:</span> <span class='ocrx_word' id='word_1_256' title='bbox 1063 1841 1194 1895; x_wconf 62' lang='lat' dir='ltr'>Hec</span> <span class='ocrx_word' id='word_1_257' title='bbox 1230 1840 1411 1894; x_wconf 84' lang='lat' dir='ltr'>fecisti</span> <span class='ocrx_word' id='word_1_258' title='bbox 1450 1820 1522 1895; x_wconf 26' lang='lat' dir='ltr'>etv</span> <span class='ocrx_word' id='word_1_259' title='bbox 1556 1840 1725 1906; x_wconf 84' lang='lat' dir='ltr'>tacui,</span> <span class='ocrx_word' id='word_1_260' title='bbox 1757 1840 2091 1895; x_wconf 75' lang='lat' dir='ltr'>existimasti</span> <span class='ocrx_word' id='word_1_261' title='bbox 2114 1820 2159 1886; x_wconf 76' lang='grc' dir='ltr'><strong>Β</strong></span> <span class='ocrx_word' id='word_1_262' title='bbox 2179 1838 2261 1894; x_wconf 88' lang='lat' dir='ltr'>bit</span> <span class='ocrx_word' id='word_1_263' title='bbox 2284 1845 2576 1895; x_wconf 60' lang='lat' dir='ltr'>aeternam.</span> <span class='ocrx_word' id='word_1_264' title='bbox 2606 1840 2765 1904; x_wconf 85' lang='lat' dir='ltr'>Quod</span> <span class='ocrx_word' id='word_1_265' title='bbox 2796 1842 3006 1907; x_wconf 83' lang='lat' dir='ltr'>autem,</span> <span class='ocrx_word' id='word_1_266' title='bbox 3035 1841 3200 1911; x_wconf 80' lang='lat' dir='ltr'>juxta</span> <span class='ocrx_word' id='word_1_267' title='bbox 3241 1840 3411 1895; x_wconf 84' lang='lat' dir='ltr'>aliam</span> <span class='ocrx_word' id='word_1_268' title='bbox 3452 1820 3724 1899; x_wconf 75' lang='lat' dir='ltr'>editionem.</span> 
     </span>
    </p>
   </div>
   <div class='ocr_carea' id='block_1_33' title="bbox 496 1928 2100 2001">
    <p class='ocr_par' dir='ltr' id='par_1_33' title="bbox 496 1928 2100 2001">
     <span class='ocr_line' id='line_1_33' title="bbox 496 1928 2100 2001; baseline 0 -18"><span class='ocrx_word' id='word_1_269' title='bbox 496 1928 875 2000; x_wconf 73' lang='lat' dir='ltr'>iniquitatem,</span> <span class='ocrx_word' id='word_1_270' title='bbox 907 1929 1056 2000; x_wconf 86' lang='lat' dir='ltr'>quod</span> <span class='ocrx_word' id='word_1_271' title='bbox 1084 1944 1266 1984; x_wconf 82' lang='lat' dir='ltr'>essem</span> <span class='ocrx_word' id='word_1_272' title='bbox 1288 1928 1392 1984; x_wconf 87' lang='lat' dir='ltr'>tibi</span> <span class='ocrx_word' id='word_1_273' title='bbox 1420 1929 1619 1984; x_wconf 83' lang='lat' dir='ltr'>similis</span> <span class='ocrx_word' id='word_1_274' title='bbox 1647 1947 1659 1982; x_wconf 92' lang='lat'>:</span> <span class='ocrx_word' id='word_1_275' title='bbox 1690 1946 1928 2001; x_wconf 77' lang='lat' dir='ltr'>arguam</span> <span class='ocrx_word' id='word_1_276' title='bbox 1956 1935 2013 1984; x_wconf 88' lang='lat' dir='ltr'>te</span> <span class='ocrx_word' id='word_1_277' title='bbox 2042 1936 2100 1984; x_wconf 89' lang='lat' dir='ltr'>et</span> 
     </span>
    </p>
   </div>
   <div class='ocr_carea' id='block_1_34' title="bbox 496 2017 1510 2077">
    <p class='ocr_par' dir='ltr' id='par_1_34' title="bbox 496 2017 1510 2077">
     <span class='ocr_line' id='line_1_34' title="bbox 496 2017 1510 2077; baseline 0 -5"><span class='ocrx_word' id='word_1_278' title='bbox 496 2018 867 2077; x_wconf 73' lang='lat' dir='ltr'>etattmmilla</span> <span class='ocrx_word' id='word_1_279' title='bbox 882 2024 1082 2074; x_wconf 79' lang='lat' dir='ltr'>contra</span> <span class='ocrx_word' id='word_1_280' title='bbox 1106 2017 1305 2073; x_wconf 82' lang='lat' dir='ltr'>faciem</span> <span class='ocrx_word' id='word_1_281' title='bbox 1332 2024 1510 2073; x_wconf 80' lang='lat' dir='ltr'>tuam.</span> 
     </span>
    </p>
   </div>
   <div class='ocr_carea' id='block_1_35' title="bbox 572 2106 2092 2180">
    <p class='ocr_par' dir='ltr' id='par_1_35' title="bbox 572 2106 2092 2180">
     <span class='ocr_line' id='line_1_35' title="bbox 572 2106 2092 2180; baseline 0.003 -22"><span class='ocrx_word' id='word_1_282' title='bbox 572 2124 600 2158; x_wconf 79' lang='grc' dir='ltr'>ι</span> <span class='ocrx_word' id='word_1_283' title='bbox 626 2107 753 2162; x_wconf 69' lang='lat' dir='ltr'>Mea</span> <span class='ocrx_word' id='word_1_284' title='bbox 769 2113 859 2163; x_wconf 85' lang='lat' dir='ltr'>est</span> <span class='ocrx_word' id='word_1_285' title='bbox 880 2107 1023 2162; x_wconf 82' lang='lat' dir='ltr'>ultio</span> <span class='ocrx_word' id='word_1_286' title='bbox 1046 2113 1106 2162; x_wconf 86' lang='lat' dir='ltr'>et</span> <span class='ocrx_word' id='word_1_287' title='bbox 1134 2122 1238 2178; x_wconf 81' lang='lat' dir='ltr'>ego</span> <span class='ocrx_word' id='word_1_288' title='bbox 1268 2106 1577 2162; x_wconf 80' lang='lat' dir='ltr'>retribuam</span> <span class='ocrx_word' id='word_1_289' title='bbox 1602 2106 1688 2162; x_wconf 85' lang='lat' dir='ltr'>eis</span> <span class='ocrx_word' id='word_1_290' title='bbox 1715 2107 1775 2162; x_wconf 90' lang='lat' dir='ltr'>in</span> <span class='ocrx_word' id='word_1_291' title='bbox 1817 2113 2092 2180; x_wconf 87' lang='lat' dir='ltr'>tempore,</span> 
     </span>
    </p>
   </div>
   <div class='ocr_carea' id='block_1_36' title="bbox 499 2195 2096 2268">
    <p class='ocr_par' dir='ltr' id='par_1_36' title="bbox 499 2195 2096 2268">
     <span class='ocr_line' id='line_1_36' title="bbox 499 2195 2096 2268; baseline 0.003 -20"><span class='ocrx_word' id='word_1_292' title='bbox 499 2214 527 2248; x_wconf 70' lang='grc' dir='ltr'>ει</span> <span class='ocrx_word' id='word_1_293' title='bbox 557 2202 624 2250; x_wconf 85' lang='lat' dir='ltr'>ut</span> <span class='ocrx_word' id='word_1_294' title='bbox 646 2195 869 2252; x_wconf 78' lang='lat' dir='ltr'>labatur</span> <span class='ocrx_word' id='word_1_295' title='bbox 913 2213 1014 2268; x_wconf 87' lang='lat' dir='ltr'>pes</span> <span class='ocrx_word' id='word_1_296' title='bbox 1042 2212 1260 2251; x_wconf 78' lang='lat' dir='ltr'>conm.</span> <span class='ocrx_word' id='word_1_297' title='bbox 1289 2216 1312 2248; x_wconf 73' lang='grc' dir='ltr'><strong><em>ι</em></strong></span> <span class='ocrx_word' id='word_1_298' title='bbox 1337 2196 1463 2251; x_wconf 85' lang='lat' dir='ltr'>Alia</span> <span class='ocrx_word' id='word_1_299' title='bbox 1485 2195 1660 2252; x_wconf 81' lang='lat' dir='ltr'>editio</span> <span class='ocrx_word' id='word_1_300' title='bbox 1693 2214 1704 2249; x_wconf 92' lang='lat'><strong>:</strong></span> <span class='ocrx_word' id='word_1_301' title='bbox 1729 2215 1753 2247; x_wconf 83' lang='grc'><strong>«</strong></span> <span class='ocrx_word' id='word_1_302' title='bbox 1790 2196 1856 2252; x_wconf 91' lang='lat' dir='ltr'>In</span> <span class='ocrx_word' id='word_1_303' title='bbox 1890 2197 1984 2253; x_wconf 91' lang='lat' dir='ltr'>die</span> <span class='ocrx_word' id='word_1_304' title='bbox 2006 2198 2096 2253; x_wconf 79' lang='lat' dir='ltr'>ul-</span> 
     </span>
    </p>
   </div>
   <div class='ocr_carea' id='block_1_37' title="bbox 494 2284 2096 2358">
    <p class='ocr_par' dir='ltr' id='par_1_37' title="bbox 494 2284 2096 2358">
     <span class='ocr_line' id='line_1_37' title="bbox 494 2284 2096 2358; baseline 0.001 -18"><span class='ocrx_word' id='word_1_305' title='bbox 494 2284 664 2341; x_wconf 83' lang='lat' dir='ltr'>tionis</span> <span class='ocrx_word' id='word_1_306' title='bbox 691 2285 925 2340; x_wconf 78' lang='lat' dir='ltr'>reddam</span> <span class='ocrx_word' id='word_1_307' title='bbox 955 2285 1069 2340; x_wconf 84' lang='lat' dir='ltr'>illis</span> <span class='ocrx_word' id='word_1_308' title='bbox 1097 2285 1156 2340; x_wconf 84' lang='lat' dir='ltr'>in</span> <span class='ocrx_word' id='word_1_309' title='bbox 1184 2291 1456 2357; x_wconf 86' lang='lat' dir='ltr'>tempore,</span> <span class='ocrx_word' id='word_1_310' title='bbox 1473 2301 1584 2357; x_wconf 90' lang='lat' dir='ltr'>quo</span> <span class='ocrx_word' id='word_1_311' title='bbox 1601 2285 1794 2356; x_wconf 83' lang='lat' dir='ltr'>lapsus</span> <span class='ocrx_word' id='word_1_312' title='bbox 1815 2284 1987 2341; x_wconf 85' lang='lat' dir='ltr'>fuerit</span> <span class='ocrx_word' id='word_1_313' title='bbox 1998 2304 2096 2358; x_wconf 80' lang='lat' dir='ltr'>pes</span> 
     </span>
    </p>
   </div>
   <div class='ocr_carea' id='block_1_38' title="bbox 493 2374 2097 2446">
    <p class='ocr_par' dir='ltr' id='par_1_38' title="bbox 493 2374 2097 2446">
     <span class='ocr_line' id='line_1_38' title="bbox 493 2374 2097 2446; baseline 0.002 -18"><span class='ocrx_word' id='word_1_314' title='bbox 493 2386 710 2428; x_wconf 79' lang='lat' dir='ltr'>comm.</span> <span class='ocrx_word' id='word_1_315' title='bbox 746 2392 774 2427; x_wconf 66' lang='grc' dir='ltr'><strong>ι</strong></span> <span class='ocrx_word' id='word_1_316' title='bbox 801 2374 972 2429; x_wconf 81' lang='lat' dir='ltr'>Certa</span> <span class='ocrx_word' id='word_1_317' title='bbox 1008 2380 1142 2429; x_wconf 81' lang='lat' dir='ltr'>sunt</span> <span class='ocrx_word' id='word_1_318' title='bbox 1179 2374 1329 2445; x_wconf 85' lang='lat' dir='ltr'>apud</span> <span class='ocrx_word' id='word_1_319' title='bbox 1364 2374 1669 2430; x_wconf 84' lang='lat' dir='ltr'>Dominum</span> <span class='ocrx_word' id='word_1_320' title='bbox 1696 2379 1754 2428; x_wconf 88' lang='lat' dir='ltr'>et</span> <span class='ocrx_word' id='word_1_321' title='bbox 1783 2379 2007 2446; x_wconf 83' lang='lat' dir='ltr'>tempus</span> <span class='ocrx_word' id='word_1_322' title='bbox 2039 2382 2097 2431; x_wconf 88' lang='lat' dir='ltr'>et</span> 
     </span>
    </p>
   </div>
   <div class='ocr_carea' id='block_1_39' title="bbox 492 2462 2094 2535">
    <p class='ocr_par' dir='ltr' id='par_1_39' title="bbox 492 2462 2094 2535">
     <span class='ocr_line' id='line_1_39' title="bbox 492 2462 2094 2535; baseline 0.002 -19"><span class='ocrx_word' id='word_1_323' title='bbox 492 2462 694 2517; x_wconf 82' lang='lat' dir='ltr'>modus</span> <span class='ocrx_word' id='word_1_324' title='bbox 714 2463 986 2529; x_wconf 68' lang='lat' dir='ltr'>vindictae,</span> <span class='ocrx_word' id='word_1_325' title='bbox 1011 2479 1122 2535; x_wconf 90' lang='lat' dir='ltr'>quo</span> <span class='ocrx_word' id='word_1_326' title='bbox 1142 2469 1478 2534; x_wconf 83' lang='lat' dir='ltr'>peccatores,</span> <span class='ocrx_word' id='word_1_327' title='bbox 1494 2463 1542 2517; x_wconf 90' lang='lat' dir='ltr'>si</span> <span class='ocrx_word' id='word_1_328' title='bbox 1570 2481 1632 2518; x_wconf 89' lang='lat' dir='ltr'>se</span> <span class='ocrx_word' id='word_1_329' title='bbox 1660 2479 1696 2517; x_wconf 86' lang='lat' dir='ltr'>a</span> <span class='ocrx_word' id='word_1_330' title='bbox 1721 2464 1966 2535; x_wconf 87' lang='lat' dir='ltr'>peccatis</span> <span class='ocrx_word' id='word_1_331' title='bbox 1984 2480 2094 2521; x_wconf 89' lang='lat' dir='ltr'>non</span> 
     </span>
    </p>
   </div>
   <div class='ocr_carea' id='block_1_40' title="bbox 494 2551 2094 2624">
    <p class='ocr_par' dir='ltr' id='par_1_40' title="bbox 494 2551 2094 2624">
     <span class='ocr_line' id='line_1_40' title="bbox 494 2551 2094 2624; baseline 0.002 -20"><span class='ocrx_word' id='word_1_332' title='bbox 494 2552 857 2618; x_wconf 84' lang='lat' dir='ltr'>correxerint,</span> <span class='ocrx_word' id='word_1_333' title='bbox 888 2552 1188 2624; x_wconf 87' lang='lat' dir='ltr'>torquendi</span> <span class='ocrx_word' id='word_1_334' title='bbox 1217 2558 1368 2607; x_wconf 85' lang='lat' dir='ltr'>sunt.</span> <span class='ocrx_word' id='word_1_335' title='bbox 1400 2551 1508 2606; x_wconf 86' lang='lat' dir='ltr'>Sed</span> <span class='ocrx_word' id='word_1_336' title='bbox 1540 2551 1674 2623; x_wconf 84' lang='lat' dir='ltr'>quia</span> <span class='ocrx_word' id='word_1_337' title='bbox 1702 2552 1893 2607; x_wconf 72' lang='lat' dir='ltr'>multae</span> <span class='ocrx_word' id='word_1_338' title='bbox 1924 2551 2094 2607; x_wconf 85' lang='lat' dir='ltr'>mise-</span> 
     </span>
    </p>
   </div>
   <div class='ocr_carea' id='block_1_41' title="bbox 497 2638 2096 2713">
    <p class='ocr_par' dir='ltr' id='par_1_41' title="bbox 497 2638 2096 2713">
     <span class='ocr_line' id='line_1_41' title="bbox 497 2638 2096 2713; baseline 0.002 -19"><span class='ocrx_word' id='word_1_339' title='bbox 497 2641 746 2696; x_wconf 76' lang='lat' dir='ltr'>rationes</span> <span class='ocrx_word' id='word_1_340' title='bbox 774 2642 900 2712; x_wconf 86' lang='lat' dir='ltr'>ejus</span> <span class='ocrx_word' id='word_1_341' title='bbox 927 2648 1080 2709; x_wconf 88' lang='lat' dir='ltr'>sunt,</span> <span class='ocrx_word' id='word_1_342' title='bbox 1116 2662 1144 2694; x_wconf 79' lang='grc' dir='ltr'>ιι</span> <span class='ocrx_word' id='word_1_343' title='bbox 1176 2656 1629 2713; x_wconf 69' lang='lat' dir='ltr'>praeoccupemus</span> <span class='ocrx_word' id='word_1_344' title='bbox 1654 2638 1854 2695; x_wconf 82' lang='lat' dir='ltr'>faciem</span> <span class='ocrx_word' id='word_1_345' title='bbox 1885 2642 2009 2712; x_wconf 88' lang='lat' dir='ltr'>ejus</span> <span class='ocrx_word' id='word_1_346' title='bbox 2036 2641 2096 2697; x_wconf 89' lang='lat' dir='ltr'>in</span> 
     </span>
    </p>
   </div>
   <div class='ocr_carea' id='block_1_42' title="bbox 494 2729 2091 2801">
    <p class='ocr_par' dir='ltr' id='par_1_42' title="bbox 494 2729 2091 2801">
     <span class='ocr_line' id='line_1_42' title="bbox 494 2729 2091 2801; baseline 0.001 -17"><span class='ocrx_word' id='word_1_347' title='bbox 494 2729 858 2795; x_wconf 85' lang='lat' dir='ltr'>confessione,</span> <span class='ocrx_word' id='word_1_348' title='bbox 875 2734 933 2784; x_wconf 84' lang='lat' dir='ltr'>et</span> <span class='ocrx_word' id='word_1_349' title='bbox 952 2730 1011 2785; x_wconf 90' lang='lat' dir='ltr'>in</span> <span class='ocrx_word' id='word_1_350' title='bbox 1041 2729 1594 2801; x_wconf 84' lang='lat' dir='ltr'>psalmisjubilemus</span> <span class='ocrx_word' id='word_1_351' title='bbox 1622 2729 1674 2784; x_wconf 91' lang='lat' dir='ltr'>ei</span> <span class='ocrx_word' id='word_1_352' title='bbox 1707 2731 2091 2800; x_wconf 75' lang='lat' dir='ltr'>(Psal.xc1v).»</span> 
     </span>
    </p>
   </div>
   <div class='ocr_carea' id='block_1_43' title="bbox 493 2817 2097 2889">
    <p class='ocr_par' dir='ltr' id='par_1_43' title="bbox 493 2817 2097 2889">
     <span class='ocr_line' id='line_1_43' title="bbox 493 2817 2097 2889; baseline 0.001 -16"><span class='ocrx_word' id='word_1_353' title='bbox 493 2817 870 2873; x_wconf 85' lang='lat' dir='ltr'>Humiliemus</span> <span class='ocrx_word' id='word_1_354' title='bbox 896 2819 956 2875; x_wconf 88' lang='lat' dir='ltr'>in</span> <span class='ocrx_word' id='word_1_355' title='bbox 975 2819 1196 2889; x_wconf 86' lang='lat' dir='ltr'>jejunio</span> <span class='ocrx_word' id='word_1_356' title='bbox 1225 2817 1444 2872; x_wconf 86' lang='lat' dir='ltr'>animas</span> <span class='ocrx_word' id='word_1_357' title='bbox 1467 2823 1706 2883; x_wconf 85' lang='lat' dir='ltr'>nostras,</span> <span class='ocrx_word' id='word_1_358' title='bbox 1725 2817 2021 2889; x_wconf 78' lang='lat' dir='ltr'>vigilemus</span> <span class='ocrx_word' id='word_1_359' title='bbox 2039 2825 2097 2874; x_wconf 85' lang='lat' dir='ltr'>et</span> 
     </span>
    </p>
   </div>
   <div class='ocr_carea' id='block_1_44' title="bbox 491 2906 2093 2978">
    <p class='ocr_par' dir='ltr' id='par_1_44' title="bbox 491 2906 2093 2978">
     <span class='ocr_line' id='line_1_44' title="bbox 491 2906 2093 2978; baseline 0.001 -16"><span class='ocrx_word' id='word_1_360' title='bbox 491 2920 737 2973; x_wconf 79' lang='lat' dir='ltr'>oremus,</span> <span class='ocrx_word' id='word_1_361' title='bbox 768 2906 1037 2978; x_wconf 84' lang='lat' dir='ltr'>quoniam</span> <span class='ocrx_word' id='word_1_362' title='bbox 1069 2907 1197 2978; x_wconf 89' lang='lat' dir='ltr'>quis</span> <span class='ocrx_word' id='word_1_363' title='bbox 1226 2907 1331 2961; x_wconf 85' lang='lat' dir='ltr'>scit</span> <span class='ocrx_word' id='word_1_364' title='bbox 1359 2906 1408 2961; x_wconf 85' lang='lat' dir='ltr'>si</span> <span class='ocrx_word' id='word_1_365' title='bbox 1448 2912 1806 2963; x_wconf 80' lang='lat' dir='ltr'>convertatur</span> <span class='ocrx_word' id='word_1_366' title='bbox 1833 2912 1891 2962; x_wconf 91' lang='lat' dir='ltr'>et</span> <span class='ocrx_word' id='word_1_367' title='bbox 1931 2907 2093 2978; x_wconf 76' lang='lat' dir='ltr'>igno-</span> 
     </span>
    </p>
   </div>
   <div class='ocr_carea' id='block_1_45' title="bbox 493 2995 1936 3066">
    <p class='ocr_par' dir='ltr' id='par_1_45' title="bbox 493 2995 1936 3066">
     <span class='ocr_line' id='line_1_45' title="bbox 493 2995 1936 3066; baseline 0 -16"><span class='ocrx_word' id='word_1_368' title='bbox 493 3000 619 3050; x_wconf 73' lang='lat' dir='ltr'>scat</span> <span class='ocrx_word' id='word_1_369' title='bbox 634 2995 785 3050; x_wconf 80' lang='lat' dir='ltr'>Deus</span> <span class='ocrx_word' id='word_1_370' title='bbox 813 3000 872 3050; x_wconf 90' lang='lat' dir='ltr'>et</span> <span class='ocrx_word' id='word_1_371' title='bbox 897 2995 1182 3066; x_wconf 86' lang='lat' dir='ltr'>relinquat</span> <span class='ocrx_word' id='word_1_372' title='bbox 1209 3001 1336 3066; x_wconf 88' lang='lat' dir='ltr'>post</span> <span class='ocrx_word' id='word_1_373' title='bbox 1361 3012 1422 3051; x_wconf 86' lang='lat' dir='ltr'>se</span> <span class='ocrx_word' id='word_1_374' title='bbox 1444 2995 1891 3053; x_wconf 82' lang='lat' dir='ltr'>benedictionem</span> <span class='ocrx_word' id='word_1_375' title='bbox 1910 2997 1936 3050; x_wconf 89' lang='lat'><strong>?</strong></span> 
     </span>
    </p>
   </div>
   <div class='ocr_carea' id='block_1_46' title="bbox 566 3083 2094 3156">
    <p class='ocr_par' dir='ltr' id='par_1_46' title="bbox 566 3083 2094 3156">
     <span class='ocr_line' id='line_1_46' title="bbox 566 3083 2094 3156; baseline 0.004 -21"><span class='ocrx_word' id='word_1_376' title='bbox 566 3102 592 3133; x_wconf 77' lang='grc' dir='ltr'>σι</span> <span class='ocrx_word' id='word_1_377' title='bbox 625 3084 797 3138; x_wconf 82' lang='lat' dir='ltr'>Juxta</span> <span class='ocrx_word' id='word_1_378' title='bbox 831 3090 919 3139; x_wconf 83' lang='lat' dir='ltr'>est</span> <span class='ocrx_word' id='word_1_379' title='bbox 945 3083 1066 3139; x_wconf 88' lang='lat' dir='ltr'>dies</span> <span class='ocrx_word' id='word_1_380' title='bbox 1106 3084 1438 3156; x_wconf 82' lang='lat' dir='ltr'>perditionis</span> <span class='ocrx_word' id='word_1_381' title='bbox 1473 3089 1532 3138; x_wconf 90' lang='lat' dir='ltr'>et</span> <span class='ocrx_word' id='word_1_382' title='bbox 1574 3085 1772 3138; x_wconf 83' lang='lat' dir='ltr'>adesse</span> <span class='ocrx_word' id='word_1_383' title='bbox 1818 3084 2094 3141; x_wconf 83' lang='lat' dir='ltr'>festinant</span> 
     </span>
    </p>
   </div>
   <div class='ocr_carea' id='block_1_47' title="bbox 496 3143 2158 3246">
    <p class='ocr_par' dir='ltr' id='par_1_47' title="bbox 496 3143 2158 3246">
     <span class='ocr_line' id='line_1_47' title="bbox 496 3143 2158 3246; baseline 0.002 -21"><span class='ocrx_word' id='word_1_384' title='bbox 496 3188 526 3225; x_wconf 86' lang='grc' dir='ltr'>ι</span> <span class='ocrx_word' id='word_1_385' title='bbox 553 3178 828 3244; x_wconf 84' lang='lat' dir='ltr'>tempora.</span> <span class='ocrx_word' id='word_1_386' title='bbox 865 3190 892 3226; x_wconf 85' lang='lat'><strong>»</strong></span> <span class='ocrx_word' id='word_1_387' title='bbox 923 3174 1051 3228; x_wconf 75' lang='lat' dir='ltr'>Alia</span> <span class='ocrx_word' id='word_1_388' title='bbox 1078 3143 1251 3228; x_wconf 67' lang='lat' dir='ltr'>editio</span> <span class='ocrx_word' id='word_1_389' title='bbox 1275 3192 1287 3227; x_wconf 90' lang='lat'><strong>:</strong></span> <span class='ocrx_word' id='word_1_390' title='bbox 1317 3192 1344 3225; x_wconf 70' lang='grc' dir='ltr'><em>α</em></span> <span class='ocrx_word' id='word_1_391' title='bbox 1368 3173 1513 3237; x_wconf 83' lang='lat' dir='ltr'>Quia</span> <span class='ocrx_word' id='word_1_392' title='bbox 1524 3189 1700 3246; x_wconf 85' lang='lat' dir='ltr'>prope</span> <span class='ocrx_word' id='word_1_393' title='bbox 1715 3179 1802 3228; x_wconf 88' lang='lat' dir='ltr'>est</span> <span class='ocrx_word' id='word_1_394' title='bbox 1821 3174 1943 3229; x_wconf 88' lang='lat' dir='ltr'>dies</span> <span class='ocrx_word' id='word_1_395' title='bbox 1971 3191 2094 3246; x_wconf 88' lang='lat' dir='ltr'>per-</span> <span class='ocrx_word' id='word_1_396' title='bbox 2113 3143 2158 3205; x_wconf 62' lang='grc' dir='ltr'><strong>Β</strong></span> 
     </span>
    </p>
   </div>
   <div class='ocr_carea' id='block_1_48' title="bbox 487 3260 2094 3333">
    <p class='ocr_par' dir='ltr' id='par_1_48' title="bbox 487 3260 2094 3333">
     <span class='ocr_line' id='line_1_48' title="bbox 487 3260 2094 3333; baseline 0.002 -18"><span class='ocrx_word' id='word_1_397' title='bbox 487 3260 721 3316; x_wconf 86' lang='lat' dir='ltr'>ditionis</span> <span class='ocrx_word' id='word_1_398' title='bbox 746 3276 967 3326; x_wconf 81' lang='lat' dir='ltr'>eorum,</span> <span class='ocrx_word' id='word_1_399' title='bbox 995 3267 1056 3317; x_wconf 88' lang='lat' dir='ltr'>et</span> <span class='ocrx_word' id='word_1_400' title='bbox 1089 3263 1206 3318; x_wconf 65' lang='lat' dir='ltr'>haec</span> <span class='ocrx_word' id='word_1_401' title='bbox 1233 3267 1368 3321; x_wconf 87' lang='lat' dir='ltr'>sunt</span> <span class='ocrx_word' id='word_1_402' title='bbox 1413 3268 1613 3333; x_wconf 85' lang='lat' dir='ltr'>parata</span> <span class='ocrx_word' id='word_1_403' title='bbox 1639 3261 1812 3316; x_wconf 90' lang='lat' dir='ltr'>vobis.</span> <span class='ocrx_word' id='word_1_404' title='bbox 1849 3282 1873 3315; x_wconf 70' lang='grc' dir='ltr'><strong>ι</strong></span> <span class='ocrx_word' id='word_1_405' title='bbox 1924 3264 2094 3319; x_wconf 78' lang='lat' dir='ltr'>Juxta</span> 
     </span>
    </p>
   </div>
   <div class='ocr_carea' id='block_1_49' title="bbox 486 3350 2090 3423">
    <p class='ocr_par' dir='ltr' id='par_1_49' title="bbox 486 3350 2090 3423">
     <span class='ocr_line' id='line_1_49' title="bbox 486 3350 2090 3423; baseline 0.003 -20"><span class='ocrx_word' id='word_1_406' title='bbox 486 3352 577 3404; x_wconf 86' lang='lat' dir='ltr'>est</span> <span class='ocrx_word' id='word_1_407' title='bbox 621 3351 928 3423; x_wconf 83' lang='lat' dir='ltr'>unicuique</span> <span class='ocrx_word' id='word_1_408' title='bbox 966 3351 1088 3406; x_wconf 85' lang='lat' dir='ltr'>dies</span> <span class='ocrx_word' id='word_1_409' title='bbox 1132 3350 1384 3418; x_wconf 83' lang='lat' dir='ltr'>ultionis,</span> <span class='ocrx_word' id='word_1_410' title='bbox 1430 3351 1566 3422; x_wconf 87' lang='lat' dir='ltr'>quia</span> <span class='ocrx_word' id='word_1_411' title='bbox 1607 3356 1793 3406; x_wconf 84' lang='lat' dir='ltr'>certus</span> <span class='ocrx_word' id='word_1_412' title='bbox 1836 3356 1941 3419; x_wconf 88' lang='lat' dir='ltr'>est,</span> <span class='ocrx_word' id='word_1_413' title='bbox 1986 3369 2090 3408; x_wconf 91' lang='lat' dir='ltr'>nec</span> 
     </span>
    </p>
   </div>
   <div class='ocr_carea' id='block_1_50' title="bbox 488 3437 2082 3512">
    <p class='ocr_par' dir='ltr' id='par_1_50' title="bbox 488 3437 2082 3512">
     <span class='ocr_line' id='line_1_50' title="bbox 488 3437 2082 3512; baseline 0.001 -18"><span class='ocrx_word' id='word_1_414' title='bbox 488 3437 824 3495; x_wconf 76' lang='lat' dir='ltr'>diuturnum</span> <span class='ocrx_word' id='word_1_415' title='bbox 888 3454 1010 3496; x_wconf 80' lang='lat' dir='ltr'>esse</span> <span class='ocrx_word' id='word_1_416' title='bbox 1069 3446 1272 3512; x_wconf 83' lang='lat' dir='ltr'>potest,</span> <span class='ocrx_word' id='word_1_417' title='bbox 1303 3439 1455 3512; x_wconf 88' lang='lat' dir='ltr'>quod</span> <span class='ocrx_word' id='word_1_418' title='bbox 1506 3440 1812 3512; x_wconf 81' lang='lat' dir='ltr'>aliquando</span> <span class='ocrx_word' id='word_1_419' title='bbox 1866 3441 2082 3497; x_wconf 86' lang='lat' dir='ltr'>ﬁnitur.</span> 
     </span>
    </p>
   </div>
   <div class='ocr_carea' id='block_1_51' title="bbox 486 3526 2080 3601">
    <p class='ocr_par' dir='ltr' id='par_1_51' title="bbox 486 3526 2080 3601">
     <span class='ocr_line' id='line_1_51' title="bbox 486 3526 2080 3601; baseline 0.002 -19"><span class='ocrx_word' id='word_1_420' title='bbox 486 3526 773 3600; x_wconf 79' lang='lat' dir='ltr'>Quidquid</span> <span class='ocrx_word' id='word_1_421' title='bbox 803 3529 955 3586; x_wconf 82' lang='lat' dir='ltr'>enim</span> <span class='ocrx_word' id='word_1_422' title='bbox 982 3529 1292 3601; x_wconf 83' lang='lat' dir='ltr'>temporale</span> <span class='ocrx_word' id='word_1_423' title='bbox 1318 3535 1424 3595; x_wconf 88' lang='lat' dir='ltr'>est,</span> <span class='ocrx_word' id='word_1_424' title='bbox 1456 3534 1524 3584; x_wconf 88' lang='lat' dir='ltr'>ut</span> <span class='ocrx_word' id='word_1_425' title='bbox 1549 3535 1636 3584; x_wconf 88' lang='lat' dir='ltr'>est</span> <span class='ocrx_word' id='word_1_426' title='bbox 1663 3528 1908 3585; x_wconf 84' lang='lat' dir='ltr'>hominis</span> <span class='ocrx_word' id='word_1_427' title='bbox 1924 3535 2080 3597; x_wconf 82' lang='lat' dir='ltr'>setas,</span> 
     </span>
    </p>
   </div>
   <div class='ocr_carea' id='block_1_52' title="bbox 482 3617 2086 3690">
    <p class='ocr_par' dir='ltr' id='par_1_52' title="bbox 482 3617 2086 3690">
     <span class='ocr_line' id='line_1_52' title="bbox 482 3617 2086 3690; baseline 0.002 -19"><span class='ocrx_word' id='word_1_428' title='bbox 482 3630 681 3673; x_wconf 81' lang='lat' dir='ltr'>cursus</span> <span class='ocrx_word' id='word_1_429' title='bbox 708 3619 998 3690; x_wconf 78' lang='lat' dir='ltr'>praesentis</span> <span class='ocrx_word' id='word_1_430' title='bbox 1022 3619 1166 3684; x_wconf 71' lang='lat' dir='ltr'>vitae,</span> <span class='ocrx_word' id='word_1_431' title='bbox 1200 3617 1248 3672; x_wconf 88' lang='lat' dir='ltr'>si</span> <span class='ocrx_word' id='word_1_432' title='bbox 1285 3618 1356 3672; x_wconf 87' lang='lat' dir='ltr'>ad</span> <span class='ocrx_word' id='word_1_433' title='bbox 1395 3617 1769 3672; x_wconf 73' lang='lat' dir='ltr'>aeternitatem</span> <span class='ocrx_word' id='word_1_434' title='bbox 1799 3635 2086 3690; x_wconf 86' lang='lat' dir='ltr'>compara-</span> 
     </span>
    </p>
   </div>
   <div class='ocr_carea' id='block_1_53' title="bbox 483 3694 2088 3778">
    <p class='ocr_par' dir='ltr' id='par_1_53' title="bbox 483 3694 2088 3778">
     <span class='ocr_line' id='line_1_53' title="bbox 483 3694 2088 3778; baseline 0 -15"><span class='ocrx_word' id='word_1_435' title='bbox 483 3710 598 3771; x_wconf 64' lang='lat' dir='ltr'>tur,</span> <span class='ocrx_word' id='word_1_436' title='bbox 633 3723 868 3778; x_wconf 77' lang='lat' dir='ltr'>parvum</span> <span class='ocrx_word' id='word_1_437' title='bbox 887 3707 954 3763; x_wconf 78' lang='lat' dir='ltr'>iit</span> <span class='ocrx_word' id='word_1_438' title='bbox 970 3708 1094 3778; x_wconf 89' lang='lat' dir='ltr'>ejus</span> <span class='ocrx_word' id='word_1_439' title='bbox 1112 3707 1552 3778; x_wconf 82' lang='lat' dir='ltr'>comparatione,</span> <span class='ocrx_word' id='word_1_440' title='bbox 1575 3706 1702 3762; x_wconf 88' lang='lat' dir='ltr'>ideo</span> <span class='ocrx_word' id='word_1_441' title='bbox 1730 3694 1954 3774; x_wconf 81' lang='lat' dir='ltr'>dicitur,</span> <span class='ocrx_word' id='word_1_442' title='bbox 1974 3730 1997 3759; x_wconf 75' lang='grc' dir='ltr'>ι</span> <span class='ocrx_word' id='word_1_443' title='bbox 2028 3714 2088 3763; x_wconf 89' lang='lat' dir='ltr'>et</span> 
     </span>
    </p>
   </div>
   <div class='ocr_carea' id='block_1_54' title="bbox 482 3794 2084 3867">
    <p class='ocr_par' dir='ltr' id='par_1_54' title="bbox 482 3794 2084 3867">
     <span class='ocr_line' id='line_1_54' title="bbox 482 3794 2084 3867; baseline 0.002 -18"><span class='ocrx_word' id='word_1_444' title='bbox 482 3794 679 3849; x_wconf 79' lang='lat' dir='ltr'>adesse</span> <span class='ocrx_word' id='word_1_445' title='bbox 709 3795 982 3852; x_wconf 84' lang='lat' dir='ltr'>festinant</span> <span class='ocrx_word' id='word_1_446' title='bbox 996 3801 1275 3867; x_wconf 84' lang='lat' dir='ltr'>tempora,</span> <span class='ocrx_word' id='word_1_447' title='bbox 1301 3813 1327 3848; x_wconf 63' lang='grc' dir='ltr'>β</span> <span class='ocrx_word' id='word_1_448' title='bbox 1351 3795 1485 3866; x_wconf 87' lang='lat' dir='ltr'>quia</span> <span class='ocrx_word' id='word_1_449' title='bbox 1502 3795 1614 3850; x_wconf 89' lang='lat' dir='ltr'>cito</span> <span class='ocrx_word' id='word_1_450' title='bbox 1641 3795 1920 3851; x_wconf 76' lang='lat' dir='ltr'>liniuntur</span> <span class='ocrx_word' id='word_1_451' title='bbox 1937 3802 2084 3853; x_wconf 86' lang='lat' dir='ltr'>tem-</span> 
     </span>
    </p>
   </div>
   <div class='ocr_carea' id='block_1_55' title="bbox 482 3883 2086 3958">
    <p class='ocr_par' dir='ltr' id='par_1_55' title="bbox 482 3883 2086 3958">
     <span class='ocr_line' id='line_1_55' title="bbox 482 3883 2086 3958; baseline 0.001 -19"><span class='ocrx_word' id='word_1_452' title='bbox 482 3883 717 3956; x_wconf 78' lang='lat' dir='ltr'>poralia,</span> <span class='ocrx_word' id='word_1_453' title='bbox 740 3890 800 3941; x_wconf 82' lang='lat' dir='ltr'>et</span> <span class='ocrx_word' id='word_1_454' title='bbox 826 3891 1027 3957; x_wconf 79' lang='lat' dir='ltr'>parata</span> <span class='ocrx_word' id='word_1_455' title='bbox 1039 3885 1252 3958; x_wconf 88' lang='lat' dir='ltr'>iniquis</span> <span class='ocrx_word' id='word_1_456' title='bbox 1280 3884 1586 3941; x_wconf 86' lang='lat' dir='ltr'>adveniunt</span> <span class='ocrx_word' id='word_1_457' title='bbox 1606 3890 1910 3951; x_wconf 86' lang='lat' dir='ltr'>tormenta,</span> <span class='ocrx_word' id='word_1_458' title='bbox 1922 3886 2086 3957; x_wconf 84' lang='lat' dir='ltr'>juxta</span> 
     </span>
    </p>
   </div>
   <div class='ocr_carea' id='block_1_56' title="bbox 482 3972 2086 4045">
    <p class='ocr_par' dir='ltr' id='par_1_56' title="bbox 482 3972 2086 4045">
     <span class='ocr_line' id='line_1_56' title="bbox 482 3972 2086 4045; baseline 0 -17"><span class='ocrx_word' id='word_1_459' title='bbox 482 3972 561 4039; x_wconf 87' lang='lat' dir='ltr'>id,</span> <span class='ocrx_word' id='word_1_460' title='bbox 606 3974 756 4044; x_wconf 90' lang='lat' dir='ltr'>quod</span> <span class='ocrx_word' id='word_1_461' title='bbox 780 3973 1054 4045; x_wconf 84' lang='lat' dir='ltr'>scriptum</span> <span class='ocrx_word' id='word_1_462' title='bbox 1092 3979 1181 4029; x_wconf 86' lang='lat' dir='ltr'>est</span> <span class='ocrx_word' id='word_1_463' title='bbox 1211 3992 1223 4028; x_wconf 72' lang='grc' dir='ltr'>ε</span> <span class='ocrx_word' id='word_1_464' title='bbox 1252 3991 1279 4025; x_wconf 85' lang='lat'><strong><em>«</em></strong></span> <span class='ocrx_word' id='word_1_465' title='bbox 1325 3973 1533 4029; x_wconf 82' lang='lat' dir='ltr'>Parata</span> <span class='ocrx_word' id='word_1_466' title='bbox 1572 3980 1708 4029; x_wconf 85' lang='lat' dir='ltr'>sunt</span> <span class='ocrx_word' id='word_1_467' title='bbox 1740 3973 2086 4029; x_wconf 85' lang='lat' dir='ltr'>derisoribus</span> 
     </span>
    </p>
   </div>
   <div class='ocr_carea' id='block_1_57' title="bbox 475 4060 2084 4132">
    <p class='ocr_par' dir='ltr' id='par_1_57' title="bbox 475 4060 2084 4132">
     <span class='ocr_line' id='line_1_57' title="bbox 475 4060 2084 4132; baseline 0.002 -17"><span class='ocrx_word' id='word_1_468' title='bbox 475 4060 691 4132; x_wconf 82' lang='lat' dir='ltr'>judicia</span> <span class='ocrx_word' id='word_1_469' title='bbox 721 4062 898 4129; x_wconf 81' lang='lat' dir='ltr'>(Prov.</span> <span class='ocrx_word' id='word_1_470' title='bbox 944 4065 1077 4129; x_wconf 67' lang='lat' dir='ltr'><strong>xxx).</strong></span> <span class='ocrx_word' id='word_1_471' title='bbox 1113 4081 1139 4116; x_wconf 71' lang='grc' dir='ltr'><strong>ι)</strong></span> <span class='ocrx_word' id='word_1_472' title='bbox 1181 4062 1502 4118; x_wconf 85' lang='lat' dir='ltr'>Secundum</span> <span class='ocrx_word' id='word_1_473' title='bbox 1556 4061 1849 4117; x_wconf 84' lang='lat' dir='ltr'>historiam</span> <span class='ocrx_word' id='word_1_474' title='bbox 1894 4068 2084 4118; x_wconf 85' lang='lat' dir='ltr'>autem</span> 
     </span>
    </p>
   </div>
   <div class='ocr_carea' id='block_1_58' title="bbox 481 4149 2087 4223">
    <p class='ocr_par' dir='ltr' id='par_1_58' title="bbox 481 4149 2087 4223">
     <span class='ocr_line' id='line_1_58' title="bbox 481 4149 2087 4223; baseline 0.002 -19"><span class='ocrx_word' id='word_1_475' title='bbox 481 4149 869 4204; x_wconf 84' lang='lat' dir='ltr'>Israelitarum</span> <span class='ocrx_word' id='word_1_476' title='bbox 888 4149 1131 4206; x_wconf 84' lang='lat' dir='ltr'>vindicta</span> <span class='ocrx_word' id='word_1_477' title='bbox 1147 4150 1516 4223; x_wconf 85' lang='lat' dir='ltr'>appropiavit,</span> <span class='ocrx_word' id='word_1_478' title='bbox 1541 4150 1677 4222; x_wconf 86' lang='lat' dir='ltr'>quia</span> <span class='ocrx_word' id='word_1_479' title='bbox 1691 4167 1758 4205; x_wconf 87' lang='lat' dir='ltr'>ex</span> <span class='ocrx_word' id='word_1_480' title='bbox 1779 4167 1889 4223; x_wconf 91' lang='lat' dir='ltr'>quo</span> <span class='ocrx_word' id='word_1_481' title='bbox 1909 4150 2087 4207; x_wconf 89' lang='lat' dir='ltr'>rebel-</span> 
     </span>
    </p>
   </div>
   <div class='ocr_carea' id='block_1_59' title="bbox 481 4238 2086 4311">
    <p class='ocr_par' dir='ltr' id='par_1_59' title="bbox 481 4238 2086 4311">
     <span class='ocr_line' id='line_1_59' title="bbox 481 4238 2086 4311; baseline 0.002 -19"><span class='ocrx_word' id='word_1_482' title='bbox 481 4238 600 4293; x_wconf 88' lang='lat' dir='ltr'>lare</span> <span class='ocrx_word' id='word_1_483' title='bbox 627 4244 937 4310; x_wconf 72' lang='lat' dir='ltr'>cmperunt,</span> <span class='ocrx_word' id='word_1_484' title='bbox 953 4255 1243 4311; x_wconf 88' lang='lat' dir='ltr'>nunquam</span> <span class='ocrx_word' id='word_1_485' title='bbox 1259 4239 1502 4311; x_wconf 82' lang='lat' dir='ltr'>perfecte</span> <span class='ocrx_word' id='word_1_486' title='bbox 1531 4239 1892 4305; x_wconf 88' lang='lat' dir='ltr'>destiterunt,</span> <span class='ocrx_word' id='word_1_487' title='bbox 1908 4240 2086 4296; x_wconf 91' lang='lat' dir='ltr'>donec</span> 
     </span>
    </p>
   </div>
   <div class='ocr_carea' id='block_1_60' title="bbox 2181 1922 3726 2000">
    <p class='ocr_par' dir='ltr' id='par_1_60' title="bbox 2181 1922 3726 2000">
     <span class='ocr_line' id='line_1_60' title="bbox 2181 1922 3726 2000; baseline 0.001 -19"><span class='ocrx_word' id='word_1_488' title='bbox 2181 1922 2454 1984; x_wconf 76' lang='lat' dir='ltr'>Dominus</span> <span class='ocrx_word' id='word_1_489' title='bbox 2474 1928 2683 2000; x_wconf 79' lang='lat' dir='ltr'>legitur</span> <span class='ocrx_word' id='word_1_490' title='bbox 2700 1929 2759 1984; x_wconf 87' lang='lat' dir='ltr'>in</span> <span class='ocrx_word' id='word_1_491' title='bbox 2780 1929 2954 1984; x_wconf 83' lang='lat' dir='ltr'>servis</span> <span class='ocrx_word' id='word_1_492' title='bbox 2982 1929 3099 1984; x_wconf 86' lang='lat' dir='ltr'>suis</span> <span class='ocrx_word' id='word_1_493' title='bbox 3116 1922 3418 1995; x_wconf 78' lang='lat' dir='ltr'>consolari,</span> <span class='ocrx_word' id='word_1_494' title='bbox 3446 1929 3726 2000; x_wconf 66' lang='lat' dir='ltr'>metonymi</span> 
     </span>
    </p>
   </div>
   <div class='ocr_carea' id='block_1_61' title="bbox 2179 2015 3728 2090">
    <p class='ocr_par' dir='ltr' id='par_1_61' title="bbox 2179 2015 3728 2090">
     <span class='ocr_line' id='line_1_61' title="bbox 2179 2015 3728 2090; baseline 0.001 -19"><span class='ocrx_word' id='word_1_495' title='bbox 2179 2030 2242 2072; x_wconf 90' lang='lat' dir='ltr'>ce</span> <span class='ocrx_word' id='word_1_496' title='bbox 2261 2015 2473 2073; x_wconf 88' lang='lat' dir='ltr'>dictum</span> <span class='ocrx_word' id='word_1_497' title='bbox 2514 2024 2618 2081; x_wconf 88' lang='lat' dir='ltr'>est,</span> <span class='ocrx_word' id='word_1_498' title='bbox 2659 2016 2754 2072; x_wconf 88' lang='lat' dir='ltr'>ubi</span> <span class='ocrx_word' id='word_1_499' title='bbox 2799 2028 2900 2090; x_wconf 89' lang='lat' dir='ltr'>per</span> <span class='ocrx_word' id='word_1_500' title='bbox 2948 2017 3008 2072; x_wconf 85' lang='lat' dir='ltr'>id</span> <span class='ocrx_word' id='word_1_501' title='bbox 3050 2019 3203 2089; x_wconf 85' lang='lat' dir='ltr'>quod</span> <span class='ocrx_word' id='word_1_502' title='bbox 3239 2017 3494 2079; x_wconf 74' lang='lat' dir='ltr'>efﬁcitur,</span> <span class='ocrx_word' id='word_1_503' title='bbox 3522 2017 3573 2072; x_wconf 85' lang='lat' dir='ltr'>id</span> <span class='ocrx_word' id='word_1_504' title='bbox 3610 2017 3728 2090; x_wconf 79' lang='lat' dir='ltr'>quod</span> 
     </span>
    </p>
   </div>
   <div class='ocr_carea' id='block_1_62' title="bbox 2179 2104 3727 2178">
    <p class='ocr_par' dir='ltr' id='par_1_62' title="bbox 2179 2104 3727 2178">
     <span class='ocr_line' id='line_1_62' title="bbox 2179 2104 3727 2178; baseline 0 -17"><span class='ocrx_word' id='word_1_505' title='bbox 2179 2104 2350 2161; x_wconf 64' lang='lat' dir='ltr'>edicit</span> <span class='ocrx_word' id='word_1_506' title='bbox 2377 2107 2816 2171; x_wconf 85' lang='lat' dir='ltr'>demonstratur,</span> <span class='ocrx_word' id='word_1_507' title='bbox 2844 2120 2975 2161; x_wconf 88' lang='lat' dir='ltr'>nam</span> <span class='ocrx_word' id='word_1_508' title='bbox 3005 2107 3282 2162; x_wconf 86' lang='lat' dir='ltr'>Dominus</span> <span class='ocrx_word' id='word_1_509' title='bbox 3324 2108 3485 2178; x_wconf 81' lang='lat' dir='ltr'>juxta</span> <span class='ocrx_word' id='word_1_510' title='bbox 3511 2110 3727 2162; x_wconf 71' lang='lat' dir='ltr'>naturam</span> 
     </span>
    </p>
   </div>
   <div class='ocr_carea' id='block_1_63' title="bbox 2176 2186 3730 2267">
    <p class='ocr_par' dir='ltr' id='par_1_63' title="bbox 2176 2186 3730 2267">
     <span class='ocr_line' id='line_1_63' title="bbox 2176 2186 3730 2267; baseline -0.001 -17"><span class='ocrx_word' id='word_1_511' title='bbox 2176 2210 2401 2267; x_wconf 86' lang='lat' dir='ltr'>semper</span> <span class='ocrx_word' id='word_1_512' title='bbox 2443 2186 2609 2250; x_wconf 73' lang='lat' dir='ltr'>laetus</span> <span class='ocrx_word' id='word_1_513' title='bbox 2644 2197 2705 2250; x_wconf 87' lang='lat' dir='ltr'>et</span> <span class='ocrx_word' id='word_1_514' title='bbox 2741 2194 3086 2267; x_wconf 86' lang='lat' dir='ltr'>tranquillus</span> <span class='ocrx_word' id='word_1_515' title='bbox 3130 2200 3243 2262; x_wconf 86' lang='lat' dir='ltr'>est,</span> <span class='ocrx_word' id='word_1_516' title='bbox 3288 2208 3391 2250; x_wconf 84' lang='lat' dir='ltr'>nec</span> <span class='ocrx_word' id='word_1_517' title='bbox 3430 2202 3651 2266; x_wconf 80' lang='lat' dir='ltr'>unquam</span> <span class='ocrx_word' id='word_1_518' title='bbox 3685 2194 3730 2248; x_wconf 72' lang='lat' dir='ltr'>in</span> 
     </span>
    </p>
   </div>
   <div class='ocr_carea' id='block_1_64' title="bbox 2176 2283 3727 2355">
    <p class='ocr_par' dir='ltr' id='par_1_64' title="bbox 2176 2283 3727 2355">
     <span class='ocr_line' id='line_1_64' title="bbox 2176 2283 3727 2355; baseline -0.001 -17"><span class='ocrx_word' id='word_1_519' title='bbox 2176 2283 2426 2340; x_wconf 76' lang='lat' dir='ltr'>tristitiae</span> <span class='ocrx_word' id='word_1_520' title='bbox 2469 2296 2768 2340; x_wconf 81' lang='lat' dir='ltr'>maerorem</span> <span class='ocrx_word' id='word_1_521' title='bbox 2811 2288 3215 2351; x_wconf 83' lang='lat' dir='ltr'>commutatur,</span> <span class='ocrx_word' id='word_1_522' title='bbox 3260 2284 3333 2340; x_wconf 86' lang='lat' dir='ltr'>de</span> <span class='ocrx_word' id='word_1_523' title='bbox 3373 2300 3481 2355; x_wconf 87' lang='lat' dir='ltr'>quo</span> <span class='ocrx_word' id='word_1_524' title='bbox 3504 2284 3727 2354; x_wconf 68' lang='lat' dir='ltr'>scriptum</span> 
     </span>
    </p>
   </div>
   <div class='ocr_carea' id='block_1_65' title="bbox 2176 2370 3733 2446">
    <p class='ocr_par' dir='ltr' id='par_1_65' title="bbox 2176 2370 3733 2446">
     <span class='ocr_line' id='line_1_65' title="bbox 2176 2370 3733 2446; baseline -0.001 -18"><span class='ocrx_word' id='word_1_525' title='bbox 2176 2378 2264 2428; x_wconf 82' lang='lat' dir='ltr'>est</span> <span class='ocrx_word' id='word_1_526' title='bbox 2284 2391 2296 2427; x_wconf 93' lang='lat'>:</span> <span class='ocrx_word' id='word_1_527' title='bbox 2335 2392 2358 2425; x_wconf 75' lang='grc' dir='ltr'>ι</span> <span class='ocrx_word' id='word_1_528' title='bbox 2378 2370 2484 2439; x_wconf 86' lang='lat' dir='ltr'>Tu,</span> <span class='ocrx_word' id='word_1_529' title='bbox 2500 2374 2756 2439; x_wconf 86' lang='lat' dir='ltr'>Domine,</span> <span class='ocrx_word' id='word_1_530' title='bbox 2779 2373 2875 2446; x_wconf 86' lang='lat' dir='ltr'>qui</span> <span class='ocrx_word' id='word_1_531' title='bbox 2898 2380 3027 2428; x_wconf 84' lang='lat' dir='ltr'>cum</span> <span class='ocrx_word' id='word_1_532' title='bbox 3045 2373 3461 2446; x_wconf 82' lang='lat' dir='ltr'>tranquillitate</span> <span class='ocrx_word' id='word_1_533' title='bbox 3477 2373 3674 2444; x_wconf 77' lang='lat' dir='ltr'>judieas</span> <span class='ocrx_word' id='word_1_534' title='bbox 3688 2376 3733 2426; x_wconf 78' lang='lat' dir='ltr'>et</span> 
     </span>
    </p>
   </div>
   <div class='ocr_carea' id='block_1_66' title="bbox 2174 2456 3733 2534">
    <p class='ocr_par' dir='ltr' id='par_1_66' title="bbox 2174 2456 3733 2534">
     <span class='ocr_line' id='line_1_66' title="bbox 2174 2456 3733 2534; baseline -0.001 -16"><span class='ocrx_word' id='word_1_535' title='bbox 2174 2460 2427 2534; x_wconf 87' lang='lat' dir='ltr'>disponis</span> <span class='ocrx_word' id='word_1_536' title='bbox 2456 2463 2649 2517; x_wconf 81' lang='lat' dir='ltr'>omnia</span> <span class='ocrx_word' id='word_1_537' title='bbox 2671 2463 2816 2532; x_wconf 74' lang='lat' dir='ltr'>(Sep.</span> <span class='ocrx_word' id='word_1_538' title='bbox 2844 2467 2968 2531; x_wconf 81' lang='lat' dir='ltr'>xu).</span> <span class='ocrx_word' id='word_1_539' title='bbox 2988 2476 3016 2516; x_wconf 68' lang='grc' dir='ltr'><strong>ι</strong></span> <span class='ocrx_word' id='word_1_540' title='bbox 3037 2462 3192 2518; x_wconf 83' lang='lat' dir='ltr'>Bene</span> <span class='ocrx_word' id='word_1_541' title='bbox 3220 2476 3359 2533; x_wconf 70' lang='lat' dir='ltr'>ergo</span> <span class='ocrx_word' id='word_1_542' title='bbox 3376 2462 3573 2517; x_wconf 86' lang='lat' dir='ltr'>dicitur</span> <span class='ocrx_word' id='word_1_543' title='bbox 3583 2456 3733 2517; x_wconf 86' lang='lat' dir='ltr'>Domi-</span> 
     </span>
    </p>
   </div>
   <div class='ocr_carea' id='block_1_67' title="bbox 2176 2550 3733 2623">
    <p class='ocr_par' dir='ltr' id='par_1_67' title="bbox 2176 2550 3733 2623">
     <span class='ocr_line' id='line_1_67' title="bbox 2176 2550 3733 2623; baseline -0.001 -17"><span class='ocrx_word' id='word_1_544' title='bbox 2176 2568 2284 2606; x_wconf 91' lang='lat' dir='ltr'>nus</span> <span class='ocrx_word' id='word_1_545' title='bbox 2311 2551 2369 2606; x_wconf 90' lang='lat' dir='ltr'>in</span> <span class='ocrx_word' id='word_1_546' title='bbox 2399 2551 2574 2607; x_wconf 87' lang='lat' dir='ltr'>servis</span> <span class='ocrx_word' id='word_1_547' title='bbox 2621 2551 2736 2606; x_wconf 84' lang='lat' dir='ltr'>suis</span> <span class='ocrx_word' id='word_1_548' title='bbox 2772 2550 3070 2617; x_wconf 85' lang='lat' dir='ltr'>consolari,</span> <span class='ocrx_word' id='word_1_549' title='bbox 3106 2551 3205 2623; x_wconf 84' lang='lat' dir='ltr'>qui</span> <span class='ocrx_word' id='word_1_550' title='bbox 3238 2552 3446 2606; x_wconf 80' lang='lat' dir='ltr'>eiectos</span> <span class='ocrx_word' id='word_1_551' title='bbox 3479 2560 3600 2605; x_wconf 84' lang='lat' dir='ltr'>suos</span> <span class='ocrx_word' id='word_1_552' title='bbox 3636 2552 3733 2621; x_wconf 76' lang='lat' dir='ltr'>post</span> 
     </span>
    </p>
   </div>
   <div class='ocr_carea' id='block_1_68' title="bbox 2176 2639 3735 2712">
    <p class='ocr_par' dir='ltr' id='par_1_68' title="bbox 2176 2639 3735 2712">
     <span class='ocr_line' id='line_1_68' title="bbox 2176 2639 3735 2712; baseline -0.001 -17"><span class='ocrx_word' id='word_1_553' title='bbox 2176 2641 2345 2695; x_wconf 81' lang='lat' dir='ltr'>ﬁnem</span> <span class='ocrx_word' id='word_1_554' title='bbox 2373 2639 2616 2696; x_wconf 84' lang='lat' dir='ltr'>tristitiae</span> <span class='ocrx_word' id='word_1_555' title='bbox 2646 2641 2938 2712; x_wconf 62' lang='lat' dir='ltr'>praesentis</span> <span class='ocrx_word' id='word_1_556' title='bbox 2967 2644 3182 2695; x_wconf 66' lang='lat' dir='ltr'>aeterna</span> <span class='ocrx_word' id='word_1_557' title='bbox 3202 2650 3342 2712; x_wconf 80' lang='lat' dir='ltr'>pace</span> <span class='ocrx_word' id='word_1_558' title='bbox 3360 2643 3417 2695; x_wconf 82' lang='lat' dir='ltr'>et</span> <span class='ocrx_word' id='word_1_559' title='bbox 3431 2639 3620 2710; x_wconf 77' lang='lat' dir='ltr'>gaudio</span> <span class='ocrx_word' id='word_1_560' title='bbox 3635 2654 3735 2693; x_wconf 71' lang='grc' dir='ltr'>ωηο</span> 
     </span>
    </p>
   </div>
   <div class='ocr_carea' id='block_1_69' title="bbox 2177 2725 3732 2789">
    <p class='ocr_par' dir='ltr' id='par_1_69' title="bbox 2177 2725 3732 2789">
     <span class='ocr_line' id='line_1_69' title="bbox 2177 2725 3732 2789; baseline -0.003 -5"><span class='ocrx_word' id='word_1_561' title='bbox 2177 2725 2416 2789; x_wconf 85' lang='lat' dir='ltr'>solatur.</span> <span class='ocrx_word' id='word_1_562' title='bbox 2436 2728 2630 2784; x_wconf 87' lang='lat' dir='ltr'>Potest</span> <span class='ocrx_word' id='word_1_563' title='bbox 2648 2734 2706 2784; x_wconf 87' lang='lat' dir='ltr'>et</span> <span class='ocrx_word' id='word_1_564' title='bbox 2734 2730 2842 2785; x_wconf 84' lang='lat' dir='ltr'>iste</span> <span class='ocrx_word' id='word_1_565' title='bbox 2870 2742 3063 2784; x_wconf 84' lang='lat' dir='ltr'>versus</span> <span class='ocrx_word' id='word_1_566' title='bbox 3098 2729 3171 2784; x_wconf 80' lang='lat' dir='ltr'>ad</span> <span class='ocrx_word' id='word_1_567' title='bbox 3203 2726 3525 2784; x_wconf 60' lang='lat' dir='ltr'>iudiearem</span> <span class='ocrx_word' id='word_1_568' title='bbox 3547 2738 3732 2782; x_wconf 54' lang='lat' dir='ltr'>convert</span> 
     </span>
    </p>
   </div>
   <div class='ocr_carea' id='block_1_70' title="bbox 2177 2816 3732 2890">
    <p class='ocr_par' dir='ltr' id='par_1_70' title="bbox 2177 2816 3732 2890">
     <span class='ocr_line' id='line_1_70' title="bbox 2177 2816 3732 2890; baseline 0 -17"><span class='ocrx_word' id='word_1_569' title='bbox 2177 2816 2390 2874; x_wconf 87' lang='lat' dir='ltr'>sionem</span> <span class='ocrx_word' id='word_1_570' title='bbox 2412 2817 2670 2874; x_wconf 87' lang='lat' dir='ltr'>ultimam</span> <span class='ocrx_word' id='word_1_571' title='bbox 2689 2816 2908 2884; x_wconf 81' lang='lat' dir='ltr'>referri,</span> <span class='ocrx_word' id='word_1_572' title='bbox 2940 2818 3165 2890; x_wconf 83' lang='lat' dir='ltr'>quando</span> <span class='ocrx_word' id='word_1_573' title='bbox 3185 2819 3494 2873; x_wconf 86' lang='lat' dir='ltr'>miserante</span> <span class='ocrx_word' id='word_1_574' title='bbox 3517 2817 3622 2873; x_wconf 83' lang='lat' dir='ltr'>Deo</span> <span class='ocrx_word' id='word_1_575' title='bbox 3653 2828 3732 2888; x_wconf 79' lang='lat' dir='ltr'>po-</span> 
     </span>
    </p>
   </div>
   <div class='ocr_carea' id='block_1_71' title="bbox 2175 2903 3732 2980">
    <p class='ocr_par' dir='ltr' id='par_1_71' title="bbox 2175 2903 3732 2980">
     <span class='ocr_line' id='line_1_71' title="bbox 2175 2903 3732 2980; baseline -0.003 -19"><span class='ocrx_word' id='word_1_576' title='bbox 2175 2904 2313 2978; x_wconf 89' lang='lat' dir='ltr'>pulo</span> <span class='ocrx_word' id='word_1_577' title='bbox 2337 2920 2438 2962; x_wconf 89' lang='lat' dir='ltr'>suo</span> <span class='ocrx_word' id='word_1_578' title='bbox 2467 2910 2596 2978; x_wconf 86' lang='lat' dir='ltr'>post</span> <span class='ocrx_word' id='word_1_579' title='bbox 2622 2906 3032 2980; x_wconf 85' lang='lat' dir='ltr'>plenitudinem</span> <span class='ocrx_word' id='word_1_580' title='bbox 3049 2907 3312 2978; x_wconf 76' lang='lat' dir='ltr'>gentium</span> <span class='ocrx_word' id='word_1_581' title='bbox 3328 2906 3399 2961; x_wconf 87' lang='lat' dir='ltr'>ad</span> <span class='ocrx_word' id='word_1_582' title='bbox 3413 2903 3732 2960; x_wconf 74' lang='lat' dir='ltr'>iidemsubin-</span> 
     </span>
    </p>
   </div>
   <div class='ocr_carea' id='block_1_72' title="bbox 2172 2991 3732 3068">
    <p class='ocr_par' dir='ltr' id='par_1_72' title="bbox 2172 2991 3732 3068">
     <span class='ocr_line' id='line_1_72' title="bbox 2172 2991 3732 3068; baseline -0.001 -18"><span class='ocrx_word' id='word_1_583' title='bbox 2172 3000 2418 3051; x_wconf 83' lang='lat' dir='ltr'>trantem</span> <span class='ocrx_word' id='word_1_584' title='bbox 2430 2995 2613 3050; x_wconf 88' lang='lat' dir='ltr'>omnis</span> <span class='ocrx_word' id='word_1_585' title='bbox 2623 2995 2796 3050; x_wconf 81' lang='lat' dir='ltr'>Israel</span> <span class='ocrx_word' id='word_1_586' title='bbox 2806 3010 2909 3068; x_wconf 87' lang='lat' dir='ltr'>per</span> <span class='ocrx_word' id='word_1_587' title='bbox 2917 2995 3162 3067; x_wconf 82' lang='lat' dir='ltr'>gratiam</span> <span class='ocrx_word' id='word_1_588' title='bbox 3173 2995 3427 3050; x_wconf 77' lang='lat' dir='ltr'>divinam</span> <span class='ocrx_word' id='word_1_589' title='bbox 3438 2995 3509 3050; x_wconf 83' lang='lat' dir='ltr'>ad</span> <span class='ocrx_word' id='word_1_590' title='bbox 3517 2991 3732 3050; x_wconf 69' lang='lat' dir='ltr'>eamdem</span> 
     </span>
    </p>
   </div>
   <div class='ocr_carea' id='block_1_73' title="bbox 2172 3081 3035 3140">
    <p class='ocr_par' dir='ltr' id='par_1_73' title="bbox 2172 3081 3035 3140">
     <span class='ocr_line' id='line_1_73' title="bbox 2172 3081 3035 3140; baseline -0.001 -1"><span class='ocrx_word' id='word_1_591' title='bbox 2172 3081 2343 3139; x_wconf 80' lang='lat' dir='ltr'>iidem</span> <span class='ocrx_word' id='word_1_592' title='bbox 2377 3096 2677 3140; x_wconf 85' lang='lat' dir='ltr'>conversus</span> <span class='ocrx_word' id='word_1_593' title='bbox 2705 3085 2891 3139; x_wconf 81' lang='lat' dir='ltr'>salvus</span> <span class='ocrx_word' id='word_1_594' title='bbox 2918 3084 3035 3139; x_wconf 82' lang='lat' dir='ltr'>iiet.</span> 
     </span>
    </p>
   </div>
   <div class='ocr_carea' id='block_1_74' title="bbox 2248 3170 3734 3244">
    <p class='ocr_par' dir='ltr' id='par_1_74' title="bbox 2248 3170 3734 3244">
     <span class='ocr_line' id='line_1_74' title="bbox 2248 3170 3734 3244; baseline 0.001 -18"><span class='ocrx_word' id='word_1_595' title='bbox 2248 3192 2274 3226; x_wconf 79' lang='grc' dir='ltr'>ι</span> <span class='ocrx_word' id='word_1_596' title='bbox 2298 3170 2524 3228; x_wconf 85' lang='lat' dir='ltr'>Videbit</span> <span class='ocrx_word' id='word_1_597' title='bbox 2552 3172 2701 3244; x_wconf 88' lang='lat' dir='ltr'>quod</span> <span class='ocrx_word' id='word_1_598' title='bbox 2727 3172 3014 3228; x_wconf 82' lang='lat' dir='ltr'>inﬁrmata</span> <span class='ocrx_word' id='word_1_599' title='bbox 3030 3172 3107 3227; x_wconf 88' lang='lat' dir='ltr'>sit</span> <span class='ocrx_word' id='word_1_600' title='bbox 3124 3182 3355 3241; x_wconf 82' lang='lat' dir='ltr'>manus,</span> <span class='ocrx_word' id='word_1_601' title='bbox 3374 3178 3430 3228; x_wconf 88' lang='lat' dir='ltr'>et</span> <span class='ocrx_word' id='word_1_602' title='bbox 3444 3172 3606 3228; x_wconf 80' lang='lat' dir='ltr'>clausi</span> <span class='ocrx_word' id='word_1_603' title='bbox 3627 3176 3734 3244; x_wconf 66' lang='lat' dir='ltr'>quo-</span> 
     </span>
    </p>
   </div>
   <div class='ocr_carea' id='block_1_75' title="bbox 2177 3259 3728 3335">
    <p class='ocr_par' dir='ltr' id='par_1_75' title="bbox 2177 3259 3728 3335">
     <span class='ocr_line' id='line_1_75' title="bbox 2177 3259 3728 3335; baseline -0.001 -19"><span class='ocrx_word' id='word_1_604' title='bbox 2177 3278 2204 3316; x_wconf 71' lang='lat' dir='ltr'>d</span> <span class='ocrx_word' id='word_1_605' title='bbox 2235 3274 2343 3335; x_wconf 87' lang='lat' dir='ltr'>que</span> <span class='ocrx_word' id='word_1_606' title='bbox 2357 3259 2701 3329; x_wconf 82' lang='lat' dir='ltr'>defecerunt,</span> <span class='ocrx_word' id='word_1_607' title='bbox 2709 3262 3031 3335; x_wconf 86' lang='lat' dir='ltr'>residuique</span> <span class='ocrx_word' id='word_1_608' title='bbox 3041 3263 3367 3335; x_wconf 82' lang='lat' dir='ltr'>consumpti</span> <span class='ocrx_word' id='word_1_609' title='bbox 3379 3265 3583 3325; x_wconf 55' lang='lat' dir='ltr'>suntet</span> <span class='ocrx_word' id='word_1_610' title='bbox 3593 3260 3728 3324; x_wconf 70' lang='lat' dir='ltr'>dicet,</span> 
     </span>
    </p>
   </div>
   <div class='ocr_carea' id='block_1_76' title="bbox 2174 3346 3729 3424">
    <p class='ocr_par' dir='ltr' id='par_1_76' title="bbox 2174 3346 3729 3424">
     <span class='ocr_line' id='line_1_76' title="bbox 2174 3346 3729 3424; baseline 0 -20"><span class='ocrx_word' id='word_1_611' title='bbox 2174 3368 2199 3403; x_wconf 70' lang='grc' dir='ltr'>ι</span> <span class='ocrx_word' id='word_1_612' title='bbox 2232 3348 2332 3406; x_wconf 88' lang='lat' dir='ltr'>ubi</span> <span class='ocrx_word' id='word_1_613' title='bbox 2361 3356 2495 3407; x_wconf 88' lang='lat' dir='ltr'>sunt</span> <span class='ocrx_word' id='word_1_614' title='bbox 2520 3350 2601 3406; x_wconf 88' lang='lat' dir='ltr'>dii</span> <span class='ocrx_word' id='word_1_615' title='bbox 2631 3364 2847 3419; x_wconf 85' lang='lat' dir='ltr'>eorum,</span> <span class='ocrx_word' id='word_1_616' title='bbox 2868 3351 2928 3406; x_wconf 88' lang='lat' dir='ltr'>in</span> <span class='ocrx_word' id='word_1_617' title='bbox 2947 3349 3152 3424; x_wconf 86' lang='lat' dir='ltr'>quibus</span> <span class='ocrx_word' id='word_1_618' title='bbox 3179 3350 3469 3406; x_wconf 86' lang='lat' dir='ltr'>habebant</span> <span class='ocrx_word' id='word_1_619' title='bbox 3489 3346 3729 3411; x_wconf 73' lang='lat' dir='ltr'>ﬁduciam,</span> 
     </span>
    </p>
   </div>
   <div class='ocr_carea' id='block_1_77' title="bbox 2173 3438 3733 3513">
    <p class='ocr_par' dir='ltr' id='par_1_77' title="bbox 2173 3438 3733 3513">
     <span class='ocr_line' id='line_1_77' title="bbox 2173 3438 3733 3513; baseline 0.001 -21"><span class='ocrx_word' id='word_1_620' title='bbox 2173 3453 2201 3492; x_wconf 70' lang='grc' dir='ltr'><strong><em>α</em></strong></span> <span class='ocrx_word' id='word_1_621' title='bbox 2230 3456 2298 3495; x_wconf 84' lang='lat' dir='ltr'>ex</span> <span class='ocrx_word' id='word_1_622' title='bbox 2317 3452 2557 3512; x_wconf 87' lang='lat' dir='ltr'>quorum</span> <span class='ocrx_word' id='word_1_623' title='bbox 2590 3438 2831 3495; x_wconf 85' lang='lat' dir='ltr'>victimis</span> <span class='ocrx_word' id='word_1_624' title='bbox 2847 3439 3221 3495; x_wconf 83' lang='lat' dir='ltr'>comedebant</span> <span class='ocrx_word' id='word_1_625' title='bbox 3234 3441 3433 3513; x_wconf 81' lang='lat' dir='ltr'>adipes</span> <span class='ocrx_word' id='word_1_626' title='bbox 3444 3446 3501 3496; x_wconf 89' lang='lat' dir='ltr'>et</span> <span class='ocrx_word' id='word_1_627' title='bbox 3512 3438 3733 3494; x_wconf 74' lang='lat' dir='ltr'>bibebant</span> 
     </span>
    </p>
   </div>
   <div class='ocr_carea' id='block_1_78' title="bbox 2172 3524 3724 3601">
    <p class='ocr_par' dir='ltr' id='par_1_78' title="bbox 2172 3524 3724 3601">
     <span class='ocr_line' id='line_1_78' title="bbox 2172 3524 3724 3601; baseline -0.001 -19"><span class='ocrx_word' id='word_1_628' title='bbox 2172 3546 2200 3582; x_wconf 71' lang='grc' dir='ltr'>(τ</span> <span class='ocrx_word' id='word_1_629' title='bbox 2230 3529 2424 3584; x_wconf 85' lang='lat' dir='ltr'>vinum</span> <span class='ocrx_word' id='word_1_630' title='bbox 2454 3524 2808 3585; x_wconf 87' lang='lat' dir='ltr'>libaminum.</span> <span class='ocrx_word' id='word_1_631' title='bbox 2841 3532 3078 3600; x_wconf 77' lang='lat' dir='ltr'>surgant</span> <span class='ocrx_word' id='word_1_632' title='bbox 3103 3532 3161 3582; x_wconf 87' lang='lat' dir='ltr'>et</span> <span class='ocrx_word' id='word_1_633' title='bbox 3205 3529 3555 3601; x_wconf 82' lang='lat' dir='ltr'>opitulentur</span> <span class='ocrx_word' id='word_1_634' title='bbox 3581 3524 3724 3582; x_wconf 81' lang='lat' dir='ltr'>vobis.</span> 
     </span>
    </p>
   </div>
   <div class='ocr_carea' id='block_1_79' title="bbox 2170 3615 3732 3690">
    <p class='ocr_par' dir='ltr' id='par_1_79' title="bbox 2170 3615 3732 3690">
     <span class='ocr_line' id='line_1_79' title="bbox 2170 3615 3732 3690; baseline -0.001 -20"><span class='ocrx_word' id='word_1_635' title='bbox 2170 3632 2194 3669; x_wconf 69' lang='grc' dir='ltr'>ί</span> <span class='ocrx_word' id='word_1_636' title='bbox 2228 3622 2287 3672; x_wconf 88' lang='lat' dir='ltr'>et</span> <span class='ocrx_word' id='word_1_637' title='bbox 2309 3616 2369 3672; x_wconf 87' lang='lat' dir='ltr'>in</span> <span class='ocrx_word' id='word_1_638' title='bbox 2396 3616 2727 3674; x_wconf 84' lang='lat' dir='ltr'>necessitate</span> <span class='ocrx_word' id='word_1_639' title='bbox 2750 3632 2847 3673; x_wconf 89' lang='lat' dir='ltr'>vos</span> <span class='ocrx_word' id='word_1_640' title='bbox 2865 3623 3231 3690; x_wconf 76' lang='lat' dir='ltr'>protegant.»</span> <span class='ocrx_word' id='word_1_641' title='bbox 3257 3618 3388 3673; x_wconf 77' lang='lat' dir='ltr'>Alia</span> <span class='ocrx_word' id='word_1_642' title='bbox 3400 3617 3593 3673; x_wconf 87' lang='lat' dir='ltr'>editio:</span> <span class='ocrx_word' id='word_1_643' title='bbox 3625 3634 3645 3666; x_wconf 82' lang='grc' dir='ltr'>ι</span> <span class='ocrx_word' id='word_1_644' title='bbox 3662 3615 3732 3669; x_wconf 64' lang='lat' dir='ltr'>VI-</span> 
     </span>
    </p>
   </div>
   <div class='ocr_carea' id='block_1_80' title="bbox 2166 3704 3729 3778">
    <p class='ocr_par' dir='ltr' id='par_1_80' title="bbox 2166 3704 3729 3778">
     <span class='ocr_line' id='line_1_80' title="bbox 2166 3704 3729 3778; baseline -0.003 -18"><span class='ocrx_word' id='word_1_645' title='bbox 2166 3704 2252 3761; x_wconf 89' lang='lat' dir='ltr'>dit</span> <span class='ocrx_word' id='word_1_646' title='bbox 2281 3705 2430 3761; x_wconf 85' lang='lat' dir='ltr'>enim</span> <span class='ocrx_word' id='word_1_647' title='bbox 2469 3721 2564 3761; x_wconf 88' lang='lat' dir='ltr'>eos</span> <span class='ocrx_word' id='word_1_648' title='bbox 2583 3706 2845 3778; x_wconf 79' lang='lat' dir='ltr'>fatigatos</span> <span class='ocrx_word' id='word_1_649' title='bbox 2867 3712 2925 3761; x_wconf 87' lang='lat' dir='ltr'>et</span> <span class='ocrx_word' id='word_1_650' title='bbox 2949 3705 3197 3760; x_wconf 74' lang='lat' dir='ltr'>defectos</span> <span class='ocrx_word' id='word_1_651' title='bbox 3244 3706 3307 3761; x_wconf 91' lang='lat' dir='ltr'>in</span> <span class='ocrx_word' id='word_1_652' title='bbox 3346 3705 3658 3762; x_wconf 80' lang='lat' dir='ltr'>abductione</span> <span class='ocrx_word' id='word_1_653' title='bbox 3684 3705 3729 3756; x_wconf 81' lang='lat' dir='ltr'>et</span> 
     </span>
    </p>
   </div>
   <div class='ocr_carea' id='block_1_81' title="bbox 2165 3790 3730 3862">
    <p class='ocr_par' dir='ltr' id='par_1_81' title="bbox 2165 3790 3730 3862">
     <span class='ocr_line' id='line_1_81' title="bbox 2165 3790 3730 3862; baseline -0.003 -13"><span class='ocrx_word' id='word_1_654' title='bbox 2165 3790 2483 3862; x_wconf 88' lang='lat' dir='ltr'>dissolutos,</span> <span class='ocrx_word' id='word_1_655' title='bbox 2506 3798 2566 3850; x_wconf 89' lang='lat' dir='ltr'>et</span> <span class='ocrx_word' id='word_1_656' title='bbox 2590 3795 2732 3850; x_wconf 76' lang='lat' dir='ltr'>dixit</span> <span class='ocrx_word' id='word_1_657' title='bbox 2760 3814 2772 3850; x_wconf 87' lang='lat'><strong>:</strong></span> <span class='ocrx_word' id='word_1_658' title='bbox 2806 3794 2912 3850; x_wconf 85' lang='lat' dir='ltr'>Ubi</span> <span class='ocrx_word' id='word_1_659' title='bbox 2959 3797 3092 3850; x_wconf 85' lang='lat' dir='ltr'>sunt</span> <span class='ocrx_word' id='word_1_660' title='bbox 3118 3805 3275 3850; x_wconf 89' lang='lat' dir='ltr'>nunc</span> <span class='ocrx_word' id='word_1_661' title='bbox 3312 3795 3394 3851; x_wconf 90' lang='lat' dir='ltr'>dii</span> <span class='ocrx_word' id='word_1_662' title='bbox 3437 3794 3662 3857; x_wconf 80' lang='lat' dir='ltr'>illorum,</span> <span class='ocrx_word' id='word_1_663' title='bbox 3686 3791 3730 3844; x_wconf 79' lang='lat' dir='ltr'>ib</span> 
     </span>
    </p>
   </div>
   <div class='ocr_carea' id='block_1_82' title="bbox 2166 3878 3729 3956">
    <p class='ocr_par' dir='ltr' id='par_1_82' title="bbox 2166 3878 3729 3956">
     <span class='ocr_line' id='line_1_82' title="bbox 2166 3878 3729 3956; baseline -0.003 -18"><span class='ocrx_word' id='word_1_664' title='bbox 2166 3882 2370 3955; x_wconf 86' lang='lat' dir='ltr'>quibus</span> <span class='ocrx_word' id='word_1_665' title='bbox 2397 3878 2760 3939; x_wconf 84' lang='lat' dir='ltr'>conﬁdebatls</span> <span class='ocrx_word' id='word_1_666' title='bbox 2778 3883 2837 3938; x_wconf 86' lang='lat' dir='ltr'>in</span> <span class='ocrx_word' id='word_1_667' title='bbox 2864 3880 3022 3956; x_wconf 87' lang='lat' dir='ltr'>ipsis,</span> <span class='ocrx_word' id='word_1_668' title='bbox 3056 3894 3303 3956; x_wconf 85' lang='lat' dir='ltr'>quorum</span> <span class='ocrx_word' id='word_1_669' title='bbox 3320 3884 3542 3956; x_wconf 80' lang='lat' dir='ltr'>adipem</span> <span class='ocrx_word' id='word_1_670' title='bbox 3560 3879 3729 3936; x_wconf 75' lang='lat' dir='ltr'>sectili-</span> 
     </span>
    </p>
   </div>
   <div class='ocr_carea' id='block_1_83' title="bbox 2164 3969 3731 4040">
    <p class='ocr_par' dir='ltr' id='par_1_83' title="bbox 2164 3969 3731 4040">
     <span class='ocr_line' id='line_1_83' title="bbox 2164 3969 3731 4040; baseline -0.001 -14"><span class='ocrx_word' id='word_1_671' title='bbox 2164 3970 2380 4028; x_wconf 86' lang='lat' dir='ltr'>ciorum</span> <span class='ocrx_word' id='word_1_672' title='bbox 2409 3971 2678 4040; x_wconf 87' lang='lat' dir='ltr'>edebatls,</span> <span class='ocrx_word' id='word_1_673' title='bbox 2710 3978 2769 4027; x_wconf 86' lang='lat' dir='ltr'>et</span> <span class='ocrx_word' id='word_1_674' title='bbox 2794 3971 3071 4026; x_wconf 83' lang='lat' dir='ltr'>bibebatis</span> <span class='ocrx_word' id='word_1_675' title='bbox 3116 3971 3315 4026; x_wconf 86' lang='lat' dir='ltr'>vinum</span> <span class='ocrx_word' id='word_1_676' title='bbox 3364 3969 3633 4026; x_wconf 81' lang='lat' dir='ltr'>libationis</span> <span class='ocrx_word' id='word_1_677' title='bbox 3657 3980 3731 4022; x_wconf 79' lang='lat' dir='ltr'>eo-</span> 
     </span>
    </p>
   </div>
   <div class='ocr_carea' id='block_1_84' title="bbox 2164 4059 3730 4133">
    <p class='ocr_par' dir='ltr' id='par_1_84' title="bbox 2164 4059 3730 4133">
     <span class='ocr_line' id='line_1_84' title="bbox 2164 4059 3730 4133; baseline -0.003 -18"><span class='ocrx_word' id='word_1_678' title='bbox 2164 4070 2313 4129; x_wconf 86' lang='lat' dir='ltr'>rum,</span> <span class='ocrx_word' id='word_1_679' title='bbox 2327 4064 2632 4132; x_wconf 78' lang='lat' dir='ltr'>exsurgant</span> <span class='ocrx_word' id='word_1_680' title='bbox 2641 4070 2790 4116; x_wconf 87' lang='lat' dir='ltr'>nunc</span> <span class='ocrx_word' id='word_1_681' title='bbox 2807 4064 2866 4116; x_wconf 88' lang='lat' dir='ltr'>et</span> <span class='ocrx_word' id='word_1_682' title='bbox 2877 4063 3077 4133; x_wconf 81' lang='lat' dir='ltr'>juvent</span> <span class='ocrx_word' id='word_1_683' title='bbox 3091 4072 3189 4115; x_wconf 85' lang='lat' dir='ltr'>vos</span> <span class='ocrx_word' id='word_1_684' title='bbox 3217 4067 3278 4116; x_wconf 88' lang='lat' dir='ltr'>et</span> <span class='ocrx_word' id='word_1_685' title='bbox 3305 4062 3449 4116; x_wconf 79' lang='lat' dir='ltr'>ﬁant</span> <span class='ocrx_word' id='word_1_686' title='bbox 3467 4059 3613 4115; x_wconf 80' lang='lat' dir='ltr'>vobis</span> <span class='ocrx_word' id='word_1_687' title='bbox 3626 4064 3730 4130; x_wconf 79' lang='lat' dir='ltr'>pm-</span> 
     </span>
    </p>
   </div>
   <div class='ocr_carea' id='block_1_85' title="bbox 2164 4149 3733 4222">
    <p class='ocr_par' dir='ltr' id='par_1_85' title="bbox 2164 4149 3733 4222">
     <span class='ocr_line' id='line_1_85' title="bbox 2164 4149 3733 4222; baseline -0.003 -18"><span class='ocrx_word' id='word_1_688' title='bbox 2164 4153 2470 4207; x_wconf 77' lang='lat' dir='ltr'>tectores.»</span> <span class='ocrx_word' id='word_1_689' title='bbox 2489 4149 2732 4217; x_wconf 81' lang='lat' dir='ltr'>Videbit,</span> <span class='ocrx_word' id='word_1_690' title='bbox 2763 4150 2964 4222; x_wconf 86' lang='lat' dir='ltr'>inquit,</span> <span class='ocrx_word' id='word_1_691' title='bbox 2982 4150 3131 4221; x_wconf 86' lang='lat' dir='ltr'>quod</span> <span class='ocrx_word' id='word_1_692' title='bbox 3161 4149 3458 4205; x_wconf 75' lang='lat' dir='ltr'>infirmata</span> <span class='ocrx_word' id='word_1_693' title='bbox 3484 4149 3554 4204; x_wconf 83' lang='lat' dir='ltr'>sit</span> <span class='ocrx_word' id='word_1_694' title='bbox 3565 4154 3733 4202; x_wconf 77' lang='lat' dir='ltr'>manus</span> 
     </span>
    </p>
   </div>
   <div class='ocr_carea' id='block_1_86' title="bbox 2166 4234 3732 4310">
    <p class='ocr_par' dir='ltr' id='par_1_86' title="bbox 2166 4234 3732 4310">
     <span class='ocr_line' id='line_1_86' title="bbox 2166 4234 3732 4310; baseline -0.003 -17"><span class='ocrx_word' id='word_1_695' title='bbox 2166 4252 2294 4293; x_wconf 88' lang='lat' dir='ltr'>cum</span> <span class='ocrx_word' id='word_1_696' title='bbox 2315 4238 2502 4294; x_wconf 87' lang='lat' dir='ltr'>videre</span> <span class='ocrx_word' id='word_1_697' title='bbox 2531 4238 2725 4293; x_wconf 84' lang='lat' dir='ltr'>fecerit</span> <span class='ocrx_word' id='word_1_698' title='bbox 2753 4238 2904 4310; x_wconf 87' lang='lat' dir='ltr'>quod</span> <span class='ocrx_word' id='word_1_699' title='bbox 2929 4250 3101 4310; x_wconf 85' lang='lat' dir='ltr'>opera</span> <span class='ocrx_word' id='word_1_700' title='bbox 3130 4239 3439 4305; x_wconf 85' lang='lat' dir='ltr'>malorum,</span> <span class='ocrx_word' id='word_1_701' title='bbox 3470 4248 3588 4309; x_wconf 67' lang='lat' dir='ltr'>qua:</span> <span class='ocrx_word' id='word_1_702' title='bbox 3614 4234 3732 4288; x_wconf 85' lang='lat' dir='ltr'>iece-</span> 
     </span>
    </p>
   </div>
   <div class='ocr_carea' id='block_1_87' title="bbox 483 4321 3730 4401">
    <p class='ocr_par' dir='ltr' id='par_1_87' title="bbox 483 4321 3730 4401">
     <span class='ocr_line' id='line_1_87' title="bbox 483 4321 3730 4401; baseline -0.001 -21"><span class='ocrx_word' id='word_1_703' title='bbox 483 4342 742 4398; x_wconf 87' lang='lat' dir='ltr'>regnum,</span> <span class='ocrx_word' id='word_1_704' title='bbox 759 4324 943 4382; x_wconf 90' lang='lat' dir='ltr'>locum</span> <span class='ocrx_word' id='word_1_705' title='bbox 971 4333 1030 4383; x_wconf 88' lang='lat' dir='ltr'>et</span> <span class='ocrx_word' id='word_1_706' title='bbox 1055 4326 1179 4384; x_wconf 70' lang='lat' dir='ltr'>vitae</span> <span class='ocrx_word' id='word_1_707' title='bbox 1197 4326 1628 4401; x_wconf 88' lang='lat' dir='ltr'>prosperitatem</span> <span class='ocrx_word' id='word_1_708' title='bbox 1655 4327 1869 4399; x_wconf 86' lang='lat' dir='ltr'>pariter</span> <span class='ocrx_word' id='word_1_709' title='bbox 1894 4329 2083 4400; x_wconf 85' lang='lat' dir='ltr'>perdi-</span> <span class='ocrx_word' id='word_1_710' title='bbox 2165 4332 2300 4382; x_wconf 88' lang='lat' dir='ltr'>runt</span> <span class='ocrx_word' id='word_1_711' title='bbox 2318 4326 2377 4382; x_wconf 87' lang='lat' dir='ltr'>in</span> <span class='ocrx_word' id='word_1_712' title='bbox 2400 4327 2717 4382; x_wconf 73' lang='lat' dir='ltr'>idololatria</span> <span class='ocrx_word' id='word_1_713' title='bbox 2740 4328 2825 4382; x_wconf 83' lang='lat' dir='ltr'>vel</span> <span class='ocrx_word' id='word_1_714' title='bbox 2846 4327 3066 4384; x_wconf 59' lang='lat' dir='ltr'>caeteris</span> <span class='ocrx_word' id='word_1_715' title='bbox 3084 4325 3637 4399; x_wconf 80' lang='lat' dir='ltr'>transgressionibus,</span> <span class='ocrx_word' id='word_1_716' title='bbox 3658 4321 3730 4377; x_wconf 79' lang='lat' dir='ltr'>in-</span> 
     </span>
    </p>
   </div>
   <div class='ocr_carea' id='block_1_88' title="bbox 481 4408 3731 4519">
    <p class='ocr_par' dir='ltr' id='par_1_88' title="bbox 481 4408 3731 4519">
     <span class='ocr_line' id='line_1_88' title="bbox 481 4408 3731 4519; baseline -0.002 -50"><span class='ocrx_word' id='word_1_717' title='bbox 481 4408 708 4483; x_wconf 89' lang='lat' dir='ltr'>derunt,</span> <span class='ocrx_word' id='word_1_718' title='bbox 730 4430 862 4472; x_wconf 88' lang='lat' dir='ltr'>nam</span> <span class='ocrx_word' id='word_1_719' title='bbox 893 4422 1192 4489; x_wconf 88' lang='lat' dir='ltr'>postquam</span> <span class='ocrx_word' id='word_1_720' title='bbox 1213 4414 1523 4519; x_wconf 72' lang='lat' dir='ltr'>PrOphetas</span> <span class='ocrx_word' id='word_1_721' title='bbox 1540 4414 1866 4517; x_wconf 70' lang='lat' dir='ltr'>occiderunt</span> <span class='ocrx_word' id='word_1_722' title='bbox 1880 4420 1938 4472; x_wconf 87' lang='lat' dir='ltr'>et</span> <span class='ocrx_word' id='word_1_723' title='bbox 1966 4416 2146 4519; x_wconf 66' lang='grc' dir='ltr'>εει-Β</span> <span class='ocrx_word' id='word_1_724' title='bbox 2164 4416 2331 4472; x_wconf 76' lang='lat' dir='ltr'>firma</span> <span class='ocrx_word' id='word_1_725' title='bbox 2356 4415 2583 4484; x_wconf 86' lang='lat' dir='ltr'>fuerint,</span> <span class='ocrx_word' id='word_1_726' title='bbox 2614 4415 2839 4488; x_wconf 85' lang='lat' dir='ltr'>quando</span> <span class='ocrx_word' id='word_1_727' title='bbox 2859 4416 2928 4471; x_wconf 83' lang='lat' dir='ltr'>ad</span> <span class='ocrx_word' id='word_1_728' title='bbox 2959 4415 3199 4519; x_wconf 68' lang='lat' dir='ltr'>nihilum</span> <span class='ocrx_word' id='word_1_729' title='bbox 3232 4416 3485 4517; x_wconf 72' lang='lat' dir='ltr'>redacta,</span> <span class='ocrx_word' id='word_1_730' title='bbox 3666 4408 3731 4464; x_wconf 85' lang='lat' dir='ltr'>eis</span> 
     </span>
    </p>
   </div>
   <div class='ocr_carea' id='block_1_89' title="bbox 482 4499 3731 4577">
    <p class='ocr_par' dir='ltr' id='par_1_89' title="bbox 482 4499 3731 4577">
     <span class='ocr_line' id='line_1_89' title="bbox 482 4499 3731 4577; baseline 0 -21"><span class='ocrx_word' id='word_1_731' title='bbox 482 4508 733 4560; x_wconf 89' lang='lat' dir='ltr'>vatorem</span> <span class='ocrx_word' id='word_1_732' title='bbox 781 4503 1180 4561; x_wconf 78' lang='lat' dir='ltr'>crucinxerunt</span> <span class='ocrx_word' id='word_1_733' title='bbox 1234 4502 1600 4562; x_wconf 86' lang='lat' dir='ltr'>seditionibus</span> <span class='ocrx_word' id='word_1_734' title='bbox 1649 4502 1898 4576; x_wconf 84' lang='lat' dir='ltr'>antiquis</span> <span class='ocrx_word' id='word_1_735' title='bbox 1940 4499 2146 4560; x_wconf 79' lang='lat' dir='ltr'>nova&quot;</span> <span class='ocrx_word' id='word_1_736' title='bbox 2165 4504 2259 4576; x_wconf 88' lang='lat' dir='ltr'>qui</span> <span class='ocrx_word' id='word_1_737' title='bbox 2279 4521 2347 4560; x_wconf 89' lang='lat' dir='ltr'>ea</span> <span class='ocrx_word' id='word_1_738' title='bbox 2371 4504 2621 4560; x_wconf 82' lang='lat' dir='ltr'>fecerant</span> <span class='ocrx_word' id='word_1_739' title='bbox 2650 4504 2981 4577; x_wconf 79' lang='lat' dir='ltr'>profuerint,</span> <span class='ocrx_word' id='word_1_740' title='bbox 3015 4509 3073 4561; x_wconf 89' lang='lat' dir='ltr'>et</span> <span class='ocrx_word' id='word_1_741' title='bbox 3097 4504 3278 4560; x_wconf 86' lang='lat' dir='ltr'>clausi</span> <span class='ocrx_word' id='word_1_742' title='bbox 3297 4516 3521 4577; x_wconf 88' lang='lat' dir='ltr'>quoque</span> <span class='ocrx_word' id='word_1_743' title='bbox 3547 4499 3731 4556; x_wconf 61' lang='lat' dir='ltr'>delibetL</span> 
     </span>
    </p>
   </div>
   <div class='ocr_carea' id='block_1_90' title="bbox 481 4586 3730 4666">
    <p class='ocr_par' dir='ltr' id='par_1_90' title="bbox 481 4586 3730 4666">
     <span class='ocr_line' id='line_1_90' title="bbox 481 4586 3730 4666; baseline -0.002 -20"><span class='ocrx_word' id='word_1_744' title='bbox 481 4592 999 4666; x_wconf 88' lang='lat' dir='ltr'>superadjicientes,</span> <span class='ocrx_word' id='word_1_745' title='bbox 1037 4594 1320 4650; x_wconf 82' lang='lat' dir='ltr'>Romanos</span> <span class='ocrx_word' id='word_1_746' title='bbox 1352 4588 1673 4649; x_wconf 86' lang='lat' dir='ltr'>rebellando</span> <span class='ocrx_word' id='word_1_747' title='bbox 1701 4590 1762 4648; x_wconf 84' lang='lat' dir='ltr'>in</span> <span class='ocrx_word' id='word_1_748' title='bbox 1790 4610 1851 4649; x_wconf 87' lang='lat' dir='ltr'>se</span> <span class='ocrx_word' id='word_1_749' title='bbox 1880 4608 2081 4666; x_wconf 75' lang='lat' dir='ltr'>provo~</span> <span class='ocrx_word' id='word_1_750' title='bbox 2161 4596 2313 4660; x_wconf 87' lang='lat' dir='ltr'>runt,</span> <span class='ocrx_word' id='word_1_751' title='bbox 2335 4594 2440 4649; x_wconf 84' lang='lat' dir='ltr'>hoc</span> <span class='ocrx_word' id='word_1_752' title='bbox 2458 4600 2564 4659; x_wconf 88' lang='lat' dir='ltr'>est,</span> <span class='ocrx_word' id='word_1_753' title='bbox 2597 4594 2714 4649; x_wconf 86' lang='lat' dir='ltr'>sive</span> <span class='ocrx_word' id='word_1_754' title='bbox 2743 4593 2922 4649; x_wconf 62' lang='lat' dir='ltr'>Judaei</span> <span class='ocrx_word' id='word_1_755' title='bbox 2968 4593 3039 4650; x_wconf 84' lang='lat' dir='ltr'>ad</span> <span class='ocrx_word' id='word_1_756' title='bbox 3069 4593 3459 4666; x_wconf 80' lang='lat' dir='ltr'>captivitatem</span> <span class='ocrx_word' id='word_1_757' title='bbox 3486 4591 3554 4646; x_wconf 88' lang='lat' dir='ltr'>ab</span> <span class='ocrx_word' id='word_1_758' title='bbox 3575 4586 3730 4644; x_wconf 85' lang='lat' dir='ltr'>inimi-</span> 
     </span>
    </p>
   </div>
   <div class='ocr_carea' id='block_1_91' title="bbox 481 4674 3728 4756">
    <p class='ocr_par' dir='ltr' id='par_1_91' title="bbox 481 4674 3728 4756">
     <span class='ocr_line' id='line_1_91' title="bbox 481 4674 3728 4756; baseline -0.001 -20"><span class='ocrx_word' id='word_1_759' title='bbox 481 4684 700 4747; x_wconf 87' lang='lat' dir='ltr'>carunt,</span> <span class='ocrx_word' id='word_1_760' title='bbox 734 4683 832 4755; x_wconf 87' lang='lat' dir='ltr'>qui</span> <span class='ocrx_word' id='word_1_761' title='bbox 863 4680 1001 4737; x_wconf 89' lang='lat' dir='ltr'>urbe</span> <span class='ocrx_word' id='word_1_762' title='bbox 1048 4682 1353 4749; x_wconf 84' lang='lat' dir='ltr'>destructa,</span> <span class='ocrx_word' id='word_1_763' title='bbox 1388 4680 1599 4755; x_wconf 90' lang='lat' dir='ltr'>templo</span> <span class='ocrx_word' id='word_1_764' title='bbox 1656 4696 1943 4750; x_wconf 88' lang='lat' dir='ltr'>succenso,</span> <span class='ocrx_word' id='word_1_765' title='bbox 1976 4696 2079 4756; x_wconf 78' lang='lat' dir='ltr'>po-</span> <span class='ocrx_word' id='word_1_766' title='bbox 2161 4682 2240 4738; x_wconf 89' lang='lat' dir='ltr'>cis</span> <span class='ocrx_word' id='word_1_767' title='bbox 2263 4680 2417 4738; x_wconf 90' lang='lat' dir='ltr'>ducti</span> <span class='ocrx_word' id='word_1_768' title='bbox 2438 4682 2646 4738; x_wconf 89' lang='lat' dir='ltr'>ibidem</span> <span class='ocrx_word' id='word_1_769' title='bbox 2667 4683 2986 4756; x_wconf 88' lang='lat' dir='ltr'>consumpti</span> <span class='ocrx_word' id='word_1_770' title='bbox 3005 4688 3157 4750; x_wconf 88' lang='lat' dir='ltr'>sunt,</span> <span class='ocrx_word' id='word_1_771' title='bbox 3191 4683 3279 4738; x_wconf 91' lang='lat' dir='ltr'>vel</span> <span class='ocrx_word' id='word_1_772' title='bbox 3308 4692 3505 4737; x_wconf 87' lang='lat' dir='ltr'>omnes</span> <span class='ocrx_word' id='word_1_773' title='bbox 3526 4674 3728 4750; x_wconf 83' lang='lat' dir='ltr'>impiiin</span> 
     </span>
    </p>
   </div>
   <div class='ocr_carea' id='block_1_92' title="bbox 480 4766 3725 4844">
    <p class='ocr_par' dir='ltr' id='par_1_92' title="bbox 480 4766 3725 4844">
     <span class='ocr_line' id='line_1_92' title="bbox 480 4766 3725 4844; baseline -0 -20"><span class='ocrx_word' id='word_1_774' title='bbox 480 4766 614 4842; x_wconf 89' lang='lat' dir='ltr'>pulo</span> <span class='ocrx_word' id='word_1_775' title='bbox 632 4768 780 4824; x_wconf 81' lang='lat' dir='ltr'>fame</span> <span class='ocrx_word' id='word_1_776' title='bbox 809 4776 867 4825; x_wconf 89' lang='lat' dir='ltr'>et</span> <span class='ocrx_word' id='word_1_777' title='bbox 891 4771 1081 4842; x_wconf 85' lang='lat' dir='ltr'>gladio</span> <span class='ocrx_word' id='word_1_778' title='bbox 1103 4778 1320 4837; x_wconf 87' lang='lat' dir='ltr'>necato,</span> <span class='ocrx_word' id='word_1_779' title='bbox 1349 4770 1617 4844; x_wconf 87' lang='lat' dir='ltr'>reliquias</span> <span class='ocrx_word' id='word_1_780' title='bbox 1647 4786 1841 4827; x_wconf 88' lang='lat' dir='ltr'>eorum</span> <span class='ocrx_word' id='word_1_781' title='bbox 1872 4788 1972 4844; x_wconf 89' lang='lat' dir='ltr'>per</span> <span class='ocrx_word' id='word_1_782' title='bbox 1989 4777 2078 4827; x_wconf 70' lang='grc' dir='ltr'>ιο-</span> <span class='ocrx_word' id='word_1_783' title='bbox 2159 4774 2497 4844; x_wconf 88' lang='lat' dir='ltr'>potestatem</span> <span class='ocrx_word' id='word_1_784' title='bbox 2511 4772 2831 4827; x_wconf 68' lang='lat' dir='ltr'>daemonum</span> <span class='ocrx_word' id='word_1_785' title='bbox 2848 4768 3044 4828; x_wconf 80' lang='lat' dir='ltr'>traditi</span> <span class='ocrx_word' id='word_1_786' title='bbox 3059 4773 3340 4827; x_wconf 77' lang='lat' dir='ltr'>ultranon</span> <span class='ocrx_word' id='word_1_787' title='bbox 3364 4766 3725 4844; x_wconf 60' lang='lat' dir='ltr'>praevalebunt.</span> 
     </span>
    </p>
   </div>
   <div class='ocr_carea' id='block_1_93' title="bbox 477 4852 3723 4932">
    <p class='ocr_par' dir='ltr' id='par_1_93' title="bbox 477 4852 3723 4932">
     <span class='ocr_line' id='line_1_93' title="bbox 477 4852 3723 4932; baseline 0.001 -21"><span class='ocrx_word' id='word_1_788' title='bbox 477 4861 602 4912; x_wconf 86' lang='lat' dir='ltr'>tum</span> <span class='ocrx_word' id='word_1_789' title='bbox 639 4852 832 4913; x_wconf 87' lang='lat' dir='ltr'>orbem</span> <span class='ocrx_word' id='word_1_790' title='bbox 861 4859 1268 4932; x_wconf 88' lang='lat' dir='ltr'>disperserunt,</span> <span class='ocrx_word' id='word_1_791' title='bbox 1301 4860 1396 4916; x_wconf 88' lang='lat' dir='ltr'>ubi</span> <span class='ocrx_word' id='word_1_792' title='bbox 1436 4861 1666 4916; x_wconf 91' lang='lat' dir='ltr'>incertis</span> <span class='ocrx_word' id='word_1_793' title='bbox 1713 4854 1940 4916; x_wconf 83' lang='lat' dir='ltr'>sedibus</span> <span class='ocrx_word' id='word_1_794' title='bbox 1980 4876 2077 4916; x_wconf 88' lang='lat' dir='ltr'>va-</span> <span class='ocrx_word' id='word_1_795' title='bbox 2159 4860 2970 4932; x_wconf 86' lang='lat' dir='ltr'>residuiqueconsumptisunt,</span> <span class='ocrx_word' id='word_1_796' title='bbox 2994 4859 3210 4932; x_wconf 84' lang='lat' dir='ltr'>quiaab</span> <span class='ocrx_word' id='word_1_797' title='bbox 3228 4861 3335 4914; x_wconf 85' lang='lat' dir='ltr'>hac</span> <span class='ocrx_word' id='word_1_798' title='bbox 3347 4860 3462 4914; x_wconf 85' lang='lat' dir='ltr'>vita</span> <span class='ocrx_word' id='word_1_799' title='bbox 3474 4858 3723 4915; x_wconf 55' lang='lat' dir='ltr'>exeunt“,</span> 
     </span>
    </p>
   </div>
   <div class='ocr_carea' id='block_1_94' title="bbox 475 4940 3726 5022">
    <p class='ocr_par' dir='ltr' id='par_1_94' title="bbox 475 4940 3726 5022">
     <span class='ocr_line' id='line_1_94' title="bbox 475 4940 3726 5022; baseline -0.001 -20"><span class='ocrx_word' id='word_1_800' title='bbox 475 4940 663 5018; x_wconf 80' lang='lat' dir='ltr'>gando</span> <span class='ocrx_word' id='word_1_801' title='bbox 691 4962 789 5020; x_wconf 88' lang='lat' dir='ltr'>spe</span> <span class='ocrx_word' id='word_1_802' title='bbox 817 4944 1137 5004; x_wconf 83' lang='lat' dir='ltr'>futurorum</span> <span class='ocrx_word' id='word_1_803' title='bbox 1171 4955 1404 5005; x_wconf 82' lang='lat' dir='ltr'>manent</span> <span class='ocrx_word' id='word_1_804' title='bbox 1430 4949 1648 5005; x_wconf 84' lang='lat' dir='ltr'>incerti.</span> <span class='ocrx_word' id='word_1_805' title='bbox 2159 4962 2274 5004; x_wconf 90' lang='lat' dir='ltr'>non</span> <span class='ocrx_word' id='word_1_806' title='bbox 2296 4948 2586 5005; x_wconf 86' lang='lat' dir='ltr'>habebunt</span> <span class='ocrx_word' id='word_1_807' title='bbox 2613 4949 2850 5005; x_wconf 86' lang='lat' dir='ltr'>ulterius</span> <span class='ocrx_word' id='word_1_808' title='bbox 2874 4953 3213 5022; x_wconf 86' lang='lat' dir='ltr'>potestatem</span> <span class='ocrx_word' id='word_1_809' title='bbox 3239 4954 3416 5021; x_wconf 86' lang='lat' dir='ltr'>atque</span> <span class='ocrx_word' id='word_1_810' title='bbox 3438 4944 3726 5003; x_wconf 73' lang='lat' dir='ltr'>facultatem</span> 
     </span>
    </p>
   </div>
   <div class='ocr_carea' id='block_1_95' title="bbox 553 5032 3720 5111">
    <p class='ocr_par' dir='ltr' id='par_1_95' title="bbox 553 5032 3720 5111">
     <span class='ocr_line' id='line_1_95' title="bbox 553 5032 3720 5111; baseline 0 -19"><span class='ocrx_word' id='word_1_811' title='bbox 553 5056 576 5088; x_wconf 72' lang='grc' dir='ltr'>ι</span> <span class='ocrx_word' id='word_1_812' title='bbox 606 5032 889 5092; x_wconf 85' lang='lat' dir='ltr'>Judlcabit</span> <span class='ocrx_word' id='word_1_813' title='bbox 923 5036 1196 5094; x_wconf 88' lang='lat' dir='ltr'>Dominus</span> <span class='ocrx_word' id='word_1_814' title='bbox 1223 5038 1495 5111; x_wconf 88' lang='lat' dir='ltr'>populum</span> <span class='ocrx_word' id='word_1_815' title='bbox 1524 5050 1690 5094; x_wconf 86' lang='lat' dir='ltr'>suum</span> <span class='ocrx_word' id='word_1_816' title='bbox 1720 5044 1778 5094; x_wconf 88' lang='lat' dir='ltr'>et</span> <span class='ocrx_word' id='word_1_817' title='bbox 1816 5039 1876 5094; x_wconf 88' lang='lat' dir='ltr'>in</span> <span class='ocrx_word' id='word_1_818' title='bbox 1904 5040 2078 5095; x_wconf 87' lang='lat' dir='ltr'>servis</span> <span class='ocrx_word' id='word_1_819' title='bbox 2160 5036 2374 5111; x_wconf 86' lang='lat' dir='ltr'>aliquid</span> <span class='ocrx_word' id='word_1_820' title='bbox 2398 5037 2874 5094; x_wconf 76' lang='lat' dir='ltr'>faciendincirco</span> <span class='ocrx_word' id='word_1_821' title='bbox 2892 5039 2952 5093; x_wconf 86' lang='lat' dir='ltr'>in</span> <span class='ocrx_word' id='word_1_822' title='bbox 2983 5038 3315 5094; x_wconf 86' lang='lat' dir='ltr'>Ecclesiaste</span> <span class='ocrx_word' id='word_1_823' title='bbox 3340 5036 3603 5108; x_wconf 80' lang='lat' dir='ltr'>scriptum</span> <span class='ocrx_word' id='word_1_824' title='bbox 3623 5034 3720 5086; x_wconf 69' lang='grc' dir='ltr'>ωὶῖ</span> 
     </span>
    </p>
   </div>
   <div class='ocr_carea' id='block_1_96' title="bbox 480 5122 3724 5200">
    <p class='ocr_par' dir='ltr' id='par_1_96' title="bbox 480 5122 3724 5200">
     <span class='ocr_line' id='line_1_96' title="bbox 480 5122 3724 5200; baseline -0.001 -22"><span class='ocrx_word' id='word_1_825' title='bbox 480 5144 504 5176; x_wconf 76' lang='grc' dir='ltr'>ι</span> <span class='ocrx_word' id='word_1_826' title='bbox 532 5125 648 5180; x_wconf 86' lang='lat' dir='ltr'>suis</span> <span class='ocrx_word' id='word_1_827' title='bbox 677 5122 1056 5183; x_wconf 86' lang='lat' dir='ltr'>miserebitur.</span> <span class='ocrx_word' id='word_1_828' title='bbox 1096 5146 1121 5179; x_wconf 83' lang='lat'>»</span> <span class='ocrx_word' id='word_1_829' title='bbox 1154 5127 1281 5182; x_wconf 87' lang='lat' dir='ltr'>Alia</span> <span class='ocrx_word' id='word_1_830' title='bbox 1302 5127 1474 5183; x_wconf 88' lang='lat' dir='ltr'>editio</span> <span class='ocrx_word' id='word_1_831' title='bbox 1510 5146 1522 5182; x_wconf 88' lang='lat'><strong>:</strong></span> <span class='ocrx_word' id='word_1_832' title='bbox 1551 5142 1575 5181; x_wconf 75' lang='grc' dir='ltr'>ι</span> <span class='ocrx_word' id='word_1_833' title='bbox 1625 5124 1771 5194; x_wconf 83' lang='lat' dir='ltr'>Quia</span> <span class='ocrx_word' id='word_1_834' title='bbox 1802 5125 2080 5200; x_wconf 86' lang='lat' dir='ltr'>judicabit</span> <span class='ocrx_word' id='word_1_835' title='bbox 2163 5144 2190 5180; x_wconf 73' lang='grc' dir='ltr'>ι</span> <span class='ocrx_word' id='word_1_836' title='bbox 2220 5127 3012 5200; x_wconf 85' lang='lat' dir='ltr'>Quodcunquepotestmanus</span> <span class='ocrx_word' id='word_1_837' title='bbox 3026 5127 3323 5183; x_wconf 75' lang='lat' dir='ltr'>tuafacere</span> <span class='ocrx_word' id='word_1_838' title='bbox 3343 5125 3724 5191; x_wconf 65' lang='lat' dir='ltr'>instanter-ope-</span> 
     </span>
    </p>
   </div>
   <div class='ocr_carea' id='block_1_97' title="bbox 474 5206 3720 5288">
    <p class='ocr_par' dir='ltr' id='par_1_97' title="bbox 474 5206 3720 5288">
     <span class='ocr_line' id='line_1_97' title="bbox 474 5206 3720 5288; baseline -0.001 -19"><span class='ocrx_word' id='word_1_839' title='bbox 474 5206 750 5270; x_wconf 86' lang='lat' dir='ltr'>Domlnus</span> <span class='ocrx_word' id='word_1_840' title='bbox 768 5214 1037 5287; x_wconf 88' lang='lat' dir='ltr'>populum</span> <span class='ocrx_word' id='word_1_841' title='bbox 1059 5230 1224 5272; x_wconf 87' lang='lat' dir='ltr'>suum</span> <span class='ocrx_word' id='word_1_842' title='bbox 1254 5220 1311 5272; x_wconf 88' lang='lat' dir='ltr'>et</span> <span class='ocrx_word' id='word_1_843' title='bbox 1339 5217 1398 5272; x_wconf 87' lang='lat' dir='ltr'>in</span> <span class='ocrx_word' id='word_1_844' title='bbox 1427 5212 1600 5272; x_wconf 88' lang='lat' dir='ltr'>servis</span> <span class='ocrx_word' id='word_1_845' title='bbox 1627 5214 1743 5272; x_wconf 91' lang='lat' dir='ltr'>suis</span> <span class='ocrx_word' id='word_1_846' title='bbox 1762 5215 2075 5274; x_wconf 86' lang='lat' dir='ltr'>consolabi-</span> <span class='ocrx_word' id='word_1_847' title='bbox 2157 5228 2304 5284; x_wconf 77' lang='lat' dir='ltr'>rare,</span> <span class='ocrx_word' id='word_1_848' title='bbox 2330 5216 2462 5288; x_wconf 82' lang='lat' dir='ltr'>quia</span> <span class='ocrx_word' id='word_1_849' title='bbox 2481 5232 2583 5272; x_wconf 90' lang='lat' dir='ltr'>nec</span> <span class='ocrx_word' id='word_1_850' title='bbox 2597 5228 2866 5288; x_wconf 85' lang='lat' dir='ltr'>opus,uec</span> <span class='ocrx_word' id='word_1_851' title='bbox 2876 5216 3151 5283; x_wconf 86' lang='lat' dir='ltr'>ratio,nec</span> <span class='ocrx_word' id='word_1_852' title='bbox 3164 5215 3569 5288; x_wconf 70' lang='lat' dir='ltr'>sapientiamec</span> <span class='ocrx_word' id='word_1_853' title='bbox 3578 5208 3720 5264; x_wconf 63' lang='lat' dir='ltr'>scim</span> 
     </span>
    </p>
   </div>
   <div class='ocr_carea' id='block_1_98' title="bbox 474 5298 3716 5378">
    <p class='ocr_par' dir='ltr' id='par_1_98' title="bbox 474 5298 3716 5378">
     <span class='ocr_line' id='line_1_98' title="bbox 474 5298 3716 5378; baseline -0 -21"><span class='ocrx_word' id='word_1_854' title='bbox 474 5306 588 5357; x_wconf 84' lang='lat' dir='ltr'>tur.</span> <span class='ocrx_word' id='word_1_855' title='bbox 615 5318 638 5354; x_wconf 68' lang='grc' dir='ltr'><strong><em>ι</em></strong></span> <span class='ocrx_word' id='word_1_856' title='bbox 663 5298 946 5359; x_wconf 85' lang='lat' dir='ltr'>Judicabit</span> <span class='ocrx_word' id='word_1_857' title='bbox 965 5318 1098 5376; x_wconf 87' lang='lat' dir='ltr'>ergo</span> <span class='ocrx_word' id='word_1_858' title='bbox 1117 5302 1392 5360; x_wconf 89' lang='lat' dir='ltr'>Dominus</span> <span class='ocrx_word' id='word_1_859' title='bbox 1404 5307 1673 5378; x_wconf 88' lang='lat' dir='ltr'>populum</span> <span class='ocrx_word' id='word_1_860' title='bbox 1702 5319 2075 5378; x_wconf 87' lang='lat' dir='ltr'>suum,quan-</span> <span class='ocrx_word' id='word_1_861' title='bbox 2157 5306 2238 5360; x_wconf 88' lang='lat' dir='ltr'>tia</span> <span class='ocrx_word' id='word_1_862' title='bbox 2257 5311 2427 5360; x_wconf 88' lang='lat' dir='ltr'>erunt</span> <span class='ocrx_word' id='word_1_863' title='bbox 2451 5304 2600 5377; x_wconf 89' lang='lat' dir='ltr'>apud</span> <span class='ocrx_word' id='word_1_864' title='bbox 2628 5304 2856 5371; x_wconf 86' lang='lat' dir='ltr'>inferos,</span> <span class='ocrx_word' id='word_1_865' title='bbox 2889 5322 3000 5377; x_wconf 92' lang='lat' dir='ltr'>quo</span> <span class='ocrx_word' id='word_1_866' title='bbox 3020 5310 3083 5360; x_wconf 90' lang='lat' dir='ltr'>tu</span> <span class='ocrx_word' id='word_1_867' title='bbox 3111 5320 3382 5378; x_wconf 85' lang='lat' dir='ltr'>properas</span> <span class='ocrx_word' id='word_1_868' title='bbox 3412 5300 3716 5371; x_wconf 65' lang='grc' dir='ltr'>(εωιωιὶ.)</span> 
     </span>
    </p>
   </div>
   <div class='ocr_carea' id='block_1_99' title="bbox 475 5382 3716 5467">
    <p class='ocr_par' dir='ltr' id='par_1_99' title="bbox 475 5382 3716 5467">
     <span class='ocr_line' id='line_1_99' title="bbox 475 5382 3716 5467; baseline -0 -24"><span class='ocrx_word' id='word_1_869' title='bbox 475 5384 547 5444; x_wconf 87' lang='lat' dir='ltr'>do</span> <span class='ocrx_word' id='word_1_870' title='bbox 585 5386 790 5447; x_wconf 88' lang='lat' dir='ltr'>electos</span> <span class='ocrx_word' id='word_1_871' title='bbox 820 5408 952 5448; x_wconf 87' lang='lat' dir='ltr'>suos</span> <span class='ocrx_word' id='word_1_872' title='bbox 981 5408 1015 5448; x_wconf 90' lang='lat' dir='ltr'>a</span> <span class='ocrx_word' id='word_1_873' title='bbox 1044 5393 1296 5466; x_wconf 89' lang='lat' dir='ltr'>reprobis</span> <span class='ocrx_word' id='word_1_874' title='bbox 1325 5394 1584 5459; x_wconf 89' lang='lat' dir='ltr'>secernit,</span> <span class='ocrx_word' id='word_1_875' title='bbox 1611 5408 1742 5450; x_wconf 88' lang='lat' dir='ltr'>nam</span> <span class='ocrx_word' id='word_1_876' title='bbox 1772 5394 2075 5467; x_wconf 85' lang='lat' dir='ltr'>aliquando</span> <span class='ocrx_word' id='word_1_877' title='bbox 2157 5394 2318 5460; x_wconf 84' lang='lat' dir='ltr'>Quod</span> <span class='ocrx_word' id='word_1_878' title='bbox 2338 5399 2529 5449; x_wconf 88' lang='lat' dir='ltr'>autem</span> <span class='ocrx_word' id='word_1_879' title='bbox 2555 5391 2951 5465; x_wconf 87' lang='lat' dir='ltr'>subjungitur:</span> <span class='ocrx_word' id='word_1_880' title='bbox 2989 5413 3015 5445; x_wconf 74' lang='grc' dir='ltr'>α</span> <span class='ocrx_word' id='word_1_881' title='bbox 3047 5391 3152 5451; x_wconf 86' lang='lat' dir='ltr'>Ubi</span> <span class='ocrx_word' id='word_1_882' title='bbox 3172 5398 3305 5450; x_wconf 88' lang='lat' dir='ltr'>sunt</span> <span class='ocrx_word' id='word_1_883' title='bbox 3334 5391 3424 5448; x_wconf 89' lang='lat' dir='ltr'>Dii</span> <span class='ocrx_word' id='word_1_884' title='bbox 3452 5402 3651 5447; x_wconf 84' lang='lat' dir='ltr'>eorum,</span> <span class='ocrx_word' id='word_1_885' title='bbox 3672 5382 3716 5436; x_wconf 80' lang='lat' dir='ltr'>in</span> 
     </span>
    </p>
   </div>
   <div class='ocr_carea' id='block_1_100' title="bbox 469 5474 3714 5557">
    <p class='ocr_par' dir='ltr' id='par_1_100' title="bbox 469 5474 3714 5557">
     <span class='ocr_line' id='line_1_100' title="bbox 469 5474 3714 5557; baseline 0 -25"><span class='ocrx_word' id='word_1_886' title='bbox 469 5474 724 5549; x_wconf 83' lang='lat' dir='ltr'>judicare</span> <span class='ocrx_word' id='word_1_887' title='bbox 742 5494 843 5552; x_wconf 88' lang='lat' dir='ltr'>pro</span> <span class='ocrx_word' id='word_1_888' title='bbox 863 5478 1525 5556; x_wconf 85' lang='lat' dir='ltr'>discernere;aliquando</span> <span class='ocrx_word' id='word_1_889' title='bbox 1538 5500 1669 5540; x_wconf 86' lang='lat' dir='ltr'>vero</span> <span class='ocrx_word' id='word_1_890' title='bbox 1685 5499 1786 5557; x_wconf 88' lang='lat' dir='ltr'>pro</span> <span class='ocrx_word' id='word_1_891' title='bbox 1798 5480 2067 5539; x_wconf 85' lang='lat' dir='ltr'>damnare</span> <span class='ocrx_word' id='word_1_892' title='bbox 2151 5483 2353 5556; x_wconf 88' lang='lat' dir='ltr'>quibus</span> <span class='ocrx_word' id='word_1_893' title='bbox 2380 5481 2662 5539; x_wconf 85' lang='lat' dir='ltr'>habebant</span> <span class='ocrx_word' id='word_1_894' title='bbox 2690 5476 2970 5551; x_wconf 82' lang='lat' dir='ltr'>fiduciam,</span> <span class='ocrx_word' id='word_1_895' title='bbox 3016 5500 3041 5537; x_wconf 72' lang='grc' dir='ltr'><strong><em>ι</em></strong></span> <span class='ocrx_word' id='word_1_896' title='bbox 3075 5486 3133 5538; x_wconf 89' lang='lat' dir='ltr'>et</span> <span class='ocrx_word' id='word_1_897' title='bbox 3172 5483 3410 5554; x_wconf 84' lang='lat' dir='ltr'>reliqua,</span> <span class='ocrx_word' id='word_1_898' title='bbox 3448 5474 3714 5550; x_wconf 55' lang='lat' dir='ltr'>signiﬁcat</span> 
     </span>
    </p>
   </div>
   <div class='ocr_carea' id='block_1_101' title="bbox 473 5561 3716 5646">
    <p class='ocr_par' dir='ltr' id='par_1_101' title="bbox 473 5561 3716 5646">
     <span class='ocr_line' id='line_1_101' title="bbox 473 5561 3716 5646; baseline 0 -26"><span class='ocrx_word' id='word_1_899' title='bbox 473 5561 765 5638; x_wconf 80' lang='lat' dir='ltr'>accipitur,</span> <span class='ocrx_word' id='word_1_900' title='bbox 796 5568 948 5624; x_wconf 88' lang='lat' dir='ltr'>unde</span> <span class='ocrx_word' id='word_1_901' title='bbox 997 5564 1058 5626; x_wconf 90' lang='lat' dir='ltr'>in</span> <span class='ocrx_word' id='word_1_902' title='bbox 1102 5570 1317 5644; x_wconf 87' lang='lat' dir='ltr'>psalmo</span> <span class='ocrx_word' id='word_1_903' title='bbox 1345 5568 1629 5646; x_wconf 86' lang='lat' dir='ltr'>Propheta</span> <span class='ocrx_word' id='word_1_904' title='bbox 1656 5572 1727 5628; x_wconf 86' lang='lat' dir='ltr'>ad</span> <span class='ocrx_word' id='word_1_905' title='bbox 1768 5571 2068 5628; x_wconf 87' lang='lat' dir='ltr'>Dominum</span> <span class='ocrx_word' id='word_1_906' title='bbox 2152 5572 2299 5646; x_wconf 89' lang='lat' dir='ltr'>quod</span> <span class='ocrx_word' id='word_1_907' title='bbox 2320 5571 2628 5628; x_wconf 63' lang='lat' dir='ltr'>idololatria</span> <span class='ocrx_word' id='word_1_908' title='bbox 2653 5571 2873 5629; x_wconf 90' lang='lat' dir='ltr'>nullum</span> <span class='ocrx_word' id='word_1_909' title='bbox 2896 5572 3238 5644; x_wconf 85' lang='lat' dir='ltr'>adjutorlum</span> <span class='ocrx_word' id='word_1_910' title='bbox 3262 5571 3323 5625; x_wconf 87' lang='lat' dir='ltr'>in</span> <span class='ocrx_word' id='word_1_911' title='bbox 3342 5569 3436 5624; x_wconf 82' lang='lat' dir='ltr'>die</span> <span class='ocrx_word' id='word_1_912' title='bbox 3452 5563 3716 5624; x_wconf 61' lang='lat' dir='ltr'>accusab-</span> 
     </span>
    </p>
   </div>
   <div class='ocr_carea' id='block_1_102' title="bbox 475 5646 3710 5737">
    <p class='ocr_par' dir='ltr' id='par_1_102' title="bbox 475 5646 3710 5737">
     <span class='ocr_line' id='line_1_102' title="bbox 475 5646 3710 5737; baseline -0.001 -26"><span class='ocrx_word' id='word_1_913' title='bbox 475 5650 621 5711; x_wconf 80' lang='lat' dir='ltr'>dixit</span> <span class='ocrx_word' id='word_1_914' title='bbox 648 5672 661 5709; x_wconf 91' lang='lat'><strong>:</strong></span> <span class='ocrx_word' id='word_1_915' title='bbox 688 5668 716 5708; x_wconf 72' lang='grc' dir='ltr'><strong>α</strong></span> <span class='ocrx_word' id='word_1_916' title='bbox 737 5650 936 5713; x_wconf 73' lang='lat' dir='ltr'>Indica</span> <span class='ocrx_word' id='word_1_917' title='bbox 951 5670 1062 5726; x_wconf 87' lang='lat' dir='ltr'>me,</span> <span class='ocrx_word' id='word_1_918' title='bbox 1076 5654 1246 5728; x_wconf 76' lang='lat' dir='ltr'>Deus,</span> <span class='ocrx_word' id='word_1_919' title='bbox 1273 5662 1332 5715; x_wconf 90' lang='lat' dir='ltr'>et</span> <span class='ocrx_word' id='word_1_920' title='bbox 1353 5657 1609 5718; x_wconf 84' lang='lat' dir='ltr'>discerne</span> <span class='ocrx_word' id='word_1_921' title='bbox 1628 5672 1854 5720; x_wconf 75' lang='lat' dir='ltr'>causam</span> <span class='ocrx_word' id='word_1_922' title='bbox 1884 5674 2068 5719; x_wconf 80' lang='lat' dir='ltr'>meam</span> <span class='ocrx_word' id='word_1_923' title='bbox 2150 5661 2226 5717; x_wconf 82' lang='lat' dir='ltr'>tis</span> <span class='ocrx_word' id='word_1_924' title='bbox 2249 5659 2495 5719; x_wconf 77' lang='lat' dir='ltr'>habeant</span> <span class='ocrx_word' id='word_1_925' title='bbox 2522 5659 2594 5717; x_wconf 82' lang='lat' dir='ltr'>ab</span> <span class='ocrx_word' id='word_1_926' title='bbox 2611 5656 2796 5725; x_wconf 83' lang='lat' dir='ltr'>idolis,</span> <span class='ocrx_word' id='word_1_927' title='bbox 2825 5660 3028 5737; x_wconf 81' lang='lat' dir='ltr'>quibus</span> <span class='ocrx_word' id='word_1_928' title='bbox 3055 5662 3225 5718; x_wconf 65' lang='lat' dir='ltr'>utea</span> <span class='ocrx_word' id='word_1_929' title='bbox 3248 5658 3462 5715; x_wconf 78' lang='lat' dir='ltr'>cultum</span> <span class='ocrx_word' id='word_1_930' title='bbox 3481 5646 3710 5710; x_wconf 66' lang='lat' dir='ltr'>exhibue-</span> 
     </span>
    </p>
   </div>
  </div>
