3824 6152
182 332 306 388 ῇιεθ
789 323 1174 382 CW.
1205 325 1297 382 ‘IN
1323 325 1649 383 'CANTICA
1683 327 1850 394 ρυλε
1887 326 1985 384 ﬁt!)
2014 327 2304 386 Lﬁlm’ES
2331 325 2729 395 ‘DICUNTUR.
3261 325 3412 387 ‘HS'O

187 463 310 522 rant,
351 455 440 509 sed
465 469 562 508 nec
609 450 805 506 mundi
827 456 1107 518 anatores,
1141 451 1235 523 qui
1287 469 1389 523 per
1411 453 1724 520 avaritiam,
1745 457 1797 515 Ἀ
1808 454 2060 525 gladium
2083 453 2204 520 Dei,
2229 459 2330 519 est,
2355 455 2710 526 repentinam
2735 454 3039 509 vindictam
3057 455 3118 510 in
3141 455 3409 510 Lhostibus

184 563 285 618 quae
301 549 378 598 est
403 543 666 598 idolorum
696 540 952 605 servitus,
977 540 1242 612 pecunias
1277 541 1336 594 in
1361 543 1572 597 mundo
1599 560 1727 597 con-
1807 559 2063 597 exercere
2096 562 2106 597 :
2140 547 2198 596 et
2224 544 2474 614 arripere
2510 543 2786 614 judicium
2831 543 3024 598 manui
3067 543 3269 599 divinae
3301 549 3404 610 est,

181 637 526 708 gregaverunt,
543 629 632 701 qui
648 629 862 684 deliciis
883 629 1296 701 atqueluxuriae
1322 630 1722 697 deservierant,
1806 634 2137 703 per'justam
2150 631 2577 687 retributionem
2600 633 2836 703 singulis
2851 633 3408 705 secundum'propria

115 775 120 780 .
182 739 384 794 quorum
409 721 553 775 Deus
579 724 771 773 venter
792 723 915 772 erat
939 723 996 772 et
1029 719 1211 788 gloria
1228 720 1288 772 in
1344 720 1726 774 confusionem
1809 721 2013 775 merita
2041 721 2292 786 reddere,
2328 720 2474 775 sicut
2489 722 2758 793 scriptum
2787 727 2872 776 est
2911 740 2922 773 :
2957 740 2984 773 «
3021 719 3206 778 "Filius
3255 723 3407 776 enim

180 813 411 886 ipsorum,
451 809 542 880 qui
561 813 787 863 terrena
814 807 1125 878 sapiebant,
1149 807 1292 862 nihil
1318 825 1506 863 secum
1536 810 1724 864 confe-
1805 809 2050 864 hominis
2067 815 2336 864 venturus
2362 816 2446 864 est
2475 811 2531 864 in
2549 811 2729 881 gloria
2742 811 2926 864 Patris
2940 811 3024 864 sui
3039 825 3166 866 cum
3189 811 3402 882 angelis

179 906 288 955 runt
308 899 370 952 de
415 897 666 951 universo
696 895 886 950 labore
915 913 1036 960 suo,
1071 897 1293 968 quando
1341 914 1441 968 pro
1482 899 1724 970 peccatis
1806 899 1942 965 suis,
1973 904 2030 952 et
2049 905 2182 954 tunc
2199 900 2395 954 reddet
2423 900 2726 971 unicuique
2743 900 3051 954 secundum
3081 917 3254 970 opera
3305 915 3409 954 sua

180 988 346 1042 suisad
361 991 632 1042 tartarum
663 985 1280 1056 amalignisspiritibus
1295 988 1720 1058 pertrahuntur.
1805 989 1980 1060 (Rom'.
2017 991 2091 1054 ιι).
2132 989 2248 1043 )‘Et
2275 990 2574 1060 Apostolus
2617 1008 2628 1041 :
2659 1007 2684 1040 α
2723 989 2952 1055 Omnes,
3002 989 3204 1060 inquit,
3238 989 3409 1044 stabi-

239 1097 256 1127 ι
285 1075 480 1141 Videte,
514 1075 645 1146 quia
673 1091 776 1145 ego
818 1091 944 1128 sum
991 1075 1163 1138 solus,
1193 1080 1250 1128 et
1299 1091 1411 1130 non
1454 1076 1528 1130 sit
1583 1077 1726 1130 alius
1809 1095 1935 1131 mus
1957 1086 2088 1133 ante
2115 1079 2362 1133 tribunal
2389 1079 2616 1142 Christi,
2663 1078 2983 1150 utrecipiat
3014 1081 3398 1150 unusquisque

181 1188 202 1220 α
226 1166 354 1221 Deus
379 1170 572 1236 praeter
601 1181 709 1217 me.
750 1182 772 1213 ι
805 1163 932 1217 Alia
963 1163 1133 1217 editio
1171 1182 1182 1216 :
1221 1183 1244 1215 σ
1278 1163 1496 1230 Videte,
1523 1165 1724 1233 videte,
1809 1169 2036 1238 propria
2066 1169 2315 1240 corporis
2366 1173 2532 1239 prout
2550 1169 2726 1238 gessit
2747 1167 2859 1222 sive
2883 1167 3111 1234 bonum,
3137 1168 3250 1223 sive
3282 1179 3405 1221 ma-

179 1254 403 1328 quoniam
450 1269 549 1323 ego
587 1269 713 1306 sum
761 1252 928 1316 Deus,
971 1259 1027 1306 et
1071 1269 1183 1306 non
1215 1257 1300 1307 est
1328 1260 1530 1324 praeter
1549 1270 1658 1308 me.
1697 1273 1724 1308 »
1807 1255 1944 1320 lum,
1981 1259 2063 1323 (II
2088 1259 2210 1312 θον.
2253 1262 2328 1321 v).

177 1344 284 1398 Haec
305 1341 597 1398 admonitio
619 1341 959 1412 generaliter
977 1341 1048 1394 ad
1069 1357 1264 1395 omnes
1285 1342 1542 1396 homines
1560 1343 1728 1414 perti-
1885 1365 1906 1394 ι
1939 1344 2233 1398 Inebriabo
2255 1345 2486 1415 sagittas
2517 1361 2671 1399 meas
2719 1347 3010 1416 sanguine,
3073 1353 3132 1401 et
3183 1345 3406 1418 gladius

178 1439 265 1495 net,
292 1438 361 1496 ut,
385 1431 574 1485 relicta
599 1430 844 1485 falsitate
873 1430 1172 1496 idolorum,
1207 1437 1376 1501 atque
1397 1431 1726 1504 deceptione
1813 1451 1838 1483 «
1871 1450 2030 1488 meus
2061 1433 2424 1488 manducabit
2451 1449 2666 1488 carnes.
2689 1445 2721 1486 ἰ
2759 1435 2977 1507 Sagitta
3015 1435 3165 1490 enim
3210 1433 3403 1490 ⁵110ῐηί-

175 1521 533 1586 hereticorum,
565 1520 884 1591 spretisque
911 1520 1164 1573 omnium
1191 1520 1556 1590 iniquitatum
1603 1539 1724 1576 sor-
1808 1535 1959 1586 nem,
1993 1522 2127 1575 dum
2158 1537 2272 1575 non
2301 1522 2558 1587 attendit,
2583 1523 2844 1594 percutit,
2871 1529 2928 1577 et
2955 1523 3090 1578 dum
3107 1523 3273 1576 «illam
3291 1537 3405 1576 non

175 1608 322 1674 dibus,
355 1607 420 1662 ad
447 1625 622 1662 unum
645 1613 702 1662 et
727 1609 908 1663 solum
932 1609 1119 1662 ‘Deum
1147 1607 1393 1674 Patrem,
1429 1610 1720 1677 etFilium,
1805 1609 2284 1678 praevidet,subito
2295 1609 2840 1682 interimit;sagittaa
2851 1613 3090 1667 Domino
3107 1617 3240 1666 sunt
3259 1611 3406 1665 cele-

175 1703 218 1752 et
236 1698 478 1770 Spiritum
497 1703 757 1754 sanctum
774 1714 874 1770 per
889 1698 1057 1751 fidem
1069 1698 1402 1752 catholicam
1429 1699 1725 1753 colendum
1807 1715 1896 1752 res
1919 1697 2189 1762 vindictae,
2211 1700 2473 1770 quaa‘licet
2488 1701 2652 1754 modo
2669 1702 2897 1756 occultae
2926 1701 3040 1756 sint
3067 1715 3256 1755 coram
3281 1717 3408 1756 ocu-

173 1793 538 1855 convertantur,
573 1803 815 1856 eumque
847 1804 914 1840 ex
939 1793 1058 1841 toto
1119 1789 1303 1852 corde,
1361 1793 1481 1842 tota
1536 1773 1878 1842 anima‘Blis
1905 1787 2245 1857 iniquorum,
2304 1788 2489 1842 subito
2544 1795 2739 1842 tamen
2793 1789 3304 1844 manifestabuntur
3346 1789 3406 1842 in

169 1881 362 1946 totaque
407 1876 614 1930 virtute
685 1875 920 1946 diligant
978 1881 1033 1930 et
1082 1877 1350 1930 mandata
1395 1877 1518 1946 ejus
1558 1883 1727 1948 atque
1809 1873 2169 1929 damnatione
2190 1877 2559 1946 perditorum,
2583 1883 2642 1930 et
2669 1877 2770 1931 Dei
2817 1877 3041 1947 gladius
3097 1871 3292 1931 carnes
3311 1891 3404 1930 co-

167 1964 342 2034 judicia
365 1965 660 2036 diligenter
677 1970 1022 2029 conservent,
1059 1971 1335 2036 quatenus
1363 1965 1522 2034 regni
1541 1967 1730 2020 caales-
1807 1965 2003 2027 medit,
2039 1965 2172 2036 quia
2193 1965 2253 2019 in
2282 1971 2529 2020 extremo
2559 1966 2770 2035 judicio
2801 1968 2923 2037 ejus
2953 1967 3236 2020 sententia
3287 1979 3401 2031 eos,

167 2051 228 2106 tis
252 2053 479 2108 haeredes
510 2053 657 2108 efﬁci
687 2058 1030 2108 mereantur.

228 2163 246 2191 ι
269 2143 370 2212 Ego
397 2143 642 2198 occidam
661 2149 718 2197 et
740 2143 920 2197 vivere
937 2142 1161 2208 faciam,
1185 2143 1495 2214 percutiam
1546 2151 1604 2198 et
1621 2161 1724 2216 ego

172 2250 193 2282 ί
217 2227 418 2300 sanabd,
432 2239 488 2287 et
498 2249 614 2286 non
627 2237 729 2297 est,
748 2233 842 2302 qui
856 2232 1031 2304 possit
1050 2233 1118 2286 de
1129 2248 1299 2286 manu
1311 2249 1438 2288 mea
1447 2250 1668 2288 eruere.
1697 2253 1719 2285 ι

167 2319 265 2373 Alia
285 2321 439 2376 editio
471 2340 482 2376 :
521 2341 545 2372 ι
575 2321 692 2392 Ego
719 2321 986 2387 occidam,
1041 2322 1224 2376 vivere
1255 2321 1473 2387 faciam,
1533 2340 1725 2394 percu-

165 2409 276 2462 tiam
303 2415 354 2464 et
371 2427 468 2480 ego
484 2410 718 2476 sanabo,
752 2416 933 2465 etnon
975 2415 1061 2464 est
1092 2411 1189 2482 qui
1220 2411 1424 2482 eripiat
1451 2411 1520 2465 de
1547 2412 1724 2466 mani-

167 2495 250 2552 bus
266 2500 408 2554 meis.
444 2517 469 2553 »
499 2498 736 2554 Duobus
758 2500 940 2554 modis
968 2499 1322 2570 omnipotens
1350 2501 1501 2555 Deus
1529 2501 1722 2556 vulne-

167 2593 250 2652 rat,
278 2604 404 2658 quos
425 2589 694 2642 reducere
715 2589 782 2642 ad
808 2589 1045 2642 salutem
1057 2595 1234 2654 curat,
1257 2589 1556 2660 aliquando
1573 2590 1723 2643 enim

165 2692 350 2730 carnem
365 2677 629 2749 percutit,
663 2684 720 2732 et
739 2677 945 2731 mentis
959 2677 1168 2732 duritia
1189 2678 1248 2732 in
1278 2695 1379 2732 suo
1411 2694 1612 2749 pavore
1639 2685 1724 2732 ta-

165 2762 324 2833 bescit,
351 2766 694 2821 vulnerando
753 2783 886 2836 ergo
919 2766 990 2820 ad
1031 2766 1270 2820 salutem
1313 2773 1554 2834 revocat,
1594 2784 1723 2821 cum

169 2853 338 2908 electos
363 2872 489 2910 suos
523 2855 732 2926 affligit
769 2855 1032 2921 exterius,
1068 2861 1126 2910 et
1169 2855 1406 2910 interius
1454 2856 1716 2910 vivificat.

165 2941 303 2998 Recte
329 2960 454 3014 ergo
479 2961 590 3017 per
615 2945 844 3016 Moysen
874 2944 1125 3015 loquitur
1141 2945 1332 2999 dicens
1357 2965 1368 2998 :
1407 2967 1428 2994 σ
1448 2945 1563 3016 Ego
1583 2945 1723 3000 occi-

163 3032 267 3086 dam
280 3041 331 3089 et
365 3035 545 3088 vivere
579 3033 801 3100 faciam,
835 3033 1147 3104 percutiam
1171 3041 1228 3088 et
1282 3051 1386 3104 ego
1435 3034 1664 3088 sanabo.
1695 3055 1717 3086 ι

165 3119 344 3176 Occidit
368 3123 535 3190 enim,
569 3127 637 3177 ut
666 3122 904 3177 vivificet
933 3141 946 3190 ;
982 3123 1240 3194 percutit,
1274 3129 1338 3178 ut
1377 3129 1556 3188 sanet,
1591 3123 1724 3196 quia

160 3209 332 3267 idcirco
349 3211 493 3267 foras
520 3212 761 3267 verbera
795 3212 1072 3276 admovet,
1110 3218 1176 3266 ut
1205 3213 1358 3266 intus
1382 3213 1616 3266 vulnera
1643 3213 1726 3267 in-

163 3298 310 3370 fligat,
342 3301 469 3373 quia
509 3301 722 3356 mentis
759 3306 962 3355 nostra:
991 3301 1259 3355 duritiam
1307 3318 1408 3355 suo
1446 3300 1724 3355 desiderio

161 3390 384 3458 percutit,
397 3391 490 3446 sed
515 3389 884 3462 percutiendo
903 3395 1085 3455 sanat,
1120 3389 1253 3461 quia
1287 3390 1520 3444 terroris
1544 3390 1632 3444 sui
1641 3391 1726 3460 ja-

161 3477 262 3531 culo
290 3481 582 3534 transfi-xos
623 3479 692 3532 ad
735 3495 964 3533 sensum
983 3495 1086 3533 nos
1105 3479 1454 3533 rectitudinis
1483 3484 1722 3546 revocat,

161 3566 301 3621 corda
333 3569 478 3623 enim
492 3573 692 3622 nostra
723 3569 867 3622 male
890 3584 1026 3622 sana
1065 3575 1214 3630 sunt,
1247 3583 1375 3621 cum
1413 3568 1568 3620 nullo
1620 3567 1726 3621 Dei

163 3669 323 3710 amore
341 3658 689 3723 sauciantur,
721 3674 848 3712 cum
877 3655 1348 3728 peregrinationis
1371 3673 1484 3712 suae
1527 3672 1728 3712 terum-

161 3757 267 3798 nam
289 3762 392 3800 non
424 3747 700 3811 sentiunt,
723 3762 850 3799 cum
874 3761 1010 3816 erga
1031 3745 1419 3798 infirmitatem
1467 3743 1723 3816 proximi,

163 3847 243 3888 nec
268 3835 509 3904 quolibet
539 3835 778 3889 minimo
801 3834 1002 3888 affectu
1025 3834 1414 3905 languescunt,
1432 3835 1528 3888 sed
1539 3834 1728 3888 vulne-

162 3927 347 3990 rantur,
365 3925 496 3996 quia
516 3924 729 3980 amoris
757 3925 843 3978 sui
872 3923 1098 3994 spiculis
1125 3929 1342 3978 mentes
1370 3923 1518 3978 Deus
1545 3922 1729 3977 insen-

161 4009 318 4068 sibiles
344 4014 610 4086 percutit,
641 4029 878 4083 moxque
903 4013 1005 4066 has
1025 4010 1318 4066 sensxbi'les
1338 4029 1438 4082 per
1471 4012 1731 4066 ardorem

161 4097 419 4157 charitatis
443 4102 654 4158 reddit.

219 4208 244 4241 ι
269 4191 476 4247 Levabo
509 4192 584 4246 ad
632 4192 836 4246 caelum
878 4207 1110 4246 manum
1156 4206 1340 4244 meam
1398 4195 1455 4244 et
1500 4190 1683 4244 dicam
1717 4231 1732 4255 ,

165 4295 183 4326 ι
203 4277 326 4334 Vivo
351 4297 452 4350 ego
482 4282 543 4336 in
569 4286 860 4336 aeternum.
901 4301 924 4330 ι
958 4279 1264 4334 A'liaeditio
1287 4299 1302 4344 ;
1331 4297 1358 4332 α
1375 4279 1524 4344 Quia
1543 4279 1738 4334 tollam

1813 2054 1908 2123 qni
1935 2055 2236 2109 carnaliter
2256 2054 2500 2125 sapiunt,
2536 2054 2755 2108 occidit.

1881 2160 1908 2196 ι
1939 2143 2020 2197 De
2051 2159 2248 2198 cruore
2259 2143 2566 2198 occisorum
2584 2150 2642 2198 et
2652 2144 2722 2198 de
2744 2143 3065 2214 captivitate
3082 2144 3403 2199 nudatiini-

1811 2250 1837 2284 α
1868 2233 2141 2287 micorum
2163 2233 2379 2304 capitis.
2407 2253 2433 2284 ι)
2468 2233 2594 2286 Alia
2620 2232 2790 2286 editio
2829 2251 2840 2284 :
2867 2252 2892 2282 «
2921 2234 2972 2286 Α
2998 2233 3408 2302 sanguincvu‘l-

1805 2327 2132 2375 neratorum
2149 2338 2183 2376 a
2199 2322 2538 2392 captivitate,
2559 2337 2593 2374 a
2613 2321 2796 2392 capite
2816 2321 3128 2392 principum
3153 2320 3404 2375 inimico-

1805 2427 1951 2464 rum.
1983 2430 2009 2462 n
2038 2411 2122 2464 Ad
2153 2411 2274 2476 hoc,
2321 2411 2466 2482 quod
2511 2411 2663 2474 dicit,
2689 2411 2756 2464 de
2804 2426 3000 2464 cruore
3047 2410 3400 2464 inimicorum

1807 2499 2142 2554 subauditur
2165 2499 2322 2565 illud,
2361 2500 2508 2570 quod
2539 2499 2892 2570 praemissum
2915 2507 2998 2554 est
3031 2518 3085 2551 τι
3105 2498 3402 2554 inebriabo

1805 2589 2039 2658 sagittas
2069 2605 2242 2643 meas.
2272 2609 2298 2638 »
2329 2582 2582 2643 inebriat
2605 2589 2878 2643 Dominus
2897 2589 3130 2658 sagittas
3176 2603 3308 2642 suas
3345 2588 3403 2642 in

1807 2694 2004 2732 cruore
2031 2678 2360 2744 occisorum,
2395 2678 2545 2748 quod
2573 2677 2845 2732 ultionem
2878 2683 3097 2731 exercet
3145 2679 3203 2731 in
3229 2677 3403 2731 turba

1803 2766 2180 2832 inimicorum,
2202 2772 2452 2838 tuncque
2487 2767 2858 2820 nudabuntur
2903 2765 3090 2838 capita
3131 2766 3403 2833 hostium,

1805 2856 2028 2927 quando
2055 2873 2201 2910 vana
2231 2873 2352 2911 esse
2389 2855 2776 2928 probabuntur
2799 2855 3045 2922 iconsilia
3080 2855 3406 2926 iniquarum

1805 2945 2101 3006 mentium,
2129 2944 2330 3016 quibus
2359 2961 2418 3000 se
2450 2946 2678 3017 impune
2709 2961 2872 3016 posse
2907 2959 3138 3016 peccare
3166 2941 3406 2998 conﬁde-

1801 3035 1960 3099 bant,
1993 3041 2230 3106 possunt
2257 3041 2314 3090 et
2340 3035 2526 3107 capita
2551 3035 2880 3106 iniquorum
2930 3034 3184 3103 magistri
3232 3033 3406 3104 accipi

1805 3125 2214 3190 errantium,in
2245 3140 2384 3195 quos
2416 3125 2554 3179 ultio
2583 3124 2889 3178 novissima
2943 3121 3239 3186 redundat,
3275 3123 3406 3193 quia

1807 3213 1902 3284 qui
1929 3213 2162 3268 fuerunt
2175 3229 2345 3267 causa
2355 3221 2733 3284 peccatorum,
2754 3213 2999 3266 sentient
3019 3212 3227 3265 damna
3239 3211 3299 3266 in
3322 3227 3407 3265 re-

1799 3301 2111 3356 tributione
2141 3317 2453 3373 pcenamm.
2485 3302 2646 3357 Unde
2682 3303 2740 3356 in
2753 3301 3087 3372 Apocalypsi
3135 3300 3405 3372 scriptum

1809 3397 1896 3445 est
1929 3411 1939 3444 :
1981 3411 2002 3441 ι
2039 3391 2253 3446 Etexiit
2271 3391 2501 3461 sanguis
2515 3391 2721 3444 delacu
2749 3390 3007 3460 usquead
3025 3388 3214 3444 frenos
3239 3403 3408 3460 equo-

1808 3496 1932 3534 rum
1953 3479 2138 3548 (Apoc.
2177 3484 2308 3548 xiv),
2344 3497 2370 3532 ››
2404 3480 2508 3533 hoc
2537 3485 2640 3542 est,
2673 3479 2946 3549 processit
2986 3477 3125 3532 ultio
3153 3483 3408 3532 tormen-

1805 3575 1996 3623 torum
2019 3585 2196 3640 usque
2225 3568 2294 3622 ad
2313 3574 2554 3622 rectores
2577 3567 2930 3638 populorum,
2962 3583 3140 3637 usque
3163 3567 3314 3620 enim
3335 3567 3404 3620 ad

1808 3657 2090 3711 diabolum
2115 3664 2172 3711 et
2201 3655 2322 3727 ejus
2342 3657 2570 3726 angelos
2593 3655 2895 3710 novissimo
2935 3655 3242 3709 certamine
3276 3649 3409 3708 exiit

1809 3747 1948 3801 ultio
1969 3746 2260 3816 sanguinis
2289 3751 2608 3800 sanctorum
2623 3743 2802 3811 effusi,
2829 3747 2976 3800 sicut
2986 3745 3256 3816 scriptum
3283 3749 3368 3798 est
3392 3763 3402 3797 :

1817 3854 1844 3886 «
1873 3837 1939 3890 in
1966 3835 2238 3905 sanguine
2281 3835 2540 3906 peccasti,
2599 3841 2655 3888 et
2679 3834 2908 3905 sanguis
2937 3840 2997 3887 te
3043 3839 3413 3904 persequetur

1816 3925 2022 3996 (Ezech.
2049 3927 2240 3990 xxxv).
2280 3940 2304 3978 ι>
2335 3923 2658 3979 Notandum
2681 3941 2812 3980 vero
2852 3923 2999 3995 quod
3039 3923 3147 3976 hoc
3197 3923 3318 3976 loco
3351 3922 3410 3975 in

1815 4013 2058 4068 editione
2085 4011 2231 4068 LXX
2254 4013 2627 4085 interpretum
2647 4013 2903 4085 quaedam
2926 4011 3217 4066 sententiae
3241 4009 3414 4065 inter-

1816 4108 2122 4174 ponuntur,
2139 4118 2263 4172 quae
2285 4102 2342 4157 in
2361 4103 2636 4158 Hebraica
2665 4103 2899 4158 veritate
2920 4119 3032 4158 non
3054 4099 3416 4156 inveniuntur

1816 4193 1922 4246 hoc
1951 4192 2136 4246 modo.

1897 4303 1919 4328 ι
1944 4282 2254 4348 Laetamini,
2279 4281 2421 4343 coeli,
2454 4281 2623 4337 simul
2659 4299 2785 4336 cum
2819 4299 2903 4348 eo,
2932 4287 2989 4336 et
3021 4281 3258 4336 adorent
3285 4291 3414 4333 eum

159 4365 208 4420 in
245 4370 435 4424 coelum
475 4387 711 4426 manum
755 4385 959 4434 meam,
993 4375 1051 4422 et
1075 4367 1280 4439 jurabo
1317 4384 1420 4440 per
1446 4368 1800 4468 dexteramD
1823 4389 1850 4425 ‹‹
1881 4388 2076 4426 omnes
2098 4372 2282 4442 angeli
2303 4371 2422 4426 Dei.
2447 4367 3309 4438 Leetamini,gentes,simulcum
3321 4381 3418 4439 po-

163 4468 341 4524 meam,
371 4464 428 4512 et
449 4458 662 4513 dicam:
692 4458 828 4512 Vivo
844 4458 1018 4528 egoin
1061 4463 1356 4511 aeternum.
1395 4477 1416 4508 ι
1451 4458 1514 4512 In
1533 4458 1736 4512 coelum

160 4558 366 4600 manum
394 4547 601 4612 levare,
625 4547 740 4600 sive
767 4547 1025 4601 attollere
1047 4551 1133 4601 est
1161 4545 1470 4617 potentiam
1509 4547 1736 4602 aeterni-

158 4632 275 4686 tatis
299 4652 408 4690 suae
421 4653 595 4708 super
622 4637 812 4691 omnia
832 4636 1197 4690 excellentem
1227 4637 1520 4690 ostendere
1547 4655 1557 4689 :
1581 4637 1738 4707 jura-

157 4724 625 4793 reperdexteram,
655 4733 756 4791 est,
773 4742 875 4796 per
903 4725 1127 4789 Filium,
1165 4725 1260 4796 qui
1281 4725 1510 4779 dextera
1525 4725 1625 4780 Dei
1641 4741 1737 4779 ne-

159 4813 402 4880 minatur,
419 4816 697 4887 promissa
715 4815 893 4886 ipsius
910 4814 971 4868 in
984 4820 1284 4886 conspectu
1297 4813 1587 4868 hominum
1604 4829 1733 4869 con-

161 4901 384 4965 ﬁrmare,
407 4911 466 4959 et
501 4905 874 4960 retemitatem
896 4919 1058 4958 suam
1087 4901 1444 4958 credentibus
1493 4903 1598 4958 sibi
1639 4920 1739 4976 per

162 4987 506 5062 Evangelium
517 4995 782 5060 revelare,
807 4993 940 5066 quia
969 4997 1216 5066 potestas
1239 4993 1360 5062 ejus
1381 4997 1629 5062 potestas
1659 4999 1744 5048 est

161 5084 369 5147 aeterna,
404 5089 466 5138 et
493 5099 732 5154 regnum
759 5085 900 5154 ejus,
925 5082 1073 5154 quod
1096 5098 1206 5135 non
1240 5088 1652 5151 corrumpetur.

226 5191 249 5215 ε
273 5170 329 5224 Si
357 5187 630 5228 exacuero
652 5179 714 5227 ut
740 5172 931 5242 fulgur
980 5170 1233 5242 gladium
1277 5185 1488 5235 meum,
1521 5177 1578 5225 et
1595 5171 1739 5226 arri-

168 5275 189 5307 ¢
209 5260 384 5328 puerit
389 5261 666 5332 judicium
683 5278 883 5316 manus
892 5259 1274 5326 mea,reddam
1286 5259 1558 5314 ultionem
1571 5259 1742 5316 hosti-

167 5362 190 5397 ι
208 5343 304 5402 bus
317 5350 455 5404 meis
477 5355 536 5405 et
560 5350 654 5426 qui
683 5350 924 5405 oderunt
939 5366 1027 5404 me
1057 5346 1384 5403 retribuam.
1416 5367 1442 5400 »
1467 5349 1595 5404 Alia
1625 5350 1743 5405 edi-

165 5433 234 5489 tio
265 5456 321 5489 τι
345 5438 494 5503 Quia
521 5456 782 5494 exacuam
805 5440 958 5494 velut
971 5437 1423 5508 fulgurgladium
1445 5439 1628 5510 etagit
1649 5441 1746 5510 ju-

165 5521 362 5580 dicium
382 5545 582 5584 manus
595 5546 718 5584 mea
733 5535 790 5584 et
806 5527 1112 5582 retribuam
1125 5526 1403 5598 judicium
1427 5526 1668 5583 inimicis
1690 5535 1748 5585 et

167 5610 245 5666 his
271 5616 364 5686 qui
389 5617 629 5674 oderunt
652 5635 748 5676 me
777 5617 1029 5674 reddam.
1067 5637 1089 5670 ι
1119 5615 1423 5682 Exacuere,
1450 5621 1516 5671 ut
1557 5617 1747 5688 fulgur

1823 4479 1848 4511 ((
1883 4461 2016 4532 pulo
2038 4462 2160 4530 ejus
2179 4461 2584 4514 etconfirment
2611 4475 2738 4513 eum
2761 4473 2956 4512 omnes
2982 4457 3080 4511 filii
3099 4457 3220 4511 Dei.
3262 4476 3284 4508 »
3319 4457 3417 4511 Hae

1817 4554 2008 4604 tamen
2025 4567 2090 4604 ex
2117 4549 2382 4603 canonica
2396 4548 2732 4602 auctoritate
2755 4547 2860 4600 rite
2882 4547 3111 4618 prolatae
3141 4558 3264 4600 esse
3293 4559 3419 4617 pro-

1819 4637 2044 4703 bantur,
2081 4637 2304 4708 quando
2335 4653 2398 4690 ex
2428 4637 2516 4690 his
2547 4637 2756 4690 Paulus
2784 4636 3070 4710 apostolus
3097 4633 3421 4690 testimonia

1819 4743 2044 4782 sumere
2055 4727 2353 4798 reperitur.
2371 4727 2513 4780 Nam
2536 4725 2599 4780 in
2621 4725 2888 4796 Epistola,
2913 4742 3035 4798 quae
3057 4725 3126 4780 ad
3155 4720 3420 4780 Hebraeos

1819 4815 1889 4870 ab
1910 4817 2030 4887 ipso
2055 4816 2265 4887 scripta
2281 4819 2383 4880 est,
2419 4833 2519 4870 nec
2534 4829 2644 4868 non
2671 4820 2726 4869 et
2752 4815 2811 4868 in
2841 4814 2938 4869 illa
2967 4831 3090 4885 quae
3118 4811 3188 4868 ad
3217 4809 3426 4868 Roma-

1825 4921 1927 4961 nos
1966 4905 2226 4960 similiter
2254 4903 2324 4959 ab
2351 4921 2416 4958 eo
2441 4905 2656 4958 directa
2678 4909 2780 4970 est,
2826 4903 2956 4958 inde
2980 4903 3306 4958 testimonia
3336 4917 3421 4956 as-

1825 4995 2103 5067 sumpisse
2131 4994 2430 5049 invenitur.
2472 4993 2723 5066 Denique
2764 4991 2835 5048 ad
2857 4989 3118 5047 Hebraeos
3173 4990 3421 5046 scribens

1827 5086 1906 5138 sic
1929 5084 2100 5139 infert
2133 5103 2144 5137 :
2185 5103 2209 5134 ‹‹
2240 5084 2309 5138 Et
2337 5100 2464 5138 cum
2505 5084 2710 5138 iterum
2741 5081 3048 5136 introducit
3076 5078 3419 5154 primogeni-

1821 5179 1944 5228 tum
1972 5174 2031 5228 in
2043 5173 2233 5227 orbem
2248 5169 2707 5238 terrarum,dicit,
2727 5171 2796 5226 Et
2813 5169 3049 5226 adorent
3075 5185 3203 5225 eum
3225 5183 3420 5224 omnes

1825 5263 2010 5333 angeli
2028 5262 2128 5316 Dei
2152 5264 2334 5330 (Hebr.
2364 5266 2422 5329 ι).
2457 5281 2484 5315 n
2503 5261 2586 5315 Ad
2619 5259 2900 5314 Romanos
2915 5275 3042 5313 vero
3071 5259 3141 5313 de
3167 5258 3420 5329 gentium

1826 5352 2222 5407 convocatione
2237 5355 2293 5406 et
2304 5355 2564 5405 satietate
2581 5349 2823 5404 Iudaica:
2835 5347 3011 5419 plebis
3022 5348 3316 5420 disputans
3345 5347 3423 5402 sic

1831 5441 1912 5497 ait
1943 5461 1954 5496 :
1991 5460 2016 5492 (ι
2036 5440 2168 5494 Dico
2199 5441 2350 5494 enim
2366 5439 2654 5494 Christum
2675 5439 2868 5498 Jesum
2889 5437 3214 5492 ministrum
3252 5437 3425 5492 fuisse

1829 5529 2267 5584 circumcisionis
2283 5534 2513 5600 propter
2544 5527 2842 5582 veritatem
2858 5526 2961 5582 Dei
2981 5526 3051 5581 ad
3091 5527 3429 5581 confirman-

1827 5619 1927 5674 das
1944 5617 2346 5691 promissiones
2366 5616 2601 5673 Patrum
2623 5615 2796 5684 (Rom.
2814 5619 2926 5687 xv).
2956 5633 2981 5670 »
3005 5613 3214 5671 Gentes
3233 5621 3424 5671 autem
