3824 6152
423 354 562 410 1151

1011 353 1074 408 Β.
1116 347 1398 408 RABANI
1427 351 1658 407 MAURI
1704 353 2043 409 ARCHIEP.
2085 352 2409 408 MOGUNT.
2453 351 2750 408 OPERUM
2787 350 2972 406 PARS
3009 350 3110 406 III.

3538 353 3652 412 115‘2

414 495 592 550 super
609 476 991 533 misericordia
1031 477 1308 532 honorare
1329 477 1529 544 Deum,
1559 477 1706 532 sicut
1740 479 2012 550 scriptum
2027 479 2164 541 Am
2185 476 2328 531 liber
2355 477 2624 543 continet,
2652 477 2709 530 in
2734 475 2967 530 Hebraeo
2991 491 3104 530 non
3125 473 3379 540 habetur,
3411 475 3547 530 sicut
3584 479 3653 534 in-

413 573 508 622 est
525 587 536 620 :
557 586 583 620 α
602 567 838 638 PrOpter
850 567 955 620 hoc
965 566 1272 621 conﬁtebor
1282 565 1383 620 tibi
1399 566 1457 620 in
1467 567 2011 636 gentibus,Domine,

412 662 478 709 et
504 655 720 710 nomini
748 661 846 710 tuo
890 654 1125 710 cantabo
1166 657 1246 723 (ΙΙ
1282 656 1403 723 Reg.
1464 661 1616 725 χχιι).
1650 677 1674 708 ››
1699 656 1769 711 Et
1809 655 2016 711 iterum

411 743 557 798 dicit
573 763 584 798 :
610 762 636 795 «
650 743 1314 815 Laetamini,gentes,cum
1334 743 1493 816 plebe
1511 746 1635 816 ejus
1651 745 1824 814 (Rom.
1855 750 1965 813 xv).
1987 766 2010 796 ι

421 833 583 888 Unde
611 849 804 888 verum
825 838 1064 898 constat,
1097 833 1244 904 quod
1271 835 1509 904 apostoli
1548 840 1605 887 et
1639 835 1792 889 illam
1814 835 2016 890 editio-

419 938 553 976 nem
591 939 714 993 quae
733 939 799 976 ex
827 921 1102 976 Hebraica
1128 922 1364 976 veritate
1384 928 1487 982 est,
1520 939 1622 976 nec
1640 940 1752 977 non
1780 929 1838 977 et
1857 923 2014 977 illam

414 1027 548 1081 quae
575 1026 642 1064 ex
660 1010 805 1064 LXX
828 1009 1248 1082 interpretibus.
1299 1011 1590 1082 aequaliter
1617 1010 2010 1083 probaverunt,

413 1115 547 1153 cum
577 1116 643 1152 ex
673 1105 914 1170 utraque
938 1099 1261 1154 testimonia
1292 1106 1669 1172 sumpserunt.
1697 1102 1840 1156 Illud
1861 1119 2010 1166 vero,

417 1189 570 1258 quod
591 1189 662 1242 ad
713 1205 1017 1258 supernam
1031 1195 1347 1244 creaturam
1379 1189 1540 1260 quasi
1567 1191 1912 1245 exhortando
1937 1191 2015 1244 lo-

417 1276 616 1346 quitur
640 1277 850 1342 dicens,
875 1297 895 1327 σ
911 1278 1682 1344 Lzetamini,cazli,simulcum
1696 1297 1782 1346 eo,
1812 1280 2014 1334 etado-

423 1371 552 1418 rent
570 1382 700 1419 eum
717 1382 912 1420 omnes
933 1367 1138 1437 angeli,
1161 1367 1262 1421 Dei
1283 1386 1312 1419 ιι
1335 1368 1598 1434 ostendit,
1623 1369 1770 1439 quod
1784 1375 1910 1440 post
1920 1369 2015 1423 ad-

420 1458 648 1508 ventum
668 1455 970 1510 Salvatoris
990 1455 1048 1509 in
1081 1472 1250 1509 carne
1267 1461 1326 1509 et
1339 1457 1616 1526 judicium
1644 1459 1767 1527 ejus
1796 1457 2015 1512 univer-

417 1543 556 1609 sale,
579 1559 690 1614 quo
703 1544 844 1614 justi
855 1549 1196 1599 coronantur
1215 1551 1272 1599 et
1300 1553 1620 1617 peccatores
1647 1547 2010 1613 damnantur,

415 1631 672 1685 calestes
697 1639 756 1686 et
768 1638 1066 1686 terrestres
1079 1640 1351 1688 creaturae
1383 1635 1552 1688 simul
1585 1635 1643 1688 in
1675 1635 1898 1688 laudem
1927 1635 2014 1688 sui

412 1719 810 1775 coadunantur
845 1722 1182 1788 Conditoris,
1215 1728 1274 1776 et
1301 1739 1492 1793 regem
1523 1724 1812 1778 Christum
1845 1741 2016 1796 super

2096 571 2312 638 terprcs
2327 571 2518 620 noster
2535 565 2750 629 beatus,
2759 565 3017 620 videlicet
3030 565 3653 634 Hieronymus,testatur,

2097 655 2194 710 sed
2225 673 2290 708 ex
2310 655 2472 720 LXX,
2502 655 2587 709 vel
2617 655 2855 708 aliorum
2887 655 3259 725 interpretum
3308 653 3542 709 editione
3575 657 3654 710 ad-

2098 745 2250 798 ditus
2279 751 2382 809 est,
2416 743 2508 798 ubi
2539 750 2597 798 et
2625 751 2757 798 ante
2774 748 3039 798 narratur
3059 743 3207 813 quod
3225 744 3653 813 angelusDomini

2097 833 2448 887 descenderit
2465 849 2594 886 cum
2624 833 2826 887 Azaria
2855 840 2912 887 et
2930 833 3095 887 sociis
3131 833 3254 902 ejus
3302 831 3358 885 in
3388 833 3653 900 fornacem,

2096 927 2155 976 et
2183 922 2488 976 excusserit
2517 923 2805 976 ﬂammam
2849 921 2997 991 ignis
3046 921 3115 974 de
3142 921 3382 986 fornace,
3415 928 3470 974 et
3495 923 3654 977 fecerit

2096 1010 2344 1064 medium
2369 1009 2609 1064 fornacis
2633 1009 2793 1081 quasi
2813 1017 3042 1064 ventum
3063 1009 3207 1064 roris
3223 1010 3469 1074 ﬂantem,
3494 1017 3546 1064 et
3572 1028 3656 1065 non

2098 1099 2347 1169 tetigerit
2372 1116 2467 1154 eos
2495 1099 2723 1153 omnino
2744 1099 2908 1169 ignis,
2930 1115 3114 1170 neque
3143 1099 3564 1164 contristaverit,
3582 1117 3658 1154 nec

2099 1187 2401 1260 quidquam
2433 1189 2701 1242 molestiae
2730 1187 3003 1242 intulerit.
3033 1189 3226 1242 Potest
3253 1194 3312 1241 et
3338 1187 3428 1242 hic
3462 1189 3658 1258 angelus.

2097 1277 2340 1343 Domini,
2376 1277 2472 1348 qui
2497 1277 2784 1331 descendit
2812 1294 2942 1331 cum
2963 1277 3145 1330 tribus
3175 1277 3366 1348 pueris
3407 1277 3462 1329 in
3514 1277 3659 1330 cami-

2097 1383 2232 1421 num
2267 1366 2410 1436 ignis
2441 1366 2708 1430 ardentis,
2739 1372 2796 1419 et
2817 1383 2912 1419 eos
2939 1365 3184 1436 protexit
3209 1365 3280 1418 ab
3308 1365 3505 1419 ardore
3527 1367 3658 1419 ﬁam-

2095 1471 2336 1522 marum,
2387 1455 2572 1526 typice
2621 1455 2936 1525 signiﬁcare
2983 1455 3286 1509 Dominum
3331 1455 3660 1518 Salvatorem,

2097 1561 2264 1614 quem
2284 1545 2559 1616 propheta
2585 1544 2774 1614 magni
2803 1543 3020 1597 consilii
3051 1544 3316 1613 angelum
3366 1543 3657 1610 nominavit,

2099 1649 2164 1687 eo
2193 1633 2341 1704 quod
2359 1650 2473 1686 sua:
2492 1638 2550 1687 et
2569 1639 2814 1704 paternae
2837 1633 3203 1686 annuntiator
3243 1638 3329 1686 ea
3375 1633 3658 1686 voluntatis.

2097 1721 2202 1776 llic
2229 1722 2751 1793 quoquedescendit
2780 1722 2838 1775 in
2855 1722 3004 1775 hunc
3017 1721 3311 1786 mundum,
3331 1721 3428 1776 ubi
3456 1738 3545 1775 rex
3557 1738 3658 1775 con-

417 1807 612 1862 omnia
639 1815 970 1879 regnantem
1001 1816 1171 1881 atque
1190 1811 1575 1866 dominantem
1594 1813 1833 1867 adorant
1861 1819 1918 1867 et
1931 1803 2350 1878 ve-Bfusionis,
2383 1811 2438 1865 id
2491 1816 2595 1877 est,
2620 1810 2873 1865 diabolus
2903 1811 3206 1876 fornacem,
3238 1811 3345 1864 hoc
3394 1817 3495 1874 est,
3526 1811 3663 1864 corda

419 1902 694 1952 nerantur
716 1898 774 1952 in
785 1904 1078 1954 aeternum.
1101 1899 1260 1964 Quod
1273 1905 1460 1954 autem
1481 1901 1738 1972 sequitur
1757 1920 1766 1955 :
1790 1922 1813 1952 ι
1843 1903 2018 1956 Laeta-

416 1985 579 2051 mini,
585 1987 976 2057 gentes,simul
986 2005 1112 2042 cum
1125 1989 1330 2060 populo
1342 1990 1464 2059 ejus
1476 1995 1534 2044 et
1543 1991 1877 2044 conﬁrment
1886 2008 2016 2045 eum

417 2089 618 2128 omnes
634 2075 734 2128 ﬁlii
753 2075 872 2140 Dei,
912 2095 934 2126 ι
958 2076 1106 2130 idem
1134 2082 1238 2141 est,
1273 2076 1405 2148 quia
1435 2079 1680 2132 Ecclesia
1711 2079 1919 2132 Christi
1951 2096 2017 2132 ex

414 2163 630 2217 Judaeis
657 2169 716 2218 et
733 2164 996 2234 gentibus
1027 2170 1383 2236 congregata,
1418 2172 1714 2238 postquam
1741 2168 1801 2221 in
1828 2184 2018 2222 resur-

417 2252 669 2306 rectione
710 2254 896 2308 carnis
942 2253 1425 2308 immortalitatem
1454 2262 1512 2309 et
1539 2256 2018 2327 incorruptionem

423 2341 696 2396 veraciter
721 2342 977 2414 percipit,
1010 2343 1115 2397 hoc
1169 2345 1469 2398 conﬁrmat
1495 2344 1660 2412 facto,
1692 2345 1841 2416 quod
1885 2352 2017 2400 ante

420 2429 832 2485 testificabatur
853 2431 1040 2486 verbo.
1070 2433 1368 2502 Sequitur:

499 2537 526 2571 α
557 2519 1321 2592 Laudate,gentes,populum
1343 2523 1484 2592 ejus,
1509 2524 1641 2594 quia
1685 2523 2020 2594 sanguinem

424 2626 452 2659 ι
487 2623 773 2662 servorum
811 2625 1044 2663 suorum
1092 2609 1391 2664 ulciscetur
1435 2617 1492 2664 et
1519 2611 1820 2664 vindictam
1853 2611 2020 2664 retri-

424 2715 452 2746 (ί
487 2695 622 2750 buet
646 2697 703 2750 in
725 2697 916 2751 hostes
931 2713 1147 2752 eorum.
1173 2717 1200 2748 ιι
1230 2699 1358 2752 Alia
1383 2699 1556 2752 editio
1608 2719 1621 2754 :
1665 2719 1690 2750 ‹‹
1725 2700 1870 2764 Quia
1888 2717 2021 2754 san-

417 2785 550 2854 guis
578 2785 824 2839 ﬁliorum
847 2787 971 2856 ejus
999 2785 1336 2852 defenditur,
1368 2793 1426 2841 et
1458 2788 1726 2855 defendit,
1757 2795 1815 2843 et
1855 2789 2020 2843 retri-

424 2872 594 2926 buam
607 2873 1156 2943 judiciuminimicis,
1189 2881 1247 2930 et
1274 2876 1361 2930 his
1381 2877 1478 2948 qui
1503 2877 1882 2932 oderunteum
1899 2877 2022 2932 red-

418 2961 536 3016 det.
566 2981 592 3013 »
611 2961 948 3016 Laudabunt
961 2979 1156 3018 omnes
1167 2970 1364 3035 gentes
1385 2967 1654 3037 populum
1669 2967 2020 3038 Dei,quando

423 3051 684 3106 viderunt
707 3051 1012 3121 gloriosam
1042 3069 1315 3124 apparere
1335 3053 1393 3108 in
1419 3061 1722 3125 conspectu
1751 3056 2020 3111 Condito-

2098 1899 2420 1971 iniquorum
2443 1900 2569 1970 igne
2589 1900 2913 1971 cupiditatis
2925 1907 3094 1970 atque
3114 1899 3658 1961 luxuriteinﬁammat,

2099 1994 2164 2042 ut
2193 1991 2330 2043 flatu
2343 1989 2583 2060 Spiritus
2603 1989 2781 2043 sancti
2791 2005 2892 2060 per
2907 1990 3151 2060 gratiam
3167 2006 3329 2042 suam
3353 1989 3547 2042 electos
3557 2006 3664 2041 suos

2099 2078 2170 2132 ab
2196 2079 2300 2132 hoc
2329 2079 2458 2148 igne
2494 2086 2677 2132 servet
2710 2079 2929 2142 illaesos,
2963 2085 3242 2148 quatenus
3275 2079 3398 2148 ejus
3439 2077 3664 2131 laudibus

2099 2167 2302 2221 intenti
2333 2182 2435 2238 pro
2464 2167 2751 2239 ereptione
2779 2184 2882 2221 sua
2893 2167 3106 2237 gratias
3135 2167 3386 2222 referant
3409 2166 3664 2220 liberatori

2098 2273 2220 2319 suo,
2251 2256 2321 2310 de
2342 2273 2453 2326 quo
2491 2256 2752 2310 subditur
2786 2275 2797 2310 :

2175 2365 2195 2396 ι
2228 2345 2386 2398 Tunc
2414 2345 2472 2398 hi
2500 2352 2634 2410 tres,
2661 2345 2820 2417 quasi
2849 2363 2914 2400 ex
2958 2361 3071 2399 uno
3126 2362 3224 2399 ore
3285 2342 3578 2398 laudabant
3619 2353 3668 2395 et

2105 2454 2135 2487 ι
2160 2433 2552 2503 gloriﬁcabant
2562 2441 2619 2488 et
2636 2434 3038 2489 benedicebant
3064 2433 3370 2488 Dominum
3397 2433 3454 2487 in
3475 2432 3670 2486 fornace

2107 2542 2130 2573 ι
2164 2522 2432 2576 dicentes.
2458 2545 2483 2572 υ
2517 2524 2614 2578 Isti
2645 2540 2778 2594 ergo
2794 2529 2910 2578 tres
2941 2523 3062 2590 viri,
3085 2523 3180 2594 qui
3199 2523 3362 2594 quasi
3379 2540 3444 2576 ex
3470 2539 3570 2576 uno
3588 2537 3672 2573 ore

2103 2610 2409 2665 laudabant
2419 2618 2475 2665 et
2485 2612 2878 2680 gloriﬁcabant
2889 2619 2946 2666 et
2963 2611 3370 2666 benedicebant
3381 2610 3670 2667 Dominum.

2104 2699 2424 2769 signiﬁcant
2450 2702 2654 2755 electos
2692 2702 2812 2766 Dei,
2848 2701 2942 2772 qui
2975 2701 3032 2756 iu
3055 2707 3263 2755 sancta:
3275 2699 3556 2754 Trinitatis
3579 2697 3674 2750 ﬁde

2103 2788 2327 2842 solidati
2358 2805 2532 2844 unum
2552 2791 2732 2844 Deum
2753 2791 2999 2855 Patrem,
3019 2796 3076 2844 et
3097 2789 3324 2854 Filium,
3361 2795 3417 2842 et
3431 2787 3672 2859 Spiritum

2103 2883 2360 2931 sanctum
2387 2878 2644 2945 adorant,
2669 2879 2860 2932 colunt
2889 2884 2948 2933 et
2967 2878 3293 2949 praedicant.
3323 2877 3547 2932 laudant
3570 2874 3676 2945 qui-

2102 2966 2230 3020 dem
2258 2984 2387 3020 eum
2417 2979 2569 3022 recta
2597 2968 2926 3023 credulitate
2958 2968 3309 3038 :gloriﬁcant
3335 2984 3462 3020 vera
3489 2964 3676 3019 confes-

2102 3055 2343 3122 sione,et
2369 3056 2708 3112 benedicunt
2751 3057 2900 3112 bona
2927 3057 3273 3128 operatione.
3315 3055 3470 3111 Unde
3521 3055 3672 3109 etiam

418 3140 502 3195 ris
521 3139 611 3194 sui
638 3139 941 3195 Ecclesiam
961 3141 1084 3207 Dei,
1116 3148 1173 3196 et
1198 3148 1587 3214 persecutores
1615 3146 1738 3214 ejus
1767 3162 1867 3216 pro
1879 3146 2020 3199 etfu-
2041 3121 2084 3181 Ο
2102 3145 2455 3200 concorditer
2468 3147 2660 3201 dicunt
2682 3165 2693 3199 :

420 3244 485 3282 so
513 3245 548 3281 a
575 3229 918 3298 sesanguine
938 3237 1272 3302 martyrum,
1307 3237 1366 3286 et
1391 3232 1653 3287 omnibus
1681 3233 1842 3287 malis
1897 3251 2020 3305 quae

419 3317 482 3372 in
511 3317 614 3371 hac
657 3317 770 3371 vita
811 3326 1126 3388 gesserunt,
1186 3337 1287 3390 per
1317 3320 1692 3390 malignorum
1716 3323 2020 3394 spirituum

423 3405 799 3460 ministerium
817 3408 1032 3462 retrudi
1062 3408 1120 3462 in
1147 3409 1466 3479 gehennam
1483 3411 1629 3480 ignis
1647 3411 2022 3466 aeterni.Tunc

424 3495 576 3549 enim
595 3501 654 3549 et
687 3495 819 3550 boni
849 3496 1057 3552 bonum
1089 3499 1238 3568 quod
1291 3499 1482 3554 vident
1536 3500 1864 3564 laudabunt,
1890 3502 2024 3572 quia

421 3585 718 3656 praemium
738 3586 938 3656 placet,
969 3587 1118 3657 quod
1150 3587 1530 3654 habebunt,et
1557 3590 1716 3660 impii
1747 3590 1806 3644 in
1843 3591 2022 3662 paenis

423 3674 734 3739 constituti,
761 3674 893 3728 licet
909 3692 1054 3743 sero,
1078 3693 1180 3748 pro
1201 3677 1349 3730 malo
1371 3678 1518 3748 quod
1528 3685 1827 3747 gesserunt
1847 3680 2021 3750 paeni-

422 3761 642 3829 tebunt,
664 3780 792 3818 cum
820 3763 1064 3818 viderint
1077 3765 1317 3836 gloriam
1347 3773 1670 3821 sanctorum
1693 3769 2018 3836 clarescere,

426 3868 595 3922 quam
623 3869 738 3906 non
767 3860 1134 3924 speraverant
1161 3873 1173 3906 :
1203 3873 1227 3904 «
1253 3854 1556 3909 Gementes
1585 3856 1738 3911 enim
1753 3857 1810 3911 in
1841 3875 2020 3928 angu-

423 3940 548 3994 stiis
561 3941 850 3995 constituti
869 3942 1057 3997 dicent
1076 3943 1224 3997 intra
1245 3961 1305 3998 se
1333 3944 1722 4013 pmnitentiam
1743 3954 1975 4017 agentes
2007 3967 2019 4000 :

424 4030 497 4084 Hi
527 4035 676 4095 sunt,
692 4047 832 4100 quos
857 4031 1160 4102 aliquando
1189 4031 1489 4087 habuimus
1526 4034 1844 4091 inderisum
1881 4044 1937 4091 et
1963 4037 2023 4092 in

425 4118 854 4172 similitudinem
883 4119 1229 4190 imprOperii,
1255 4138 1357 4174 nos
1384 4121 1656 4177 insensati
1703 4125 1874 4178 vitam
1903 4126 2022 4180 illo-

421 4223 550 4262 rum
577 4205 992 4262 aastimabamus
1011 4207 1303 4264 infamiam
1335 4217 1392 4265 et
1421 4213 1592 4266 ﬁnem
1622 4213 1849 4267 illorum
1901 4215 2022 4269 sine

423 4296 655 4350 honore.
687 4295 978 4360 Quomodo
1007 4313 1140 4367 ergo
1169 4301 1477 4369 computati
1508 4307 1642 4355 sunt
1686 4301 1834 4356 inter
1877 4303 2022 4358 ﬁlios

421 4384 524 4439 Dei
548 4391 607 4439 et
633 4383 785 4438 inter
807 4391 1170 4442 sanctossors
1197 4386 1424 4441 illorum
1452 4394 1538 4442 est
1565 4389 1590 4442 ἲ
1621 4391 1768 4459 (Sep.
1789 4397 1866 4460 v.)

501 4492 526 4525 «
553 4474 622 4528 Et
648 4474 926 4546 propitius
955 4475 1062 4528 erit
1108 4475 1380 4529 Dominus
1417 4482 1582 4530 terra:
1625 4479 1817 4549 papuli
1845 4481 1952 4534 sui.
1990 4503 2012 4535 ι)

423 4562 552 4616 Alia
589 4563 794 4617 editio:
822 4581 852 4615 et
883 4563 950 4618 Et
1006 4563 1338 4618 emundabit
1389 4571 1603 4620 terram
1635 4569 1827 4638 populi
1855 4570 1962 4623 sui.
1993 4592 2018 4624 ι)

427 4651 766 4706 Emundabit
790 4669 923 4722 ergo
952 4652 1225 4706 Dominus
1255 4659 1467 4708 terram
1517 4656 1708 4726 populi
1760 4658 1868 4724 sui,
1908 4659 2022 4712 sive

426 4739 704 4810 pr0pitius
749 4741 858 4794 erit
887 4747 1052 4796 terrae
1090 4741 1280 4812 populi
1311 4743 1418 4808 sui,
1463 4745 1686 4814 quando
1718 4747 2022 4801 Ecclesiam

425 4843 607 4894 suam,
629 4845 798 4899 quam
822 4829 1094 4884 hactenus
1122 4829 1355 4900 regebat
1383 4831 1442 4884 in
1469 4833 1715 4886 adversis
1735 4851 1836 4904 per
1854 4836 2023 4890 mini-

425 4924 574 4972 stros
601 4933 732 4972 suos
751 4916 823 4972 ab
849 4917 1108 4972 omnibus
1137 4919 1415 4974 scandalis
1447 4927 1666 4974 erutam
1696 4929 1864 4994 atque
1894 4942 2026 4995 pur-

424 5013 618 5078 gatam
635 5013 910 5078 perpetua
928 5023 1061 5077 pace
1101 5009 1381 5062 fruentem
1406 5010 1586 5063 vivere
1615 5010 1749 5065 facit
1803 5011 1860 5066 in
1893 5030 2024 5084 pro-

425 5096 606 5168 speris
633 5097 794 5166 regni
811 5095 1170 5162 ccelestis,ubi
1183 5097 1303 5151 sine
1319 5101 1429 5153 ﬁne
1448 5099 1733 5168 gaudebit,
1755 5107 1813 5154 et
1833 5103 2025 5157 laudes

425 5185 667 5241 Domino
688 5185 857 5240 simul
884 5202 1012 5240 cum
1041 5186 1249 5240 sanctis
1278 5186 1338 5241 in
1366 5193 1640 5242 aeternum
1666 5191 1936 5246 cantabit.

1133 5400 1322 5439 INCIPIT

731 5497 1030 5555 HYMNUS
1057 5499 1288 5556 TRIUM
1307 5501 1722 5558 PUERORUM.

498 5627 754 5698 Hymnus
772 5629 945 5686 trium
972 5648 1294 5702 puerorum,
1320 5652 1486 5706 quem
1505 5638 1756 5693 Danielis
1784 5640 2020 5711 prophe-

2177 3253 2204 3285 «
2238 3235 2572 3290 Benedictus
2600 3253 2678 3302 es,
2709 3237 2946 3291 Domine
2962 3237 3112 3292 Deus
3131 3243 3358 3308 patrum
3378 3244 3672 3292 nostrorum

2107 3341 2132 3370 α
2165 3328 2222 3376 et
2249 3323 2545 3378 laudabilis
2571 3331 2628 3378 et
2653 3326 2932 3395 gloriosus
2952 3332 3009 3379 et
3027 3343 3197 3397 super
3212 3327 3486 3381 exaltatus
3511 3326 3562 3379 in
3579 3340 3672 3377 sae-

2106 3431 2134 3461 «ι
2165 3412 2310 3465 cula.
2345 3413 2529 3466 )Deus
2550 3430 2684 3484 ergo
2713 3421 3032 3470 nostrorum
3057 3416 3332 3470 Dominus
3351 3415 3673 3470 estChristus

2103 3515 2234 3553 cum
2255 3502 2422 3555 Patre
2433 3508 2489 3556 et
2503 3499 2716 3574 Spiritu
2726 3510 2920 3558 sancto
2936 3521 3082 3558 unus
3099 3511 3157 3558 et
3166 3505 3319 3558 omni
3324 3511 3515 3576 potens
3523 3505 3671 3566 Deus,

2105 3604 2272 3658 quem
2287 3590 2584 3646 coluerunt
2601 3593 2952 3664 patriarchzn,
2991 3594 3365 3648 laudaverunt
3395 3594 3670 3666 prephetzu,

2102 3678 2548 3748 praedicaverunt
2575 3682 2832 3752 apostoli,
2866 3685 3048 3737 omnis
3077 3683 3286 3738 Christi
3308 3684 3544 3738 Ecclesia
3566 3699 3675 3735 con-

2105 3767 2317 3820 ﬁtetur.
2354 3769 2457 3822 Hic
2476 3787 2700 3842 semper
2726 3778 2866 3839 emt,
2900 3780 3002 3837 est,
3037 3779 3094 3826 et
3138 3773 3249 3827 erit
3289 3773 3572 3828 laudabilis
3617 3789 3672 3824 ar

2103 3856 2382 3926 gloriosus
2409 3864 2467 3912 et
2494 3877 2664 3932 super
2677 3879 2871 3916 omnes
2900 3868 3187 3917 creaturas
3206 3863 3482 3917 exaltatus
3503 3867 3669 3930 regnat

2107 3944 2166 3999 in
2187 3947 2389 4001 saecula
2413 3950 2764 4004 saeculorum.

2181 4054 2206 4086 (ι
2231 4036 2554 4092 Benedicite
2568 4039 2758 4094 omnia
2771 4057 2942 4111 opera
2965 4042 3187 4096 Domini
3203 4043 3520 4096 Dominum.
3540 4062 3562 4092 υ
3585 4044 3671 4092 Gv-

2105 4125 2282 4178 nerali
2303 4125 2624 4181 laudatione
2637 4130 2943 4199 praemissa,
2959 4131 3106 4201 quod
3123 4132 3304 4184 omnis
3319 4139 3568 4185 creatum
3587 4129 3670 4180 de-

2103 4212 2234 4267 beat
2311 4214 2542 4270 laudare
2589 4217 2912 4287 Dominum,
2965 4219 3023 4274 in
3068 4221 3531 4290 consequentibus
3587 4234 3670 4289 por

2103 4309 2292 4373 partes
2311 4303 2562 4375 singulas
2591 4306 2849 4362 hortatur
2869 4310 3096 4379 angelos
3123 4315 3181 4362 et
3206 4310 3395 4375 caelos,
3419 4326 3583 4380 aquas
3605 4315 3673 4359 at-

2105 4408 2214 4461 que
2244 4393 2500 4460 virtutes,
2535 4396 2709 4450 solem
2747 4402 2804 4451 et
2833 4398 3045 4464 lunam,
3100 4398 3338 4452 imbrem
3391 4405 3447 4452 et
3486 4414 3663 4451 rorem.

2105 4479 2398 4552 Spiritum,
2412 4484 2599 4553 ignem
2617 4492 2676 4540 et
2691 4493 2964 4554 aestatem,
3007 4487 3186 4558 frigus
3214 4494 3274 4542 et
3293 4497 3488 4543 aestum
3515 4495 3566 4540 et
3585 4502 3668 4538 mn-

2103 4574 2246 4634 tera,
2271 4587 2392 4642 quae
2423 4572 2652 4642 longum
2677 4583 2977 4643 esttexere,
3011 4578 3170 4632 itaut
3195 4578 3378 4633 fontes
3403 4593 3606 4648 quoque
3625 4581 3668 4627 et

2105 4659 2286 4712 maria
2304 4675 2368 4713 ac
2396 4661 2650 4729 flumina,
2676 4671 2847 4719 cmtos
2876 4673 2932 4720 et
2961 4667 3211 4720 volucres
3268 4667 3576 4738 bestiasque
3623 4667 3666 4714 οἵ

2105 4748 2389 4816 pecoraad
2419 4749 2643 4805 laudem
2666 4753 2889 4808 Domini
2910 4762 3188 4826 provocet,
3229 4763 3290 4810 et
3333 4756 3476 4810 ﬁlios
3517 4751 3666 4807 homi-

2105 4851 2261 4901 num,
2277 4843 2334 4890 et
2353 4844 2482 4910 post
2519 4857 2684 4895 omne
2707 4843 2906 4897 horum
2917 4861 3096 4914 genus
3117 4847 3403 4911 Israelem,
3419 4852 3473 4898 et
3487 4844 3548 4897 de
3568 4843 3668 4912 ipso

2107 4925 2281 5006 Israel
2301 4928 2620 4983 sacerdotes
2647 4937 2905 4986 etservos
2937 4933 3178 5000 Domini,
3199 4933 3666 5006 Spiritusanimas-

2108 4999 2548 5086 que'justorum,
2579 5027 2802 5074 sanctos
2835 5029 2893 5076 et
2947 5023 3187 5076 humiles
3223 5024 3391 5078 corde
3426 5031 3481 5077 et
3507 5023 3568 5076 ad
3593 5035 3665 5072 ex-

2106 5109 2350 5159 tremum
2369 5108 2669 5174 Ananiam,
2698 5111 2955 5166 Azariam
2979 5119 3035 5165 et
3048 5113 3354 5176 Misaelem,
3377 5113 3467 5183 qui
3481 5111 3544 5164 ad
3563 5111 3660 5162 lau-

2107 5192 2206 5246 des
2225 5193 2448 5250 Domini
2480 5199 2741 5268 praesenti
2772 5199 3044 5255 beneﬁcio
3081 5208 3466 5272 provocantur.
3498 5195 3660 5254 Omnis

2107 5288 2297 5336 autem
2327 5293 2605 5354 creatura,
2633 5305 2744 5343 non
2780 5306 2928 5355 voce,
2961 5291 3058 5345 sed
3087 5308 3254 5362 opere
3283 5291 3473 5345 laudat
3497 5285 3658 5343 Domi-

2107 5389 2262 5439 num,
2293 5375 2388 5446 qui
2414 5391 2480 5430 ex
2495 5379 2768 5432 creaturis
2795 5387 3202 5452 consequenter
3246 5387 3463 5436 creator
3489 5374 3660 5433 intelli-

2101 5461 2258 5531 gitur
2277 5463 2410 5518 etin
2424 5466 2660 5536 singulis
2688 5467 2949 5540 operibus
2968 5477 3137 5540 atque
3150 5470 3434 5525 effectibus
3453 5469 3542 5524 Dei
3563 5481 3654 5520 ma-

2097 5552 2426 5622 gniﬁcentia
2440 5555 2876 5613 demonstratur.
2894 5561 3002 5614 Sed
3019 5561 3153 5634 quia
3163 5561 3336 5616 David
3351 5561 3406 5614 in
3419 5555 3650 5614 Psalterio

2103 5643 2223 5712 pari
2253 5644 2420 5700 modo
2433 5645 2625 5700 omnia
2638 5663 2811 5718 opera
2828 5649 3072 5717 Domini,
3095 5650 3200 5705 hoc
3217 5655 3510 5716 est,omnes
3522 5661 3645 5700 crea-
