3824 6152
192 299 304 356 1153
807 296 1177 353 COMMENT.
1219 297 1299 352 IN
1339 292 1654 349 CANTICA
1691 287 1858 352 QUAE
1893 289 1990 343 ΑΙ)
2028 289 2308 347 LAUDES
2345 292 2734 350 DICUNTUR.
3280 311 3414 370 “54

182 431 332 487 turns,
347 420 411 474 ad
431 418 863 474 benedicendum
883 426 942 474 et
956 420 1023 474 ad
1041 419 1386 474 laudandum
1405 419 1588 473 Deum
1603 415 1797 488 pro-.A
1811 411 2070 505 deﬂuunt
2095 431 2220 470 esse
2247 432 2360 470 non
2387 417 2622 474 dubium
2636 424 2992 487 est,testante
3002 426 3145 486 libro
3155 431 3409 505 Genesis,

186 517 333 576 vocat,
363 512 528 562 restat
561 511 626 561 ut
660 507 804 562 sicut
834 507 1134 563 historicus
1174 507 1312 562 ordo
1357 507 1464 561 iste
1509 505 1734 560 benedi-
1815 503 1962 572 quod
1996 509 2291 560 cataractae
2327 507 2450 561 caeli
2471 514 2682 580 apertae
2711 510 2841 578 sint,
2863 519 2921 568 et
2947 515 3093 572 facta
3122 518 3196 574 sit
3227 503 3416 594 pluvia

1813 607 1983 662 super
1999 597 2208 647 terram
2235 595 2609 667 quadraginta
2634 598 2842 655 diebus
2850 607 2907 656 et
2923 606 3298 678 quadraginta
3316 630 3416 668 ηο-

1812 679 2011 746 ctibus,
2032 686 2162 748 etc.,
2186 683 2334 752 quod
2357 700 2468 738 non
2478 685 2618 739 adeo
2639 703 2783 758 quae:
2795 705 2889 742 ere
2909 695 3288 752 necessarium
3299 705 3404 766 est,

1810 770 2034 840 quando
2069 778 2170 826 aut
2196 789 2297 842 per
2323 790 2401 839 se,
2437 779 2536 827 aut
2571 792 2674 846 per
2720 776 3064 836 substantias
3102 787 3410 844 rationales

1809 858 2040 913 laudare
2069 861 2372 916 Dominum
2399 863 2590 918 omnia
2617 876 3064 925 commonentur.

1885 969 1910 1001 ί(
1943 951 2281 1017 Benedicite,
2297 969 2491 1008 omnes
2519 955 2754 1010 virtutes
2781 957 3408 1028 Domini,Dominum.»

1808 1039 1890 1093 De
1907 1039 2210 1095 virtutibus
2233 1042 2334 1096 Dei
2360 1042 2564 1097 dicitur
2591 1043 2649 1098 in
2680 1046 2898 1116 psalmo
2947 1067 2960 1101 :
3014 1069 3042 1102 ι(
3085 1052 3408 1112 Benedicite

1807 1128 2130 1204 Dominum,
2162 1146 2356 1185 omnes
2385 1131 2620 1186 virtutes
2647 1135 2770 1204 ejus
2797 1141 2854 1190 et
2882 1137 3126 1194 ministri
3146 1143 3288 1214 ejus,
3309 1147 3406 1217 qui

1807 1217 1989 1272 facitis
2019 1219 2365 1274 voluntatem
2403 1222 2525 1290 ejus
2565 1223 2726 1290 (Psal.
2757 1226 2867 1294 cu).
2915 1247 2938 1277 ι
2977 1227 3256 1292 Quoniam
3309 1234 3411 1289 illa

1808 1305 2063 1362 sublimis
2087 1308 2507 1380 spiritualisque
2534 1309 2849 1367 substantia
2883 1313 3177 1373 beatorum
3214 1321 3409 1394 Ange-

1808 1395 2012 1462 lorum,
2043 1414 2169 1452 cum
2193 1399 2498 1453 Dominum
2528 1406 2844 1470 contuetur,
2877 1403 2953 1458 ibi
2973 1407 3263 1464 veritatem
3281 1413 3410 1482 ejus

1805 1485 2109 1540 voluntatis
2137 1488 2408 1557 agnoscit,
2459 1503 2563 1543 nec
2609 1506 2748 1561 opus
2785 1498 2872 1546 est
2918 1493 3072 1566 loqui
3106 1499 3308 1568 quibus
3341 1518 3406 1556 se

163 1581 227 1633 ita
251 1595 342 1634 nec
365 1579 517 1633 locus
549 1579 846 1650 quisquam
877 1578 1234 1650 relinquitur,
1267 1579 1364 1650 qui
1376 1579 1723 1634 talimunere
1805 1570 2069 1626 diVinitaS
2098 1575 2404 1645 Propitiata
2423 1577 2724 1648 ραιεΐειοίῑς
2757 1595 2871 1632 non
2902 1581 3054 1636 enim
3082 1585 3250 1652 Deus,
3284 1604 3409 1642 vel"

163 1675 469 1741 segregant
497 1670 646 1723 Nam
673 1686 800 1723 cum
826 1668 1032 1723 dicitur
1057 1687 1068 1722 ε
1105 1685 1132 1718 (ι
1163 1668 1223 1722 iu
1272 1667 1425 1722 omni
1463 1667 1583 1721 loco
1621 1667 1724 1721 do-
1749 1715 1786 1741 υ
1805 1657 2000 1715 berato
2019 1677 2150 1715 aere
2179 1663 2446 1734 loquitur,
2462 1665 2559 1718 sed
2581 1665 2948 1736 inspiramine
2967 1687 3069 1724 suo
3089 1673 3406 1731 voluntates

162 1759 448 1814 minationis
469 1760 616 1828 ejus,
639 1778 666 1810 »
689 1757 830 1812 nihil
851 1757 1142 1828 excipitur,
1165 1757 1296 1828 quia
1316 1755 1522 1827 ubique
1541 1755 1723 1810 domi-
1743 1749 1787 1773 ¹“’
1806 1763 2002 1802 eorum
2030 1749 2102 1803 ad
2133 1767 2300 1805 suum
2328 1752 2470 1806 velle
2499 1755 2793 1809 convertit.

163 1857 316 1913 natur,
347 1847 671 1918 signiﬁcans
713 1846 856 1902 forte
884 1846 1186 1902 Ecclesiam
1215 1845 1566 1908 catholicam,
1599 1861 1722 1916 quae

1880 1857 1905 1888 ‹‹
1939 1838 2278 1904 Benedicite,
2320 1841 2402 1894 sol
2427 1847 2486 1895 et
2512 1841 2665 1910 luna,
2702 1844 3026 1902 Dominum.
3059 1849 3400 1924 Benedicite,

160 1953 241 2008 per
251 1941 420 1991 totum
443 1935 720 1991 mundum
741 1941 880 2000 erat,
901 1935 1141 1990 Domino
1152 1939 1470 2006 praestante,
1485 1933 1724 1988 credita.
1810 1948 1832 1978 ι
1857 1928 2032 1982 stellae
2053 1929 2200 1993 caeli,
2222 1930 2545 1986 Dominum.
2573 1954 2598 1980 υ
2623 1933 2704 1986 De
2735 1951 2845 2004 quo
2888 1937 3188 1995 Psalmista
3221 1943 3359 1999 dicit
3385 1962 3400 1997 :

158 2042 236 2091 ra;
263 2025 374 2096 ipsa
402 2025 556 2080 enim
587 2024 794 2096 ubique
837 2024 1140 2078 Dominum
1183 2022 1480 2088 benedicit,
1515 2021 1722 2094 ubique

1877 2017 2106 2071 gaudate
2131 2019 2368 2083 eum,sol
2380 2019 2597 2086 etluna,
2605 2021 2830 2076 laudate
2845 2040 2994 2090 eum,
3010 2043 3206 2084 omnes
3218 2035 3396 2090 statim

156 2114 402 2168 collaudat
441 2120 500 2168 et
551 2113 876 2185 hymnidica
922 2113 1292 2167 exsultatione
1348 2111 1717 2166 concelebrat.
1804 2111 1862 2160 et
1876 2105 2492 2176 lumen(Psa-l.cx1.vm).
2515 2109 2661 2174 ISOi,
2679 2110 2831 2175 luna,
2848 2114 3041 2182 stellae,
3075 2123 3140 2172 ut
3169 2121 3403 2190 quidam

155 2202 287 2264 Quod
306 2209 490 2256 autem
527 2202 586 2255 in
614 2201 1000 2256 benedictione
1029 2201 1203 2256 trium
1216 2216 1518 2272 puerorum
1531 2199 1721 2270 singu-
1801 2193 2012 2261 dicunt,
2047 2195 2152 2250 etsi
2177 2195 2365 2266 aliquo
2397 2197 2599 2268 spiritu
2634 2201 2860 2270 proprio
2887 2210 3174 2273 regantur,
3205 2213 3400 2266 tamen

153 2291 206 2344 lis
234 2290 468 2345 versibus
489 2291 856 2361 subjuugitur
885 2308 896 2342 ε
1804 2283 1937 2354 quia
1965 2283 2282 2339 carnalibus
2311 2285 2487 2340 oculis
2506 2291 2806 2357 patescunt
2839 2290 3132 2348 inferiores
3151 2313 3274 2352 esse
3292 2299 3404 2354 vir-

223 2399 244 2430 ε(
268 2381 509 2434 Laudate
541 2385 598 2433 et
625 2381 1037 2450 superexaltate
1059 2397 1189 2434 eum
1219 2379 1277 2434 in
1309 2379 1530 2443 saecula,
1565 2397 1591 2430 ))
1618 2379 1723 2432 hoc
1801 2371 2037 2439 tutibus,
2071 2390 2194 2444 quae
2232 2391 2346 2430 non
2389 2375 2669 2441 videntur,
2715 2394 2830 2434 non
2865 2379 3111 2437 absurda
3149 2387 3402 2443 aestima-

152 2469 364 2522 ostcndit
402 2469 556 2540 quod
579 2467 657 2522 ita
686 2469 868 2524 laudis
895 2471 944 2540 ej
953 2487 1019 2524 us
1046 2467 1388 2540 praeconium
1407 2467 1573 2521 debet
1589 2484 1718 2538 pro-
1802 2460 1955 2515 tione
1970 2461 2271 2534 colligitur,
2292 2463 2544 2534 quamvis
2559 2465 2682 2519 caeli
2693 2467 2934 2537 speciem
2954 2471 3155 2527 decoro
3183 2474 3399 2531 lumine

152 2558 388 2621 nuntiari,
411 2565 475 2612 ut
495 2557 621 2629 ipse
647 2575 819 2629 super
835 2559 1023 2613 omnia
1045 2558 1321 2612 exaltatus
1339 2557 1398 2612 in
1415 2557 1618 2612 saecula
1635 2572 1721 2611 re-
1802 2568 2003 2606 ornare
2029 2551 2343 2618 videantur,
2373 2569 2507 2608 nam
2537 2553 2653 2621 illa,
2675 2556 2746 2608 ad
2775 2573 2899 2628 quae
2925 2562 3180 2630 pervenit
3205 2571 3402 2621 noster

152 2664 304 2714 gnans
325 2648 680 2719 praedicetur.
1801 2645 2077 2709 aspectus,
2111 2640 2244 2694 licet
2280 2641 2394 2695 sint
2447 2643 2635 2698 lucida
2687 2651 2858 2716 atque
2901 2647 3150 2716 subtilia,
3204 2658 3396 2710 tamen

208 2753 230 2785 α
256 2736 590 2801 Benedicite,
626 2735 768 2800 cmli,
802 2735 1122 2799 Dominum,
1168 2734 1498 2801 benedicite,
1533 2734 1718 2804 angeli
1799 2741 2037 2799 corpora
2053 2746 2174 2783 esse
2193 2731 2552 2784 manifestum
2572 2739 2676 2796 est,
2707 2739 2766 2788 et
2793 2751 3020 2792 necesse
3047 2745 3134 2793 est
3175 2747 3240 2796 ut
3285 2743 3399 2798 illis

153 2845 170 2872 α
183 2825 736 2890 Domini,Dominum.
750 2824 917 2879 »ϐαῆί
935 2823 1085 2879 enim
1099 2825 1408 2880 secundum
1423 2824 1718 2882 historiam
1801 2817 2003 2870 CBdant
2022 2833 2144 2888 quae
2171 2818 2432 2872 inViSibili
2467 2819 2670 2875 Virtute
2689 2821 3034 2894 subsistunt;
3053 2836 3401 2903 quapropter

148 2913 451 2970 benedicunt
468 2915 799 2978 Dominum,
827 2913 960 2984 quia
979 2913 1039 2967 in
1059 2930 1163 2968 sua
1181 2913 1454 2984 positione
1465 2913 1720 2968 laudabi-
1803 2905 1998 2972 8016111,
2019 2905 2213 2960 lunam
2234 2911 2293 2960 et
2305 2908 2516 2974 εῐθΠεε,
2539 2909 2654 2964 Sive
2674 2913 3070 2984 Perpropr'iam
3092 2918 3392 2988 rationem,

147 3001 234 3054 lem
248 3003 666 3058 etbenedictum
683 3002 990 3056 ostendunt
1009 3001 1618 3066 creatorem.Quamvis
1629 3018 1720 3056 er-
1740 3032 1784 3092 Ο
1802 2993 1918 3092 {Sive
1944 3011 2045 3066 Ρθῐ·
2073 2995 2215 3050 alias
2243 2996 2534 3052 senSibileS
2563 3005 2622 3052 εἴ
2652 2999 2988 3070 ἱυάίοὸδίιθε
3031 3004 3394 3074 ευδεΐᾶῐιῐὶεῐεν

145 3091 262 3160 gain
276 3093 666 3146 Genesiunum
683 3093 883 3146 ccelum
905 3091 1237 3146 fabricatum
1257 3108 1380 3146 esse
1395 3091 1715 3162 legerimus,
1746 3083 1784 3092 ν
1802 3083 2062 3137 hortatur
2090 3085 2364 3156 Propheta
2400 3086 2630 3141 Ῑειυάθονθ
2668 3089 2992 3155 Dominum.
3023 3093 3158 3164 quia
3183 3104 3398 3152 creato-

143 3183 302 3235 tameu
329 3199 421 3236 eos
451 3181 664 3253 plurali
692 3198 928 3236 numero
949 3186 1006 3235 et
1020 3182 1228 3235 paulus
1239 3181 1524 3252 apostolus
1535 3182 1720 3253 appel-
1802 3171 1881 3224 ris
1907 3170 2177 3226 beneﬁcio
2207 3173 2443 3228 existere
2481 3183 2828 3231 meruerunt.
2860 3179 3226 3238 Considerata
3245 3187 3396 3240 enim

144 3267 268 3331 lavit,
290 3270 382 3340 qui
402 3271 582 3324 refert
611 3270 669 3323 in
694 3269 927 3325 tertium
955 3287 1016 3323 se
1047 3270 1248 3323 coelum
1269 3269 1719 3340 raptum,ibique
1800 3265 1890 3314 ῒοῒ-
1913 3261 2128 3314 lumina
2155 3261 2410 3330 ingentes
2437 3263 2839 3320 admirationes
2867 3274 3136 3338 poterunt
3152 3288 3399 3329 commo-

142 3356 255 3410 talia
278 3359 621 3428 cognovisse,
667 3375 790 3430 qua;
840 3357 1053 3412 homini
1103 3375 1213 3412 ηοη
1257 3359 1426 3412 liceat
1454 3358 1630 3423 effari,
1663 3362 1720 3411 et
1799 3365 1948 3415 vere,
1969 3350 2192 3420 quando
2204 3351 2468 3405 mortales
2487 3353 2678 3406 oculos
2698 3354 2884 3409 videre
2901 3356 3181 3414 faciuntet
3201 3361 3393 3432 ipsain

141 3445 213 3500 hic
233 3447 424 3518 plurali
455 3464 699 3502 numero
721 3452 1139 3518 nuncupantur,
1173 3447 1322 3518 quod
1350 3447 1449 3501 tali
1481 3447 1718 3511 forsitan
1799 3442 1914 3492 tam
1947 3439 2240 3510 splendida
2261 3439 2515 3494 claritate
2539 3441 2870 3496 consistunt.
2895 3445 2997 3498 His
3013 3445 3182 3502 rebus
3201 3449 3394 3506 lumen

141 3522 328 3589 ratione
354 3537 666 3592 concordat
697 3554 709 3588 :
743 3535 982 3590 dicimus
1033 3551 1212 3590 unum
1259 3552 1379 3589 esse
1419 3535 1712 3605 palatium,
1796 3527 2138 3596 generaliter
2156 3527 2486 3597 adjuncmm
2506 3534 2610 3595 θείς
2634 3535 2698 3583 ιη
2717 3533 3122 3588 οωῐθΐαίιιωθη
3143 3536 3200 3591 in
3217 3555 3278 3593 se
3291 3540 3395 3595 ha-

138 3625 261 3692 quod
286 3627 479 3680 multis
506 3625 778 3679 membris
822 3625 1125 3696 multisque
1173 3624 1369 3694 spatiis
1414 3623 1713 3690 mutuatur,
1797 3614 2006 3680 bentia,
2041 3632 2166 3686 quae
2196 3615 2555 3671 dinumerata
2583 3634 2695 3672 non
2708 3624 2860 3682 sunt,
2877 3621 2979 3675 tali
3006 3625 3391 3694 complexione

138 3711 201 3763 ita
216 3713 437 3769 forsitan
459 3720 524 3769 et
552 3715 676 3768 caeli
706 3720 896 3785 partes
919 3714 1160 3768 dicimus
1187 3713 1374 3778 caelos,
1407 3713 1542 3766 dum
1570 3722 1718 3766 cem-
1797 3703 1867 3757 ad
1897 3704 2094 3758 laudes
2117 3703 2436 3758 Dominicas
2463 3705 2741 3760 incitaret.

137 3800 289 3870 plexio
315 3811 488 3875 atque
522 3803 683 3858 sinus
711 3805 834 3873 ejus
863 3820 1010 3858 unus
1040 3820 1160 3858 esse
1195 3807 1562 3874 monstretur,
1592 3800 1714 3856 cceli
1877 3812 1902 3844 ί
1933 3792 2270 3858 Βθηθάίσίιες
2306 3793 2486 3847 imber
2503 3799 2560 3848 et
2577 3811 2689 3860 1'05,
2715 3796 3036 3852 Dominum-
3063 3817 3090 3853 ι
3130 3802 3194 3856 In
3214 3801 3396 3862 imbre

136 3905 240 3943 vero
267 3892 590 3947 substantia
618 3893 870 3965 quamvis
899 3909 1058 3964 pura,
1092 3891 1279 3946 lucida
1304 3897 1472 3962 atque
1493 3889 1719 3960 egregia
1799 3881 1950 3936 enim
1979 3887 2037 3936 et
2065 3885 2192 3936 νοτε
2210 3882 2358 3936 dona
2377 3882 2622 3937 celestia
2643 3889 2702 3938 et
2731 3892 3010 3958 praecepta
3037 3905 3100 3944 ac
3128 3893 3397 3949 mandata

136 3993 236 4032 esse
249 3983 500 4051 putanda
534 3982 625 4046 sit,
659 3982 941 4053 dignaque
964 3980 1172 4036 talibus
1199 3997 1262 4035 ac
1291 3980 1464 4034 tantis
1494 3979 1716 4033 habita-
1761 4037 1766 4042 _
1798 3970 2024 4026 Domini
2053 3971 2462 4042 exprimuntur,
2494 3990 2618 4044 quae
2643 3977 2876 4041 terram,
2897 3976 3004 4031 hoc
3019 3985 3124 4046 est,
3138 3980 3396 4039 homines

136 4069 320 4124 toribus
348 4073 490 4138 suis,
531 4078 722 4126 tamen
755 4071 962 4126 animal
993 4060 1132 4125 eum
1149 4087 1272 4124 esse
1301 4086 1415 4124 non
1447 4069 1713 4141 comperi,
1797 4060 2038 4132 irrigant
2051 4066 2108 4115 et
2125 4060 2448 4116 excitantad
2462 4062 2858 4134 proferendum
2867 4082 3101 4137 germen
3119 4068 3395 4128 bonorum

136 4161 182 4208 et
196 4161 558 4214 temerarium
577 4166 664 4214 est
681 4176 747 4214 ex
765 4159 1028 4230 opinione
1044 4157 1338 4212 hominum
1359 4157 1718 4228 dicere,quod
1799 4166 2053 4222 Opemm-
2087 4149 2450 4220 Dignumest
2475 4151 2646 4216 enim,
2670 4157 2735 4207 ut
2753 4154 2901 4225 quod
2921 4155 3070 4212 dono
3086 4159 3297 4216 ccclesti
3310 4178 3397 4217 sa-

179 599 349 652 ctionis
376 603 535 667 atque
565 595 862 650 laudabilis
887 602 1086 661 exstat,
1121 597 1202 650 ita
1230 602 1288 651 et
1325 595 1580 667 mysterii
1609 595 1732 665 ejus

176 705 341 743 sensus
354 686 609 758 spiritalis
623 687 861 756 singulis
871 687 1162 757 speciebus
1173 687 1569 742 convenienter
1576 690 1730 756 apte-

173 787 262 831 tur.
300 777 436 830 Dicit
477 775 624 829 enim
649 776 825 830 David
843 777 1006 847 juxta
1031 779 1201 831 finem
1231 776 1522 831 centesimi
1551 782 1609 830 et
1637 792 1728 830 se-

173 866 312 920 cundi
328 865 545 929 Psalmi,
573 881 738 936 quem
759 867 829 919 ad
847 865 1290 920 benedicendum
1308 866 1488 920 Deum
1507 881 1730 936 compo-

170 956 278 1020 suit,
307 955 382 1008 ita
409 973 420 1008 :
459 975 481 1004 ί
517 954 836 1009 Benedicite
866 955 1170 1010 Dominum
1201 956 1390 1009 omnia
1413 971 1586 1026 opera
1605 955 1727 1025 ejus

169 1045 215 1099 in
229 1043 364 1108 omni
382 1044 498 1097 loco
513 1043 910 1098 dominationis
933 1045 1071 1114 ejus.
1091 1064 1113 1094 ι
1137 1045 1418 1099 Admonet
1447 1061 1580 1115 ergo
1605 1044 1727 1115 ipsa

168 1149 311 1205 Opera
344 1133 564 1187 Domini
601 1138 890 1188 auctorem
928 1149 1095 1188 suum
1123 1132 1326 1188 debere
1363 1133 1612 1198 laudare,
1664 1138 1729 1187 ut

163 1229 357 1277 terrena
382 1222 739 1294 caelestiaque
765 1223 1140 1288 concluderet,
1182 1239 1315 1277 nam
1361 1239 1491 1277 cum
1541 1227 1726 1276 totum

168 1329 286 1384 opus
310 1312 424 1382 ejus
447 1311 539 1376 sit,
559 1311 966 1367 omniadebent
993 1329 1158 1366 suum
1189 1311 1516 1366 benedicere
1554 1312 1726 1366 Crea-

167 1409 334 1468 torem,
367 1405 422 1454 et
448 1400 506 1454 in
537 1399 690 1455 omni
705 1401 826 1455 loco
846 1401 1246 1455 dominationis
1265 1402 1406 1468 ejus,
1431 1401 1564 1472 quia
1582 1401 1728 1454 sicut

164 1491 294 1546 nulla
333 1496 590 1544 creatura
633 1507 669 1544 ο,
715 1489 977 1544 laudibus
1011 1490 1234 1544 Domini
1261 1490 1496 1561 jubetur
1523 1489 1720 1560 excipi,

133 4247 420 4303 celes-tium
453 4249 778 4303 litterarum
808 4263 920 4302 non
961 4245 1138 4300 tradit
1183 4245 1488 4300 auctoritas
1521 4263 1534 4298 :
1585 4261 1718 4300 nam
1801 4238 2038 4294 lubriter
2083 4238 2407 4294 hominibus
2456 4240 2708 4308 offertur,
2741 4241 2812 4296 ad
2857 4241 3304 4306 benedictionem
3339 4257 3398 4306 et
3503 4309 3512 4320 ,

133 4339 181 4387 et
205 4337 465 4392 caelorum
495 4338 727 4392 nomine
748 4337 807 4390 in
845 4335 1138 4407 scripturis
1165 4335 1462 4406 Apostolos
1494 4339 1552 4388 et
1581 4328 2024 4409 Pro-plaudem
2053 4329 2278 4389 Domini
2305 4329 2580 4400 proﬁciat.

129 4425 306 4492 phetas
323 4427 646 4482 invenimus
674 4427 988 4492 denotatos,
1025 4425 1120 4496 qui
1147 4424 1216 4478 de
1233 4424 1474 4478 adventu
1492 4424 1718 4478 Domini

132 4512 437 4570 disserendo
467 4515 666 4571 orbem
697 4521 980 4570 terrarum
1007 4513 1215 4568 sanctis
1245 4511 1718 4567 admonitionibus

131 4601 509 4674 impleverunt,
541 4605 600 4659 in
631 4603 832 4675 quibus
859 4605 1011 4658 Deus
1029 4608 1300 4674 tanquam
1315 4601 1374 4656 in
1393 4600 1548 4656 caelis
1563 4601 1720 4656 habi-

131 4695 220 4757 tat,
249 4694 342 4764 qui
368 4700 575 4749 cuncta
605 4693 717 4747 late
747 4691 1158 4763 complectitur,
1193 4706 1307 4746 non
1337 4706 1403 4744 ex
1425 4695 1603 4762 parte,
1619 4689 1717 4744 sed

129 4783 230 4834 tota
257 4798 352 4837 eos
381 4781 738 4854 plenitudine
763 4797 878 4836 suae
907 4779 1238 4850 majestatis.
1276 4779 1416 4832 Pars
1462 4778 1612 4832 enim
1659 4779 1718 4832 in

129 4867 230 4922 Deo
247 4887 358 4926 non
377 4877 488 4936 est,
513 4871 610 4926 sed
624 4869 832 4941 ubique
848 4875 1000 4924 totus
1021 4873 1077 4922 et
1085 4868 1284 4940 plenus
1298 4873 1401 4922 est.

193 4980 214 5010 ι
255 4959 603 5026 Benedicite,
633 4976 813 5030 aqum,
851 4975 973 5029 quae
989 4974 1158 5029 super
1179 4957 1348 5010 caelos
1367 4961 1518 5022 sunt,
1533 4956 1720 5010 Domi-

133 5065 156 5099 ι
175 5065 322 5104 num.
352 5071 376 5100 ι
403 5051 602 5120 Aquas
619 5065 750 5102 vero
767 5064 937 5118 super
946 5047 1114 5101 coelos
1134 5062 1257 5100 esse
1269 5045 1504 5100 Genesis
1517 5045 1714 5111 refert;

130 5135 200 5192 ait
224 5139 372 5193 enim
399 5158 412 5192 :
461 5158 488 5191 ι
515 5137 823 5208 Divisitque
853 5153 1028 5208 aquas
1059 5151 1182 5207 quae
1210 5141 1374 5189 erant
1411 5151 1582 5206 super
1619 5135 1716 5190 ﬁr-

128 5235 463 5283 mamentum
499 5228 650 5295 (Gen.
683 5231 746 5294 1),
768 5245 804 5298 'n
837 5225 985 5297 quod
1015 5231 1322 5296 utrumque
1367 5223 1558 5278 nimiae
1599 5223 1719 5278 lau-

126 5312 476 5390 disdesignar
490 5321 551 5372 et
559 5321 918 5381 arcanum,ut
935 5319 994 5370 et
1011 5315 1279 5370 celerum
1293 5312 1541 5368 tenuitas
1557 5313 1715 5368 firma

125 5404 380 5460 consistat
408 5411 472 5460 et
495 5422 655 5476 aquae
669 5421 841 5476 supra
871 5403 1055 5476 ipsum
1075 5403 1276 5474 positae
1312 5418 1437 5456 cum
1454 5401 1570 5456 sint
1593 5419 1720 5473 gra-

125 5492 308 5562 viores,
333 5494 450 5550 nisi
471 5495 697 5566 quando
717 5494 926 5550 fuerint
937 5494 1128 5564 jussas,
1147 5507 1260 5546 non
1271 5491 1719 5562 deﬂuantAqua:

125 5598 240 5637 vero
271 5601 396 5656 quae
426 5600 603 5656 super
627 5584 796 5640 caelos
831 5587 984 5652 sunt,
1015 5587 1082 5636 ut
1125 5580 1371 5636 arbitror
1406 5579 1550 5634 istas
1593 5597 1720 5651 quae

1873 4436 1900 4470 ι
1932 4417 2270 4484 Benedicite,
2317 4435 2510 4472 omnes
2557 4419 2807 4490 spiritus,
2857 4422 3176 4478 Dominum.
3216 4445 3240 4476 ι
3275 4427 3395 4482 Hoc

1799 4511 1886 4560 est
1911 4507 2059 4578 quod
2088 4506 2144 4561 in
2177 4507 2450 4561 Psalterio
2473 4507 2772 4562 novissime
2800 4509 3068 4582 scriptum
3095 4529 3107 4563 :
3133 4531 3161 4564 «
3193 4513 3394 4570 Omnis

1798 4595 2028 4667 spiritus
2050 4595 2240 4650 laudet
2259 4595 2563 4650 Dominum
2575 4596 2738 4666 (Psal.
2763 4599 2902 4664 cL),»
2917 4614 3034 4653 non
3051 4600 3246 4672 utique
3261 4619 3392 4660 caro

1799 4690 1858 4739 et
1889 4684 2138 4755 sanguis,
2167 4700 2281 4738 non
2307 4683 2572 4746 ambitus,
2603 4701 2715 4738 non
2741 4683 3035 4742 illlecebraa
3075 4691 3390 4762 saeculares,

1799 4773 1897 4828 sed
1926 4773 2063 4828 illud
2083 4773 2231 4844 quod
2253 4778 2340 4828 est
2367 4773 2425 4826 in
2459 4778 2663 4827 natura
2700 4773 3014 4843 sublimius,
3054 4777 3160 4832 hoc
3202 4781 3394 4836 laudet

1799 4863 2121 4928 Dominum,
2157 4861 2303 4933 quod
2329 4862 2576 4916 caelestia
2590 4862 2786 4934 utique
2800 4865 2967 4936 sapit,
2993 4869 3216 4938 quando
3233 4876 3393 4926 aeter-

1799 4969 1874 5007 na
1900 4951 2134 5022 prazmia
2151 4950 2524 5022 concupiscit;
2566 4959 2909 5024 quapropter
2935 4955 3194 5012 universo
3232 4960 3389 5029 operi

1799 5041 2022 5096 brevem
2066 5039 2482 5112 perfectamque
2539 5042 2877 5097 sententiam
2923 5044 3097 5111 dedit,
3158 5051 3224 5100 ut
3275 5047 3388 5103 Do-

1797 5131 2015 5186 minum
2043 5129 2388 5185 Salvatorem
2417 5128 2748 5200 spiritaliter
2772 5131 3014 5187 debeant
3039 5138 3240 5190 cuncta
3265 5136 3388 5192 lau-

1797 5221 1952 5276 dare.

1873 5328 1899 5362 «
1927 5308 2267 5372 Benedicite,
2301 5307 2450 5379 ignis
2475 5314 2534 5364 et
2565 5313 2750 5376 aestas,
2799 5310 3120 5368 Dominum.
3159 5331 3182 5363 ι
3235 5314 3391 5384 Ignis

1797 5398 2100 5471 aliquando
2110 5396 2444 5452 charitatem
2456 5397 2752 5468 signiﬁcat,
2768 5399 3067 5472 aliquando
3077 5400 3392 5462 tribulatio-

1801 5505 1950 5554 nem,
1969 5487 2050 5542 sic
2067 5492 2124 5542 et
2156 5490 2322 5541 aestas
2359 5486 2662 5558 aliquando
2692 5489 2952 5544 ardorem
2987 5489 3303 5548 dilectionis
3333 5499 3391 5550 et

1799 5577 2138 5634 viriditatem
2168 5574 2301 5629 boni
2329 5575 2534 5648 operis,
2555 5575 2860 5649 aliquando
2885 5583 3085 5635 aestum
3125 5597 3390 5654 persecu-
