3942 6158
467 302 600 359 1155
1046 302 1109 355 Β.
1151 301 1422 356 MBAN!
1462 297 1694 355 MAG!“
1733 297 2071 354 ARCHIEP.

2111 295 2436 354 MOGUNT.
2479 296 2788 355 OPERUM'
2813 297 2998 355 PARS
3034 301 3132 356 HI.
3539 303 3654 362 MM

453 427 922 497 tionisexprimit.
937 426 1054 480 Sed
1071 426 1188 480 haec
1203 423 2057 494 benediCuntDominum,quan-
2070 427 2121 485 Α
2138 429 2224 477 est
2249 430 2420 488 terra,
2457 429 2518 478 et
2541 423 2832 495 plenitudo
2864 425 3004 494 ejus,
3042 423 3190 479 orbis
3205 432 3458 480 terrarum
3485 431 3659 483 θευὼ

457 517 528 571 do
571 516 828 570 homines
871 515 1087 570 faciunt
1127 515 1469 568 benedicere
1503 515 1826 568 Creatorem
1865 529 2050 578 suum,

455 605 554 676 qui
581 605 762 659 sancti
774 604 879 658 viri
897 611 953 657 et
975 604 1030 658 in
1055 603 1336 674 prosperis
1361 610 1420 657 et
1453 603 1512 656 in
1550 603 1796 656 adversis
1835 618 2057 672 semper

457 695 694 748 laudant
712 693 1034 748 Dominum.
1057 694 1215 748 Unde
1235 693 1535 764 Apostolus
1555 692 1884 745 exhortatur
1906 709 1917 743 :
1942 710 1969 743 α
1991 696 2055 744 ut

457 783 515 837 in
533 783 792 836 omnibus
809 783 1156 853 gloriﬁcetur
1175 783 1323 836 Deus
1345 799 1445 853 per
1464 783 1490 835 .l
1496 797 1655 834 esum
1685 781 1988 835 Christum.
2025 801 2054 832 ››

459 873 733 927 Similiter
752 877 996 942 quatuor
1012 889 1204 926 versus
1220 877 1517 942 sequentes
1533 870 1768 939 intelligi
1798 877 2052 941 possunt,

460 960 556 1015 ubi
573 961 784 1016 dicitur
812 980 824 1014 :

535 1067 562 1102 α
593 1049 932 1114 Benedicite,
966 1056 1156 1104 noctes
1183 1055 1239 1102 et
1267 1049 1406 1113 dies,
1453 1049 1772 1103 Dominum.
1827 1048 2060 1102 Benedi—

465 1158 490 1191 ‹‹
525 1139 652 1204 cite,
685 1139 1153 1205 luxettenebrae,
1205 1139 1526 1192 Dominum.
1581 1138 1916 1202 Benedicite,
1969 1137 2064 1191 fri-

461 1248 492 1280 ε
513 1245 618 1298 gus
648 1233 708 1282 et
733 1234 915 1291 testas,
941 1227 1262 1282 Dominum.
1295 1227 1632 1291 Benedicite,
1655 1242 1811 1281 rores
1833 1233 1898 1280 et
1909 1226 2061 1298 prui-

465 1337 500 1370 ››
525 1333 618 1381 na,
638 1317 963 1371 Dominum.
995 1335 1018 1368 θ
1056 1317 1164 1370 Per
1190 1316 1500 1370 contrarias
1527 1316 1677 1370 enim
1708 1316 1934 1369 sibimet
1971 1333 2059 1369 res

463 1405 686 1460 laudem
718 1405 944 1459 Domini
974 1405 1094 1458 ﬁeri
1123 1405 1384 1458 hortatur
1414 1410 1470 1457 et
1497 1406 1566 1458 ad
1618 1404 2059 1458 benedicendum

463 1500 740 1566 provocat.
762 1495 910 1550 Nam
940 1494 1061 1547 dies
1082 1499 1142 1547 et
1169 1494 1261 1546 lux
1291 1499 1346 1546 et
1374 1499 1537 1547 aestas
1569 1499 1626 1547 et
1654 1509 1808 1548 rores
1839 1510 2062 1565 prospe-

463 1584 722 1648 ritatem;
755 1590 812 1637 et
831 1589 1059 1636 econtra
1080 1599 1187 1636 nox
1217 1587 1270 1635 et
1299 1582 1544 1636 tenebrae
1565 1583 1738 1652 frigus
1779 1590 1835 1637 et
1861 1583 2064 1653 pruina

461 1671 886 1726 tribulationem
919 1672 1257 1741 signiﬁcant.
1278 1673 1400 1725 Non
1418 1672 1598 1725 solum
1609 1673 1759 1725 enim
1785 1673 2064 1726 elementa

461 1761 656 1814 mundi
685 1766 742 1813 et
758 1766 1014 1831 tempora
1035 1761 1105 1814 ad
1129 1760 1470 1814 laudandum
1486 1761 1662 1814 Deum
1679 1760 1890 1814 habilia
1907 1767 2058 1827 sunt,

466 1849 564 1906 sed
589 1848 760 1902 etiam
789 1849 893 1920 ipsi
924 1850 1200 1915 homines,
1245 1850 1339 1920 qui
1385 1849 1488 1904 sub
1531 1850 1824 1904 elementis
1869 1851 2063 1904 mundi

463 1937 751 1992 constituti
808 1939 1196 2008 temporaliter
1259 1938 1451 1992 vivunt
1500 1939 1570 1992 ad
1622 1938 2064 1994 benedicendum

465 2026 662 2091 Deum,
682 2026 961 2080 debitores
982 2027 1142 2092 ﬁunt,
1161 2027 1292 2097 quia
1309 2034 1532 2083 creator
1545 2028 1820 2091 omnium,
1837 2028 1916 2082 sic
1926 2034 2066 2082 tem-

465 2115 826 2186 peratelectis
845 2116 964 2169 suis
975 2115 1290 2187 praesentia,
1308 2117 1487 2188 utipsi
1500 2118 1902 2188 perpetualiter
1921 2135 2063 2188 prm-

465 2203 628 2259 conia
652 2221 764 2259 non
785 2210 1010 2259 taceant
1045 2205 1252 2270 divina,
1281 2206 1430 2260 unde
1473 2206 1679 2260 Paulus
1709 2207 1789 2260 ait
1829 2208 1914 2277 (ΙΙ
1937 2208 2059 2261 Ger.

463 2298 560 2361 xu)
595 2310 606 2344 :
645 2311 672 2345 α
703 2293 965 2348 Libenter
999 2293 1174 2364 igitur
1217 2295 1501 2365 gloriabor
1545 2295 1604 2348 in
1645 2295 2064 2350 inﬁrmitatibus

466 2381 625 2446 meis,
656 2387 722 2435 ut
748 2382 1024 2437 inhabitet
1050 2383 1109 2436 in
1139 2400 1229 2437 me
1249 2384 1428 2437 virtus
1454 2385 1682 2438 Christi.
1721 2407 1746 2435 »
1783 2385 1852 2439 Et
1881 2385 2022 2439 item
2047 2401 2060 2439 :

461 2470 546 2542 (ΙΙ
575 2471 696 2525 Cor.
729 2475 799 2538 iv)
827 2488 840 2527 :
871 2491 892 2522 ε
929 2472 1011 2530 Id.
1044 2472 1246 2543 inquit,
1268 2473 1414 2543 quod
1435 2473 1492 2526 in
1513 2474 1774 2544 praesenti
1813 2480 1898 2527 est
1941 2491 2063 2528 mo-

465 2566 827 2614 mentaneum
857 2567 914 2614 et
936 2561 1055 2613 leve
1073 2561 1456 2616 tribulationis
1486 2568 1710 2626 nostrae,
1753 2579 1924 2634 supra
1950 2580 2067 2617 mo-

469 2648 605 2703 dum
625 2648 683 2702 in
703 2648 1105 2704 sublimitatem
1120 2657 1392 2704 aeternum
1413 2651 1605 2720 gloria:
1636 2652 1854 2722 pondus
1877 2636 2070 2723 opera-

469 2737 636 2792 turin
650 2737 829 2802 nobis,
853 2754 964 2791 non
985 2739 1496 2810 contemplantibus
1521 2739 1680 2794 nobis
1721 2758 1844 2811 quae
1874 2741 2066 2795 viden-

465 2830 578 2890 tur,
612 2844 639 2876 ιι
663 2832 771 2878 etc.

543 2932 571 2966 (ι
604 2913 942 2980 Benedicite,
972 2917 1102 2986 gelu
1135 2922 1194 2972 et
1217 2917 1414 2988 frigus,
1459 2918 1780 2973 Dominum.
1827 2917 2066 2974 Benedi-

471 3001 598 3068 cite,
623 3002 830 3073 glacies
849 3005 1088 3068 etnives,
1108 3006 1429 3060 Dominum.
1453 3025 1478 3058 υ
1505 3008 1567 3061 In
1588 3007 1716 3076 gelu
1757 3015 1814 3061 et
1837 3008 2062 3078 frigore,

464 3091 652 3162 glacie
689 3097 752 3145 et
789 3092 918 3147 nive
956 3095 1248 3164 praesentis
1285 3095 1554 3165 temporis
1595 3096 1918 3163 adversitas,
1981 3099 2068 3151 vel

2137 513 2280 566 versi
2315 513 2411 584 qui
2443 512 2696 567 habitant
2725 513 2782 567 in
2812 529 2876 566 ea
2913 517 3076 575 (Prol.
3111 517 3269 580 mn),
3311 536 3337 566 ν
3369 521 3421 570 et
3445 520 3662 587 quamvis

2135 606 2344 655 terram
2365 603 2421 655 in
2445 601 2590 656 bono
2609 619 2672 656 ac
2693 603 2739 656 si
2774 603 2832 656 in
2869 603 3018 656 malo
3047 603 3174 674 poni
3203 620 3342 675 saepe
3372 606 3660 667 noven'mus,

2135 691 2226 744 hic
2258 697 2445 746 tamen
2488 691 2789 746 Ecclesium
2819 691 3088 747 debemus
3117 692 3405 758 advertere,
3430 710 3538 764 quae
3575 694 3664 748 Do-

2138 781 2291 834 mino
2322 781 2642 851 specialiter
2677 798 2815 852 pura
2846 787 3034 835 mente
3065 781 3372 835 famulatur.
3403 781 3531 836 Nam
3565 783 3668 837 licet

2137 870 2324 924 omnia
2351 869 2554 941 abysso
2573 871 2686 924 sint
2705 870 2946 932 condita,
2979 876 3168 924 tamen
3206 870 3336 924 illud
3382 871 3539 942 ipsius
3573 889 3670 926 esse

2139 959 2364 1030 proprie
2391 959 2648 1020 dicimus,
2681 960 2836 1031 quod
2860 976 2990 1014 eum
3019 966 3314 1014 veneratur
3330 966 3608 1027 auctorem;
3627 968 3671 1014 et

2140 1048 2267 1102 ideo
2289 1048 2668 1103 Ecclesia-non
2689 1049 2972 1103 immerito
2993 1047 3278 1102 fructifera
3295 1048 3672 1102 bonorumterrs

2140 1137 2464 1208 suscipitur,
2492 1139 2626 1209 quia
2655 1138 2851 1192 nutrit‘
2878 1143 2941 1192 et
2977 1139 3225 1192 continet
3265 1138 3512 1209 populum
3551 1139 3674 1192 Chri-

2141 1225 2406 1280 stianum.
2438 1227 2566 1280 Haec
2595 1243 2744 1296 ergo.
2765 1233 2920 1280 tem
2964 1242 3188 1298 semper
3222 1226 3410 1280 laudat
3448 1227 3608 1280 Deum
3631 1230 3676 1278 et

2142 1315 2526 1385 superexaltat
2554 1331 2682 1370 eum
2713 1315 2770 1368 in
2799 1315 3019 1380 saecula,
3054 1315 3307 1385 quianon
3327 1315 3494 1369 solum
3511 1313 3677 1384 inpra-

2143 1404 2288 1458 senti
2319 1405 2538 1467 saeculo,
2568 1405 2665 1458 sed
2687 1405 2858 1458 etiam
2891 1404 2949 1458 in
2980 1403 3170 1458 futuro
3197 1419 3322 1458 eum
3360 1419 3560 1474 semper
3583 1403 3678 1456 lau-

2145 1493 2261 1558 dat,
2289 1499 2346 1546 et
2361 1509 2530 1564 super
2548 1494 2739 1546 omnia
2755 1493 3142 1547 dominantem
3168 1493 3438 1563 praedicat.

2219 1599 2246 1632 α
2279 1581 2617 1645 Benedicite,
2653 1589 2874 1636 montes
2895 1589 2956 1636 et
2989 1581 3178 1646 colles,
3214 1581 3515 1636 Dominum.
3542 1580 3680 1634 Bene.

2149 1688 2175 1721 α
2207 1669 2393 1728 dicite,
2427 1670 2690 1724 universa
2713 1670 3096 1740 germinantia
3125 1670 3185 1722 in
3218 1675 3382 1735 terra,
3412 1668 3680 1723 Dominum.

2082 1745 2128 1804 Β
2151 1777 2174 1809 ι
2212 1759 2462 1813 Laudato
2485 1766 2544 1814 et
2571 1759 2982 1830 superexaltate
3011 1755 3140 1813 eum
3188 1760 3246 1813 in
3285 1759 3491 1814 secula.
3524 1777 3548 1808 ι
3574 1758 3684 1812 Hinc

2148 1847 2318 1902 etiam
2347 1849 2664 1911 Psalmista,
2691 1847 2785 1903 ubi
2809 1854 3004 1903 omnes
3019 1846 3686 1902 creatumadlaudandum

2147 1937 2450 1991 Dominum
2479 1943 2758 2008 provocat,
2793 1937 2944 1991 inter
2971 1943 3175 1992 caetera
3203 1937 3284 1990 ait
3323 1954 3334 1987 :
3372 1955 3394 1986 ι
3441 1936 3626 1990 Montes
3645 1941 3687 1988 et

2147 2040 2344 2080 omnes
2370 2025 2555 2090 colles,
2591 2025 2746 2096 ligna
2771 2026 3059 2081 fructifera
3086 2033 3142 2081 et
3171 2042 3369 2082 omnes
3388 2025 3526 2080 cedri
3553 2027 3682 2088 (Psal.

2146 2119 2378 2178 exnvml.
2399 2132 2424 2166 n
2453 2115 2554 2168 Hic
2577 2121 2796 2169 montes
2807 2115 3092 2186 signiﬁcat
3108 2115 3364 2170 homines
3391 2131 3500 2185 pra;
3515 2111 3688 2166 tumida

2147 2209 2426 2272 potestate
2455 2203 2742 2270 sublimes,
2775 2205 2943 2259 colles
2972 2205 3280 2259 mediocres
3307 2202 3690 2274 aequalitatem

2147 2298 2381 2357 ctantes,
2417 2292 2572 2362 ligna
2599 2292 2902 2359 fructifera,
2936 2293 3030 2365 qui
3062 2310 3130 2348 ex-
3159 2293 3370 2348 duritia
3391 2299 3690 2364 peccatorum

2147 2381 2416 2446 conversi,
2442 2381 2655 2436 fructus
2681 2381 2956 2436 bonorum
2985 2399 3224 2454 operum
3245 2378 3690 2436 intuleredulcissi-

2147 2486 2286 2524 mos.
2312 2470 2476 2525 Cedri
2509 2487 2730 2541 quoque
2761 2471 3014 2527 absolute
3041 2471 3315 2544 superbos
3341 2470 3693 2541 signiﬁcantet

2151 2559 2345 2617 elatos,
2378 2559 2488 2613 sed-
2513 2559 2646 2630 quia
2672 2561 2922 2624 mandat,
2957 2561 3117 2632 quod-
3137 2561 3408 2615 universa
3433 2565 3578 2613 terra;
3599 2572 3694 2627 ger-

2153 2648 2429 2701 minantia
2455 2649 2757 2702 Dominum
2786 2649 3034 2712 laudent,
3061 2650 3314 2703 ostendit
3331 2649 3544 2720 quodex
3555 2645 3696 2700 omni-

2149 2735 2254 2790 bus
2301 2737 2510 2790 Christi
2552 2737 2739 2807 gratia
2787 2737 2894 2791 sibi
2942 2739 3146 2793 electos
3193 2745 3371 2810 parat,
3405 2737 3494 2808 qui
3537 2737 3586 2789 in
3625 2734 3695 2786 illa

2148 2825 2356 2880 ultima
2393 2827 2802 2881 resurrectione
2849 2829 3198 2898 Angelorum
3255 2827 3472 2899 possint
3506 2822 3696 2879 cratibus

2149 2915 2464 2998 aggregari,
2485 2922 2544 2969 et
2569 2915 2628 2970 in
2657 2915 2916 2970 laudibus
2937 2917 3261 2971 Conditoris
3281 2916 3366 2970 sui
3393 2917 3447 2969 in
3469 2921 3694 2969 atomum

2148 3020 2412 3057 38800131”
2421 3043 2432 3056 .

2225 3117 2258 3143 ι-
2283 3093 2622 3158 Benedicite,
2652 3093 2852 3156 fontes,
2901 3094 3228 3149 Dominum.
3279 3113 3304 3146 ››
3347 3095 3486 3148 Fons
3518 3107 3698 3162 (pioque

467 3179 684 3233 duritia
715 3181 919 3234 mentis
947 3182 1208 3236 humanae
1236 3183 1602 3252 signiﬁcatur,
1639 3185 1736 3237 sed
1770 3202 1915 3256 saepe
1948 3187 2070 3240 hinc
2147 3181 2208 3235 in
2236 3181 2542 3252 Scripturis
2569 3187 2670 3236 aut
2697 3182 2998 3236 Dominum
3029 3183 3318 3239 Christum
3331 3182 3548 3255 mystice
3564 3178 3698 3249 signi-

465 3267 739 3322 Dominus
767 3269 826 3323 in
853 3270 1076 3325 laudem
1106 3287 1266 3325 suam
1305 3273 1596 3338 convertit,
1631 3273 1764 3327 dum
1808 3274 2066 3329 homines
2147 3272 2294 3335 ﬁcat,
2320 3275 2419 3324 aut
2445 3269 2686 3339 gratiam
2717 3271 2962 3341 Spiritus
2988 3273 3190 3338 sancti,
3207 3279 3306 3326 aut
3323 3269 3696 3342 baptismilava-

465 3356 816 3414 inﬁdelitatis
855 3359 1046 3430 algore
1092 3367 1380 3431 torpentes
1427 3379 1527 3433 per
1565 3363 1692 3417 ﬁdei
1738 3364 1980 3418 calorem
2010 3371 2066 3419 et
2148 3374 2324 3424 crum,
2355 3365 2458 3412 aut
2480 3359 2754 3429 originem
2784 3361 3074 3415 virtutum.
3103 3362 3248 3416 Nam
3273 3361 3542 3416 Christum
3561 3355 3697 3428 signi-

467 3445 741 3523 bonorum
762 3463 994 3519 cperum
1015 3449 1263 3504 studium
1284 3451 1353 3503 ad
1375 3451 1665 3506 servitium
1703 3452 1910 3508 Christi
1931 3471 2063 3507 con-
2150 3446 2298 3512 licet,
2322 3446 2379 3500 in
2401 3463 2486 3510 θος
2510 3447 2658 3518 quod
2681 3449 2882 3502 Genesi
2905 3450 3134 3520 legitur,
3168 3451 3380 3505 fontem
3409 3464 3522 3503 esse
3537 3448 3586 3500 in
3604 3459 3696 3498 ωε·

467 3540 781 3603 vertuntur,
797 3537 945 3592 unde
963 3538 1332 3609 scriptumest
1351 3539 1406 3592 in
1429 3540 1726 3595 Salomone
1751 3561 1762 3595 ε
1789 3563 1815 3593 «
1833 3543 1988 3597 Sicut
2008 3543 2065 3597 in
2147 3535 2240 3589 dio
2280 3537 2544 3606 paradisi.
2596 3537 2756 3592 Unde
2786 3544 3031 3608 quatuor
3065 3540 3308 3593 flumina
3351 3533 3692 3610 procedebant,

463 3639 664 3678 sereno
680 3626 909 3696 glacies,
931 3627 1008 3680 ita
1035 3628 1326 3682 solventur
1341 3635 1567 3698 peccata
1586 3636 1684 3683 tua
1699 3631 1884 3697 (Ec-cli.
1905 3635 2003 3699 in).
2035 3652 2056 3681 ι
2145 3625 2250 3678 hoc
2277 3631 2381 3691 est,
2416 3631 2658 3696 quatuor
2676 3627 2980 3696 Evangelia
2993 3629 3062 3682 de
3091 3628 3248 3683 fonte
3276 3628 3528 3682 salutaris
3545 3639 3697 3696 prece.

464 3712 532 3766 Et
558 3713 613 3767 in
648 3715 898 3784 psalmo:
931 3734 957 3765 «
987 3716 1159 3785 Ignis,
1193 3717 1393 3788 inquit.
1416 3718 1651 3788 grando,
1685 3720 1796 3784 nix,
1833 3721 2060 3788 glacies,
2145 3717 2338 3770 dentia
2366 3718 2436 3770 ad
2469 3717 2855 3788 irrigationem
2895 3721 3121 3790 generis
3166 3721 3417 3775 humani.
3449 3721 3574 3774 Item
3601 3716 3695 3770 fons

463 3801 693 3872 spiritus
711 3804 1082 3874 procellarum
1103 3805 1199 3876 qui
1234 3805 1445 3860 faciunt
1479 3807 1708 3862 verbum
1743 3809 1865 3877 ejus
1893 3811 2058 3875 (l’sal.
2147 3806 2390 3876 Spiritus
2411 3807 2586 3860 sancti
2606 3807 2848 3876 gratiam
2881 3809 3144 3879 designat
3175 3811 3236 3864 in
3265 3827 3350 3874 eo,
3384 3808 3519 3881 quod
3548 3804 3698 3862 Domi-

467 3898 698 3957 uxtvm),
759 3892 962 3962 quibus
1018 3893 1184 3947 rebus
1233 3912 1334 3965 per
1409 3896 1740 3966 allegoriam
1807 3897 2063 3952 homines
2145 3910 2252 3948 nus
2281 3895 2418 3949 dicit
2437 3895 2493 3950 in
2517 3896 2815 3966 Evangelio
2849 3915 2860 3950 :
2904 3918 2934 3948 ι
2958 3898 3064 3970 Qui
3096 3898 3305 3954 biberit
3333 3914 3526 3970 aquam
3561 3908 3696 3967 quam

467 3977 766 4049 signiﬁcat,
801 3981 897 4050 qui
926 3981 985 4034 in
1013 3980 1117 4034 hoc
1146 3983 1348 4037 saeculo
1367 4001 1433 4038 ex
1452 3985 1796 4039 turbulentis
1815 3990 1873 4039 et
1894 3988 2065 4063 pessi-
2145 3998 2248 4054 ego
2278 3984 2368 4048 do,
2390 3986 2488 4038 ﬁet
2517 3985 2578 4039 in
2606 4001 2672 4038 eo
2702 3967 3012 4058 fonstaqute
3047 3987 3184 4044 vivae
3212 3967 3460 4043 salientis
3485 3987 3536 4040 in
3561 3984 3696 4038 vitam

467 4067 576 4121 mis
603 4069 676 4120 ad
717 4067 1028 4122 devotionis
1065 4071 1530 4142 tranquillissima
1569 4074 1757 4128 studia
1801 4091 2066 4145 pervene—
2145 4077 2413 4126 aeternam
2449 4076 2628 4134 (Joan.
2667 4075 2761 4143 iv).
2801 4094 2826 4125 ι
2855 4075 3130 4146 Baptismi
3162 4094 3300 4131 vero
3333 4077 3696 4130 sacramentum

467 4159 617 4238 runt.
651 4156 942 4219 Quomodo
971 4157 1063 4210 isti
1092 4158 1305 4214 faciunt
1332 4161 1560 4215 verbum
1603 4163 1744 4233 ejus,
1783 4163 1892 4217 nisi
1931 4165 2065 4235 quia
2145 4161 2390 4238 ostendit
2418 4161 2554 4217 illud
2585 4163 2882 4229 Zachariae,
2916 4181 3028 4235 quo
3057 4165 3140 4219 ait
3171 4184 3183 4218 :
3225 4186 3248 4216 ι
3277 4167 3338 4221 In
3368 4164 3456 4220 die
3490 4163 3576 4217 illa
3614 4158 3703 4213 erit

465 4225 536 4298 ei
558 4245 958 4315 tempestuosis
985 4252 1041 4299 et
1072 4246 1342 4318 improbis
1374 4249 1444 4303 ad
1477 4225 1840 4305 confessionis
1889 4225 2068 4322 ipsius
2144 4225 2268 4304 iens
2283 4257 2482 4320 patens
2497 4251 2690 4306 domui
2707 4225 2880 4306 David
2907 4225 2967 4306 et
2984 4253 3370 4309 habitantibus
3391 4250 3694 4308 Hierusalem

463 4333 706 4438 gratiam
728 4333 915 4438 venire
937 4337 1310 4438 meruerunt?
1379 4424 1390 4438 .
2077 4337 2202 4438 Din
2223 4337 2567 4394 ablutionem
2599 4340 2910 4411 peccatoris
2923 4349 2980 4396 et
2997 4350 3363 4398 menstruam
3396 4341 3568 4404 (Zach.
3599 4337 3692 4438 xu),

537 4439 562 4472 ι
591 4421 932 4488 Benedicite,
963 4421 1186 4494 fulgura
1213 4431 1270 4478 et
1296 4424 1491 4492 nubes,
1519 4427 1840 4482 Dominum.
1864 4449 1886 4478 ι
1913 4428 2059 4492 Quid
2079 4421 2125 4438 ν
2142 4443 2273 4480 nam
2297 4427 2518 4482 hicfons
2536 4429 2606 4482 de
2627 4428 2796 4482 domo
2829 4429 2929 4484 Dei
2947 4431 3244 4500 egrediens
3264 4429 3528 4486 ἴθι-ωε·εά
3549 4425 3698 4482 Eccle-

466 4524 604 4580 οπερ)
620 4525 722 4580 per
739 4510 934 4577 nubes,
957 4511 1065 4566 nisi
1087 4513 1369 4584 Evangelii
1391 4515 1805 4586 praedicatores,
1839 4523 1896 4570 et
1925 4517 2060 4588 quid
2144 4516 2303 4580 siam,
2340 4517 2482 4571 etad
2505 4516 2800 4571 scientiam
2821 4518 3334 4590 Scripturarum,ut
3352 4529 3698 4575 omnesrenas-

464 4614 566 4667 per
591 4598 834 4668 fulgura,
863 4599 973 4654 nisi
1007 4603 1422 4658 coruscationes
1452 4605 1854 4660 miraculorum
1902 4605 2061 4661 nobis
2143 4605 2404 4660 camurin
2425 4605 2650 4660 Christo
2669 4612 2728 4660 et
2747 4623 2858 4662 non
2879 4625 3029 4678 aqua
3043 4609 3396 4681 baptismatis
3414 4613 3588 4663 nostra
3613 4619 3700 4658 no-

463 4685 958 4742 demonstrantur?
985 4690 1057 4743 de
1081 4690 1284 4760 quibus
1316 4709 1416 4763 per
1438 4693 1796 4748 Psalmistam
1821 4694 2054 4750 dicitur:

467 4790 500 4824 «-
522 4772 783 4844 Fulgura
808 4775 1206 4847 multiplicabis
1254 4787 1312 4833 et
1352 4781 1712 4836 conturbabis
1750 4799 1845 4837 eos
1889 4785 2054 4850 (Psal.

462 4865 611 4932 XN").
655 4882 688 4912 »ι
731 4863 840 4918 Per
877 4863 980 4919 has
1012 4883 1145 4937 ergo
1189 4868 1366 4922 nubes
1411 4870 1622 4926 lumine
1665 4888 1767 4926 suo
1819 4871 2062 4944 desuper

461 4950 737 5007 Dominus
773 4953 1040 5024 fulgurat,
1076 4955 1228 5027 quia-
1255 4973 1355 5028 per
1401 4959 1793 5030 praedicatores
1839 4967 2058 5016 sanctos

461 5038 910 5098 insensibilitatis
923 5049 1130 5099 nostra;
1142 5046 1404 5100 tenebras
1424 5048 1596 5102 etiam
1620 5049 1905 5106 miraculis
1926 5051 2058 5106 illu-

459 5134 620 5185 strat.
663 5131 922 5202 Cumque
959 5133 1137 5188 nubes
1179 5134 1300 5189 istae
1343 5135 1523 5191 verbis
1564 5139 1787 5208 pluunt,
1818 5156 2058 5210 cumque

461 5220 748 5275 miraculis
758 5222 868 5276 vim
881 5239 1123 5278 coruscae
1135 5225 1273 5279 lucis
1285 5226 1564 5296 aperiunt,
1590 5234 1799 5281 extrem
1806 5245 1867 5281 os
1887 5228 2059 5282 etiam

459 5309 653 5364 mundi
674 5311 948 5366 terminos
961 5311 1018 5366 in
1033 5313 1284 5369 divinum
1305 5331 1555 5370 amorem
1575 5323 1924 5370 convertunt.

531 5414 558 5447 (ι
581 5397 884 5454 Benedicat
908 5406 1066 5456 terra
1087 5403 1410 5470 Dominum,
1436 5405 1603 5459 lauda
1621 5410 1680 5458 et
1701 5405 2058 5475 superexalta

459 5483 903 5542 eminsmcuh.
935 5509 958 5538 ι
1001 5490 1106 5544 Hie
1131 5507 1266 5561 ergo
1297 5496 1452 5546 terra
1469 5498 1724 5546 sanctam
1754 5492 2056 5546 Ecclesiam

459 5571 757 5643 signatae,
789 5575 864 5630 de
881 5591 998 5646 qua
1023 5577 1608 5650 inmmerime
1631 5587 1720 5636 est
1741 5597 1804 5634 τε
1829 5580 2058 5636 Domini

2142 4692 2226 4746 bis
2247 4702 2474 4764 peccata
2489 4695 2790 4749 donentur.
2830 4696 2938 4750 Sed
2971 4697 3060 4752 hic
3087 4699 3272 4754 fontes
3300 4702 3578 4770 possumus”
3601 4697 3696 4746 tes-

2141 4782 2380 4836 timonia
2407 4797 2692 4838 sacrarum
2723 4783 3143 4856 Scripturarum
3170 4804 3274 4860 per
3300 4803 3398 4842 ora
3417 4782 3698 4858 praedicato-

2141 4887 2266 4925 rum
2286 4873 2508 4943 prolata
2521 4872 2855 4944 intelligere.
2872 4875 3030 4930 Unde
3046 4877 3332 4948 inpsalmo
3345 4875 3594 4946 scriptum
3607 4870 3692 4922 est:

2145 4982 2168 5008 ιι
2194 4961 2596 5032 Apparuerunt
2612 4961 2795 5016 fontes
2815 4979 3088 5034 aquarum
3115 4969 3280 5034 (μδ-σι.
3304 4963 3448 5035 xm},
3482 4982 3513 5015 ι
3533 4959 3582 5014 id
3607 4961 3689 5013 est.

2139 5049 2346 5104 veritas
2375 5051 2822 5122 praedicantium,
2859 5054 2954 5125 qui
2981 5054 3163 5109 fontes
3191 5062 3412 5109 artem
3439 5051 3560 5104 vitae
3585 5057 3692 5099 sur

2139 5139 2350 5194 ctitatis
2362 5156 2458 5193 ore
2473 5139 2758 5202 fuderunt,
2783 5141 2908 5212 ipso
2923 5143 3080 5199 enim
3099 5144 3338 5200 Domino
3357 5140 3594 5195 veniente
3609 5148 3692 5204 po-

2138 5229 2266 5292 tuit,
2305 5228 2452 5298 quod
2481 5228 2792 5284 obscuritas
2821 5230 2994 5286 divini
3015 5232 3241 5304 tegebat
3269 5229 3488 5301 eloquii.

2214 5333 2241 5367 α
2264 5315 2790 5381 Benedicite,maria
2803 5323 2863 5370 et
2873 5318 3450 5386 ﬂumina,l)ominum.
3462 5309 3688 5378 sQuando

2139 5403 2505 5478 dicit_maria,
2537 5405 2880 5474 generaliter
2909 5423 3105 5464 omnes
3135 5422 3412 5478 aquarum
3446 5399 3688 5457 collectio-

2138 5507 2258 5558 nes,
2277 5471 2392 5547 sive
2407 5471 2568 5548 salsae
2579 5493 2714 5554 sint.
2736 5494 2860 5549 sive
2872 5496 3069 5552 dulces
3101 5471 3264 5552 simul
3309 5485 3688 5565 comprehcndit

2133 5581 2296 5651 juxta
2320 5582 2478 5649 illud,
2511 5583 2660 5654 quod
2689 5583 2970 5656 scriptum
3003 5592 3102 5645 est
3133 5606 3155 5642 ε·
3179 5608 3220 5637 ιν
3257 5578 3690 5656 W0”
