3824 6152
162 220 272 275 H57

775 216 1144 272 COMMENT.
1188 217 1265 271 IN
1303 214 1618 272 CANTIOA
1657 216 1823 279 QUAS
1862 216 1958 270 AD
1996 216 2277 272 LAUDES
2314 217 2702 275 DICUNTUI.

3241 222 3377 279 1158

154 355 389 412 mnuum
415 340 704 411 appellavit
732 319 911 395 mari;
936 342 1092 412 (Gen.
1126 346 1206 410 1.),
1241 360 1268 392 »
1301 358 1333 393 a
1358 341 1563 412 quibus
1586 342 1693 395 θα-
1717 345 1757 400 Α
1770 342 2051 410 jectorum
2072 340 2293 411 plebem
2329 342 2540 397 Omnes
2551 358 2685 411 ergo
2706 343 3058 410 adhortatur,
3077 352 3145 402 ut
3157 347 3375 417 praelati

152 431 282 484 mina
312 428 620 500 procedunt,
656 434 719 483 ut
746 435 832 482 est
852 430 989 484 illud
1018 448 1028 483 :
1066 452 1089 481 «
1125 431 1329 485 Omnia
1358 430 1696 485 ﬂuminain-

148 524 279 573 trant
294 520 347 572 in
365 533 528 580 mare,
549 524 607 571 et
626 534 778 572 mare
800 528 911 572 non
933 520 1228 585 redundat,
1250 519 1319 573 ad
1342 521 1524 573 locum
1549 520 1697 574 unde

149 615 322 662 exeunt
347 607 569 659 ﬂumina
603 612 977 671 revertuntur,
1016 616 1081 662 ut
1118 610 1321 663 iterum
1355 610 1534 662 fluant
1575 610 1695 675 (Ec-

144 701 222 751 sle.
244 700 299 763 1),
327 716 347 745 ι
369 695 457 749 ubi
484 697 859 763 metaphorice
891 714 1048 768 aquae
1076 699 1301 753 nomine
1332 699 1500 751 limus
1529 705 1694 751 terrae

147 786 250 838 etin
263 784 570 839 ﬂuminibus
584 786 835 839 homines
850 786 1258 857 intelliguntur,
1277 787 1371 856 qui
1386 788 1445 840 in
1460 794 1689 853 terram,

144 874 265 927 unde
279 873 474 943 sumpti
492 881 624 928 sunt
644 882 1026 942 revertuntur;
1045 877 1139 930 sed
1162 883 1315 929 terra
1335 893 1530 930 eorum
1555 876 1693 929 mul-

142 962 349 1015 titudine
365 978 471 1017 non
492 964 774 1034 impletur.
801 965 1137 1019 Benedicere
1159 982 1289 1036 ergo
1307 965 1579 1035 jubentur
1598 965 1694 1019 ho-

140 1051 289 1105 mines
314 1052 626 1117 Dominum,
672 1054 777 1107 hoc
814 1062 916 1120 est,
952 1062 1237 1109 auctorem
1275 1071 1439 1108 suum
1462 1070 1691 1124 ‘eogno-

139 1157 282 1205 scere,
299 1141 563 1213 illumque
582 1142 690 1196 ﬁde
712 1150 769 1197 et
790 1143 948 1198 bonis
968 1144 1229 1215 operibus
1248 1144 1447 1206 colere,
1470 1144 1605 1214 quia
1622 1143 1691 1198 ab

138 1229 237 1300 ipso
257 1231 415 1284 creati
443 1238 595 1296 sunt,
631 1239 687 1286 et
719 1233 787 1286 ad
830 1234 951 1302 ejus
976 1233 1249 1302 judicium
1280 1249 1475 1286 omnes
1506 1248 1689 1285 rever-

137 1326 320 1382 tuntur,
356 1338 381 1370 α
418 1327 694 1390 quatenus
743 1322 1129 1393 unusquisque
1170 1323 1401 1393 propria
1444 1321 1690 1391 corporis

137 1408 349 1478 recipiat,
383 1416 549 1479 prout
590 1411 782 1479 gessit,
817 1411 931 1464 sive
979 1410 1209 1477 bonum,
1243 1411 1357 1465 sive
1394 1412 1624 1465 malum.
1662 1431 1685 1462 ι

138 1498 197 1555 Ill
219 1496 325 1551 Cor.
359 1502 429 1567 ν).

193 1605 213 1634 (ί
233 1585 557 1652 Benedicite,
581 1588 689 1641 ceti
711 1592 767 1641 et
779 1588 969 1642 omnia
987 1604 1108 1659 quae
1122 1593 1416 1642 moventur
1432 1589 1490 1642 in
1506 1590 1684 1660 aquis,

1779 430 1947 483 simul
1976 435 2033 483 et
2056 430 2264 484 subditi
2294 431 2597 486 Dominum
2628 433 2933 499 Christum,
2959 435 3119 504 cujus
3145 452 3376 495 munere

1780 524 1914 590 sunt
1942 520 2274 572 sanctiﬁcati
2310 525 2481 590 atque
2511 522 2765 576 mandati
2795 538 3017 594 semper
3046 523 3379 582 benedicunt

1779 608 1949 661 simul
2001 625 2127 661 cum
2160 609 2327 662 Patre
2372 616 2431 662 et
2476 610 2689 680 Spiritu
2733 618 2923 667 sancto
2962 619 3292 683 regnantem
3318 616 3376 670 in

1778 697 1983 751 saecula
2019 698 2368 752 saeculorum.

1852 804 1875 835 «
1920 787 2255 850 Benedicite,
2283 787 2513 857 spiritus
2546 793 2605 842 et
2632 788 2833 844 animae
2854 790 3158 858 justorum,
3192 792 3376 855 Domi.-

1775 889 1930 927 num.
1965 894 1987 924 ι
2042 875 2107 927 In
2133 875 2363 945 spiritus
2393 892 2525 945 ergo
2554 882 2613 929 et
2647 876 2849 930 animae
2897 878 3160 933 vocabulo
3195 886 3373 939 totam

1774 963 2153 1016 conditionem
2190 964 2470 1018 interioris
2511 965 2752 1019 hominis
2804 968 3243 1036 comprehcndit,
3279 972 3373 1041 qui

1775 1050 1977 1121 spiritu
2003 1054 2152 1122 sapit
2179 1058 2235 1106 et
2263 1053 2455 1106 anima
2488 1053 2633 1107 vivit.
2668 1055 2897 1109 Mandat
2927 1073 3059 1125 ergo
3096 1058 3375 1130 Propheta

1774 1146 1837 1193 ut
1853 1141 2136 1209 justorum
2158 1142 2389 1211 spiritus
2405 1148 2463 1195 et
2481 1142 2682 1197 animae
2702 1142 3035 1201 benedicant
3046 1146 3368 1211 Dominum,

1774 1229 1906 1298 quia
1926 1229 2006 1282 illi
2023 1230 2373 1283 solummodo
2403 1232 2672 1285 veraciter
2691 1232 3026 1287 benedicunt
3048 1235 3370 1302 Dominum,

1773 1317 1867 1386 qui
1885 1318 2119 1387 justitiae
2149 1324 2203 1372 et
2233 1318 2484 1373 veritatis
2508 1321 2762 1390 regulam
2785 1330 3026 1388 servant,
3059 1324 3370 1396 horumque

1773 1403 2186 1461 benedictiones
2215 1408 2477 1462 divinitas
2502 1414 2793 1478 gratanter
2832 1411 3049 1481 accipit,
3087 1413 3182 1483 qui
3220 1421 3373 1469 recta

1773 1494 1901 1557 fide,
1940 1512 2072 1548 vera
2101 1496 2447 1552 confessione
2485 1515 2550 1552 ac
2578 1497 2725 1552 bona
2753 1499 3076 1568 operatione
3100 1502 3254 1571 juste
3288 1502 3369 1557 vi-

1771 1584 1950 1637 vendo
1978 1584 2137 1637 illum
2163 1586 2499 1639 collaudant.

134 1673 421 1728 Dominum:
447 1675 676 1730 laudate
695 1683 751 1731 et
762 1678 1172 1748 superexaltate
1195 1694 1323 1749 eum
1347 1678 1404 1731 in
1422 1659 1640 1733 saecula.
1664 1697 1684 1730 θ
1708 1659 1752 1717 Β
1846 1692 1871 1723 «
1902 1673 2237 1733 Benedicite,
2255 1675 2431 1727 sancti
2449 1680 2505 1727 et
2528 1675 2767 1729 humiles
2787 1677 3316 1741 corde,'Dominum.
3345 1700 3367 1730 ι

133 1763 185 1825 in
218 1764 339 1817 actis
375 1765 667 1835 ergo,rqui
715 1783 817 1836 pro
868 1765 1254 1835 magnitudine
1306 1767 1554 1837 corporis
1602 1768 1687 1822 sui

132 1852 375 1907 montibus
390 1861 808 1925 comparantur,
824 1860 881 1908 et
903 1854 1117 1909 caeteris
1140 1854 1535 1919 animantibus,
1565 1874 1689 1927 qua:

131 1940 175 1993 in
188 1943 310 1995 mari
325 1950 621 1997 versantur
634 1945 1019 2015 praeeminent,
1040 1951 1295 2015 potentes
1314 1945 1473 1998 istius
1496 1946 1688 2000 mundi

130 2030 327 2100 exprimi
348 2040 602 2102 possunt.
619 2034 690 2087 Hi
710 2050 836 2088 cum
859 2034 1074 2088 caeteris
1096 2033 1431 2097 hominibus,
1465 2035 1556 2105 qui
1586 2036 1688 2088 hoc

128 2119 297 2172 sabulo
308 2128 601 2175 versantur
610 2122 685 2176 ad
694 2122 1037 2177 laudandum
1051 2123 1375 2177 Creatorem
1388 2139 1551 2176 suum
1566 2140 1689 2193 pro-

129 2213 379 2273 vocantur,
402 2212 567 2280 cujus
597 2227 830 2265 munere
853 2228 1048 2266 omnes
1063 2211 1393 2276 subsistunt,
1419 2218 1476 2265 et
1494 2228 1688 2267 omnes

128 2296 434 2364 nutriuntur,
472 2299 608 2369 quia
635 2300 867 2370 dignum
894 2308 979 2355 est
998 2306 1067 2354 ut
1092 2300 1279 2371 magni
1301 2307 1357 2354 et
1381 2301 1534 2371 parvi
1564 2318 1687 2354 om-

126 2384 433 2455 nipotentem
477 2389 839 2443 Conditorem
876 2407 1040 2444 suum
1072 2390 1302 2444 laudent
1336 2395 1391 2443 et
1418 2390 1476 2443 in
1512 2406 1686 2445 saecu-

129 2472 221 2526 lum
246 2473 591 2530 benedicunt.

1771 1761 2163 1815 Humilitatem
2206 1762 2387 1816 cordis
2434 1762 2641 1817 habere
2687 1769 2743 1819 et
2781 1782 3024 1835 praesens
3069 1768 3372 1822 versiculus

1771 1850 1949 1916 docet,
1983 1856 2038 1905 et
2067 1850 2222 1915 illud,
2249 1852 2397 1921 quod
2426 1852 2485 1905 in
2517 1853 2815 1921 Evangeli‘o
2844 1854 3051 1924 legitur
3077 1874 3088 1907 :
3117 1874 3143 1906 «
3167 1856 3373 1919 Discite

1771 1954 1807 1991 a
1826 1955 1916 1992 me
1946 1939 2079 2009 quia
2098 1939 2248 1993 mitis
2277 1956 2402 1994 sum
2432 1940 2740 1995 ethumilis
2770 1943 2955 2008 corde,
2989 1950 3048 1997 et
3076 1944 3371 2003 invenietis

1772 2028 2023 2098 requiem
2054 2028 2346 2083 animabus
2376 2029 2574 2083 vestris
2607 2032 2818 2089 (Matth.
2848 2036 2942 2099 x1).
2980 2052 3004 2083 »
3034 2033 3229 2087 Cordis
3268 2050 3370 2089 aua-

1770 2122 1891 2170 tem
1919 2116 2017 2170 illa
2043 2122 2129 2170 est
2173 2117 2478 2182 humilitas,
2515 2134 2637 2188 quae
2682 2118 2742 2172 in
2772 2119 2883 2173 alio
2909 2120 3033 2175 loco
3071 2129 3371 2191 paupertas

1770 2205 2002 2276 spiritus
2030 2206 2363 2277 appellatur,
2400 2213 2464 2261 ut
2490 2223 2602 2261 non
2634 2207 2920 2277 erigamur
2948 2208 3230 2278 superbia,
3267 2228 3369 2265 nec

1770 2294 1901 2348 ﬁcta
1943 2294 2260 2349 humilitate
2307 2295 2545 2365 gloriam
2586 2301 2873 2351 terrenam
2905 2313 3237 2367 quaeramus,
3271 2300 3369 2354 sed

1770 2387 1887 2437 toto
1917 2384 2083 2437 corde
2110 2384 2464 2439 inclinemur.

1846 2491 1871 2523 «
1893 2472 2230 2538 Benedicite,
2258 2474 2495 2531 Anania.
2514 2474 2717 2531 Azatia
2728 2480 2785 2529 et
2799 2475 3011 2538 Misael,
3032 2476 3332 2531 Dominum
3353 2494 3363 2528 :

1775 2580 1799 2610 «
1831 2561 2106 2631 hymnum
2139 2561 2327 2627 dicite,
2361 2562 2587 2618 laudate
2617 2569 2673 2616 et
2700 2563 3114 2633 superexaltate
3144 2581 3272 2618 eum
3311 2565 3370 2619 in

1773 2667 1799 2700 (ι
1829 2650 2049 2704 εωοιιιει.
2088 2650 2233 2713 Quia
2258 2651 2405 2704 eruit
2447 2667 2548 2705 nos
2578 2651 2648 2705 de
2676 2650 2912 2717 inferno,
2940 2658 2997 2707 et
3026 2653 3206 2706 salvos
3240 2652 3371 2707 fecit

182 2583 197 2608 ί·
229 2563 557 2629 Benedicite,
572 2567 822 2620 volucres
839 2567 978 2629 coeli,
989 2567 1309 2621 Dominum.
1330 2588 1353 2618 »
1377 2569 1440 2622 In
1454 2569 1689 2622 volucri-

125 2650 207 2704 bus
229 2669 347 2723 ergo
358 2655 675 2725 philos0phi
696 2655 869 2725 accipi
888 2664 1139 2726 possunt,
1162 2657 1255 2725 qui
1283 2656 1684 2725 cogitationum

122 2755 316 2795 suarum
337 2743 630 2797 velocitate
662 2750 891 2798 naturas
913 2761 1101 2797 rerum
1124 2750 1180 2797 et
1210 2762 1404 2798 cursus
1434 2744 1681 2799 siderum
1767 2758 1790 2789 ι
1817 2739 1886 2792 de
1918 2756 2087 2793 manu
2135 2739 2331 2793 mortis
2376 2746 2433 2793 et
2480 2740 2742 2794 liberavit
2779 2740 2847 2795 de
2897 2740 3081 2795 medio
3121 2742 3369 2796 ardentis

121 2828 359 2883 discutere
385 2838 767 2898 censuerunt;
801 2833 914 2887 sive
953 2832 1122 2886 etiam
1152 2833 1340 2887 altiori
1380 2850 1547 2887 sensu
1577 2851 1679 2887 an-
1767 2846 1791 2878 (ί
1827 2829 2084 2892 ﬂamma,
2141 2833 2198 2881 et
2241 2829 2311 2882 de
2350 2828 2535 2883 medio
2578 2828 2725 2898 ignis
2765 2829 2915 2884 eruit
2954 2846 3073 2883 nos.
3112 2850 3137 2881 »
3171 2831 3368 2886 Novis-

118 2917 497 2984 gelivolucrum
522 2922 747 2976 nomine
759 2922 1037 2992 designati
1060 2922 1295 2992 intelligi
1312 2930 1562 2993 possunt,
1584 2924 1678 2993 qui
1699 2972 1744 2993 η
1761 2916 1903 2970 sime
1945 2934 2073 2969 vero
2103 2924 2218 2971 tres
2258 2917 2418 2987 pueri
2446 2918 2778 2988 semetipsos
2824 2918 2896 2972 ad
2926 2918 3368 2975 benedicendum

118 3006 173 3059 ad
186 3010 485 3065 custodiam,
504 3012 796 3065 hominum
816 3011 873 3064 in
887 3012 1157 3065 mundum
1172 3029 1205 3064 ει
1221 3012 1334 3065 Deo
1352 3012 1673 3076 mittuntur,
1696 3005 1744 3035 υ
1762 3005 2063 3059 Dominum
2093 3006 2479 3069 exhortantur,
2505 3012 2561 3060 et
2580 3007 2780 3061 merito
2809 3007 3065 3062 ordinem
3097 3014 3368 3063 creaturae

116 3101 561 3154 uteorumcuram
581 3106 801 3169 gerant,
824 3106 880 3154 et
896 3106 1091 3153 contra
1107 3099 1679 3171 spiritalesnequitias
1762 3093 1830 3147 0b
1886 3093 2273 3153 liberationem
2319 3112 2516 3149 eorum
2564 3096 2947 3161 ϐοῐῐὶωιιιανίῐ,
3008 3096 3089 3151 ita
3140 3102 3205 3151 ut
3262 3115 3364 3152 nec

114 3183 214 3239 illos
238 3187 554 3256 defendant,
586 3190 727 3260 ,quia
765 3207 987 3261 aequum
1027 3195 1113 3245 est
1150 3195 1212 3243 ut
1240 3206 1435 3243 omnes
1464 3191 1678 3260 praelati
1762 3200 1997 3254 corpora
2020 3200 2214 3237 eorum
2240 3184 2384 3253 ignis
2412 3184 2631 3247 laedere,
2658 3201 2761 3239 nec
2783 3185 3115 3241 vestimenta
3136 3186 3367 3243 ﬂamma

114 3272 323 3331 simulet
349 3278 565 3333 subditi
594 3280 843 3333 omnium
876 3279 1286 3333 dominatorem
1316 3278 1671 3344 benedicant,
1761 3270 2089 3324 comburere
2104 3278 2308 3341 Posset,
2325 3272 2414 3326 σαί
2437 3279 2679 3341 ιιῖγωηιιε
2691 3279 2777 3326 εδδ
2789 3273 3027 3339 debitus:
3047 3274 3366 3329 etlaUdatiO

116 3382 133 3411 τ(
157 3365 237 3434 qui
274 3366 416 3432 fecit,
452 3368 661 3422 coelum
691 3374 748 3422 et
775 3375 1006 3432 terram,
1040 3368 1220 3422 maria
1249 3375 1307 3421 et
1334 3368 1524 3422 omnia
1555 3385 1678 3438 quae
1759 3360 2109 3422 conveniens,
2162 3360 2293 3429 quia
2336 3360 2455 3429 ipse
2492 3377 2714 3430 semper
2753 3361 3051 3417 laudabilis
3099 3368 3155 3417 et
3196 3380 3366 3434 super

114 3454 157 3504 in
180 3454 249 3507 eis
277 3462 423 3510 sunt.
464 3475 497 3508 ι

162 3561 180 3590 ι
208 3542 541 3605 Benedicite,
558 3562 751 3599 omnes
785 3544 971 3599 bestia
1000 3551 1059 3598 et
1088 3562 1305 3615 pecora,
1337 3545 1635 3599 Dominum
1659 3564 1669 3597 :

111 3629 300 3685 laudate
328 3641 384 3688 et
415 3636 833 3705 superexaltate
854 3651 982 3688 eum
1010 3634 1065 3688 in
1096 3635 1313 3688 saecula.
1352 3655 1369 3683 ι
1397 3635 1460 3688 In
1481 3634 1676 3689 bestiis

110 3720 326 3775 crudeles
358 3730 415 3777 et
446 3724 708 3777 indomiti
739 3724 993 3777 homines
1018 3724 1405 3793 signiﬁcantur
1423 3730 1481 3777 et
1506 3723 1563 3777 in
1585 3741 1679 3794 pe-

109 3809 295 3865 coribus
323 3830 497 3867 omne
525 3814 723 3883 vulgus
765 3818 823 3866 et
854 3813 1089 3866 inﬁnitae
1118 3812 1326 3883 plebes.
1360 3814 1504 3865 Nam
1532 3813 1676 3866 tales

110 3895 356 3969 Propheta
383 3903 667 3966 hortatur,
697 3910 761 3955 ut
788 3903 1036 3956 conversi
1066 3920 1099 3955 a
1127 3902 1455 3955 crudelitate
1488 3909 1545 3955 et
1578 3919 1674 3956 su-

106 3987 268 4054 perbia
294 3991 361 4044 ad
394 3991 780 4044 humilitatem
812 3996 868 4044 et
892 3991 1269 4045 innocentiam
1300 3996 1668 4055 revertantur,

105 4073 168 4127 ita
185 4086 239 4131 ut
252 4080 434 4145 corde,
463 4096 563 4134 ore
582 4087 640 4133 et
667 4097 835 4151 opere
849 4079 1185 4134 benedicant
1203 4080 1477 4135 factorem,
1487 4096 1671 4146 suum,

104 4180 131 4215 ξι
154 4182 250 4234 quo
278 4169 513 4239 perfecti
549 4176 689 4223 sunt
710 4169 832 4222 coeli
874 4176 933 4223 et
959 4176 1112 4222 terra
1140 4175 1198 4223 et
1233 4168 1416 4223 omnis
1444 4174 1678 4223 ornatus

109 4268 297 4309 eorum.

1758 3448 1947 3500 omnia
1975 3448 2250 3501 exaltatus
2281 3453 2472 3501 manet
2500 3448 2557 3503 in
2586 3449 2793 3503 saecula
2836 3450 3184 3507 saeculorum.
3221 3452 3359 3507 Post

1758 3536 1859 3588 has
1882 3552 2103 3606 quoque
2126 3536 2540 3591 benedictiones
2570 3537 2822 3593 additum
2846 3544 2931 3592 est
2959 3555 2995 3591 a
3022 3539 3230 3593 sanctis
3260 3540 3362 3593 Pa—

1758 3622 1938 3677 tribus
1969 3624 2043 3687 id,
2080 3625 2229 3695 quod
2272 3625 2436 3679 modo
2487 3625 2708 3680 canitur
2751 3625 2812 3678 in
2849 3626 3109 3690 Ecclesia,
3145 3627 3248 3681 hoc
3276 3634 3362 3689 est

1758 3720 1963 3767 sanctae
1998 3713 2291 3768 Trinitatis
2330 3714 2451 3767 laus
2480 3719 2538 3767 et
2564 3713 2837 3767 confessio
2862 3716 3029 3784 juxta
3056 3714 3204 3769 hunc
3236 3732 3359 3769 mo-

1757 3802 1910 3857 dunL

1830 3910 1857 3943 «
1890 3890 2293 3946 Benedicamus
2312 3891 2536 3946 Patrem
2557 3898 2615 3944 et
2633 3890 2840 3947 Filium
2860 3906 2987 3947 cum
3008 3897 3200 3947 sancto
3229 3893 3357 3963 Spi-

1760 4000 1786 4033 (ι
1809 3982 1940 4046 ritu,
1969 3980 2263 4035 laudemus
2282 3986 2341 4035 et
2358 3979 2839 4050 superexaltemus
2857 3997 2987 4041 eum
3006 3979 3066 4034 in
3085 3981 3307 4037 saecula.
3330 4001 3353 4033 ι

1759 4070 1902 4134 Quia
1920 4086 2064 4124 unus
2091 4075 2147 4124 et
2175 4069 2327 4127 solus
2347 4070 2497 4124 Deus
2514 4076 2618 4135 est,
2644 4070 2811 4125 Pater
2830 4076 2886 4125 et
2905 4069 3079 4125 Filius
3101 4077 3159 4126 et
3180 4071 3357 4141 Spiri-

1757 4165 1849 4214 tus
1864 4165 2090 4212 sanctus
2110 4158 2291 4212 trinus
2312 4158 2368 4211 in
2397 4158 2651 4229 personis
2667 4163 2725 4213 et
2754 4175 2901 4213 unus
2925 4158 2984 4215 in
3014 4158 3351 4227 substantia,

1759 4249 1859 4319 qui
1885 4248 2097 4302 creavit
2123 4248 2325 4304 coelum
2367 4254 2425 4301 et
2454 4254 2685 4313 terram,
2719 4264 2874 4302 mare
2903 4252 2961 4301 et
2989 4248 3198 4314 omnia,
3235 4266 3359 4319 quae

175 4365 197 4395 (ί
222 4346 560 4413 Benedicite,
576 4346 675 4400 ﬁlii
696 4347 1006 4413 hominum,
1021 4346 1325 4400 Dominum
1351 4365 1360 4398 :
1386 4344 1681 4400 benedicat

1848 4337 1929 4392 eis
1958 4342 2107 4401 sunt,
2142 4337 2302 4407 cujus
2324 4336 2547 4390 laudem
2577 4334 2881 4405 praedicare
2907 4340 2965 4391 et
2994 4352 3199 4391 nomen
3236 4338 3362 4406 ejus

105 4424 257 4487 Israel
274 4436 601 4490 Dominum.
628 4456 655 4486 ιι
689 4436 752 4490 In
782 4435 909 4489 ﬁliis
937 4434 1163 4505 quidem
1192 4434 1483 4488 hominum
1506 4435 1678 4487 ratio-
1760 4444 1930 4497 super
1955 4426 2146 4481 omnia
2167 4426 2255 4481 fas
2273 4431 2359 4481 est
2385 4424 2640 4481 confiteri
2661 4423 2921 4479 omnibus
2947 4423 3043 4494 qui
3066 4424 3225 4481 illum
3244 4442 3359 4480 ore.

102 4521 339 4578 nabiliter
357 4524 627 4588 viventes,
652 4530 710 4577 et
728 4523 786 4578 in
811 4525 983 4579 Israel
1004 4522 1202 4578 divinas
1221 4522 1681 4592 contemplationi
1761 4515 1919 4580 dunt,
1955 4522 2013 4570 et
2039 4515 2107 4569 ab
2137 4531 2204 4569 eo
2234 4513 2403 4569 vitam
2424 4517 2693 4567 aeternam
2714 4513 2969 4582 accipere
3000 4512 3192 4567 volunt
3210 4513 3361 4584 ejus-

102 4619 339 4667 vacantes
374 4614 725 4685 designatur.
775 4614 891 4667 Hos
935 4629 1068 4683 ergo
1114 4612 1185 4665 ad
1238 4611 1679 4665 benedicendum
1764 4622 1873 4675 que
1904 4604 2154 4659 bonitate
2196 4602 2307 4656 frui
2334 4601 2658 4656 desiderant
2686 4600 2745 4655 in
2774 4616 2947 4670 regno
2976 4602 3205 4658 caelesti.
3241 4603 3361 4663 Hoc

102 4698 260 4756 Deum
288 4703 511 4769 imitat,
550 4702 682 4774 quia
717 4702 879 4757 valde
906 4702 1140 4772 dignum
1175 4707 1231 4754 et
1254 4702 1476 4772 justum
1506 4707 1592 4755 est
1619 4706 1684 4755 ut
1763 4699 1949 4749 autem
1981 4692 2129 4763 quod
2156 4691 2413 4761 sequitur
2441 4691 2499 4743 in
2528 4691 2631 4745 hoc
2652 4689 2880 4745 cantico
2909 4695 3044 4747 ante
3065 4691 3367 4762 praelatum

99 4789 179 4856 qui
208 4808 377 4863 super
405 4798 640 4847 caeteras
671 4798 959 4846 creaturas
986 4797 1167 4856 ternae,
1215 4790 1316 4844 hoc
1357 4788 1429 4842 ab
1468 4788 1680 4860 opiﬁcis
1764 4790 1849 4838 est
1876 4782 1934 4836 in
1964 4780 2101 4835 libro
2131 4779 2476 4851 prophetico,
2508 4776 2605 4833 ubi
2640 4776 2969 4848 priusquam
3000 4796 3363 4849 provocaren-

98 4876 172 4930 sui
206 4879 470 4951 largitate
508 4886 897 4953 perceperunt,
936 4885 1002 4934 ut
1028 4895 1158 4933 eum
1203 4878 1475 4933 veraciter
1502 4893 1680 4949 agno-

99 4975 297 5023 scentes
327 4976 483 5024 recta
503 4970 613 5023 ﬁde
633 4986 698 5023 ac
718 4968 878 5023 bonis
903 4967 1164 5040 operibus
1189 4968 1369 5022 colere
1392 4974 1450 5022 et
1471 4966 1679 5023 mundo

98 5057 242 5112 wide
263 5068 439 5130 atque
466 5076 609 5130 pura
636 5058 945 5112 intentione
967 5056 1333 5127 contemplari
1358 5062 1527 5126 atque
1555 5055 1679 5108 dili-

96 5160 210 5212 gere
239 5148 477 5218 possint,
503 5164 790 5217 nunquam
821 5164 856 5201 a
884 5145 1143 5200 laudibus
1171 5146 1293 5216 ejus
1319 5150 1557 5206 cessent.
1579 5143 1685 5197 sed

97 5230 146 5285 in
173 5243 446 5291 aeternum
472 5237 863 5291 benedicentes
886 5235 1205 5306 praedicent.

154 5342 177 5373 (ί
209 5325 548 5393 Benedicite,
579 5327 897 5381 sacerdotes
926 5323 1168 5387 Domini,
1203 5323 1500 5379 Dominum
1536 5339 1546 5373 :
1579 5319 1677 5373 be-

96 5412 339 5479 nedicite,
375 5416 519 5469 servi
566 5414 810 5479 Domini,
862 5414 1180 5468 Dominum.
1216 5430 1243 5465 »
1276 5413 1341 5466 In
1371 5410 1678 5465 sacerdoti-

96 5498 186 5554 bus
204 5504 511 5574 magistros
538 5504 797 5560 Ecclesiae
813 5503 1095 5574 exprimit,
1117 5502 1174 5557 in
1206 5501 1381 5556 serv-is
1399 5517 1531 5555 vero
1554 5500 1683 5553 subs

1760 4879 1857 4926 tur
1882 4886 2054 4942 opera
2081 4867 2305 4925 Domini
2341 4868 2417 4925 ad.
2457 4865 2897 4927 benedicendum
2927 4867 3246 4935 Dominum,
3279 4869 3365 4929 ita

1761 4959 2031 5031 scriptum
2045 4958 2269 5029 legitur:
2293 4975 2325 5011 αι
2336 4954 2668 5012 Benedictus
2676 4954 2832 5008 estin
2844 4955 3197 5011 ﬁrmamento
3210 4956 3355 5024 cmli,

1762 5054 1822 5102 et
1846 5045 2145 5102 laudabilis
2183 5049 2242 5097 et
2276 5043 2555 5114 gloriosus
2595 5042 2653 5100 in
2681 5044 2903 5099 saecula.
2950 5063 2975 5096 »
3007 5044 3357 5103 Firmamen-

1760 5144 1882 5192 tum
1903 5135 2055 5190 enim
2072 5133 2194 5188 caeli
2220 5138 2320 5189 aut
2344 5131 2623 5202 angelicas
2644 5138 2948 5202 potestates
2980 5132 3276 5201 signiﬁcat,
3296 5133 3358 5191 in

1762 5226 1981 5297 quibus,
2004 5222 2277 5281 Dominus
2293 5220 2695 5291 perpetualiter
2714 5226 2930 5289 regnat,
2956 5220 3041 5273 vel
3061 5218 3356 5275 scientiam

1760 5321 2079 5372 sanctarum
2109 5311 2545 5381 Scripturarum,
2578 5308 2673 5363 ubi
2696 5308 2868 5363 totius
2898 5307 3027 5364 boni
3057 5314 3117 5362 et
3148 5308 3359 5371 veritas

1758 5407 1833 5461 tis
1862 5404 2295 5461 solidamentum
2310 5404 2413 5464 est,
2440 5403 2499 5453 et
2510 5397 2777 5467 maiestas
2804 5413 2871 5450 ac
2893 5396 3112 5455 bonitas
3133 5398 3359 5459 Cresia-

1760 5497 1849 5550 ris.
1883 5493 2107 5552 assidue
2142 5489 2405 5549 laudetur
2449 5492 2509 5549 et
2552 5486 2909 5557 pudieam.
2950 5487 3094 5553 Hinc
3135 5504 3363 5562 quoque
