3942 6158
537 299 673 354 ’1159

1121 293 1182 346 Β.
1223 288 1496 345 RABANI
1545 287 1778 342 MAURI
1813 285 2148 342 ARCHIEP.
2190 283 2514 340 MOGUNT.
2555 283 2854 340 OPERUM
2889 283 3074 340 PARS
3108 286 3204 340 III.

3603 295 3712 352 H60

532 422 804 492 scriptum
818 425 904 474 est
921 437 932 472 :
947 418 1164 474 Caelum
1175 413 1487 487 plicabitur,
1505 413 1650 467 sicut
1670 411 1812 468 liber
1822 412 2120 479 involutus,
2142 414 2193 472 A
2206 411 2457 468 misisset
2483 429 2495 464 :
2523 428 2550 462 α
2570 417 2629 465 et
2648 411 2826 465 erexit
2841 427 3015 466 cornu
3041 411 3231 466 salutis
3259 412 3422 480 nobis,
3447 433 3470 466 ι
3495 420 3716 476 continuo

532 517 591 565 et
609 509 739 564 alibi
765 527 777 562 ε
804 509 1222 562 ﬁrmamentum
1244 509 1331 558 est
1358 504 1631 557 Dominus
1650 501 1982 556 timentibus
1997 518 2125 557 eum

533 607 589 654 et
605 603 1006 652 testamentum
1026 595 1220 666 ipsius,
1239 599 1304 648 ut
1324 591 1714 646 manifestatur
1733 591 1840 644 illis
1860 609 1871 643 :
1897 591 2126 662 quicun-

531 705 639 758 que
668 687 819 739 enim
861 685 951 739 hic
990 683 1262 737 veraciter
1293 682 1473 736 Deum
1503 679 1747 749 diligunt
1774 685 1830 733 et
1859 679 2127 733 mandata

530 778 652 846 ejus
679 774 960 830 custodire
990 777 1278 844 appetunt,
1295 769 1664 838 laudibusque
1681 769 1781 822 Dei
1808 785 1920 823 non
1942 768 2128 822 solum

527 882 643 923 ore,
706 863 804 917 sed
849 863 1020 916 etiam
1065 861 1230 915 corde
1267 859 1489 913 assidue
1535 874 1732 912 vacare
1771 858 2017 924 student,
2061 873 2126 910 ex

531 953 833 1023 Scripturis
860 951 1034 1004 sacris
1061 948 1499 1003 consolationem
1528 963 1832 1017 congruam
1855 945 2126 1016 accipien-

527 1049 612 1096 tes
643 1043 711 1094 de
738 1041 829 1094 die
853 1041 911 1094 in
932 1039 1081 1093 diem
1101 1037 1413 1109 proﬁcient,
1434 1053 1499 1090 ac
1526 1037 1604 1090 sic
1630 1036 1750 1090 sine
1772 1035 1888 1089 ulla
1908 1033 2126 1088 dubita-

526 1131 678 1185 tione
710 1147 810 1202 per
833 1129 1076 1200 gratiam
1125 1127 1226 1182 Dei
1256 1131 1383 1197 post
1410 1127 1579 1179 ﬁnem
1616 1125 1787 1194 hujus
1827 1124 1950 1178 vitae
1995 1124 2118 1190 hoc,

528 1220 676 1292 quod
705 1219 802 1273 diu
833 1218 922 1272 hic
951 1217 1292 1288 quaesierant
1321 1215 1380 1268 in
1418 1230 1590 1284 regno
1621 1213 1833 1267 caelesti
1861 1212 1981 1267 sine
2010 1214 2122 1266 ﬁne

527 1309 853 1380 percipient.

1213 1499 1422 1538 INCIPIT.

935 1599 1306 1655 CANTICUM
1334 1598 1714 1653 ZACHARIA‘I

2208 500 2368 571 quasi
2407 501 2657 572 apertius
2703 500 2838 572 quid
2879 501 3055 554 erexit
3093 501 3397 573 explanans.
3430 522 3454 556 α
3490 505 3714 574 Salutem,

2205 588 2409 660 inquit,
2460 607 2527 643 ex
2576 589 2820 644 inimicis
2857 590 3063 644 nostris
3113 597 3168 644 ct
3219 591 3284 644 de
3323 609 3480 647 manu
3513 597 3718 652 omnium

2208 678 2303 748 qui
2331 678 2571 732 oderunt
2597 695 2719 732 nos.
2757 699 2781 730 »
2815 677 3022 734 Omnes
3057 685 3244 734 autem
3272 681 3362 751 qui
3389 681 3601 738 oderunt
3622 702 3716 752 nos,

2207 768 2291 820 vel
2317 767 2570 821 homines
2600 783 2906 838 perversos,
2923 767 3008 820 vel
3033 767 3340 822 immundos
3363 771 3570 840 spiritus
3592 773 3726 844 signi-

2208 857 2357 922 ﬁcat,
2390 856 2460 910 de
2485 872 2727 927 quorum
2747 873 2919 910 manu
2943 863 3001 910 et
3019 856 3240 910 interim
3269 875 3362 928 spe
3389 859 3514 913 salvi
3535 861 3643 915 facti
3659 878 3727 917 su-

2207 961 2352 1010 mus,
2385 950 2443 998 et
2471 945 2530 998 in
2569 945 2756 1000 futuro
2799 945 2983 1016 reipsa
3013 945 3278 1000 salvandi.
3311 948 3460 1012 Quod
3501 957 3660 1004 autem
3682 952 3724 1006 in

2206 1032 2541 1104 quibusdam
2578 1034 2838 1088 Ecclesiis
2869 1035 3106 1100 canitur,
3140 1056 3162 1086 ι
3205 1041 3263 1088 et
3294 1035 3529 1091 liberavit
3553 1055 3637 1093 nos
3672 1039 3724 1092 ab

2204 1121 2446 1176 inimicis
2475 1123 2700 1188 nostris,
2730 1127 2788 1176 et
2814 1123 2883 1177 de
2914 1141 3086 1178 manu
3121 1125 3369 1179 omnium
3403 1125 3493 1197 qui
3518 1143 3606 1180 nos
3629 1128 3725 1184 ode-

2205 1217 2356 1276 runt,
2384 1230 2410 1263 »
2443 1211 2593 1266 idem
2619 1216 2721 1277 est,
2747 1211 2879 1283 quia
2904 1217 3038 1266 tunc
3067 1213 3228 1284 plene
3252 1214 3478 1267 salutem
3503 1231 3562 1269 ex
3581 1215 3725 1270 inimi-

2203 1299 2282 1354 cis
2304 1300 2512 1354 nostris
2541 1300 2897 1372 accipiemus,
2931 1301 3152 1372 quando
3181 1302 3250 1356 de
3275 1319 3460 1358 eorum
3479 1304 3661 1358 insidiis
3682 1312 3724 1359 et

2203 1388 2620 1444 seductionibus
2647 1389 2890 1460 perfecte
2915 1389 3135 1444 liberati
3162 1391 3446 1458 fuerimus,
3471 1397 3528 1446 ut
3549 1393 3722 1446 miseri-

2200 1474 2449 1532 cordiam
2477 1495 2667 1549 quam,
2697 1495 2798 1550 per
2824 1479 3069 1548 gratiam
3095 1480 3196 1534 Dei
3222 1485 3279 1534 et
3306 1479 3523 1535 Patrum
3546 1482 3718 1542 merita,

2202 1566 2292 1620 hic
2315 1583 2380 1620 ex
2405 1571 2564 1638 parte
2591 1567 2918 1638 accipimus,
2945 1568 3005 1621 in
3038 1568 3229 1623 futura
3253 1569 3366 1623 vita
3392 1569 3608 1640 pleniter
3628 1587 3722 1640 pos-

2201 1655 2502 1709 sideamus.
2528 1655 2686 1710 Unde
2714 1662 2772 1710 et
2800 1656 3055 1728 sequitur
3088 1675 3100 1709 :
3697 1663 3706 1672 '

913 1719 1095 1771 Patris
1123 1718 1182 1770 Β·
1199 1717 1434 1769 Joannis
1458 1716 1723 1784 Baptista"
2135 1731 2183 1791 Β
2282 1762 2311 1796 α
2340 1744 2426 1798 Ad
2457 1744 2768 1799 faciendam
2799 1716 3241 1800 misericordiam
3265 1764 3388 1801 cum
3409 1746 3632 1818 patribus
3649 1764 3725 1802 no-

596 1843 774 1914 Igitur
787 1841 1270 1912 Zacharias,pater
1281 1837 1430 1893 beati
1445 1839 1472 1892 J
1479 1837 1972 1908 oannisBaptistae,
1988 1837 2120 1890 licet
2203 1852 2227 1884 ι
2261 1833 2411 1898 stris,
2435 1839 2494 1887 et
2512 1835 2812 1892 memorari
2837 1835 3163 1889 testamenti
3184 1836 3270 1890 sui
3292 1835 3478 1900 sancti,
3493 1837 3726 1906 jusjuran-

520 1940 749 2005 prOpter
773 1931 1115 1986 dubietatem
1160 1929 1362 1982 mentis
1405 1927 1502 1981 diu
1547 1926 1745 1980 fuisset
1774 1943 1970 1996 expers
1999 1925 2116 1979 elo-
2204 1940 2228 1972 «
2242 1922 2398 1987 dum,
2418 1923 2566 1993 quod
2573 1923 2787 1992 juravit
2803 1923 2872 1977 ad
2888 1923 3173 1979 Abraham
3189 1931 3403 1996 patrem
3417 1932 3638 1979 nostrum
3651 1925 3726 1978 da-

519 2022 670 2093 quio,
715 2036 946 2074 munere
985 2023 1176 2072 tamen
1217 2032 1330 2070 non
1359 2021 1445 2069 est
1475 2014 1724 2086 privatus
1751 2014 1938 2068 divino
1971 2033 1983 2066 :
2020 2014 2119 2068 sed
2203 2027 2231 2063 «
2251 2017 2444 2066 turum
2466 2029 2525 2064 se
2545 2011 2724 2078 nobis,
2742 2019 2805 2066 ut
2830 2013 2951 2068 sine
2966 2014 3171 2068 timore
3187 2015 3256 2068 de
3273 2013 3516 2068 manibus
3533 2013 3729 2068 inimico-

518 2111 668 2165 edito
699 2125 891 2180 puero,
935 2108 1094 2176 cujus
1152 2121 1358 2160 nomen
1397 2103 1633 2180 tacendo
1686 2102 2112 2174 conscripserat,
2203 2116 2373 2153 «rum
2401 2106 2722 2154 nostrorum
2765 2101 2988 2156 liberati
3028 2103 3340 2158 serviamus
3365 2103 3460 2157 illi.
3497 2121 3521 2155 ι
3555 2103 3729 2156 Dixerat

514 2178 714 2270 gratia
757 2197 935 2251 sancti
985 2194 1225 2266 Spiritus
1280 2178 1614 2258 illustratus,
1674 2191 1807 2278 quid
1859 2193 2114 2246 futurum
2197 2187 2499 2242 Dominum
2511 2189 2673 2259 juxta
2690 2190 2913 2260 eloquia
2931 2191 3335 2262 prophetarum
3354 2192 3411 2246 in
3429 2192 3577 2245 domo
3593 2189 3726 2244 David

519 2295 667 2341 esset
687 2289 743 2341 in
759 2287 858 2342 Dei
878 2285 1081 2358 populo
1099 2281 1484 2355 prophetando
1497 2277 1877 2352 pronuntiavit
1888 2281 2078 2334 dicens
2097 2297 2112 2334 :
2196 2277 2562 2344 nasciturum,
2585 2279 2723 2333 dicit
2751 2280 3011 2334 eumdem
3031 2281 3104 2334 ad
3130 2281 3459 2352 explendum
3484 2287 3725 2334 testamen-

593 2399 618 2426 ‹‹
653 2376 986 2430 Benedictus
1016 2373 1289 2428 Dominus
1312 2372 1461 2426 Deus
1491 2370 1684 2435 Israel,
1711 2369 1844 2440 quia
1872 2369 2116 2424 visitavit
2195 2371 2337 2433 tum,
2368 2368 2517 2437 quod
2537 2367 2774 2423 Abrahae
2798 2369 3092 2440 disposuit,
3119 2387 3223 2424 nos
3251 2387 3370 2424 esse
3396 2369 3722 2433 liberaturum,

522 2484 547 2515 «
582 2471 640 2519 et
675 2464 806 2518 fecit
833 2461 1277 2533 redemptionem
1315 2459 1493 2530 plebis
1531 2475 1665 2514 suae.
1706 2478 1730 2510 »
1763 2459 1987 2522 Quanta
2015 2473 2112 2512 su-
2195 2455 2330 2525 quia
2359 2455 2614 2511 videlicet
2659 2457 2746 2510 his
2780 2459 3056 2529 praecipue
3102 2459 3435 2530 patriarchis
3467 2459 3531 2512 de
3555 2475 3638 2512 suo
3661 2474 3724 2511 se-

519 2553 676 2623 perni
709 2552 958 2607 muneris
988 2556 1074 2604 est
1100 2550 1350 2620 largitas,
1381 2549 1426 2603 si
1456 2553 1718 2620 prompta
1741 2548 1811 2601 ad
1835 2547 2112 2618 accipien-
2194 2544 2346 2599 mine
2373 2545 2460 2598 vel
2483 2547 2842 2616 congregatio
2867 2547 3146 2618 gentium,
3167 2549 3254 2602 vel
3274 2548 3471 2603 Christi
3489 2553 3566 2600 est
3589 2546 3725 2600 incar-

517 2643 650 2695 dum
685 2648 888 2695 nostrae
920 2641 1049 2694 ﬁdei
1078 2639 1150 2692 sit
1181 2639 1380 2710 pietas,
1421 2637 2108 2710 perpenderepossumus.
2193 2631 2347 2685 natio
2371 2633 2661 2703 promissa,
2697 2635 2846 2704 quod
2869 2636 3168 2690 Matthaaus
3190 2652 3409 2706 quoque
3435 2634 3644 2688 breviter
3665 2633 3724 2685 in-

519 2731 656 2784 Ecce
687 2730 926 2800 loquela,
966 2744 1090 2799 quae
1125 2708 1247 2781 sola
1295 2731 1382 2780 est
1417 2708 1607 2780 ablata
1645 2708 2111 2788 difﬁdentixcum
2193 2719 2395 2774 timare
2417 2721 2612 2788 voluit,
2635 2721 3026 2792 quiEvangelii
3045 2725 3135 2776 sui
3151 2724 3480 2794 principium
3499 2719 3725 2776 hocmodo

515 2817 716 2889 spiritu
768 2817 1074 2889 prophetiae
1112 2822 1198 2870 est
1243 2815 1505 2870 restituta
1542 2814 1810 2869 credenti.
1853 2813 2110 2868 Visitavit
2190 2807 2385 2878 coepit:
2413 2826 2441 2861 α
2465 2809 2631 2863 Liber
2653 2811 3036 2880 generationis
3062 2813 3198 2866 Jesu
3229 2811 3432 2867 Christi
3459 2810 3549 2866 ﬁlii
3571 2807 3722 2871 Dau'd,

513 2911 701 2960 autem
728 2905 999 2960 Dominus
1018 2905 1236 2976 plebem
1267 2920 1450 2969 suam,
1486 2904 1649 2974 quasi
1675 2903 1844 2974 longa
1869 2902 2110 2956 inﬁrmi-
2191 2895 2292 2949 ﬁlii
2312 2895 2615 2951 Abraham.
2656 2917 2678 2948 ι
2709 2897 2814 2954 Ubi
2843 2899 3176 2965 notandum,
3213 2901 3361 2972 quod
3387 2899 3525 2970 apud
3551 2904 3723 2951 utrum-

511 3000 633 3048 tate
661 2994 1062 3060 tabescentem,
1095 2999 1152 3048 et
1195 2993 1354 3064 quasi
1405 2993 1682 3048 venditam
1715 2991 1820 3046 sub
1858 2998 2104 3062 peccato,
2129 3047 2165 3064 ﬂ
2193 3001 2300 3056 que
2339 2986 2740 3058 evangelistam
2786 2989 2962 3043 David
3007 2991 3307 3060 praefertur
3357 2988 3592 3050 Abrahm,
3623 2982 3724 3054 quin

513 3083 661 3136 unici
693 3083 793 3136 ﬁlii
826 3082 912 3136 sui
951 3082 1224 3152 sanguine
1264 3081 1520 3146 redemit,
1562 3081 1711 3152 quod
1742 3080 1875 3151 quia
1911 3080 2107 3134 beatus
2126 3047 2168 3110 ί)
2189 3082 2247 3130 et
2271 3077 2320 3132 si
2344 3081 2612 3152 temporis
2643 3080 2839 3135 ordine
2869 3082 3166 3151 posterior,
3197 3079 3563 3154 promissionis
3577 3085 3722 3132 tamen

509 3172 803 3226 Zacharias
837 3171 1087 3242 proxime
1125 3171 1440 3224 faciendum
1478 3176 1831 3239 cognoverat,
1863 3169 2106 3240 prophe-
2190 3175 2276 3222 est
2315 3186 2548 3224 munere
2588 3171 2785 3240 major.
2819 3170 3056 3225 Abrahae
3099 3188 3346 3242 namque
3390 3169 3480 3241 qui
3506 3167 3659 3222 adhuc
3681 3163 3723 3216 in

508 3259 620 3314 tico
651 3277 805 3314 more
835 3261 995 3331 quasi
1017 3261 1136 3331 jam
1185 3255 1394 3314 factum
1429 3265 1640 3313 narrat.
1674 3259 1743 3312 Et
1771 3259 2102 3323 notandum,
2189 3258 2462 3327 praeputio
2488 3258 2700 3328 positus
2723 3260 2949 3330 propria
2962 3259 3282 3331 dereliquit,
3305 3260 3477 3313 Deum
3496 3252 3718 3325 cognovit.

509 3349 654 3420 quod
687 3349 939 3404 visitasse
976 3354 1033 3402 et
1074 3349 1378 3403 redemisse
1405 3347 1634 3420 'plebem
1669 3363 1829 3402 suam
1877 3346 2100 3401 dicitur.
2188 3345 2317 3399 ﬁdei
2345 3347 2726 3401 testimonium
2757 3348 2982 3414 meruit,
3015 3349 3155 3402 ﬁdes
3194 3354 3418 3403 tantum
3441 3344 3662 3417 gentium
3682 3345 3722 3393 et

505 3439 632 3492 Non
663 3437 793 3508 quia
837 3438 1095 3492 videlicet
1125 3438 1197 3492 ad
1228 3438 1371 3492 hanc
1398 3437 1625 3491 veniens
1670 3453 1830 3491 suam
1869 3436 2098 3502 invenit,

505 3525 600 3579 sed
625 3525 759 3597 quia
785 3525 1064 3580 visitando
1091 3542 1251 3580 suam
1273 3525 1421 3580 fecit.

589 3633 617 3665 «
652 3615 720 3670 Et
759 3615 937 3670 erexit
979 3631 1153 3670 cornu
1199 3614 1397 3669 salutis
1435 3613 1596 3668 nobis
1623 3615 1682 3668 in
1709 3614 1877 3668 domo
1925 3613 2101 3669 David

502 3703 662 3776 pueri
690 3704 798 3760 sui.
827 3723 852 3756 ν)
878 3705 1064 3758 Cornu
1080 3705 1276 3758 salutis
1306 3705 1525 3758 ﬁrmam
1546 3702 1934 3757 celsitudinem
1955 3702 2102 3756 salu-

499 3792 576 3846 tis
603 3792 760 3847 dicit.
779 3794 921 3848 Ossa
947 3793 1224 3865 siquidem
1251 3792 1442 3846 omnia
1468 3809 1636 3846 carne
1664 3791 1913 3846 involuta
1943 3795 2094 3846 sunt.

501 3881 689 3936 Cornu
719 3882 936 3937 excedit
959 3899 1206 3948 carnem,
1224 3888 1282 3936 et
1301 3881 1428 3936 ideo
1443 3897 1616 3936 cornu
1632 3881 1831 3935 salutis
1859 3896 2097 3950 regnum

500 3969 804 4025 Salvatoris
836 3970 1042 4026 Christi
1065 3976 1316 4037 vocatur,
1351 3987 1461 4042 quo
1491 3969 1700 4024 mundo
1728 3970 2016 4042 spiritalis,
2042 3973 2098 4023 et

499 4075 624 4129 quae
653 4059 839 4114 carnis
864 4060 1074 4130 gaudia
1101 4065 1344 4131 superet,
1389 4059 1628 4114 altitudo
1655 4059 1953 4114 nuntiatur
1985 4076 1998 4111 :
2036 4058 2096 4113 in

495 4148 658 4217 cujus
687 4149 927 4218 ﬁguram
975 4148 1150 4203 David
1180 4149 1266 4203 vel
1311 4149 1575 4203 Salomon
1604 4164 1778 4203 cornu
1817 4147 1924 4202 olei
1965 4152 2098 4202 sunt

497 4235 557 4290 in
585 4237 744 4306 regni
769 4236 1012 4308 gloriam
1057 4238 1382 4292 consecrati.

571 4342 598 4376 α
632 4325 788 4380 Sicut
807 4326 1026 4381 locutus
1046 4331 1132 4381 est
1150 4343 1254 4397 per
1277 4343 1340 4382 os
1355 4333 1696 4390 sanctorum,
1721 4327 1816 4397 qui
1836 4343 1871 4380 a
1891 4327 2094 4381 saeculo

2186 3441 2574 3489 sacrosanctus
2607 3437 2860 3491 Ecclesiae
2901 3445 3076 3492 cmtus
3101 3445 3192 3492 est
3211 3437 3526 3510 promissus,
3543 3433 3717 3487 dicente

2183 3523 2254 3577 ad
2277 3541 2407 3578 eum
2420 3525 2676 3591 Domino,
2690 3546 2712 3576 ‹
2737 3531 2906 3596 atque
2923 3526 2980 3580 in
3002 3533 3058 3580 te
3078 3525 3480 3582 benedicentur
3504 3522 3720 3576 universa

2182 3614 2542 3682 cognationes
2554 3619 2716 3668 terrae
2733 3633 2746 3682 ;
2767 3635 2789 3665 ι
2801 3603 2980 3669 David
2990 3621 3184 3670 autem
3199 3615 3420 3670 oraculo
3435 3609 3718 3668 sublimiore.

2183 3703 2331 3773 quod
2359 3721 2424 3758 ex
2443 3705 2566 3775 ipso
2587 3705 2843 3759 Christus
2872 3705 3183 3760 secundum
3209 3721 3433 3760 carnem
3461 3699 3720 3756 nasciturus

2181 3798 2330 3846 esset
2355 3793 2615 3847 audivit:
2658 3812 2682 3844 ι
2729 3795 2982 3864 Cumque
3021 3793 3361 3865 impleveris,
3405 3788 3589 3860 inquit.
3631 3783 3718 3837 dies

2179 3887 2326 3948 tuos,
2341 3888 2407 3936 ut
2423 3881 2592 3937 vadas
2610 3883 2680 3936 ad
2709 3888 2897 3954 patres
2924 3889 3070 3949 tuos,
3104 3882 3385 3938 suscitabo
3403 3894 3578 3935 semen
3595 3882 3716 3929 tuum

2179 3976 2307 4043 post
2333 3977 2408 4036 te,
2441 3971 2590 4042 quod
2627 3971 2736 4026 erit
2761 3972 2831 4026 de
2855 3971 2985 4026 ﬁliis
3010 3973 3122 4027 tuis
3144 3979 3203 4027 et
3232 3971 3504 4027 stabiliam
3528 3977 3717 4036 regnum

2178 4061 2320 4132 ejus.
2349 4061 2474 4132 Ipse
2488 4059 2788 4115 aediﬁcabit
2805 4060 2943 4115 mihi
2963 4061 3216 4128 domum,
3239 4067 3298 4116 et
3319 4057 3541 4114 Iirmabo
3556 4053 3716 4108 solium

2177 4151 2300 4221 ejus
2342 4167 2521 4222 usque
2555 4151 2614 4204 in
2652 4155 2946 4206 aeternum.
2987 4151 3103 4222 Ego
3134 4168 3234 4206 ero
3268 4151 3321 4205 ei
3353 4149 3412 4204 in
3445 4153 3652 4219 patrem,
3675 4145 3718 4192 et

2175 4238 2295 4310 ipse
2322 4239 2432 4294 erit
2459 4239 2598 4294 mihi
2627 4239 2685 4294 in
2714 4239 2893 4294 ﬁlium
2918 4241 2971 4306 (Ι
2994 4242 3125 4294 Par.
3152 4239 3305 4310 xvn).
3341 4259 3363 4290 ι

2235 4347 2262 4380 α
2282 4328 2347 4384 In
2359 4327 2655 4383 sanctitate
2669 4335 2727 4382 et
2731 4329 2753 4398 j
2761 4328 2955 4382 ustitia
2963 4345 3154 4383 coram
3169 4328 3291 4399 ipso
3304 4324 3548 4382 omnibus
3561 4318 3715 4376 diebus

499 4432 524 4464 α
559 4420 692 4469 sunt
720 4415 1121 4486 prophetarum
1155 4416 1297 4486 ejus.
1333 4435 1358 4468 »
1386 4417 1434 4470 A
1469 4416 1688 4480 saeculo,
1720 4414 1921 4485 inquit,
1963 4402 2399 4485 quiaDnostris.
2443 4437 2467 4468 ι
2513 4418 2721 4488 Aperte
2749 4423 2808 4471 et
2839 4416 3082 4472 breviter
3109 4417 3389 4490 quomodo
3425 4415 3496 4469 sit
3519 4408 3715 4467 Domino

493 4518 559 4556 ex
589 4509 710 4558 tota
729 4503 950 4559 Veteris
979 4504 1345 4560 Instrumenti
1377 4505 1667 4576 Scriptura
1703 4504 1998 4576 prOphetia
2023 4504 2093 4558 de

2175 4506 2529 4561 serviendum
2556 4507 2834 4577 designat,
2875 4505 3129 4562 videlicet
3170 4511 3230 4560 et
3266 4506 3324 4560 in
3359 4501 3625 4558 sanctitate
3665 4509 3712 4548 ac

492 4591 720 4647 Christo
766 4594 1052 4664 processit,
1105 4611 1208 4649 nec
1261 4593 1364 4648 soli
1408 4594 1700 4660 Jeremias,
1760 4593 1978 4658 Daniel,
2035 4598 2094 4648 et
2166 4595 2408 4666 justitia,
2425 4601 2482 4650 et
2507 4612 2693 4650 coram
2723 4595 2864 4666 ipso,
2883 4601 2942 4650 et
2964 4595 3226 4650 omnibus
3247 4594 3457 4649 diebus.
3487 4592 3612 4646 Nam
3637 4582 3710 4655 qui

491 4679 667 4734 Isaias
695 4681 992 4754 czeterique
1019 4683 1185 4748 tales,
1228 4682 1324 4754 qui
1359 4688 1418 4737 et
1455 4683 1743 4754 prophetae.
1774 4682 2092 4753 specialiter

489 4769 776 4840 appellati,
796 4776 854 4824 et
881 4771 930 4841 ej
941 4788 1005 4825 us
1023 4772 1266 4826 adventu
1286 4771 1582 4826 manifeste
1606 4777 1741 4826 sunt
1762 4770 1932 4825 locuti
1955 4789 1970 4838 ;
1997 4787 2087 4825 ve-

489 4873 617 4912 rum
647 4857 765 4928 ipse
787 4865 948 4929 pater
967 4859 1168 4926 Adam,
1201 4859 1340 4915 Abel
1370 4866 1426 4914 et
1447 4861 1655 4925 Enoch,
1677 4865 1735 4914 et
1763 4859 1948 4915 caeteri
1979 4861 2088 4914 Pa-

486 4953 640 5002 trum
671 4947 834 5002 factis
859 4949 1066 5020 quique
1096 4949 1214 5004 suis
1244 4950 1367 5019 ejus
1394 4949 1797 5021 dispensationi
1829 4949 2087 5004 testimo-

486 5035 644 5092 nium
673 5037 935 5092 reddunt.
961 5038 1120 5092 Unde
1144 5038 1414 5093 Dominus
1437 5038 1557 5110 ipse
1576 5038 1901 5093 Iudaeorum
1921 5037 2087 5092 duri—

483 5126 624 5180 tiam
644 5126 988 5198 redarguens
999 5127 1108 5181 ait:
1131 5145 1158 5179 ι
1178 5127 1237 5182 Si
1249 5127 1548 5181 crederetis
1565 5127 1763 5199 Moysi,
1784 5127 2087 5182 crederetis

485 5213 720 5271 forsitan
758 5215 896 5271 mihi
933 5234 944 5268 :
977 5217 1048 5271 de
1078 5233 1169 5270 me
1187 5215 1333 5271 enim
1367 5215 1462 5271 ille
1491 5215 1716 5288 scripsit
1741 5219 1920 5283 (Joan.
1951 5219 2028 5286 v).
2055 5235 2080 5268 ››

570 5322 598 5355 α
621 5305 872 5361 Salutem
888 5323 953 5361 ex
971 5305 1213 5361 inimicis
1230 5305 1436 5360 nostris
1452 5311 1510 5360 et
1525 5305 1596 5360 de
1615 5321 1787 5361 manu
1807 5305 2080 5370 omnium,

489 5407 518 5442 α
545 5392 640 5462 qui
676 5393 919 5450 oderunt
961 5411 1082 5450 nos.
1125 5414 1148 5446 ι
1194 5394 1552 5467 Jungendum
1595 5399 1683 5450 est
1723 5411 1760 5450 a
1803 5395 2080 5468 superiori

487 5479 780 5548 versiculo,
804 5483 994 5538 Erexit
1023 5483 1203 5548 nobis,
1226 5484 1284 5538 id
1317 5489 1420 5548 est,
1443 5484 1626 5540 erexit
1653 5482 1815 5539 nobis
1839 5485 2080 5539 salutem

486 5581 552 5619 ex
579 5565 823 5624 inimicis
857 5571 1080 5636 nostris,
1115 5589 1243 5627 cum
1273 5573 1426 5628 enim
1453 5573 1636 5644 primo
1661 5571 1908 5629 breviter
1935 5590 2080 5644 prte-

2170 4685 2256 4738 vel
2281 4690 2413 4739 ante
2441 4689 2682 4740 mortem
2710 4683 2780 4738 ab
2805 4686 2927 4756 ejus
2947 4685 3174 4740 servitio
3194 4683 3445 4744 discedit,
3463 4670 3711 4733 immundi-

2169 4773 2251 4828 tia
2275 4773 2542 4846 qualibet,
2572 4774 2685 4827 sive
2723 4773 3020 4844 injustitia,
3059 4775 3188 4828 ﬁdei
3229 4791 3344 4828 sua:
3382 4767 3708 4825 sinceritatem

2169 4863 2556 4930 commaculat,
2603 4863 2688 4917 vel
2717 4880 2906 4917 coram
2937 4863 3257 4918 hominibus
3297 4866 3524 4923 tantum,
3550 4862 3599 4909 et
3621 4864 3706 4905 non

2168 4951 2340 5006 etiam
2368 4968 2558 5006 coram
2586 4951 2824 5007 Domino
2853 4958 3080 5006 sanctus
3109 4952 3416 5024 perdurare
3445 4939 3701 5003 contendit,

2168 5046 2227 5094 et
2247 5041 2455 5110 justus,
2497 5041 2736 5096 necdum
2778 5041 3022 5112 perfecte
3057 5042 3128 5095 de
3168 5057 3339 5096 manu
3378 5030 3702 5109 spiritualium

2168 5129 2527 5185 inimicorum
2557 5130 2825 5186 liberatus
2864 5130 3103 5186 Domino
3139 5130 3326 5194 servit,
3371 5127 3464 5182 sed
3495 5115 3699 5188 exemplo

2165 5223 2417 5276 veterum
2443 5220 2925 5276 Samaritanorum
2945 5219 3052 5274 diis
3073 5219 3327 5291 gentium
3347 5215 3546 5288 pariter
3557 5216 3606 5264 et
3619 5206 3698 5261 D0-

2166 5308 2320 5363 mino
2338 5309 2546 5364 servire
2572 5315 2828 5365 conatur.

2222 5417 2246 5449 σ
2275 5398 2344 5453 Et
2369 5403 2452 5460 tu,
2484 5415 2642 5471 puer,
2665 5399 2946 5471 Propheta
2964 5397 3238 5454 Altissimi
3267 5391 3551 5454 vocaberis,
3576 5387 3693 5441 Ρη·

2165 5504 2194 5539 ι
2223 5485 2504 5543 ibis'enim
2535 5492 2668 5542 ante
2693 5487 2893 5542 faciem
2921 5487 3166 5553 Domini,
3194 5499 3389 5558 parare
3416 5481 3524 5535 vias
3549 5476 3688 5546 eius"

2162 5575 2399 5632 Pulchre
2425 5593 2554 5631 cum
2581 5576 2651 5630 de
2678 5576 2917 5633 Domino
2956 5575 3280 5648 loqueretur
3309 5572 3378 5627 ad
3407 5565 3690 5638 Ρωριιειω
