3824 6152
106 380 211 436 1161

718 369 1089 425 comam.
1131 368 1210 423 IN
1248 366 1561 422 CANTICA
1598 366 1762 431 QUAE
1798 354 1895 423 ΑΙ)
1934 367 2213 424 LAUDES
2250 367 2640 424 DICUN’I‘UR.

3178 368 3316 425 1162

102 506 296 573 repente
316 513 408 551 sua
433 493 595 548 verba
613 492 904 555 convertit,
939 499 1001 546 ut
1031 493 1135 546 hoc
1176 507 1397 563 quoque
1424 490 1701 551 beneﬁoA
1721 490 1843 551 bus,
1871 492 2032 563 quasi
2082 510 2116 547 a
2146 510 2205 547 se
2235 494 2351 547 haec
2403 499 2606 559 essent,
2647 492 2875 559 extulit;
2924 491 3020 545 sed
3042 497 3107 545 ut
3135 492 3317 563 magis

102 592 226 646 cium
259 604 367 641 esse
420 582 637 638 Domini
686 582 1097 651 designaretur.
1131 581 1340 633 Verum
1372 579 1641 651 quaeritur

104 677 339 750 quomodo
355 679 469 727 octo
481 672 696 726 dierum
729 672 1050 741 alloquatur
1079 670 1388 723 infantem?
1418 670 1509 722 sed
1531 685 1643 739 qua

105 768 471 822 rationevocem
496 760 667 832 patris
688 777 799 813 non
834 759 1074 813 audierit
1105 765 1289 819 natus,
1315 757 1409 828 qui
1437 758 1642 810 saluta-

102 855 277 907 tionem
297 851 470 906 Marize
488 849 666 901 adhuc
688 855 847 901 utero
869 847 1089 900 clausus
1106 846 1351 899 audivit?
1372 845 1478 898 nisi
1503 844 1644 898 forte

102 941 341 1014 putandus
362 945 440 992 est
459 936 749 991 Zacharias
780 942 1008 1007 propter
1028 954 1122 988 eos
1152 935 1357 1006 potius,
1388 934 1481 1003 qui
1511 934 1644 986 ade-

106 1038 223 1089 rant.
238 1026 569 1082 instruendos
585 1026 777 1079 futura
797 1025 883 1078 sui
910 1024 1009 1077 ﬁlii
1030 1040 1414 1093 munera,quee
1433 1022 1643 1075 dudum

104 1137 183 1191 per
203 1117 438 1187 angelum
467 1115 755 1179 didicerat,
794 1130 940 1173 mox,
976 1120 1037 1166 ut
1076 1112 1227 1182 loqui
1266 1111 1464 1182 potuit,
1504 1128 1644 1181 pra:-

102 1210 255 1262 dicare
281 1205 520 1259 voluisse.
556 1204 804 1258 Audiant
828 1219 963 1256 sane
983 1201 1177 1255 Ariani
1210 1207 1266 1253 et
1294 1200 1643 1261 erubescant,

103 1294 296 1351 audiant
321 1293 587 1347 mansueti
612 1298 667 1346 et
688 1293 965 1357 laetentur,
988 1291 1136 1361 quod
1155 1290 1443 1343 Christum
1456 1289 1648 1344 Domi—

103 1402 235 1449 num,
279 1400 432 1454 quem
460 1383 704 1436 Joannes
736 1379 1123 1451 prophetando
1154 1378 1404 1449 praeibat,
1442 1377 1647 1431 altissi-

104 1490 227 1528 mum
246 1476 409 1535 vocat,
437 1472 600 1541 juxta
632 1470 777 1541 quod
809 1469 1107 1523 Psalmista
1126 1469 1305 1522 Deum
1335 1466 1650 1520 hominem-

108 1580 192 1633 que
219 1562 502 1632 perfectum
536 1561 595 1613 in
618 1576 724 1613 una
743 1576 983 1629 persona
1003 1558 1324 1611 collaudans
1355 1556 1459 1609 ait:
1490 1576 1513 1605 ((
1540 1557 1653 1609 Ma-

105 1660 172 1704 ter
188 1651 302 1704 Sion
320 1649 458 1703 dicet
492 1667 502 1701 :
538 1649 707 1702 homo
737 1656 791 1701 et
830 1648 996 1700 homo
1044 1648 1224 1701 factus
1253 1646 1312 1698 in
1340 1663 1423 1707 ea,
1448 1650 1505 1697 et
1534 1644 1651 1715 ipse

103 1739 312 1793 fundavit
326 1756 441 1792 eam
460 1737 954 1799 Altissimusil’sal.
980 1739 1227 1802 LxxxVi),
1256 1754 1281 1785 »
1307 1750 1435 1788 eum
1446 1733 1653 1786 factum

1724 581 2014 652 magisque
2043 583 2204 636 donis
2234 589 2382 636 esset
2404 589 2535 653 apta
2554 581 2775 646 divinis,
2800 582 2857 635 in
2878 580 3188 635 custodiam
3216 581 3319 635 hu-

1725 671 1981 724 militatis
2002 672 2204 725 mentis
2222 689 2335 726 suae
2353 688 2609 741 gressum
2628 671 2766 736 ﬁxit,
2786 687 3003 724 memor
3017 670 3317 741 Scriptum

1726 760 2097 830 pra-cipientis
2118 779 2128 813 ε
2151 782 2170 810 ι
2195 762 2416 824 Quanto
2445 777 2683 830 magnus
2708 777 2786 824 es,
2804 759 3038 813 humilia
3056 764 3113 813 te
3134 759 3191 813 in
3204 776 3319 813 om-

1725 849 1889 901 nibus
1922 851 2104 915 (Eccli.
2138 853 2241 917 ιιι),
2288 866 2525 920 moxque
2555 856 2619 903 ut
2664 849 2898 918 angelus
2930 848 3025 920 qui
3066 848 3319 903 divinum

1727 939 1777 990 ei
1816 944 2041 1007 partum
2095 937 2391 991 nuntiabat
2420 938 2489 991 ad
2520 938 2767 992 ccelestia
2796 938 2981 1003 rediit,
3015 938 3214 1009 surgit,
3247 938 3319 991 ad

1729 1033 1995 1080 montana
2014 1027 2351 1091 conscendit,
2370 1032 2709 1099 gestansque
2725 1028 2783 1081 in
2799 1034 2960 1082 utero
2976 1028 3175 1093 Deum,
3199 1044 3319 1082 ser-

1728 1132 1921 1169 vorum
1944 1116 2044 1169 Dei
2063 1114 2380 1170 habitacula
2399 1116 2577 1187 petiit,
2612 1134 2675 1170 ac
2704 1117 2944 1188 requirit
2970 1117 3233 1188 alloquia,
3261 1117 3321 1171 in

1729 1206 1887 1274 cujus
1908 1204 2149 1258 adventu
2172 1204 2451 1259 Elisabeth
2470 1206 2864 1260 salutationem
2890 1206 3085 1260 matris
3099 1206 3322 1261 Domini

1731 1294 1982 1353 audiens,
2022 1311 2149 1347 mox
2171 1294 2239 1347 de
2270 1311 2335 1347 ea
2365 1295 2716 1365 prophetavit
2746 1301 2802 1348 et
2834 1300 3073 1349 matrem
3095 1295 3320 1349 Domini

1731 1382 1800 1435 ad
1832 1400 1890 1435 se
1937 1383 2152 1436 venisse
2204 1388 2412 1436 testata
2449 1389 2552 1448 est,
2586 1400 2754 1454 quam
2797 1383 3146 1438 benedictam
3175 1384 3325 1439 inter

1732 1471 1996 1524 mulieres
2040 1489 2161 1525 esse
2199 1476 2253 1524 et
2282 1471 2635 1526 benedictum
2676 1472 2918 1526 fructum
2962 1472 3173 1526 ventris
3202 1473 3324 1542 ejus

1733 1560 2133 1630 pronuntiavit,
2167 1559 2397 1630 insuper
2425 1566 2482 1614 et
2510 1561 2580 1614 ad
2610 1577 2797 1615 vocem
2828 1562 2950 1631 ejus
2978 1562 3229 1615 narravit
3243 1561 3325 1615 in-

1735 1649 1943 1701 fantem
1974 1648 2030 1701 in
2044 1654 2203 1702 utero
2236 1666 2337 1702 suo
2369 1650 2673 1703 exsultasse
2697 1650 2908 1721 Spiritu
2937 1655 3128 1721 sancto
3142 1651 3323 1721 reple-

1734 1744 1875 1791 tum.
1912 1738 2039 1791 Haec
2068 1755 2290 1809 quoque
2319 1738 2553 1793 audiens
2591 1720 2786 1803 Maria,
2821 1756 2934 1793 non
2962 1720 3022 1793 se
3046 1720 3328 1810 jactanter

106 1828 180 1898 qui
217 1827 448 1881 fundavit
488 1826 753 1881 eumdem
782 1825 1068 1879 hominem
1102 1841 1269 1894 quem
1316 1821 1717 1893 altissimum};
1736 1826 1887 1879 inani
1914 1827 2093 1895 gloria
2125 1827 2339 1891 extulit,
2358 1827 2455 1881 sed
2476 1828 2654 1899 magis
2686 1845 2785 1899 per
2815 1828 3190 1882 humilitatem
3209 1834 3329 1883 tota

108 1922 363 1987 nuncupat.

163 2024 183 2055 ε(
204 2005 275 2058 Ad
288 2005 517 2059 dandam
544 2003 841 2058 scientiam
857 2002 1055 2056 salutis
1066 2001 1214 2072 plebi
1233 2002 1280 2071 ej
1290 2017 1353 2055 us
1375 2000 1434 2053 in
1454 1999 1654 2052 remis-

106 2092 280 2147 sionem
294 2100 646 2164 peccatorum
666 2091 1094 2155 eorum.»Quasi
1110 2092 1135 2144 ,Ι
1144 2107 1272 2143 esus
1292 2090 1437 2143 idem
1453 2106 1517 2142 ac
1536 2088 1655 2142 Sal-

109 2183 275 2236 vatoris
300 2199 496 2237 nomen
514 2198 796 2253 exponere
822 2197 885 2234 ac
906 2180 1231 2249 diligentius
1261 2178 1653 2232 commendare

106 2271 397 2335 desiderans,
417 2271 618 2325 salutis
633 2270 976 2324 mentionem
990 2270 1463 2339 frequentat,cum
1483 2283 1655 2320 cornu

108 2360 268 2414 salutis
319 2361 665 2430 erigendum,
719 2358 957 2413 salutem
1007 2375 1071 2411 ex
1109 2357 1353 2410 inimicis
1383 2357 1650 2417 futuram,

108 2449 355 2503 scientiam
387 2449 589 2503 salutis
620 2447 767 2519 plebi
799 2447 1041 2501 dandam
1073 2452 1512 2509 commemorat;
1560 2443 1657 2497 sed

109 2554 162 2589 ne
183 2539 522 2609 temporalem
549 2537 945 2607 carnalemque
965 2535 1217 2606 promitti
1238 2536 1475 2588 salutem
1500 2537 1660 2604 puta-

112 2643 196 2683 res.
223 2646 243 2677 (ι
271 2628 322 2680 in
352 2627 760 2689 remissionem,
786 2625 987 2696 inquit,
1012 2630 1365 2695 peccatorum
1389 2640 1601 2677 eorum.
1630 2642 1654 2671 »

114 2715 282 2769 Verum
328 2717 498 2771 Judaei
550 2733 664 2770 non
721 2715 846 2768 ideo
901 2716 1091 2768 Jesum
1151 2714 1435 2768 Christum
1493 2711 1662 2765 susei-

114 2820 232 2872 pere,
259 2805 765 2859 sedAntichristum
783 2805 1362 2874 maluntexspectare;
1389 2801 1519 2872 quia
1550 2817 1661 2854 non

114 2891 248 2959 intus,
268 2895 356 2948 sed
392 2895 524 2950 foris
560 2894 784 2957 salvari,
826 2910 938 2947 non
970 2911 1003 2945 a
1032 2893 1242 2964 peccati
1273 2891 1539 2947 dominio.
1565 2888 1661 2943 sed

113 2980 166 3033 ab
192 2983 420 3038 humanae
439 2984 731 3037 servitutis
752 2983 986 3053 cupiunt
1012 2984 1149 3052 jugo
1171 2981 1418 3033 liberari.

169 3089 187 3122 ι
216 3072 310 3125 Per
327 3073 532 3127 viscera
568 3071 965 3126 misericordia:
995 3071 1095 3125 Dei
1127 3071 1323 3133 nostri,
1360 3069 1420 3123 in
1459 3069 1660 3140 quibus

114 3175 133 3207 ι
153 3160 362 3215 visitavit
380 3180 479 3216 nos
508 3162 703 3216 oriens
734 3179 799 3215 ex
829 3162 961 3214 alto.
996 3182 1020 3211 »
1058 3161 1126 3213 Et
1154 3160 1425 3230 prepheta
1454 3159 1523 3212 de
1551 3160 1661 3212 Do-

112 3247 232 3302 mino
255 3250 497 3322 loquens:
538 3270 569 3301 α
602 3252 739 3304 Ecce
756 3250 855 3313 vir,
891 3249 1284 3320 inquit,oriens
1310 3265 1514 3301 nomen
1543 3248 1664 3317 ejus

114 3338 257 3393 (Zach.
291 3346 373 3409 vi),
397 3361 422 3393 ιι
456 3342 557 3412 qui
590 3340 715 3394 ideo
739 3346 887 3393 recte
906 3339 1092 3392 oriens
1124 3346 1367 3401 vocatur,
1403 3337 1535 3407 quia
1562 3354 1665 3390 no-

113 3423 177 3477 bis
201 3434 365 3482 ortum
396 3447 536 3484 verze
584 3429 721 3482 lucis
762 3428 1020 3500 aperiens
1052 3428 1194 3481 ﬁlios
1226 3426 1402 3480 noctis
1433 3432 1490 3479 et
1509 3433 1665 3479 tene-

112 3508 297 3570 brarum
330 3519 463 3573 lucis
491 3518 684 3573 effecit
713 3519 876 3581 ﬁlios,
908 3519 1069 3586 juxta
1087 3517 1234 3586 quod
1254 3516 1450 3568 beatus
1468 3515 1667 3567 Zacha-

114 3603 199 3657 rias
212 3614 605 3678 consequenter
635 3607 861 3678 exponit
879 3607 1068 3660 dicens
1099 3624 1111 3659 :

166 3712 187 3745 «
214 3696 521 3751 Illuminare
546 3696 635 3749 his
663 3697 756 3767 qui
788 3696 845 3749 in
883 3695 1129 3750 tenebris
1160 3702 1217 3747 et
1246 3693 1445 3747 umbra
1469 3692 1666 3745 mortis

160 3784 327 3838 sedent
345 3787 412 3839 ad
432 3786 763 3856 dirigendos
784 3786 951 3856 pedes
966 3792 1183 3838 nostros
1206 3784 1264 3837 in
1288 3783 1434 3835 viam
1455 3781 1661 3852 pacis.»

112 3872 400 3929 Sedentibus
430 3876 644 3947 quippe
674 3876 732 3929 in
763 3874 1011 3928 tenebris
1040 3878 1096 3925 et
1116 3872 1315 3926 umbra
1334 3872 1530 3924 mortis
1564 3871 1669 3923 Do-

114 3959 232 4014 mino
259 3963 599 4027 illuminare,
627 3972 712 4017 est
732 3964 817 4016 his
849 3962 1014 4031 quiin
1046 3962 1284 4032 peccatis
1318 3966 1374 4013 et
1402 3960 1667 4030 ignoran-

112 4047 181 4102 tiae
198 4053 426 4107 czecimte
438 4054 684 4108 vixerint
711 4051 1013 4121 agnitionis
1035 4051 1351 4120 amorisque
1376 4049 1463 4102 sui
1484 4048 1669 4101 radios

110 4135 379 4209 infundere,
424 4142 688 4214 qualibus
738 4141 872 4194 dicit
933 4141 1232 4211 Apostolus
1279 4140 1491 4207 (Ephcs.
1552 4141 1603 4205 v)
1654 4154 1665 4189 :

1738 1916 2048 1969 intentione
2076 1916 2251 1969 animi
2279 1917 2491 1987 gratias
2518 1918 2633 1971 Deo
2664 1917 2858 1971 retulit
2886 1918 3077 1972 dicens
3108 1936 3119 1971 :

1810 2005 2165 2075 «Magniﬁcat
2175 2006 2365 2059 anima
2380 2023 2505 2060 mea
2521 2006 3331 2079 Dominum,etexsultavitspi-

1737 2094 1879 2148 ritus
1911 2112 2070 2149 meus
2100 2094 2156 2148 in
2186 2095 2300 2149 Deo
2331 2095 2565 2149 salutari
2583 2112 2726 2149 meo.
2760 2115 2784 2147 »
2802 2095 2999 2161 Tanto,
3021 2094 3222 2167 inquit,
3239 2112 3328 2150 me

1736 2184 2029 2249 Dominus,
2052 2190 2281 2255 tamque
2297 2184 2550 2238 inaudito
2563 2200 2795 2237 munere
2815 2183 3153 2249 sublimavit,
3180 2185 3326 2255 quod

1737 2290 1847 2326 non
1866 2273 1979 2326 ullo
2005 2273 2209 2342 linguae
2238 2273 2417 2326 ofﬁcio
2441 2272 2723 2343 explicari,
2748 2272 2843 2327 sed
2873 2273 2993 2344 ipso
3022 2273 3107 2327 vix
3128 2272 3328 2326 intimo

1739 2361 1979 2431 pectoris
2018 2362 2218 2414 aﬁ'ectu
2244 2361 2430 2414 valeat
2466 2361 2882 2432 comprehendi,
2928 2366 2985 2415 et
3028 2360 3153 2415 ideo
3181 2365 3329 2415 totas

1740 2449 1939 2503 anima:
1969 2449 2112 2503 vires
2134 2449 2191 2503 in
2222 2449 2453 2520 agendis
2490 2449 2802 2519 gratiarum
2839 2448 3097 2503 laudibus
3136 2449 3325 2515 oﬁ'ero,

1740 2544 1920 2592 totum
1951 2538 2007 2591 in
2024 2538 2456 2610 contemplanda
2476 2538 2862 2608 magnitudine
2878 2540 3001 2609 ejus
3021 2538 3231 2592 cuinon
3247 2543 3332 2593 est

1743 2627 1868 2680 ﬁnis
1880 2627 2151 2697 quidquid
2170 2627 2306 2691 vivo,
2327 2627 2527 2691 sentio,
2547 2627 2822 2694 discerno,
2851 2627 3206 2697 gratulanter
3224 2627 3331 2681 im-

1742 2717 1943 2786 pendo,
1969 2716 2101 2786 quia
2129 2721 2186 2769 et
2215 2716 2465 2785 ejusdem
2480 2717 2506 2769 J
2514 2732 2631 2779 esu,
2648 2716 2705 2769 id
2735 2720 2839 2781 est,
2863 2715 3142 2781 salutaris,
3168 2716 3333 2787 spiri-

1744 2812 1834 2859 tus
1872 2822 2029 2859 meus
2056 2810 2266 2861 aeterna
2295 2804 2587 2859 divinitate
2625 2806 2866 2871 laetatur,
2895 2806 3055 2875 cujus
3087 2822 3176 2859 me
3207 2822 3335 2859 caro

1743 2894 2041 2964 temporali
2063 2894 2422 2965 conceptione
2453 2895 2711 2961 laetatur;
2744 2894 2833 2948 cui
2872 2894 3055 2949 simile
3085 2900 3172 2949 est
3197 2894 3337 2949 illud

1744 2983 2054 3037 Psalmiste
2080 3001 2089 3035 :
2131 3003 2159 3033 (ι
2186 2983 2390 3037 Anima
2418 2990 2607 3037 autem
2636 3000 2763 3037 mea
2790 2982 3093 3038 exsultabit
3132 2983 3190 3037 in
3222 2984 3334 3038 Do-
3408 3034 3421 3039 ξ

1744 3073 1917 3137 mino,
1969 3078 2025 3125 et
2076 3072 2446 3126 delectabitur
2502 3089 2671 3143 super
2722 3072 2967 3126 salutare
3002 3073 3124 3143 ejus
3169 3075 3334 3136 (Psal.

1744 3165 1976 3227 xxx1v),)
2011 3167 2068 3215 et
2094 3161 2211 3231 ipse
2232 3162 2380 3215 enim
2428 3160 2649 3215 Patrem
2674 3161 2989 3233 Filiumque
3018 3160 3142 3232 pari
3170 3176 3339 3215 vene-

1746 3250 1977 3304 rabatur
2003 3268 2213 3305 amore.

1823 3362 1845 3389 ‹‹
1880 3340 2023 3403 Quia
2069 3339 2311 3409 respexit
2355 3338 2731 3394 humilitatem
2778 3340 2993 3394 ancillae
3024 3357 3158 3406 suae,
3213 3356 3340 3394 ecce

1753 3447 1778 3481 α
1803 3428 1951 3481 enim
1988 3446 2052 3481 ex
2085 3429 2187 3481 hoc
2220 3427 2439 3481 beatam
2470 3444 2559 3480 me
2589 3428 2776 3482 dicent
2805 3445 2998 3482 omnes
3026 3428 3340 3499 generatio-

1753 3536 1778 3570 α
1810 3536 1928 3571 nes.
1958 3537 1979 3566 ι
2018 3517 2191 3587 Cujus
2220 3515 2509 3570 humilitas
2540 3516 2839 3586 respicitur
2881 3523 3049 3582 recte,
3073 3515 3240 3571 beata
3271 3517 3341 3570 ab

1750 3606 2008 3659 omnibus
2030 3604 2475 3675 cognominanda
2498 3606 2836 3675 gratulatur,
2869 3606 3013 3659 sicut
3028 3605 3341 3659 econtrario

1748 3696 1906 3765 cujus
1934 3694 2195 3765 superbia
2219 3694 2483 3764 despecta
2496 3694 2920 3760 condemnatur,
2949 3694 3114 3760 Eva},
3159 3693 3214 3748 id
3234 3700 3338 3757 est,

1750 3803 1827 3837 vze
1858 3784 1970 3837 sive
1994 3782 2347 3845 calamitatis,
2375 3782 2600 3836 nomine
2630 3783 2870 3836 multata
2888 3782 3141 3837 tabescit.
3175 3784 3344 3837 Dece-

1751 3874 1845 3927 bat
1873 3873 2023 3926 enim
2054 3876 2118 3925 ut
2142 3872 2286 3926 sicut
2316 3888 2415 3941 per
2444 3871 2767 3942 superbiam
2791 3872 2983 3942 primae
3007 3878 3211 3926 nostrae
3240 3890 3343 3943 pa-

1750 3962 1924 4015 rentis
1946 3979 2095 4015 mors
2126 3962 2182 4014 in
2223 3961 2494 4014 mundum
2525 3961 2771 4022 intravit,
2796 3961 2877 4015 ita
2916 3978 3016 4032 per
3053 3961 3343 4016 humilita-

1750 4056 1863 4104 tem
1898 4051 2083 4104 Marize
2098 4050 2221 4105 vitm
2243 4050 2508 4103 introitus
2542 4050 2901 4121 panderetur.

1828 4158 1851 4190 «
1885 4140 2028 4202 Quia
2046 4139 2175 4192 fecit
2189 4139 2325 4193 mihi
2340 4156 2543 4209 magna
2563 4139 2657 4210 qui
2678 4146 2876 4211 potens
2897 4146 3000 4206 est,
3023 4145 3081 4194 et
3091 4146 3347 4196 sanctum

112 4247 129 4275 ε
149 4227 328 4285 Fuistis
357 4232 665 4303 aliquando
687 4229 949 4291 tenebrae,
979 4245 1126 4282 nunc
1153 4235 1342 4282 autem
1368 4228 1458 4280 lux
1479 4226 1537 4279 in
1568 4226 1672 4279 Do-
1757 4246 1784 4279 α
1818 4245 2021 4281 nomen
2071 4229 2213 4297 ejus.
2252 4248 2278 4282 »
2312 4228 2395 4282 Ad
2426 4229 2648 4283 initium
2679 4229 2943 4284 carminis
2974 4228 3217 4302 respicit,
3252 4229 3350 4284 ubi

111 4317 252 4372 mino.
278 4341 300 4371 η
321 4321 498 4376 Pedes
520 4328 713 4375 autem
736 4319 912 4373 nostri
929 4320 985 4372 in
1002 4318 1147 4371 viam
1166 4318 1315 4388 pacis
1329 4316 1666 4386 diriguntur,

110 4421 212 4460 cum
231 4410 508 4465 actionum
541 4416 865 4464 nostrarum
897 4408 1005 4461 iter
1024 4426 1121 4478 per
1141 4406 1325 4461 omnia
1342 4406 1675 4475 Redempto-

1754 4317 1964 4370 dictum
2001 4323 2113 4370 est:
2142 4337 2168 4370 ι
2202 4318 2523 4386 Magniﬁcat
2556 4318 2747 4373 anima
2773 4336 2900 4373 mea
2935 4320 3234 4373 Dominum
3266 4339 3283 4373 :
3318 4338 3343 4371 ››

1755 4407 1873 4460 sola
1901 4406 2106 4477 quippe
2139 4407 2326 4460 anima
2349 4405 2463 4473 illa,
2499 4408 2587 4460 cui
2618 4408 2891 4462 Dominus
2936 4424 3141 4479 magna
3166 4408 3347 4462 facere

110 4494 170 4545 ris
194 4496 691 4570 illuminatorisque
740 4497 917 4551 nostri
944 4497 1139 4567 gratiae
1169 4495 1497 4557 concordat;
1543 4511 1671 4547 con-
1695 4490 1734 4544 ll
1757 4495 2042 4565 dignatur,
2076 4495 2263 4565 dignis
2294 4513 2421 4549 eum
2454 4495 2744 4566 praeconiis
2774 4496 3153 4566 magniﬁcare,
3190 4501 3247 4549 et
3276 4496 3348 4551 ad

107 4600 225 4651 grue
252 4605 377 4643 sane
416 4590 617 4643 ordine
647 4589 827 4658 primo
860 4586 1228 4640 illuminanda
1259 4585 1425 4639 corda
1455 4591 1511 4637 et
1552 4592 1672 4655 post
1757 4592 2043 4638 consortes
2074 4584 2324 4654 ejusdem
2356 4584 2468 4637 voti
2507 4601 2572 4637 ac
2620 4585 2890 4655 propositi
2933 4590 3117 4655 potest
3146 4585 3347 4638 cohor-

108 4688 249 4741 opera
262 4677 555 4747 dirigenda
578 4683 836 4741 testatur,
860 4675 991 4745 quia
1012 4691 1196 4735 nemo,
1222 4690 1386 4744 quam
1422 4690 1529 4726 non
1545 4680 1673 4726 ante

110 4759 333 4818 didicerit
357 4784 556 4837 pacem
581 4766 725 4819 valet
741 4764 980 4836 operari.
1008 4764 1165 4818 Unde
1188 4770 1332 4816 recte
1356 4761 1667 4815 Psalmis-ta:

113 4851 356 4923 «Inquire,
380 4856 785 4926 inquit,pacem
800 4862 856 4907 et
867 4870 1099 4924 sequere
1111 4870 1232 4906 eam
1249 4856 1404 4906 .l’ml.
1436 4854 1634 4917 xxxiii),
1647 4868 1671 4901 ι)

110 4942 324 5007 quodest
346 4944 553 5009 dicere,
573 4944 914 5007 illuminare,
947 4943 1040 5013 qui
1076 4943 1131 4996 in
1153 4940 1397 4995 tenebris
1420 4939 1669 5004 sedebas,

106 5034 149 5078 et
171 5031 303 5086 viam
315 5034 486 5104 pacis,
506 5051 541 5088 a
559 5051 669 5105 qua
690 5033 901 5087 diutius
918 5031 1229 5097 exsulabas,
1254 5030 1564 5101 ingredere.

105 5136 1682 5159 ______________________.

782 5230 973 5268 INCIPIT

540 5331 911 5389 CANTICUM
963 5327 1211 5385 ΜΑΒΙίΕ

640 5448 835 5501 Matris
864 5446 1108 5500 Domini.

1754 4674 1926 4727 tando
1948 4673 2157 4727 dicere:
2178 4672 2562 4744 «Magniﬁcate
2578 4672 2877 4727 Dominum
2892 4679 3195 4739 mecum,et
3205 4674 3351 4728 exal-

1756 4768 1940 4816 temus
1962 4779 2163 4815 nomen
2179 4762 2299 4831 ejus
2322 4762 2378 4815 in
2400 4760 2667 4828 invicem;
2691 4782 2711 4811 ι
2753 4779 2883 4815 nam
2908 4762 3226 4834 quicunque
3247 4780 3348 4818 no-

1758 4858 1933 4905 strum
1969 4868 2134 4921 quem
2165 4851 2438 4921 cognovit,
2476 4857 2749 4921 quantum
2776 4851 2839 4905 in
2870 4870 2929 4905 se
2956 4857 3058 4918 est,
3094 4852 3351 4923 magniﬁ-

1758 4958 1885 4995 care
1908 4947 1964 4993 et
1999 4958 2204 4993 nomen
2251 4941 2373 5009 ejus
2410 4940 2760 4993 sanctiﬁcare
2791 4941 3208 5012 contempserit,
3242 4941 3349 4994 mi-

1761 5030 1949 5085 nimus
1976 5029 2261 5083 vocabitur
2281 5029 2337 5082 in
2366 5046 2538 5099 regno
2558 5030 2845 5083 caelorum.
2862 5030 3128 5084 Sanctum
3146 5045 3351 5084 nomen

1761 5122 1882 5189 ejus
1912 5124 2159 5184 vocatur,
2195 5118 2289 5189 qui
2319 5116 2621 5189 singularis
2644 5118 2885 5173 culmine
2908 5119 3169 5190 potentiae
3192 5124 3350 5173 tran-

1762 5207 1980 5262 scendit
2007 5224 2229 5261 omncm
2260 5212 2574 5261 creaturam
2624 5213 2793 5278 atque
2830 5206 2899 5261 ab
2927 5207 3200 5262 universis
3229 5224 3351 5279 quae

1756 5297 1888 5351 fecit
1915 5297 2078 5366 longe
2099 5302 2445 5366 segregatur,
2462 5296 2608 5367 quod
2638 5296 2829 5350 Graeco
2848 5296 3127 5351 locutione
3152 5296 3353 5351 melius

1759 5384 2112 5457 intelligitur,
2129 5385 2186 5439 in
2207 5384 2511 5456 quaipsum
2525 5384 2773 5451 verbum,
2792 5385 2939 5456 quod
2960 5384 3166 5440 dicitur
3179 5375 3350 5455 ἅγιον,

1766 5474 1924 5546 quasi
1945 5480 2104 5531 extra
2139 5478 2348 5527 terram
2379 5490 2501 5527 esse
2532 5473 2830 5543 signiﬁcat,
2863 5474 3023 5544 cujus
3052 5473 3223 5528 etiam
3253 5491 3355 5529 nos

164 5566 485 5626 Beatissima
506 5570 664 5643 virgo
685 5571 865 5627 Maria
884 5576 1180 5642 postquam
1200 5586 1260 5622 se
1286 5566 1495 5622 caelesti
1518 5571 1682 5637 partu
1764 5564 2076 5617 imitatione
2105 5578 2206 5634 pro
2227 5562 2454 5616 modulo
2481 5568 2673 5617 nostro
2694 5562 2978 5633 segregari
3003 5563 3357 5636 praecipimur

110 5658 368 5721 εηιήάειω
388 5660 669 5733 cognovit,
704 5677 1061 5734 nequaquam
1082 5676 1141 5713 se
1171 5659 1240 5713 de
1270 5657 1432 5712 donis
1451 5654 1684 5709 coelesti-

321 5761 596 5824 ernon.
629 5761 810 5824 CXII.

1766 5652 1836 5707 ab
1866 5651 2125 5707 omnibus
2163 5649 2260 5722 qui
2287 5667 2400 5707 non
2440 5658 2571 5707 sunt
2602 5651 2781 5707 sancti
2810 5668 2912 5707 nec
2945 5652 3062 5707 Deo
3090 5650 3355 5721 dedicati,

3045 5749 3121 5815 37
