3942 6158
515 276 652 346 1163

1097 273 1159 326 Β.
1201 268 1473 332 ΒΑΒΑΝΙ
1511 263 1742 326 MAURI
1780 253 2118 321 ARCHIEP.
2159 247 2484 314 MOGUNT.
2528 247 2824 311 OPERUM
2861 243 3046 304 PARS
3094 241 3188 301 III.

3597 237 3707 300 ii“

511 409 731 464 dicente
758 402 996 466 Domino
1021 420 1033 454 :
1073 419 1096 450 «
1123 396 1312 457 Sancti
1342 399 1540 458 estote,
1581 389 1712 461 quia
1741 393 1798 440 et
1823 402 1926 456 ego
1970 399 2101 436 san-
2121 397 2168 456 Α
2186 377 2404 434 sionem
2430 373 2662 450 accepit,
2696 376 2760 424 ut
2787 370 2866 424 sic
2893 367 3181 438 utriusque
3209 363 3386 438 populi
3414 369 3556 436 pater
3576 363 3710 416 ﬁeret

513 502 636 557 etus
661 511 787 554 sum
819 494 868 559 (Ι
897 494 1004 545 Prt.

511 587 604 654 rit,
641 582 838 644 merito
869 585 1024 634 extra
1050 583 1262 634 terram
1307 578 1364 626 et
1412 575 1568 624 extra
1599 565 1868 622 mundum
1903 559 2105 614 videbi-

512 683 624 728 tur.
661 674 854 726 Potest
881 669 1028 725 enim
1067 671 1124 719 et
1152 665 1269 736 ipse
1297 661 1502 724 dicere,
1537 672 1706 728 super
1755 660 1963 710 terram
1991 666 2105 702 am-

513 763 771 816 bulantes
791 753 1266 812 conversationem
1301 751 1358 802 in
1389 747 1542 800 ccelis
1560 744 1848 802 habemus.

591 871 613 902 α
647 850 716 909 Et
746 844 1125 901 misericordia
1155 843 1276 914 ejus
1295 856 1329 892 a
1349 835 1610 914 progenie
1632 833 1689 886 in
1719 829 2013 906 progenies
2045 825 2110 879 ti-

522 962 542 992 α
572 937 851 993 mentibus
863 951 1010 990 eum.
1033 953 1056 984 ι)
1083 933 1130 985 Λ
1148 926 1481 1006 specialibus
1512 941 1570 980 se
1605 921 1766 975 donis
1789 920 1858 974 ad
1877 931 2107 988 genera-

518 1029 592 1085 lia
611 1027 710 1083 Dei
718 1025 932 1103 judicia
945 1026 1290 1084 convertens,
1315 1015 1489 1072 totius
1517 1009 1747 1066 humani
1767 1006 1989 1078 generis
2001 1009 2110 1056 sta-

517 1126 638 1174 tum
669 1096 954 1178 describit,
989 1117 1046 1164 et
1094 1108 1227 1186 quid
1264 1103 1508 1178 superbi.
1545 1101 1676 1178 quid
1721 1096 1961 1154 humiles
1990 1110 2108 1146 me-

515 1212 764 1269 rcantur,
799 1200 932 1278 quid
962 1198 1060 1254 ﬁlii
1091 1179 1224 1254 Adm
1248 1211 1348 1270 per
1369 1191 1607 1244 liberum
1632 1186 1948 1242 arbitrium,
1976 1179 2106 1251 quid

518 1294 616 1352 lilii
649 1293 746 1350 Dei
770 1291 885 1351 sint
914 1305 1014 1366 per
1031 1284 1293 1358 gratiam,
1317 1279 1550 1338 alternis
1573 1275 1820 1330 versibis
1849 1271 2104 1342 explicat.

516 1386 640 1439 Non
675 1398 826 1452 ergo,
862 1377 1062 1452 inquit,
1088 1374 1188 1430 soli
1220 1370 1354 1424 mihi
1383 1369 1512 1426 fecit
1535 1383 1758 1436 magna,
1796 1361 1890 1432 qui
1914 1357 2138 1432 potens'

518 1480 622 1536 est,
643 1471 738 1526 sed
761 1475 816 1522 et
835 1468 893 1520 in
913 1451 1066 1521 omni
1086 1467 1254 1535 gente
1270 1465 1328 1514 et
1354 1455 1638 1529 progenie,
1667 1453 1761 1523 qui
1785 1451 2106 1508 timeteum,

516 1569 573 1615 et
601 1564 866 1636 operatur
888 1553 1186 1628 justitiam,
1207 1555 1464 1620 acceptus
1485 1549 1572 1598 est
1587 1543 1688 1597 illi.

595 1669 618 1700 ι
637 1628 797 1704 i’ecit
815 1641 1123 1720 potentiam
1143 1639 1200 1692 in
1229 1635 1456 1694 brachio
1487 1649 1606 1700 suo,
1635 1628 1898 1704 dispersit
1913 1642 2110 1696 super-

521 1759 551 1790 α
579 1738 676 1791 bos
693 1739 880 1792 mente
903 1730 1055 1789 cordi
1075 1728 1181 1782 sui.
1219 1746 1242 1779 ι)
1281 1727 1344 1780 In
1365 1723 1590 1781 brachio
1620 1737 1738 1782 suo,
1773 1718 1830 1774 in
1853 1717 1971 1788 ipso
2008 1712 2173 1787 DeiB

521 1827 660 1882 Filio
681 1823 978 1898 signiﬁcat,
995 1835 1105 1878 non
1136 1815 1281 1892 quod
1304 1815 1451 1872 Deus
1478 1813 1644 1865 Pater
1657 1810 1836 1881 ﬁgura
1851 1802 2112 1858 determi-

523 1922 692 1973 netur
717 1911 902 1971 carnis
931 1910 1208 1970 humanae,
1246 1904 1408 1976 eique
1439 1900 1612 1954 Filius
1633 1905 1904 1970 tanquam
1936 1909 2111 1949 mem-

520 2005 683 2058 brum
714 2000 962 2076 corporis
995 1998 1232 2054 haereat:
1292 1992 1387 2048 sed
1421 1989 1553 2066 quia
1584 1985 1773 2041 omnia
1805 2001 1904 2056 per
1931 1983 2112 2053 ipsum

523 2095 665 2152 facta
693 2097 842 2154 sunt,
870 2089 993 2142 ideo
1024 2083 1312 2138 brachium
1355 2077 1578 2138 Domini
1618 2076 1798 2128 dictus
1825 2077 1926 2126 est.
1963 2071 2119 2125 Sicut

525 2183 676 2239 enim
705 2187 865 2238 tuum
894 2175 1183 2233 brachium
1208 2188 1306 2248 per
1327 2169 1470 2241 quod
1491 2164 1760 2242 operaris,
1792 2159 2118 2218 sicDeibra-

525 2271 713 2327 chium
752 2268 962 2326 dictum
1015 2270 1102 2320 est
1130 2263 1252 2332 ejus
1281 2258 1549 2321 Verbum,
1583 2253 1716 2328 quia
1745 2268 1844 2324 per
1873 2248 2116 2303 Verbum

525 2363 788 2434 operatus
819 2353 1190 2410 estmundum
1213 2346 1507 2416 ;curenim
1534 2345 1698 2397 homo
1714 2339 2022 2402 brachium,
2059 2341 2117 2389 ut

527 2447 738 2522 aliquid
769 2448 1032 2520 Operetur
1077 2437 1322 2495 extendit
1351 2436 1372 2487 ἲ
1429 2432 1560 2510 quia
1593 2448 1705 2484 non
1763 2428 2027 2482 continuo
2059 2428 2120 2480 ﬁt

529 2518 676 2608 quod
707 2518 911 2590 dixerit
928 2551 939 2599 ;
956 2531 1002 2584 si
1025 2535 1211 2582 autem
1237 2530 1394 2582 tanta
1413 2525 1688 2596 potestate
1708 2518 2122 2590 pralvaleretmt

529 2606 649 2683 sine
699 2623 810 2676 ullo
841 2623 998 2676 inotu
1043 2614 1289 2686 corporis
1333 2613 1417 2670 sui
1477 2609 1622 2686 quod
1681 2608 1890 2662 diceret
1939 2606 2118 2666 fleret,

529 2691 824 2768 brachium
852 2711 974 2785 ejus
1005 2705 1232 2758 verbum
1265 2703 1386 2776 ejus
1411 2705 1578 2754 esset.
1627 2699 1769 2751 Dum
1797 2711 1931 2765 ergo
1960 2691 2120 2746 audi-

531 2803 710 2858 vimus
723 2784 1014 2855 brachium
1046 2793 1146 2850 Dei
1175 2791 1358 2845 Patris
1390 2806 1510 2844 esse
1541 2789 1719 2842 Deum
1753 2784 1977 2838 Filium.
2011 2797 2121 2836 non

533 2890 692 2945 nobis
720 2887 1008 2959 obstrepat
1049 2879 1391 2936 consuetudo
1422 2869 1682 2940 carnalis,
1724 2874 1816 2927 sed
1851 2877 2120 2946 quantum

532 2981 627 3037 illo
647 2979 890 3032 donante
915 2958 1236 3050 possumus.
1271 2966 1371 3021 Dei
1401 2966 1664 3020 virtutem
1707 2968 1762 3016 et
1791 2958 2124 3035 sapientiam

533 3067 858 3142 cegitemus,
893 3079 993 3138 per
1022 3075 1194 3133 quam
1220 3057 1364 3112 facta
1395 3059 1526 3112 sunt
1542 3051 1748 3108 omnia.

610 3178 629 3205 α
665 3136 938 3224 Deposuit
959 3152 1213 3220 potentes
1245 3145 1311 3197 de
1331 3144 1482 3203 sede,
1509 3147 1565 3194 et
1580 3139 1843 3193 exultavit
1865 3136 2123 3200 humiles,

539 3267 562 3298 (ι
599 3242 911 3297 esurientes
933 3235 1184 3308 implevit
1213 3233 1389 3290 bonis.
1423 3238 1480 3284 et
1517 3229 1716 3282 divites
1745 3226 1957 3280 dimisit
2007 3225 2128 3278 ina-

539 3357 560 3384 u
601 3350 716 3392 nes.
747 3351 769 3382 ι
807 3325 1110 3384 Inbrachio
1135 3340 1266 3391 ergo
1282 3338 1382 3373 suo
1407 3317 1676 3373 Dominus
1697 3331 1796 3387 per
1815 3330 2010 3368 omnes
2035 3331 2132 3365 sae-

535 3421 645 3476 culi
673 3417 1068 3498 generationes
1097 3409 1492 3487 potentes.hoc
1505 3411 1606 3468 est,
1640 3401 1908 3474 superbos
1923 3403 1990 3455 de
2003 3402 2131 3454 sede

533 3491 820 3583 jactaiitiae
859 3523 972 3561 sua:
997 3500 1245 3578 deponit.
1280 3505 1336 3552 et
1363 3497 1570 3554 exultat
1599 3492 1859 3552 humiles,
1895 3491 1990 3562 qui
2022 3507 2132 3544 non

529 3618 633 3655 sua
660 3595 930 3675 potentia,
964 3593 1062 3646 sed
1093 3591 1146 3644 in
1181 3589 1280 3642 Dei
1316 3585 1565 3642 bonitate
1589 3582 1896 3644 conﬁdunt,
1937 3598 1962 3630 (ί
2001 3581 2130 3652 quia

539 3687 720 3742 omnis
761 3684 857 3758 qui
906 3699 964 3737 se
995 3681 1222 3734 exaltat.
1277 3672 1696 3728 lnmxiliabitur:
1732 3675 1787 3722 et
1817 3668 1912 3740 qui
1943 3686 2000 3722 sc
2035 3668 2134 3720 hu-

537 3777 734 3839 lniliat,
769 3770 1108 3826 exaltabitur
1141 3766 1352 3835 {.llulth.
1388 3773 1552 3828 xxm).
1589 3779 1613 3812 ν
1645 3758 1914 3813 Similiter
1935 3765 1990 3810 et
2012 3773 2134 3809 esu-

534 3865 742 3918 rientes
770 3861 866 3932 qui
915 3857 1170 3911 esuriunt
1217 3861 1273 3905 et
1329 3850 1530 3904 sitiunt.
1575 3847 1855 3921 justitiam
1909 3845 2132 3898 aetm'nis

539 3953 700 4006 bonis
730 3950 945 4020 implet,
979 3951 1036 3999 et
1064 3943 1262 3996 divites
1291 3955 1488 3993 avaros
1509 3946 1566 3992 et
1583 3954 1778 4008 parcos
1809 3935 2006 3993 inanes
2033 3934 2133 3987 bo-

535 4041 621 4095 nis
649 4038 911 4109 operibus
946 4033 1128 4105 perire
1159 4029 1310 4083 sinit.

615 4149 635 4178 ι
653 4121 1095 4195 Suscepitlsrael
1117 4133 1355 4192 puerum
1391 4133 1554 4170 suum
1583 4113 1882 4171 memorari
1912 4111 2130 4165 miseri-

543 4237 564 4268 ι
603 4213 802 4269 cordia:
831 4228 964 4264 suae.
1003 4233 1026 4259 μ)
1051 4207 1290 4262 Pulchre
1318 4205 1492 4259 Israel
1522 4221 1756 4275 puerum
1796 4201 2017 4255 Domini
2039 4219 2132 4272 ap-

2145 3041 2186 3096 ti

1039 494 1096 556 ι).
1123 486 1453 556 Quicunque
1475 480 1624 534 enim
1655 496 1713 530 se
1743 487 2102 530 consecrave-
2185 484 2286 539 per
2317 465 2502 526 ﬁdem,
2535 463 2698 533 juxta
2739 458 2887 532 quod
2918 454 3214 532 Apostolus
3245 452 3311 504 ad
3337 452 3592 504 Romanos
3617 451 3712 522 ple-

2186 555 2418 610 nissime
2439 549 2724 608 disseruit.
2765 547 3052 600 Adventus
3090 559 3218 612 ergo
3242 539 3542 604 Salvatoris,
3570 537 3713 592 Abra-

2185 645 2272 698 hae
2303 649 2356 696 et
2385 640 2588 695 semini
2619 640 2741 708 ejus
2763 637 2819 693 in
2847 633 3049 688 saecula
3068 630 3366 706 promissus
3387 633 3464 681 est
3485 626 3598 680 ﬁliis
3615 643 3713 701 pro-

2191 729 2492 792 missionis,
2529 727 2730 804 quibus
2773 723 3015 780 dicitur:
3056 742 3082 770 «
3117 719 3172 774 Si
3213 724 3392 774 autem
3416 733 3502 770 vos
3528 715 3714 780 Christi,

2191 839 2323 891 ergo
2351 819 2587 874 Abrahae
2619 831 2811 869 semen
2833 812 2985 876 estis,
3021 808 3320 863 secundum
3351 805 3716 882 promissionem

2191 910 2440 964 haeredes
2480 908 2680 971 (Gal/1f.
2719 917 2812 968 in).
2853 925 2874 952 λ)
2911 901 3059 958 Bene
3091 904 3275 950 autem
3309 895 3387 947 vel
3417 893 3630 954 Domini,
3656 893 3718 944 vel

2191 997 2422 1052 Joannis
2452 1001 2704 1049 exortum
2751 996 2960 1048 matres
3003 983 3383 1062 prOphetando
3411 981 3718 1058 praeveniunt,

2190 1094 2255 1141 ut
2307 1087 2452 1142 sicut
2506 1087 2795 1156 peccatum
2852 1096 2886 1132 a
2919 1075 3248 1132 mulieribus
3288 1071 3464 1147 cmpit.
3491 1071 3562 1124 ita
3585 1071 3717 1124 etiam

2192 1175 2340 1229 bona
2368 1193 2399 1228 a
2431 1171 2762 1227 mulieribus
2799 1167 3092 1239 incipiant,
3127 1171 3182 1221 et
3213 1179 3333 1234 quae
3359 1178 3453 1234 per
3478 1160 3622 1212 unius
3649 1158 3720 1212 de-

2192 1264 2503 1339 ceptionem
2559 1259 2723 1334 perit,
2757 1257 2974 1312 duabus
3031 1252 3290 1308 certatim
3339 1247 3721 1324 praeconantibus

2193 1353 2401 1406 mundo
2424 1350 2538 1404 vita.
2566 1348 2850 1404 reddatur.

2191 1468 3726 1498 _____________,__,.______..______.—__—...

2901 1591 3086 1629 INCIPIT

2339 1688 2768 1743 BENEDICTIU
2826 1679 3166 1737 SIMEONIS
3223 1675 3613 1730 ΡΗΟΡΗΕΊἈΕ.

2266 1815 2468 1867 Narrat
2495 1808 2836 1880 evangelista
2857 1808 3032 1860 Lucas
3054 1803 3222 1873 quod,
3239 1818 3364 1854 cum
3383 1798 3723 1870 parenteslesu

2196 1901 2418 1963 Domini
2448 1900 2628 1958 nostri
2656 1899 2841 1970 ipsum
2870 1908 3106 1971 puerum
3135 1891 3462 1950 inducerent
3487 1887 3542 1944 in
3567 1886 3726 1942 Hieru-

2199 1993 2372 2052 salem
2405 1991 2474 2046 ad
2506 1988 2780 2064 templum
2812 1981 3055 2046 Domini,
3089 1986 3153 2036 ut
3201 1979 3444 2036 facerent
3485 1973 3734 2031 secundum

2200 2081 2339 2152 legis
2368 2097 2468 2153 pro
2501 2095 2585 2139 eo,
2631 2062 2688 2130 et
2728 2075 2996 2130 oﬁerrent
3029 2068 3242 2126 hostias
3289 2065 3580 2122 secundum
3625 2062 3734 2132 quod

2201 2169 2469 2242 scriptum
2502 2165 2670 2222 estin
2725 2164 2846 2236 lege
2883 2157 3126 2223 Domini,
3153 2154 3433 2231 acceperit
3459 2169 3573 2208 eum
3595 2153 3738 2225 justus

2203 2241 2428 2314 Simeon
2469 2255 2528 2308 in
2558 2254 2720 2308 ulnas
2770 2267 2921 2314 suas,
2971 2253 3029 2306 et
3076 2243 3426 2302 benedixerit
3463 2241 3622 2306 illum,
3650 2255 3740 2310 pro-

2203 2345 2490 2424 phetizans
2515 2343 2583 2400 de
2617 2341 2754 2414 ipso.
2783 2341 2987 2408 Magna
3015 2335 3246 2411 quidem
3279 2330 3496 2390 Domini
3525 2326 3740 2404 potentia.

2203 2419 2300 2490 sed
2331 2451 2441 2492 non
2487 2432 2672 2490 minor
2698 2430 2874 2484 claret
2903 2425 3216 2490 humilitas,
3269 2429 3332 2478 ut
3351 2420 3442 2494 qui
3469 2419 3593 2475 c0210
3609 2423 3744 2472 term-

2203 2541 2311 2599 que
2342 2540 2453 2580 non
2485 2520 2705 2594 capitur
2740 2515 3022 2590 grandaevi
3071 2511 3320 2568 hominis
3361 2514 3599 2585 gestetur
3629 2510 3744 2560 totus

2204 2595 2262 2672 in
2292 2611 2439 2668 ulnis
2473 2631 2484 2678 ;
2515 2610 2611 2663 sed
2655 2612 2712 2662 et
2749 2605 2964 2678 tropice
2997 2602 3202 2674 accipit
3231 2601 3454 2656 Simeon
3497 2595 3741 2652 Christum.

2204 2709 2502 2758 νείκει-θυαε
2534 2699 2824 2759 infantem,
2859 2699 2923 2750 ut
2952 2693 3152 2752 doceat
3199 2707 3304 2747 nos
3334 2703 3526 2744 exuere
3549 2691 3744 2738 veterem

2205 2790 2513 2854 hominem,
2556 2787 2652 2858 qui
2701 2781 3079 2858 corrumpitur
3132 2797 3266 2836 cum
3314 2776 3522 2832 actibus
3561 2775 3680 2845 ejus,
3703 2781 3744 2824 et

2208 2885 2474 2932 renovato
2522 2875 2725 2948 spiritu
2755 2856 2958 2930 mentis
2993 2874 3204 2926 nostra:
3253 2867 3482 2922 induere
3527 2877 3637 2918 eum
3677 2856 3745 2928 qui

2207 2967 2514 3024 secundum
2547 2945 2725 3018 Deum
2754 2967 2974 3017 creatus
3024 2964 3110 3036 est
3143 2957 3206 3014 in
3249 2955 3488 3030 justitia,
3521 2959 3573 3006 et
3596 2945 3750 3005 sancti-

2207 3063 2344 3122 tate,
2376 3062 2434 3112 et
2463 3053 2716 3116 veritate,
2753 3051 2856 3106 hoc
2906 3053 3010 3112 est,
3051 3047 3401 3120 deponentes
3435 3037 3748 3100 mendacium.

2210 3145 2364 3219 loqui
2396 3142 2710 3206 veritatem,
2731 3146 2784 3194 ct
2813 3143 3016 3219 paetera
3035 3152 3158 3210 qua:
3187 3135 3260 3192 ad
3293 3131 3419 3188 novi
3447 3126 3752 3186 hominissta-

2212 3203 2332 3290 tuin
2353 3230 2639 3304 pertinent
2659 3244 2772 3292 ore,
2790 3203 2955 3281 c‘orde
2986 3203 3254 3296 etopere,
3283 3221 3559 3292 perﬁcere.
3588 3209 3755 3280 Accipit

2215 3321 2404 3377 senior
2413 3321 2602 3390 justus
2631 3315 2940 3372 secundum
2953 3313 3134 3381 legem
3153 3316 3216 3366 et
3245 3309 3538 3366 timoratus
3569 3313 3752 3376 puerum

2214 3411 2406 3464 Jesum
2425 3408 2482 3464 in
2502 3407 2665 3462 ulnas
2680 3421 2828 3469 suas,
2853 3409 2918 3458 ut
2944 3401 3231 3470 signiﬁcet
3249 3397 3527 3471 justitiam
3551 3403 3751 3464 operum.

2216 3515 2337 3568 qua:
2371 3513 2432 3548 ex
2457 3498 2579 3564 lege
2611 3501 2790 3557 erant,
2828 3491 2953 3567 quis
2983 3490 3134 3544 enim
3156 3487 3376 3544 nesciat
3404 3495 3656 3558 operaper
3671 3491 3754 3531 ma-

2217 3602 2322 3642 nus
2352 3590 2408 3638 et
2428 3583 2656 3639 brachia
2671 3565 2855 3635 solere
2885 3577 3136 3650 ﬁgurari.
3172 3574 3391 3632 Humili
3423 3571 3626 3646 quidem
3649 3565 3758 3620 salu-

2217 3673 2354 3728 taris
2383 3671 2512 3725 ﬁdei
2542 3669 2872 3740 evangelicae
2893 3667 3077 3738 gratia
3111 3663 3388 3721 mutanda
3417 3659 3600 3734 accipit
3616 3652 3756 3708 senior

2215 3763 2490 3818 infantem
2519 3761 2824 3818 Christum,
2863 3763 2920 3812 ut
2953 3755 3201 3812 insinuet
3240 3755 3344 3806 hoc
3367 3749 3614 3806 sarculum
3637 3739 3752 3816 quasi

2217 3853 2370 3910 senio
2387 3853 2506 3924 jam
2539 3855 2595 3902 et
2632 3849 2883 3916 longteva.
2911 3851 3075 3902 citate
3121 3843 3408 3898 defessum
3452 3839 3518 3895 ad
3543 3837 3752 3890 innocen-

2218 3942 2373 4006 tiam,
2400 3947 2472 3998 et.
2499 3945 2562 3994 ut
2591 3937 2671 3995 ita
2701 3935 2955 3998 dixerim,
3002 3932 3304 3991 infantiam
3335 3927 3641 3988 Christiana
3657 3936 3754 3976 cun-

2216 4027 2547 4084 versationis
2575 4025 2908 4090 rediturum,
2954 4029 3010 4074 et
3041 4021 3187 4076 sicut
3239 4019 3439 4094 aquila
3461 4017 3755 4085 juventutew

2215 4119 2366 4176 illius
2397 4133 2517 4174 esse
2546 4113 2944 4170 renovandam.

2282 4229 2304 4260 ι
2323 4209 2388 4266 Et
2411 4203 2694 4260 benedixit
2706 4203 2885 4259 Deum
2907 4207 2964 4257 ct
2979 4199 3144 4256 dixit:
3164 4199 3329 4258 Nunc
3348 4193 3576 4251 dimittis
3585 4199 3758 4243 servum

539 4305 729 4379 pellat,
764 4301 858 4373 qui
889 4299 958 4354 ab
989 4317 1054 4352 eo
1085 4297 1157 4351 sit
1195 4295 1265 4349 ad
1297 4293 1625 4348 salvandum
1655 4298 1964 4362 susceptus,
1999 4290 2132 4342 obe-
2220 4317 2241 4348 ι
2266 4289 3040 4361 tuumpomine,secundum
3065 4285 3296 4344 verbum
3318 4294 3478 4342 tuum
3507 4281 3561 4339 in
3586 4290 3712 4354 pace,
3741 4292 3756 4314 θ

537 4358 1058 4450 δὶεηῑιέηιινίάειὶοεῐ
1087 4393 1144 4440 et
1174 4384 1464 4443 humilem,
1491 4383 1650 4451 juxta
1685 4358 1840 4436 Oscae
1869 4380 2079 4432 dictum
2119 4399 2123 4432 :

2215 4385 2382 4438 Vides
2403 4399 2513 4436 non
2549 4381 2730 4434 solum
2766 4377 2924 4443 Novi,
2959 4376 3055 4434 sed
3101 4380 3159 4430 et
3193 4373 3414 4428 Veteris
3451 4358 3757 4430 Tcstamenti.

545 4504 567 4535 ι
595 4482 734 4548 Quia
767 4496 906 4554 puer
935 4477 1109 4532 Israel
1132 4481 1189 4528 et
1217 4472 1679 4537 dilexieumws-r.
1706 4471 1808 4536 x1);
1835 4487 1860 4520 ι)
1893 4486 2022 4522 nam
2040 4469 2134 4542 qui
2213 4475 2396 4542 justos
2426 4487 2522 4540 spe
2545 4471 2750 4522 futurae
2779 4467 2903 4520 vitae
2936 4463 3281 4519 desiderium
3314 4459 3561 4515 habuisse
3579 4443 3755 4511 dissolvi

543 4570 854 4626 contemnit
869 4563 1174 4630 humiliari,
1211 4579 1320 4616 non
1352 4566 1538 4631 potest
1562 4559 1754 4630 utique
1775 4557 1997 4616 salvari,
2035 4574 2136 4611 nec

544 4660 726 4716 dicere
749 4674 876 4711 cum
906 4655 1218 4725 Propheta:
1249 4651 1428 4704 «Ecce
1443 4649 1592 4702 enim
1605 4648 1753 4702 Deus
1775 4647 2004 4718 adjuvat
2024 4663 2133 4710 me,

545 4755 602 4803 et
639 4745 913 4802 Dominus
947 4747 1236 4812 susceptor
1275 4745 1358 4793 est
1395 4737 1595 4791 animae
1636 4754 1772 4789 mea)
1805 4737 1968 4802 (I’scll.
2003 4737 2130 4801 xm).

545 4837 874 4907 Quicunque
894 4838 1082 4886 autem
1107 4827 1486 4884 humiliaverit
1501 4843 1580 4893 se,
1596 4825 1739 4880 sicut
1757 4824 2136 4896 parvulus,hie

544 4934 631 4984 est
659 4927 840 4994 major
867 4922 924 4976 in
939 4936 1112 4995 regno
1135 4918 1400 4971 caelorum
1421 4916 1628 4983 (Matth.
1650 4917 1810 4982 xvm).
1855 4935 1874 4962 ι

621 5038 644 5068 (ι
677 5015 836 5070 Sicut
863 5012 1082 5065 locutus
1108 5013 1194 5060 est
1215 5005 1282 5058 ad
1316 5011 1504 5076 patres
1527 5013 1746 5057 nostros
1777 5001 2056 5055 Abraham:
2081 5009 2137 5054 et

548 5126 574 5158 α
602 5101 802 5160 semini
833 5102 954 5172 ejus
984 5097 1042 5150 in
1073 5095 1292 5150 saecula.
1323 5114 1347 5142 ·››
1382 5094 1584 5147 Semen
1613 5091 1848 5144 Abrahae
1881 5109 1990 5146 non
2012 5107 2133 5144 car-

545 5195 689 5259 nale,
724 5191 819 5247 sed
853 5185 1104 5262 spiritale
1120 5183 1416 5253 signiﬁcat,
1433 5181 1489 5234 id
1507 5187 1610 5247 est,
1635 5197 1747 5234 non
1769 5181 1891 5252 ejus
1913 5185 2134 5236 tantum

541 5298 711 5338 carne
757 5276 1100 5352 progenitos,
1134 5273 1228 5326 sed
1261 5271 1374 5326 sive
1414 5271 1473 5324 in
1495 5269 1916 5326 circumcisione
1947 5286 2045 5324 seu
2075 5268 2132 5327 in

547 5369 818 5440 prmputio
848 5364 980 5422 ﬁdei
995 5362 1146 5418 illius
1163 5360 1398 5432 vestigia
1417 5365 1663 5414 secutos:
1697 5375 1827 5412 nam
1859 5364 1916 5412 et
1937 5357 2055 5431 ipse
2077 5359 2134 5412 in

547 5429 816 5530 praeputio
845 5453 1059 5524 positus
1101 5429 1358 5512 credidit,
1399 5455 1830 5524 reputatumque
1869 5429 1964 5500 est
1984 5447 2033 5500 ei
2064 5448 2136 5502 ad

541 5544 840 5618 justitiam,
856 5547 1024 5615 atque
1054 5539 1306 5607 ejusdem
1329 5537 1458 5591 ﬁdei
1475 5537 1822 5610 signaculum
1841 5537 2134 5594 circumci-

2217 4580 2251 4616 a
2275 4577 2524 4634 corpore,
2553 4559 2664 4610 imo
2683 4555 2837 4628 pacis
2867 4554 3015 4606 viam
3042 4552 3364 4629 deputasse,
3404 4545 3655 4602 sarcinam
3679 4537 3754 4590 de-

2220 4667 2426 4722 ponere
2455 4625 2798 4710 terrestrem,
2831 4649 2896 4698 ut
2924 4647 3052 4713 pote
3101 4625 3197 4714 qui
3242 4657 3301 4694 se
3332 4639 3389 4696 in
3419 4636 3538 4692 sinu
3563 4625 3752 4687 Abram

2221 4739 2472 4809 requiem
2506 4753 2616 4790 non
2647 4733 2971 4788 dubitarent
2991 4729 3282 4784 habituros
3315 4743 3435 4782 esse
3463 4726 3755 4798 perpetuam

2219 4803 2476 4898 Denique
2528 4830 2584 4878 et
2606 4823 2872 4887 Idithum,
2904 4822 3008 4873 hoc
3036 4824 3138 4883 est,
3171 4816 3513 4878 tmnsiliator
3533 4803 3754 4898 cupidini:

2221 4924 2337 4970 tum
2371 4913 2744 4970 saeculariun'i,
2770 4917 3067 4982 postquam
3094 4907 3270 4960 multa
3282 4905 3378 4961 diu
3398 4901 3586 4958 tacitus
3604 4886 3752 4950 mundi

2219 5006 2368 5058 mala
2416 5003 2827 5074 contemplatus
2858 4999 3080 5052 interna
3112 5011 3302 5050 secum
3349 4991 3522 5045 cordis
3563 4980 3751 5038 medita-

2217 5094 2370 5146 tione
2418 5091 2713 5153 concaluit,
2748 5087 2978 5141 tandem
3017 5087 3236 5140 locutus
3277 5082 3336 5136 in
3374 5080 3558 5149 lingua
3591 5085 3689 5125 sua.
3711 5073 3750 5115 et

2218 5197 2339 5254 quae
2359 5179 2706 5250 intusogerit
2726 5192 3010 5254 promens.
3044 5193 3070 5225 α
3087 5175 3316 5236 Notum,
3343 5165 3538 5238 inquit,
3560 5162 3648 5215 fac.

2217 5272 2387 5336 mine,
2402 5271 2570 5324 ﬁnem
2585 5283 2790 5330 meum,
2809 5273 2865 5319 et
2878 5279 3177 5319 numerum
3195 5259 3410 5314 dierum
3427 5255 3747 5334 meorumiq‘ll

2218 5365 2320 5424 est,
2354 5325 2420 5412 ut
2447 5357 2619 5411 sciam
2651 5325 2789 5426 quid,
2816 5353 2963 5411 desit
2985 5350 3125 5410 mihi
3147 5369 3160 5412 ;
3189 5363 3313 5406 ecce
3338 5351 3544 5398 veteres
3561 5325 3745 5426 posuisti

2217 5415 2335 5502 dies
2366 5463 2519 5500 meos
2577 5415 2742 5514 (Ps-al.
2787 5447 3004 5506 xxxvm)
3071 5460 3092 5490 ι
3141 5435 3352 5506 Quibus
3397 5431 3593 5503 absque
3618 5415 3746 5514 dubio

2217 5537 2397 5594 verbis
2425 5534 2626 5608 aperit,
2660 5549 2828 5610 quam
2859 5505 3175 5585 maximum,
3198 5542 3254 5582 se
3285 5517 3623 5602 praesentium
3637 5505 3747 5562 681³·
