3942 6158
247 204 383 264 1165

1237 201 1453 262 LIBER
1488 201 1583 260 DE
1621 201 1874 262 SACRIS
1913 202 2324 270 ORDINIBUS,
2367 201 2520 262 ETC.

3377 200 3514 264 1166

243 329 505 386 mitatum
536 335 834 386 nacturum
865 335 1053 400 speret
1097 326 1156 383 in
1198 328 1310 382 tino
1355 327 1638 394 solatium,
1672 327 2014 399 quemAqui
2039 333 2228 384 tamen
2256 326 2437 396 gloria
2464 325 2642 395 magis
2671 325 2862 390 Israel,
2895 325 2984 383 cui
3014 325 3109 382 diu
3152 331 3430 398 speratur,
3458 330 3516 380 et

240 418 518 488 tantisper
540 417 800 475 advenire
827 417 1129 472 desiderat.

315 527 337 555 ‹
375 505 520 570 Quia
568 495 826 560 viderunt
858 506 1002 560 oculi
1034 506 1143 562 mei
1187 506 1432 561 salutare
1475 511 1656 570 tuum,
1693 506 1838 576 quod

245 614 266 644 α
300 595 515 666 parasti
544 601 674 648 ante
720 593 916 648 faciem
948 593 1201 650 omnium
1241 594 1590 666 populorum.
1627 613 1654 648 ι»
1685 594 1841 650 Beati

239 683 388 736 oculi
420 683 515 754 qui
547 683 735 736 rident
773 701 894 754 quae
916 683 1140 738 Simeon
1165 682 1324 738 vidit.
1355 702 1378 733 (ι
1415 683 1570 736 Beati
1593 683 1688 756 qui
1728 700 1840 740 non

241 772 505 826 viderunt
533 779 589 826 et
603 772 979 828 crediderunt.
1005 795 1027 822 ι
1059 772 1200 828 Illud
1227 771 1432 844 ipsum,
1465 772 1667 844 inquit,
1692 772 1840 844 quod

240 861 507 918 omnibus
530 861 886 931 postmodum
929 861 1209 932 gentibus,
1245 861 1484 931 populis,
1527 867 1583 914 et
1610 860 1834 932 linguis,

240 956 432 1004 mente
462 967 526 1004 ac
556 950 663 1003 ﬁde
705 950 1156 1021 conspiciendum
1203 949 1432 1024 parasti,
1470 967 1566 1020 spe
1607 966 1672 1003 ac
1699 949 1840 1004 dile-

239 1039 427 1093 ctione
495 1039 855 1112 quzerendum
914 1039 1234 1110 praevidisti,
1289 1039 1408 1112 ipse
1463 1039 1842 1094 desideratum

239 1144 393 1182 nunc
422 1133 480 1181 et
507 1128 691 1182 carnis
720 1134 777 1182 et
804 1128 988 1186 cordis
1033 1127 1208 1184 oculis
1236 1133 1398 1182 tuum
1435 1128 1681 1182 salutare
1709 1144 1842 1182 con-

239 1219 500 1288 templor.

316 1328 338 1358 ι
366 1307 586 1362 Lumen
604 1306 675 1360 ad
699 1305 1093 1362 revelationem
1111 1305 1387 1376 gentium,
1404 1309 1461 1358 et
1477 1305 1714 1376 gloriam
1731 1306 1845 1376 ple-

243 1417 265 1445 α
303 1395 390 1448 bis
421 1402 531 1450 tua:
579 1395 770 1450 Israel.
808 1414 832 1446 ι)
862 1395 1077 1450 Lumen
1117 1394 1344 1468 quidem
1384 1393 1608 1465 utrique
1639 1395 1844 1466 populo

238 1485 490 1538 salutare
517 1484 639 1550 Dei,
674 1484 732 1538 id
751 1490 854 1549 est,
889 1483 1145 1538 Christus
1177 1499 1212 1538 a
1240 1483 1356 1538 Deo
1394 1483 1562 1538 Patre
1588 1488 1839 1556 paratus,

265 1653 3032 1682 *Ἦ

1924 434 1990 472 ex
2021 432 2131 486 quo
2163 415 2570 488 praenuntiatus
2597 414 2838 472 advenit.
2865 415 3130 472 Gentium
3151 431 3281 470 vero
3309 413 3517 472 dicitur

1924 522 2044 560 esse
2061 505 2341 572 revelatio,
2377 521 2614 576 quarum
2645 503 2852 562 mentis
2881 504 3070 560 oculos
3097 502 3374 576 profunda
3394 505 3516 578 jam

1923 594 2169 650 ceecitate
2197 595 2504 660 demersos,
2536 610 2717 668 neque
2748 593 2864 650 ulla
2891 610 2990 664 spe
3024 593 3296 650 adventus
3324 591 3516 650 Domi-

1923 683 2034 738 nici
2079 688 2292 738 erectos
2320 683 2437 756 ipse
2468 682 2692 738 visitare
2721 683 2932 754 pariter
2961 682 3209 742 revelare
3246 686 3417 758 atque
3456 680 3518 736 il-

1922 773 2170 828 lustrare
2209 771 2470 842 dignatus
2517 779 2619 826 est.
2670 772 2740 828 Et
2787 771 2927 828 bene
2972 772 3237 828 revelatio
3263 771 3519 842 gentium

1925 862 2147 918 Israelis
2175 861 2366 932 gloriae
2425 860 2734 934 praefertur,
2757 861 2853 934 qui
2876 880 2902 914 «
2929 877 3057 918 cum
3077 861 3364 936 plenitudo
3385 877 3522 934 gen-

1923 951 2066 1006 tium
2089 949 2386 1016 introierit,
2405 955 2538 1006 tunc
2561 949 2742 1004 omnis
2771 949 2942 1006 Israel
2969 950 3154 1006 salvus
3184 951 3298 1017 fiet,
3327 967 3353 1000 »
3386 965 3521 1024 quor

1925 1039 2091 1094 modo
2119 1049 2176 1093 et
2205 1039 2502 1096 Psalmista
2529 1055 2656 1096 cum
2685 1039 2927 1096 diceret:
2958 1057 2980 1092 ι
3017 1040 3227 1094 Notum
3257 1035 3388 1092 fecit
3416 1038 3520 1094 Do—

1927 1127 2114 1183 minus
2143 1127 2390 1183 salutare
2415 1144 2580 1182 suum
2610 1133 2741 1184 ante
2769 1133 3128 1202 conspectum
3147 1127 3404 1198 gentium
3430 1143 3520 1182 Γε-

1925 1216 2124 1272 velavit
2143 1216 2421 1286 justitiam
2452 1233 2612 1274 suam
2643 1219 2806 1282 (Psal.
2834 1221 3020 1286 xcvn),
3051 1236 3072 1265 ι
3097 1215 3404 1288 subjunxit,
3434 1221 3522 1274 at-

1927 1322 2034 1376 que
2065 1305 2164 1370 ait,
2206 1325 2226 1354 σ
2261 1305 2475 1361 Memor
2502 1304 2608 1360 fuit
2655 1304 3050 1362 misericordiae
3091 1321 3207 1364 sum
3257 1303 3428 1358 Jacob
3465 1309 3523 1358 et

1926 1393 2181 1450 veritatis
2205 1410 2320 1450 sua:
2353 1393 2546 1450 domui
2575 1393 2768 1450 Israel.
2806 1413 2830 1444 ι

684 1817 1332 1918 ΒΕΑΤΙ
1418 1819 1870 1918 RAB

1931 1817 2273 1918 ᾹΝΙ
2357 1817 3092 1920 MAURI

927 2027 1322 2084 FULDENSIS
1360 2028 1665 2086 ABBATIS
1715 2028 1803 2084 ET
1841 1995 2254 2086 MOCUNTINI
2292 2028 2851 2088 ARCHIEPISCOPI

237 2181 670 2296 ‘LIBER
730 2181 887 2296 DE
937 2183 1356 2300 SACRIS
1404 2184 2102 2328 ORDINIBUS,
2154 2186 2991 2304 SACRAMENTIS
3043 2185 3529 2303 DIVINIS

1130 2537 1748 2614 VESTIMENTIS
1814 2539 2642 2632 SACERDOTALIBUS

1522 2722 1627 2782 AD
1691 2721 2246 2786 THIOTMARUM.

1700 2888 2064 2902 ῄ

846 3003 1242 3062 ΡΒΛΕΡΑΤΙΟ.

303 3092 504 3145 Rarus
517 3108 597 3155 cs,
645 3107 836 3146 servus
867 3092 1074 3148 Christi
1121 3093 1273 3158 Jesu,
1318 3092 1639 3148 THIO‘I‘HARO
1686 3094 1847 3152 fratri

223 3181 506 3236 salutem.
559 3179 714 3234 Sicut
761 3197 850 3234 me
881 3181 1112 3250 rogasti,
1145 3180 1382 3236 amande
1425 3180 1615 3246 frater,
1651 3189 1716 3238 ut
1740 3183 1846 3238 ali-

224 3286 383 3340 quas
414 3268 755 3337 quaestiones
800 3269 869 3322 de
915 3270 1282 3325 sacramentis
1318 3270 1522 3326 divinis
1564 3288 1628 3326 ac
1673 3272 1846 3328 sacris

224 3357 558 3420 ordinibus,
579 3374 678 3412 nec
702 3374 812 3414 non
835 3364 891 3412 et
913 3358 982 3412 de
1012 3358 1358 3414 vestimentis
1385 3361 1842 3425 sacerdotalibus,

219 3447 332 3502 tibi
367 3447 702 3516 exponendo
734 3446 1095 3512 absolverem,
1139 3447 1243 3504 feci
1274 3455 1548 3518 quantum
1586 3449 1762 3519 potui,
1791 3455 1850 3504 et

219 3535 376 3607 quid
406 3535 468 3592 in
507 3553 566 3590 se
597 3535 851 3605 mysterii
882 3536 1125 3590 habeant
1171 3537 1376 3607 partim
1423 3537 1846 3608 interpretando

215 3624 564 3696 partimque
589 3641 758 3678 sensu
780 3641 873 3678 eas
903 3625 1260 3679 dilucidando
1282 3626 1591 3696 explanavi.
1619 3628 1687 3680 Et
1715 3627 1846 3697 quia

214 3715 341 3769 mei
362 3721 794 3783 cooperatorem
816 3713 874 3768 in
891 3731 1048 3767 sacro
1070 3715 1384 3768 ministerio
1407 3723 1462 3768 te
1481 3715 1847 3784 elegi,hortor

213 3811 283 3858 ut
317 3802 486 3876 quod
519 3819 618 3872 pro
640 3802 968 3858 infirmitate
996 3803 1244 3872 corporis
1267 3820 1454 3857 coram
1481 3804 1670 3858 multis
1683 3822 1846 3874 expo-

211 3909 369 3946 nere
407 3907 524 3944 non
556 3908 802 3960 possum,
823 3897 884 3944 tu
907 3892 1000 3962 qui
1016 3893 1211 3962 juninr
1237 3899 1402 3948 aetate
1435 3899 1491 3947 et
1523 3893 1755 3948 validior
1785 3911 1845 3948 es

206 3997 497 4052 corpore,
543 3979 652 4032 illis
681 3979 776 4050 qui
805 3980 874 4032 ad
915 3981 1289 4034 sacerdotium
1328 3981 1570 4035 ordinati
1604 3989 1753 4047 sunt,
1789 3989 1846 4036 et

207 4067 619 4124 ministerium
640 4069 983 4122 sacerdotale
995 4087 1160 4140 agere
1180 4071 1403 4134 debent,
1431 4076 1626 4124 notum
1650 4071 1839 4135 facias,

203 4167 271 4216 et
305 4157 404 4214 eis
432 4158 794 4228 persuadeas,
827 4158 939 4211 imo
965 4159 1186 4229 jubeas,
1212 4165 1272 4214 ut
1300 4159 1598 4228 diligenter
1626 4160 1844 4214 discant

203 4249 381 4320 quod
418 4247 483 4300 in
507 4247 608 4300 hoc
638 4247 904 4316 opusculo
925 4247 1298 4319 conscriptum
1323 4255 1424 4316 est,
1451 4254 1508 4304 et
1548 4248 1618 4302 ad
1649 4266 1845 4302 eorum

199 4338 492 4392 ofﬁcium
520 4334 765 4404 pertinet
795 4353 806 4386 :
840 4341 1116 4404 quatenus
1142 4336 1249 4406 ipsi
1272 4337 1376 4389 hoc
1404 4336 1660 4392 noverint
1699 4337 1846 4408 quod
1865 4333 1906 4389 Ο

198 4445 314 4482 eos
344 4425 506 4480 scire
535 4424 812 4484 convenit.
846 4431 902 4480 et
928 4423 1075 4495 plebi
1106 4424 1210 4480 sibi
1237 4426 1547 4480 commissae
1583 4427 1848 4484 intiment

197 4517 384 4589 quod
417 4513 538 4567 illis
563 4513 620 4566 in
653 4513 974 4568 Christiana
990 4511 1260 4584 religione
1288 4515 1648 4579 credendum,
1671 4532 1845 4586 agen-

194 4607 362 4662 dum
405 4610 581 4672 atque
601 4602 908 4656 tenendum
928 4602 1020 4668 sit,
1054 4603 1134 4656 sic
1167 4603 1412 4674 utrique,
1437 4611 1493 4656 et
1520 4605 1735 4674 praelati
1767 4611 1848 4659 at-

193 4711 328 4766 que
369 4691 596 4746 subditi
614 4690 753 4744 salvi
785 4691 906 4746 ﬁeri
936 4697 1190 4764 possunt,
1223 4692 1431 4748 scilicet
1458 4693 1504 4746 si
1535 4693 1712 4764 legem
1736 4695 1846 4750 Do-

195 4783 370 4838 mini
408 4781 632 4835 intente
661 4780 1025 4846 meditantur,
1063 4786 1120 4834 et
1151 4781 1421 4836 mandata
1449 4782 1640 4836 divina
1665 4799 1847 4838 serva-

192 4891 266 4929 re
333 4873 410 4926 in
465 4869 729 4926 omnibus
785 4871 1152 4926 contendunt.
1209 4872 1296 4926 Ita
1341 4872 1492 4926 enim
1545 4873 1846 4942 Apostolus

191 4961 490 5017 scribens
518 4959 588 5012 ad
619 4958 957 5030 discipulum
987 4977 1152 5025 suum
1170 4959 1226 5014 in
1250 4960 1498 5030 Epistola
1527 4977 1630 5014 sua
1657 4961 1847 5016 docuit

191 5053 430 5110 dicens
464 5050 518 5116 (Ι
552 5050 688 5102 Tim.
722 5065 792 5112 IV,
835 5048 919 5118 14)
949 5067 960 5100 :
1001 5068 1022 5099 ε
1047 5049 1290 5104 Attende
1313 5049 1538 5104 lectioni
1559 5055 1616 5102 et
1652 5051 1846 5106 exhor-

189 5139 437 5198 tationi
479 5136 768 5192 doctrina}.
801 5137 930 5192 Noli
959 5137 1244 5208 negligere
1279 5139 1520 5208 gratiam
1555 5156 1678 5208 quae
1702 5139 1759 5192 in
1792 5146 1845 5192 te

189 5238 320 5298 est,
363 5245 506 5299 quae
536 5226 670 5280 data
697 5231 784 5279 est
813 5225 933 5292 tibi,
965 5243 1066 5298 per
1093 5227 1448 5298 prophetiam
1465 5243 1594 5282 cum
1616 5227 1846 5297 imposi-

186 5323 386 5380 tione
425 5331 631 5370 manus
653 5314 1006 5386 presbyterii,
1039 5317 1157 5370 haec
1185 5316 1477 5382 meditare,
1511 5315 1569 5368 in
1599 5316 1687 5373 his
1705 5323 1843 5384 esto,

1859 2997 1906 3056 B
1929 3012 1993 3064 ut
2019 3007 2301 3078 profectus
2327 3015 2458 3066 tuus
2495 3010 2829 3070 manifestus
2871 3011 2947 3070 sit
2973 3013 3252 3073 omnibus.
3283 3016 3526 3074 Attende

1928 3095 2029 3148 tibi
2060 3102 2117 3149 et
2144 3097 2428 3164 doctrinae,
2459 3098 2611 3154 insta
2635 3099 2695 3157 in
2722 3100 2832 3158 illis
2869 3119 2880 3158 :
2912 3101 3019 3161 hoc
3047 3103 3196 3160 enim
3225 3103 3432 3164 faciens
3469 3110 3529 3164 et

1928 3184 2172 3254 teipsum
2205 3187 2418 3240 salvum
2448 3187 2617 3242 facies
2647 3195 2704 3242 et
2732 3207 2828 3244 eos
2858 3191 2953 3261 qui
2981 3197 3038 3246 te
3068 3193 3322 3247 audiunt.
3367 3193 3527 3258 Quod

1927 3273 2115 3326 divina
2139 3275 2324 3344 gratia
2351 3281 2408 3329 te
2447 3276 2504 3330 in
2548 3285 2735 3332 mente
2763 3295 2907 3349 pura
2950 3281 3156 3335 habere
3183 3288 3242 3336 et
3268 3299 3527 3337 sermone

1928 3379 2084 3432 sano,
2115 3369 2285 3436 atque
2315 3364 2459 3420 bono
2501 3382 2670 3437 opere
2698 3384 3090 3426 consummare
3119 3371 3302 3438 faciat,
3336 3378 3529 3444 quate-

1929 3468 2035 3504 nus
2060 3451 2148 3506 hic
2175 3452 2233 3508 in
2265 3454 2386 3522 ejus
2405 3454 2630 3510 servitio
2657 3457 2794 3512 satis
2809 3457 2964 3516 utilis
2975 3461 3096 3524 ﬁas,
3121 3465 3180 3514 et
3205 3466 3333 3530 post
3357 3460 3527 3530 hujus

1930 3539 2053 3594 vitae
2081 3540 2386 3596 terminum
2415 3544 2609 3602 aeterni
2637 3546 2832 3615 gaudii
2861 3547 2922 3602 in
2948 3547 3158 3606 caclasti
3197 3564 3369 3619 regno
3397 3564 3527 3606 cum

1927 3629 2118 3684 electis
2147 3630 2246 3686 Dei
2281 3631 2560 3703 particeps
2589 3634 2812 3690 existas.

2064 3738 2194 3790 CAP.
2245 3739 2288 3791 Ι.
2325 3767 2390 3778 --
2425 3741 2492 3793 De
2526 3756 2640 3793 una
2681 3743 2777 3794 Dei
2821 3742 3058 3795 Ecclesia
3102 3744 3386 3801 catholica.

2001 3844 2093 3910 (De
2125 3845 2304 3897 Insul.
2342 3849 2470 3898 clcr.
2514 3849 2550 3900 ι.
2594 3863 2628 3912 1,
2664 3864 2708 3900 ε.
2747 3847 2825 3915 1.)
2865 3847 3108 3902 Ecclesia
3139 3865 3270 3921 ergo
3301 3849 3401 3904 Dei
3437 3867 3527 3906 ca-

1927 3931 2152 3995 tholica,
2185 3950 2308 4004 quae
2338 3950 2437 4004 per
2464 3941 2645 3989 totum
2675 3936 2866 3992 orbem
2895 3937 3130 3992 dilatata
3172 3939 3522 4006 diffunditur,

1929 4021 2134 4074 Christi
2163 4023 2390 4076 nomine
2420 4023 2713 4080 nobilitata
2732 4025 3097 4097 gloriﬁcatur.
3143 4028 3337 4084 Omnis
3373 4029 3524 4084 enim

1927 4109 2095 4162 homo
2126 4109 2221 4180 qui
2242 4119 2405 4165 rectae
2428 4113 2556 4166 ﬁdei
2578 4114 2767 4168 existit
2784 4116 3082 4188 particeps,
3109 4123 3166 4170 et
3201 4134 3358 4172 sacro
3387 4117 3524 4190 bap—

1925 4197 2150 4251 tismate
2172 4207 2554 4269 regeneratur,
2584 4219 2618 4256 a
2643 4203 2867 4258 Christo
2899 4205 3251 4260 Christianus
3275 4213 3520 4273 vocatur,

1929 4291 1987 4338 et
2007 4287 2108 4340 Dei
2138 4287 2322 4342 Patris
2351 4295 2520 4362 atque
2553 4291 2808 4346 Ecclesiae
2841 4294 3036 4347 matris
3066 4295 3451 4349 noscituresse
3464 4297 3525 4349 fi-

1929 4375 2056 4428 lius.
2083 4376 2327 4430 Ecclesia
2346 4379 2601 4434 Graecum
2632 4380 2961 4436 vocabulum
2985 4389 3087 4447 est,
3114 4383 3261 4454 quod
3291 4383 3350 4436 in
3371 4384 3524 4438 Lati-

1928 4481 2065 4517 num
2106 4465 2346 4520 vertitur
2394 4473 2702 4522 convocatio
2751 4469 2866 4523 sive
2905 4477 3218 4530 conventus.
3262 4488 3327 4526 eo
3376 4473 3524 4544 quod

1929 4569 2123 4606 omnes
2151 4561 2419 4608 convocat
2447 4556 2515 4609 ad
2561 4574 2640 4610 se.
2675 4559 2963 4613 Catholica
2993 4565 3182 4614 autem
3211 4560 3434 4628 dicitur,
3467 4561 3524 4617 id

1930 4647 2032 4707 est,
2059 4643 2406 4708 universalis,
2445 4645 2578 4715 quia
2605 4645 2662 4699 in
2691 4652 2809 4701 toto
2835 4648 3044 4702 mundo
3075 4666 3189 4704 una
3219 4657 3305 4706 est
3345 4651 3528 4708 Eccle-

1929 4730 2014 4784 sia
2047 4730 2252 4785 Christi
2287 4749 2408 4802 quae
2432 4740 2490 4787 et
2517 4750 2721 4804 sponsa
2746 4742 2802 4790 et
2821 4754 3025 4812 corpus
3051 4740 3176 4810 ejus
3205 4747 3308 4794 est.

2099 4856 2228 4912 CAP.
2263 4857 2334 4912 II.
2370 4888 2433 4897 —
2464 4859 2536 4913 De
2569 4863 2745 4914 tribus
2765 4864 3058 4918 ordinibus
3089 4865 3352 4922 Ecclesia.

2001 4965 2099 5029 (Ib.
2133 4980 2178 5016 c.
2203 4963 2279 5032 2.)
2332 4965 2477 5020 Sunt
2517 4971 2707 5022 tamen
2748 4973 2863 5022 tres
2909 4969 3136 5026 ordines
3185 4970 3244 5028 in
3282 4971 3528 5030 Ecclesia

1928 5053 2399 5120 conversantium,
2444 5053 2500 5108 id
2547 5061 2650 5121 est,
2698 5057 2990 5124 laicorum,
3037 5060 3441 5118 monachorum
3470 5069 3528 5118 et

1928 5141 2276 5208 clericorum,
2303 5159 2542 5213 quorum
2578 5144 2811 5214 primus,
2832 5146 2889 5201 id
2918 5153 3020 5214 est,
3047 5148 3240 5215 laicus,
3276 5149 3413 5206 ordo
3431 5167 3526 5220 po—

1927 5230 2141 5300 pularis
2190 5230 2616 5302 interpretatur.
2669 5234 2812 5292 Leos
2849 5235 3000 5293 enim
3039 5238 3248 5306 Graece,
3285 5239 3526 5310 populus

1928 5318 2126 5374 Latine
2162 5319 2385 5376 dicitur.
2441 5322 2729 5380 Secundus
2783 5331 2869 5382 est
2915 5327 3294 5395 monachicus,
3351 5328 3410 5386 id
3439 5335 3526 5386 est

276 5438 310 5466 ει
349 5423 494 5506 μου
522 5421 852 5490 opusculum
889 5420 949 5476 in
987 5422 1182 5477 multis
1227 5423 1380 5477 idem
1429 5428 1517 5477 est
1553 5437 1681 5476 cum
1709 5422 1854 5477 libro
1880 5440 1898 5478 ι
1922 5425 1992 5479 de
2025 5424 2385 5484 Institutione
2431 5428 2782 5498 clericorum,
2825 5433 2924 5488 sed
2964 5433 3204 5503 epistola
3239 5437 3529 5506 prunis“

189 5505 300 5560 est
335 5494 607 5552 diversa.
