3942 6158
488 291 626 348 1167

1081 293 1144 348 Β.
1185 293 1458 350 RABANI
1494 291 1727 354 MAURI
1763 289 2101 347 ARCHIEP.
2141 290 2464 347 MOGUNT.
2507 291 2806 348 OPERUM
2841 293 3026 348 PARS
3063 293 3162 349 III.

3571 300 3683 359 1168

484 419 846 491 singulariter
871 433 1224 484 conversans,
1252 417 1358 473 hoc
1386 423 1490 485 est,
1514 434 1550 472 a
1574 417 1826 474 smeulari
1845 433 2073 473 conver-
2091 419 2458 478 Arenovatur
2484 417 2545 472 in
2582 416 2926 488 agnitionem
2955 417 3056 472 Dei
3092 419 3220 485 (Col.
3257 418 3332 486 in,
3363 421 3439 489 9),
3483 441 3502 472 ι
3545 440 3682 495 quam

481 508 699 563 satione
713 513 982 562 remotus.
1007 509 1202 564 Monas
1222 507 1373 562 enim
1395 507 1585 563 Graece
1614 508 1976 580 singularitas
1995 507 2076 563 di-

478 597 642 664 citur,
677 602 736 652 et
758 597 1065 653 monachus
1092 597 1394 668 singularis
1411 597 1496 651 vel
1520 597 1823 652 solitarius.
1854 598 2076 652 Tertius

479 691 567 742 est
606 686 744 740 ordo
777 686 1070 740 clericalis.
1121 687 1314 740 Cleros
1351 685 1557 758 quippe
1599 685 1788 740 Graece
1817 703 1956 750 sors,
1989 687 2076 740 vel

434 758 444 766 ’
479 775 778 830 hereditas
806 775 1030 830 dicitur.
1055 775 1246 830 Cleros
1260 780 1448 829 autem
1472 775 1797 830 velclericos
1814 759 1953 829 hinc
1973 792 2074 846 ap-

479 865 715 936 pellatos
744 865 1008 920 Doctores
1037 863 1215 918 nostri
1239 864 1452 929 dicunt,
1479 863 1612 935 quia
1629 865 1894 918 Matthias
1922 869 2072 919 sorte

477 955 688 1010 electus
717 959 821 1021 est,
854 971 1022 1027 quem
1048 953 1291 1026 primum
1323 953 1392 1007 ab
1419 952 1685 1024 apostolis
1714 953 1953 1024 legimus
1980 971 2073 1008 or-

477 1027 877 1100 dinatumdSic
908 1049 967 1098 et
992 1059 1086 1098 eos
1115 1059 1255 1114 quos
1281 1041 1393 1097 illis
1420 1041 1768 1114 temporibus
1798 1043 2073 1097 Ecclesia-

477 1151 604 1188 rum
633 1133 914 1204 principes
942 1131 1296 1198 ordinabant,
1333 1136 1484 1186 sorte
1511 1129 1791 1201 legebant.
1839 1131 1986 1186 Nam
2017 1135 2076 1184 et

476 1221 774 1277 haereditas
813 1222 1004 1276 Graece
1051 1220 1393 1276 cleronomia
1433 1219 1766 1290 appellatur,
1798 1225 1856 1274 et
1895 1220 2072 1274 haeres

477 1312 848 1380 cleronomus.
876 1311 1183 1381 Propterea
1211 1325 1343 1380 ergo
1371 1308 1507 1363 dicti
1537 1313 1670 1363 sunt
1697 1308 1903 1376 clerici,
1941 1309 2074 1380 quia

475 1401 544 1456 de
571 1406 721 1455 sorte
749 1404 882 1454 sunt
892 1399 1134 1461 Domini,
1149 1399 1236 1452 vel
1258 1398 1390 1469 quia
1409 1397 1712 1452 Dominum
1727 1405 1946 1470 partem
1968 1399 2070 1452 ha-

473 1489 628 1556 bent,
656 1489 802 1544 sicut
829 1489 898 1542 de
926 1488 1007 1542 eis
1035 1487 1304 1559 scriptum
1347 1492 1452 1551 est,
1484 1487 1750 1558 loquente
1777 1487 2016 1542 Domino
2051 1505 2062 1541 :

473 1579 583 1647 Ego
614 1579 901 1633 hereditas
922 1591 1112 1631 eorum
1134 1577 1300 1644 (Psal.
1329 1591 1511 1640 xxxvn
1543 1575 1649 1644 18).
1675 1576 1834 1630 Unde
1849 1580 2070 1648 oportet

473 1671 539 1721 ut
556 1667 653 1738 qui
674 1667 854 1721 Deum
873 1664 1200 1721 haereditate
1229 1665 1518 1736 possident
1537 1663 1748 1735 absque
1769 1665 1884 1719 ullo
1895 1665 2069 1736 impe-

2155 506 2571 560 renovationem
2609 507 2668 561 in
2696 512 2883 562 mente
2918 513 3140 578 oportet
3167 509 3302 572 ﬁeri,
3341 511 3431 564 sed
3459 511 3510 565 in
3537 513 3686 584 capite

2156 594 2548 662 demonstrari,
2572 595 2669 650 ubi
2689 597 2811 668 ipsa
2825 613 2984 650 mens
3011 597 3258 652 noscitur
3285 597 3534 654 habitare.
3555 601 3686 664 Quod

2156 701 2286 738 vero
2315 684 2547 740 detonso
2573 685 2831 756 superius
2860 685 3042 758 capite
3069 685 3295 741 inferius
3318 687 3495 742 circuli
3518 707 3690 746 corona

2155 773 2512 844 relinquitur,
2533 774 2908 829 sacerdotium
2934 791 3276 846 regnumque
3298 777 3533 831 Ecclesiae
3551 779 3601 832 in
3625 781 3689 833 eis

2155 862 2413 916 existimo
2442 864 2692 933 ﬁgurari.
2718 864 2924 918 Thiara
2954 865 3102 919 enim
3131 866 3277 936 apud
3305 872 3505 920 veteres
3524 869 3690 922 consti-

2154 950 2420 1006 tuebatur
2447 951 2506 1006 in
2553 953 2735 1024 capite
2772 954 3143 1020 sacerdotum,
3177 954 3291 1008 hac
3318 971 3382 1008 ex
3409 954 3556 1025 bysso
3590 973 3692 1010 con-

2153 1040 2298 1095 fecta
2325 1042 2568 1108 rotunda
2584 1047 2709 1096 erat
2737 1043 2894 1114 quasi
2925 1043 3145 1114 sphaera
3166 1044 3366 1104 media.
3381 1049 3434 1098 et
3453 1043 3546 1098 hoc
3557 1045 3692 1114 signi-

2155 1131 2356 1183 ﬁcatur
2382 1131 2440 1184 in
2474 1136 2634 1202 parte
2677 1131 2874 1203 capitis
2899 1138 3081 1186 tonsa.
3115 1132 3333 1186 Corona
3359 1138 3532 1187 autem
3554 1150 3693 1187 aurea

2153 1217 2389 1273 latitudo
2421 1225 2505 1273 est
2523 1219 2733 1287 circuli,
2758 1237 2880 1292 quae
2899 1237 3097 1292 regum
3120 1221 3305 1292 capita
3323 1221 3501 1292 cingit,
3518 1228 3692 1276 utrum-

2153 1324 2261 1377 que
2280 1307 2470 1379 itaque
2497 1309 2721 1379 signum
2751 1309 3082 1381 exprimitur
3102 1311 3160 1364 in
3185 1310 3364 1382 capite
3391 1311 3690 1369 clericorum.

2152 1401 2216 1450 ut
2244 1396 2546 1468 impleatur
2575 1399 2747 1452 etiam
2776 1399 3024 1470 corporis
3070 1399 3315 1470 quadam
3355 1399 3690 1463 similitudine,

2153 1485 2301 1556 quod
2329 1487 2600 1557 scriptum
2630 1493 2734 1553 est,
2765 1489 2932 1542 Petro
2980 1488 3234 1558 apostolo
3274 1487 3486 1542 dicente
3517 1507 3528 1540 :
3553 1509 3573 1539 ε
3608 1487 3696 1544 Vos

2151 1573 2282 1628 estis
2310 1591 2490 1645 genus
2511 1577 2970 1648 electum,regale
2999 1577 3374 1632 sacerdotium
3407 1575 3692 1646 ([Pct.1i,7).

2151 1662 2431 1726 Quaeritur
2459 1669 2648 1719 autem
2678 1682 2777 1720 cur
2802 1665 2950 1732 sicut
2978 1666 3126 1737 apud
3151 1666 3414 1738 antiquos
3449 1666 3698 1720 Nazaraeos

473 1736 724 1810 dimento
752 1755 935 1810 saeculi
962 1755 1078 1809 Deo
1099 1753 1308 1808 servire
1323 1753 1605 1820 studeant,
1643 1758 1708 1808 ut
1732 1770 1975 1824 congrue
2004 1755 2068 1808 il-
2086 1736 2133 1796 B
2151 1767 2265 1806 non
2290 1759 2421 1807 ante
2450 1771 2611 1808 coma
2629 1754 2878 1808 nutritur
2898 1760 2956 1808 et
2981 1736 3061 1808 sic
3083 1736 3342 1809 tonditur
3362 1772 3374 1806 ε
3396 1755 3486 1809 sed
3505 1755 3589 1826 qui
3607 1756 3698 1808 haec

472 1844 569 1900 lud
593 1844 904 1899 Psalmistaa
923 1843 1110 1899 dicere
1126 1843 1344 1914 possint
1360 1860 1371 1895 :
1386 1844 1655 1897 Dominus
1681 1859 1814 1912 pars
1843 1844 2065 1898 Incredi-

474 1935 604 1989 tatis
631 1950 760 1988 mea:
776 1935 942 1996 (Psal.
963 1949 1053 2000 xv,
1089 1932 1158 1998 5).
1191 1933 1302 1987 Iste
1323 1937 1512 1986 autem
1535 1932 1670 1986 ordo
1689 1933 1818 2002 jure
1847 1949 2063 2004 prapo-

470 2027 626 2078 nitur
647 2021 708 2077 in
729 2021 990 2086 Ecclesia,
1024 2021 1158 2094 quia
1183 2021 1243 2074 in
1271 2020 1478 2076 sanctis
1509 2020 1777 2088 deseruit,
1796 2027 1854 2075 et
1876 2038 2063 2076 sacra-

467 2117 661 2168 menta
687 2111 909 2184 papulis
936 2110 1243 2182 dispensat.
1269 2110 1426 2165 Sicut
1441 2109 1592 2164 enim
1605 2111 1663 2164 in
1675 2109 1864 2165 Veteri
1875 2111 2065 2166 Testa—

466 2199 866 2266 mento,tribus
883 2199 1013 2254 Levi
1041 2215 1157 2271 prae
1183 2199 1398 2254 caeteris
1420 2198 1678 2254 tribubus
1707 2199 2066 2270 peculiariter

467 2305 502 2344 a
529 2289 769 2345 Domino
790 2289 967 2344 electa
986 2294 1088 2354 est,
1121 2289 1191 2343 ad
1217 2288 1572 2342 serviendum
1600 2287 1682 2342 illi
1714 2305 1814 2360 per
1843 2289 2061 2346 diversa

465 2377 650 2434 ofﬁcia
679 2379 737 2434 in
761 2377 1124 2434 tabernaculo
1155 2395 1166 2431 :
1200 2378 1282 2432 ita
1303 2383 1361 2432 et
1380 2377 1612 2432 clericus
1642 2378 1778 2432 ordo
1803 2379 2064 2449 speciali-

464 2473 554 2524 ter
580 2467 746 2523 modo
774 2469 984 2523 electus
1010 2473 1097 2522 est
1123 2467 1195 2521 ad
1231 2466 1666 2522 ministrandum
1696 2468 1811 2522 Deo
1840 2467 1898 2522 in
1931 2484 2061 2524 vero

463 2557 565 2612 Dei
603 2557 963 2614 tabernaculo
991 2557 1140 2628 quod
1169 2561 1256 2611 est
1281 2555 1524 2611 Ecclesia
1551 2573 1814 2628 praesens,
1856 2563 1921 2612 ut
1943 2574 2063 2611 ser-

463 2645 618 2701 viant
646 2646 699 2700 ei
738 2645 830 2700 die
859 2663 924 2700 ac
952 2651 1114 2700 nocte
1137 2645 1195 2699 in
1224 2646 1436 2716 templo
1463 2651 1657 2700 sancto
1685 2647 1824 2716 ejus,
1858 2651 1923 2700 ut
1951 2645 2065 2700 sint

463 2735 670 2806 populo
697 2734 757 2788 in
785 2734 874 2788 his
904 2751 1026 2806 quae
1069 2735 1140 2788 ad
1170 2735 1350 2789 Deum
1378 2735 1682 2806 pertinent,
1718 2741 1782 2790 ut
1827 2736 2064 2790 oﬂ’erant

461 2824 580 2878 Deo
607 2823 756 2878 dona
773 2828 832 2878 et
852 2823 1128 2878 sacriﬁcia
1140 2839 1240 2894 pro
1256 2841 1359 2878 sua
1379 2829 1436 2878 et
1459 2841 1558 2894 pro
1582 2825 1773 2896 populi
1794 2823 2062 2894 ignoran-

2147 1841 2467 1912 exquirunt,
2503 1844 2798 1898 advertant
2826 1843 2958 1914 quid
2987 1843 3061 1897 sit
3096 1844 3250 1898 inter
3298 1844 3432 1898 illud
3460 1843 3698 1916 prOpheti-

2145 1946 2274 1984 cum
2311 1931 2688 1988 velamentum
2727 1939 2786 1987 et
2823 1933 2969 1987 hanc
2995 1933 3284 2004 Evangelii
3323 1934 3695 1992 revelationem,

2146 2019 2216 2074 de
2245 2036 2358 2091 qua
2376 2020 2512 2075 dicit
2548 2023 2849 2094 Apostolus
2884 2039 2896 2074 :
2927 2041 2951 2073 ‹‹
2985 2022 3127 2076 Cum
3149 2021 3444 2077 transieris
3483 2022 3548 2076 ad
3573 2020 3699 2076 Chri-

2144 2114 2314 2176 stum,
2347 2109 2599 2165 aufertur
2617 2111 2868 2165 velamen
2891 2112 2992 2178 ((II
3012 2112 3132 2167 Cor.
3156 2128 3240 2176 ιιι,
3274 2110 3379 2178 16).
3411 2111 3596 2176 »ρυοά
3621 2126 3701 2163 au-

2143 2203 2258 2251 tem
2287 2198 2642 2270 signiﬁcabat
2669 2200 2924 2254 velamen
2946 2199 3350 2271 interpositum
3381 2200 3522 2254 inter
3540 2199 3702 2254 faciem

2146 2287 2322 2358 Moysi
2345 2295 2402 2342 et
2429 2295 2716 2360 aspectum
2747 2289 2990 2344 ﬁliorum
3017 2290 3212 2350 Israel.
3265 2291 3370 2344 hoc
3402 2288 3705 2360 signiﬁcabat

2143 2375 2256 2430 illis
2279 2378 2625 2448 temporibus
2644 2395 2806 2433 coma
2827 2383 3169 2434 sanctorum.
3194 2379 3252 2432 Ν
3255 2395 3348 2432 am
3377 2384 3433 2432 et
3446 2377 3704 2448 Apostolus

2143 2482 2360 2520 comam
2392 2483 2494 2538 pro
2522 2467 2838 2520 velamento
2867 2483 2988 2520 esse
3016 2466 3152 2520 dicit
3198 2466 3448 2522 Proinde
3485 2467 3591 2535 jam
3618 2481 3706 2519 non

2145 2560 2368 2626 oportet
2392 2561 2458 2610 ut
2483 2557 2740 2610 velentur
2768 2555 3014 2610 crinibus
3049 2555 3240 2628 capita
3268 2573 3462 2610 eorum
3502 2555 3589 2626 qui
3613 2555 3702 2608 Do-

2145 2643 2298 2698 mino
2321 2652 2738 2712 consecrantur,
2763 2645 2860 2700 sed
2889 2651 3112 2700 tantum
3142 2651 3208 2700 ut
3235 2646 3548 2700 revelentur
3568 2663 3578 2696 :
3599 2643 3705 2715 quia

2147 2734 2294 2804 quod
2326 2739 2450 2788 erat
2473 2735 2754 2788 occultum
2782 2734 2841 2787 in
2871 2740 3225 2788 sacramento
3276 2733 3588 2805 prophetiae,
3611 2733 3706 2802 jam

2143 2823 2201 2876 in
2233 2822 2530 2894 Evangelio
2573 2823 2921 2877 declaratum
2950 2828 3053 2876 est.
3088 2823 3238 2878 Sunt
3267 2839 3489 2894 quoque
3516 2821 3708 2894 quidam

460 2911 558 2979 tia,
587 2917 652 2967 ut
672 2911 928 2981 judicent
953 2911 1102 2966 inter
1121 2911 1340 2981 justum
1365 2917 1422 2966 et
1450 2913 1742 2984 injustum,
1775 2919 1833 2967 et
1859 2913 2063 2968 discer-
2143 2909 2433 2966 doctorum
2476 2912 2572 2982 qui
2613 2917 2874 2966 asserunt
2899 2911 3148 2966 diversas
3177 2911 3255 2966 ob
3285 2929 3482 2966 causas
3517 2912 3708 2965 Petrum

461 3005 602 3055 nant
621 3000 770 3054 inter
795 3006 1052 3055 sanctum
1083 3007 1142 3055 et
1170 3001 1485 3072 profanum,
1518 3001 1667 3056 inter
1693 3001 1971 3073 pollutum
2003 3009 2060 3056 et
2076 3040 2120 3100 Ο
2141 3001 2453 3071 apostolum
2470 3001 2618 3054 hunc
2637 3001 2808 3054 ritum
2835 3000 3081 3072 primum
3097 3001 3432 3072 sumpsisse,
3463 2998 3706 3072 primitus.

461 3089 757 3156 mundum,
789 3089 1134 3161 doceantque
1161 3091 1427 3162 populum
1457 3090 1560 3144 Dei
1589 3089 1780 3144 omnia
1807 3091 2058 3161 legitima
2080 3089 2120 3100 ’⁸
2140 3095 2204 3144 ut
2229 3089 2466 3144 formam
2479 3094 2536 3143 et
2554 3089 2979 3144 similitudinem
2991 3089 3199 3144 Christi
3211 3091 3276 3144 in
3303 3090 3485 3161 capite
3499 3092 3709 3158 gestaret

461 3178 603 3249 ejus,
637 3184 694 3234 et
713 3184 991 3250 praecepta
1020 3195 1143 3250 quae
1166 3179 1530 3233 mandaverat
1557 3179 1627 3234 ad
1657 3195 1770 3234 eos.
2139 3180 2273 3234 dum
2302 3195 2402 3250 pro
2432 3177 3021 3250 redemptionenostra
3047 3179 3237 3233 crucis
3257 3178 3568 3250 patibulum
3590 3174 3711 3231 subi-

2138 3271 2300 3322 turus
2329 3284 2363 3320 a
2392 3268 2632 3322 nefanda
2677 3268 2998 3322 Judmorum
3033 3273 3202 3337 gente
3245 3269 3428 3323 acutis
3459 3267 3708 3339 spinarum

949 3360 965 3434 .‘
999 3353 1064 3362 ’“
1093 3353 1166 3376 ¹¹⁰
1197 3353 1431 3377 "’""“’“
1459 3353 1554 3376 “'5'
1575 3353 1672 3377 ‘W'
1690 3353 1804 3376 ""‘°
2141 3356 2348 3410 aculeis
2379 3356 2684 3410 crudeliter
2711 3361 3094 3410 coronaretur.
3131 3356 3374 3430 Deinde,
3408 3363 3472 3411 ut
3492 3353 3711 3411 sacerdo-

533 3447 632 3513 (Ib.
662 3462 706 3501 ο.
743 3444 820 3515 3.)
843 3447 1110 3502 Tonsurae
1139 3445 1523 3502 ecclesiasticae
1544 3463 1682 3502 usus
1712 3464 1744 3501 a
1773 3447 2053 3502 Nazaraais
2135 3449 2220 3498 tes
2247 3443 2468 3498 Veteris
2497 3450 2555 3498 et
2577 3445 2716 3498 Novi
2741 3443 3086 3498 Testamenti
3107 3443 3165 3497 in
3195 3449 3442 3499 tonsura
3468 3451 3523 3498 et
3547 3441 3711 3496 habitu

701 3321 832 3376 CAP.
865 3322 965 3376 III.
999 3353 1064 3362 —-
1093 3323 1167 3376 Dc
1197 3327 1431 3377 tonsura
1459 3325 1804 3377 clericorum.

460 3533 588 3604 (nisi
609 3534 792 3604 fallor)
825 3541 1050 3590 exortus
1077 3541 1181 3601 est,
1215 3535 1312 3608 qui
1341 3535 1496 3607 prius
1517 3536 1670 3590 crine
1698 3541 1936 3603 servato,
1961 3536 2056 3591 de-

457 3639 571 3678 nuo
592 3628 719 3696 post
751 3625 880 3680 vite
907 3641 1126 3696 magnae
1154 3624 1559 3680 continentiam
1587 3625 1881 3680 devotione
1908 3642 2055 3680 com-

456 3707 610 3778 pleta
633 3713 802 3780 caput
821 3708 1095 3764 radebant
1114 3714 1172 3763 et
1189 3708 1420 3780 capillos
1447 3709 1507 3763 in
1536 3709 1666 3780 igne
1681 3709 1937 3764 sacriﬁcii
1960 3727 2055 3781 po-

456 3812 592 3850 nere
614 3795 976 3868 jubebantur,
1005 3797 1218 3852 scilicet
1232 3803 1298 3852 ut
1325 3797 1721 3870 perfectionem
1741 3797 2051 3852 devotionis

455 3901 572 3940 suae
599 3885 838 3942 Domino
859 3891 1268 3942 consecrarent.
1303 3887 1516 3942 Horum
1537 3887 1965 3958 exemplis,usus
1980 3886 2050 3941 ab

455 3975 724 4046 apostolis
753 3973 1103 4030 introductus
1127 3981 1234 4042 est,
1265 3980 1332 4029 ut
1360 3975 1420 4030 hi
1443 3975 1538 4048 qui
1567 3976 1626 4030 in
1655 3975 1858 4030 divinis
1888 3975 2051 4031 culti-

453 4060 560 4118 bus
570 4063 873 4135 mancipati
893 4064 1132 4128 Domino
1145 4070 1561 4132 consecrantur,
1592 4065 1751 4136 quasi
1776 4065 2048 4132 Nazaraei,

452 4151 512 4206 id
539 4156 644 4218 est,
683 4152 860 4207 sancti
901 4153 1024 4219 Dei,
1065 4153 1220 4208 crine
1257 4153 1490 4226 praeciso
1542 4153 1900 4208 innoventur.
1935 4155 2052 4210 Hoc

454 4240 660 4312 quippe
677 4241 949 4296 Ezechieli
971 4242 1260 4314 propheta:
1271 4241 1748 4314 jubetur,dicente
1773 4244 2012 4298 Domino
2033 4263 2044 4298 :

456 4349 480 4382 α
513 4329 616 4397 Τιι,
647 4331 728 4385 ﬁli
754 4331 1017 4398 hominis,
1049 4348 1208 4386 sume
1229 4331 1330 4386 tibi
1353 4331 1605 4402 gladium
1635 4337 1861 4386 acutum
1873 4339 1930 4387 et
1951 4333 2112 4420 du-D

451 4435 543 4474 ces
561 4436 663 4491 per
679 4425 849 4492 caput
865 4426 1030 4475 tuum
1058 4425 1116 4474 et
1141 4419 1374 4474 barbam
1403 4421 1612 4490 (Ezech.
1641 4437 1692 4486 v,
1727 4421 1794 4489 l),
1832 4439 1858 4474 ν
1890 4421 2045 4476 vide-

449 4507 580 4564 licet
602 4509 735 4580 quia
763 4515 822 4564 et
847 4509 965 4582 ipse
986 4514 1044 4564 et
1061 4509 1393 4565 sacerdotali
1417 4526 1624 4581 genere
1645 4509 1761 4564 Deo
1781 4509 1840 4564 in
1854 4509 2046 4565 minis~

448 4596 592 4651 terio
620 4597 1080 4654 sanctiﬁcationis
1107 4598 1472 4653 deserviebat.
1517 4599 1634 4652 Hoc
1664 4604 1722 4652 et
1754 4599 2044 4654 Nazaraeos

445 4683 571 4739 illos
593 4685 904 4742 Priscillam
935 4692 993 4742 et
1019 4687 1279 4758 Aquilam
1311 4687 1371 4742 in
1399 4686 1632 4742 Actibus
1661 4688 2044 4759 apostolorum

445 4772 657 4844 primos
685 4775 882 4829 fecisse
902 4775 1163 4847 legimus,
1195 4775 1436 4830 Paulum
1467 4792 1690 4848 quoque
1727 4777 2044 4848 apostolum

445 4866 502 4915 et
528 4862 801 4933 quosdam
830 4863 1230 4936 discipulorum
1263 4863 1496 4930 Christi,
1541 4865 1636 4936 qui
1678 4865 1738 4919 in
1779 4865 2043 4936 hujusce-

442 4951 595 5006 modi
625 4953 778 5007 cultu
808 4953 1066 5008 imitandi
1095 4953 1446 5008 exstiterunt.
1473 4953 1571 5008 Est
1587 4958 1776 5008 autem
1792 4954 1848 5008 in
1879 4955 2040 5010 cleri-

442 5039 521 5096 cis
549 5046 782 5097 tonsura
808 5042 1036 5114 signum
1064 5042 1345 5114 quoddam
1376 5042 1524 5115 quod
1565 5042 1621 5096 in
1655 5043 1831 5114 [Forte
1857 5048 2036 5112 suppl.

442 5131 695 5202 corpore]
718 5133 1013 5202 ﬁguratur,
1048 5132 1146 5186 sed
1168 5131 1228 5186 in
1266 5131 1456 5186 animo
1484 5132 1688 5203 agitur.
1722 5131 1942 5187 Scilicet
1977 5138 2041 5187 ut

442 5217 547 5272 hoc
558 5219 719 5290 signo
736 5219 796 5274 in
816 5220 1088 5292 religione
1104 5221 1242 5276 vitia
1269 5227 1612 5286 resecentur,
1637 5225 1694 5275 et
1711 5220 2038 5276 criminibus

440 5307 624 5362 carnis
651 5314 856 5365 nostra:
887 5309 1050 5382 quasi
1095 5306 1344 5364 crinibus
1381 5325 1670 5375 exuamur,
1700 5315 1870 5382 atque
1906 5309 2036 5364 inde

439 5393 718 5450 innovatis
757 5397 1014 5454 sensibus
1040 5403 1106 5454 ut
1147 5399 1321 5454 comis
1359 5398 1592 5454 rudibus
1641 5399 2030 5465 enitescamus,

439 5499 466 5536 ι
500 5483 871 5555 exspoliantes
900 5503 1022 5555 nos,
1060 5507 1083 5540 ι
1112 5489 1274 5559 juxta
1311 5488 1664 5561 Apostolum,
1719 5505 1750 5542 ι
1791 5493 2035 5544 veterem

437 5570 724 5628 hominem
753 5590 882 5630 cum
913 5575 1131 5632 actibus
1157 5578 1299 5648 ejus,
1329 5576 1697 5633 etinduentes
1721 5592 1926 5633 novum
1938 5576 2032 5649 qui

2136 3532 2604 3587 discernerentur.
2636 3533 2926 3587 Postremo
2954 3537 3019 3586 ut
3047 3531 3194 3586 idem
3223 3534 3517 3605 apostolus
3543 3531 3710 3601 suique

2136 3637 2483 3675 successores
2528 3626 2586 3676 et
2627 3620 2958 3692 sequipedes
2996 3621 3375 3677 ridiculosum
3417 3629 3711 3694 gannatura:

2136 3709 2440 3765 ludibrium
2494 3709 2554 3763 in
2599 3711 2808 3781 populo
2839 3711 3094 3764 Romano
3125 3717 3448 3782 portarent,
3508 3711 3627 3782 quia
3666 3715 3709 3760 et

2135 3814 2328 3852 eorum
2359 3799 2598 3852 barones
2643 3805 2702 3852 et
2743 3798 2933 3852 hostes
2977 3799 3258 3854 exercitus
3303 3805 3593 3872 superatos
3630 3795 3712 3850 sub

2133 3903 2337 3940 corona
2367 3887 2604 3940 vendere
2635 3885 2909 3940 solebant.
2941 3887 3051 3940 Sed
3079 3887 3148 3942 de
3176 3887 3272 3942 his
3313 3889 3450 3960 quid
3479 3885 3711 3958 suscipiat

2132 3975 2355 4029 lectoris
2378 3975 2589 4046 judicio
2609 3975 3072 4046 derelinquimus.

2369 4119 2501 4173 CAP.
2532 4119 2626 4174 IV.
2652 4149 2716 4159 —
2749 4121 2822 4196 pe
2850 4125 3212 4176 sacramentis
3249 4122 3520 4180 Ecclesia.

2206 4244 2364 4310 (Ibid.
2399 4261 2444 4298 ο.
2483 4243 2598 4312 24.)
2615 4245 2696 4299 De
2724 4245 3090 4300 sacramentis
3117 4251 3317 4302 autem
3338 4265 3464 4318 quae
3483 4248 3539 4300 in
3558 4245 3713 4301 Eccle-

2131 4332 2214 4387 sia
2242 4339 2392 4400 sunt,
2421 4339 2642 4404 oportet
2671 4335 2918 4406 primum
2943 4341 3008 4390 ut
3027 4336 3196 4406 hujus
3225 4338 3422 4408 operis
3445 4354 3621 4393 sermo
3641 4351 3714 4388 ex-

2129 4428 2303 4494 ponat
2331 4427 2499 4494 atque
2527 4423 2777 4478 declaret
2804 4424 2974 4479 ritum
2995 4426 3412 4482 sacerdotalem
3437 4447 3451 4484 :
3480 4427 3605 4499 quia
3629 4439 3712 4495 per

2125 4511 2442 4566 sacerdotes
2461 4511 2673 4567 Christi
2689 4513 3064 4568 ministerium
3095 4515 3542 4573 ecclesiasticum
3570 4513 3712 4569 debet

2126 4599 2394 4666 ordinari,
2427 4605 2597 4672 atque
2627 4602 2742 4656 Deo
2775 4603 3077 4674 adjuvante
3110 4605 3329 4675 perﬁci.
3365 4607 3510 4661 Sunt
3545 4609 3708 4658 autem

2125 4693 2497 4754 sacramenta,
2543 4687 2857 4760 baptismus
2885 4697 2943 4746 et
2969 4692 3238 4758 chrisma,
3282 4711 3491 4765 corpus
3530 4699 3584 4747 et
3604 4705 3710 4745 san-

2123 4775 2268 4845 guis,
2302 4793 2424 4847 qua:
2453 4777 2524 4831 ob
2557 4777 2615 4831 id
2642 4786 2998 4834 sacramenta
3026 4781 3318 4844 dicuntur,
3358 4784 3493 4854 quia
3519 4781 3614 4836 sub
3644 4787 3711 4832 te-

2121 4873 2392 4935 gumento
2422 4867 2798 4938 corporalium
2817 4885 3008 4924 rerum
3029 4869 3207 4924 virtus
3236 4871 3437 4925 divina
3467 4867 3707 4924 secretius

2123 4954 2360 5008 salutem
2378 4956 2705 5010 eorumdem
2729 4964 3214 5014 sacramentorum
3231 4960 3664 5031 operatur.Nam
3679 4970 3708 5008 δ

2122 5044 2351 5098 secretis
2380 5044 2682 5100 virtutibus
2726 5047 2812 5100 vel
2841 5047 3014 5102 sacris
3056 5055 3420 5102 sacramenta
3447 5049 3700 5103 dicuntur.

2121 5149 2244 5203 quae
2274 5133 2398 5188 ideo
2431 5133 2716 5189 fructuose
2733 5151 2904 5206 penes
2925 5137 3225 5190 Ecclesiam
3246 5138 3419 5198 ﬁunt,
3448 5137 3578 5209 quia
3599 5149 3706 5188 san-

2120 5226 2242 5276 ctus
2257 5221 2315 5276 in
2337 5239 2404 5276 ea
2422 5239 2658 5295 manens
2679 5223 2930 5296 spiritus,
2961 5226 3218 5280 eumdem
3236 5231 3701 5282 sacramentorum

2118 5310 2360 5366 latenter
2382 5318 2649 5383 operatur
2676 5313 3146 5394 eﬁectum.'Unde
3176 5331 3278 5370 seu
3300 5332 3410 5386 per
3431 5315 3605 5370 bonos
3621 5325 3703 5366 seu

2117 5415 2219 5470 per
2232 5400 2409 5454 malos
2442 5401 2729 5456 ministros
2751 5402 2903 5456 intra
2927 5403 3227 5458 Ecclesiam
3261 5405 3370 5458 Dei
3394 5405 3701 5475 dispensen-

2115 5493 2227 5553 tur,
2251 5505 2354 5544 nec
2373 5488 2646 5546 bonorum
2666 5491 2882 5547 meritis
2899 5492 3358 5564 dispensatorum
3373 5492 3698 5565 ampliﬁcan-

2115 5581 2211 5632 tur
2228 5577 2347 5634 haec
2367 5579 2532 5646 dona,
2557 5596 2659 5635 nec
2676 5581 2953 5636 malorum
2967 5586 3364 5638 attenuantur:
3381 5581 3532 5647 Quia
3547 5596 3592 5630 κε
3618 5591 3698 5632 ne-
