3942 6158
274 290 417 347 1169

1272 295 1487 350 LIBER
1522 295 1616 351 DE
1653 295 1905 354 SACRIS
1942 297 2354 367 ORDINIBUS,
2397 300 2552 358 E’I‘C.

3411 306 3548 364 “70

271 432 384 488 que
405 416 504 488 qui
535 417 750 488 plantat
781 424 868 473 est
893 420 1107 491 aliquid
1137 435 1318 492 neque
1338 421 1434 492 qui
1461 421 1627 492 rigat,
1657 423 1755 477 sed
1777 425 1871 494 qui
1891 425 1935 484 A
1956 429 2117 492 teste,
2138 425 2292 496 prius
2319 426 2439 498 ipse
2467 427 2628 482 Jesus
2656 427 2784 483 caeci
2799 428 2919 482 nati
2940 429 3130 483 oculos
3150 431 3269 485 luto
3289 445 3356 486 ex
3383 437 3550 504 sputo

267 504 684 561 incrementum
728 508 828 562 dat
863 509 1011 563 Deus
1062 510 1114 576 (Ι
1165 509 1286 564 Cor.
1325 527 1398 575 ιιι,
1444 509 1518 576 7).
1557 530 1583 563 ››
1627 512 1785 566 Unde
1813 519 1872 568 et

270 594 827 668 Griece'mysterium
854 598 1062 652 dicitur
1089 599 1236 670 quod
1266 605 1538 655 secretam
1578 607 1636 656 et
1679 619 1871 657 recon-

269 682 451 738 ditam
480 684 688 740 habeat
699 686 1118 758 repositionem.

478 829 608 883 CAP.
629 829 696 883 V.
731 861 796 870 —
827 831 901 886 De
931 832 1274 900 baptismatis
1301 838 1666 887 sacramento.

342 954 508 1020 (Ibid.
541 971 586 1008 c.
618 953 733 1022 25.)
759 955 1012 1010 Primum
1041 961 1231 1011 autem
1269 964 1752 1014 sacramentorum
1781 965 1868 1013 est

264 1039 603 1113 baptismus,
619 1044 752 1114 quia
772 1051 1075 1116 antequam
1088 1051 1280 1100 sancto
1298 1047 1600 1102 chrismate
1621 1054 1866 1118 ungatur

262 1131 491 1202 aliquis,
526 1137 591 1186 ut
618 1133 867 1204 corporis
894 1140 952 1187 et
988 1134 1280 1205 sanguinis
1327 1135 1535 1190 Christi
1583 1137 1863 1208 particeps

261 1220 489 1283 existat,
508 1237 665 1275 sacra
696 1223 1121 1292 regeneratione
1140 1223 1370 1294 purgari
1388 1223 1643 1292 debet,ac
1662 1225 1863 1282 deinde

261 1309 335 1362 ad
364 1315 568 1363 caetera
595 1309 703 1364 rite
738 1311 1022 1365 accedere.
1059 1312 1381 1383 Baptismus
1423 1313 1631 1380 Graece,
1664 1315 1862 1371 Latine

259 1397 464 1452 tinctio
491 1397 913 1470 interpretatur,
949 1417 1072 1470 quae
1092 1417 1206 1456 non
1233 1405 1456 1456 tantum
1485 1401 1555 1456 ob
1585 1403 1690 1456 hoc
1715 1405 1863 1474 quod

260 1487 433 1542 homo
460 1487 521 1542 in
551 1503 757 1559 aquam
796 1489 1072 1559 mergitur
1112 1489 1307 1544 tinctio
1335 1490 1558 1558 dicitur,
1601 1493 1699 1547 sed
1729 1495 1864 1565 quia

259 1575 466 1646 spiritu
484 1577 679 1647 gratiae
699 1577 775 1631 ibi
791 1577 850 1632 in
868 1578 1070 1632 melius
1084 1579 1503 1646 immutatur,et
1522 1580 1685 1651 longe
1707 1582 1860 1637 aliud

259 1681 434 1736 quam
465 1671 589 1720 erat
610 1665 868 1721 efficitur.
901 1667 1155 1722 Primum
1186 1667 1442 1722 homines
1471 1669 1598 1723 ﬁndi
1635 1687 1861 1727 eramus

1950 511 2095 568 facto
2124 515 2491 586 superlinivit,
2527 521 2586 570 et
2610 515 2690 570 sic
2723 515 2794 570 ad
2823 532 3000 587 aquas
3035 516 3183 572 Siloe
3209 517 3384 586 misit,
3417 521 3550 594 quia

1951 602 2108 672 prius
2135 603 2301 658 debet
2347 603 2715 676 baptizandus
2745 605 2854 659 ﬁde
2889 605 3291 662 incarnationis
3339 607 3548 664 Christi

1951 691 2174 758 instrui,
2201 698 2259 747 et
2287 693 2364 750 sic
2387 693 2458 748 ad
2488 693 2830 766 baptismum
2852 695 2973 766 jam
3002 695 3262 750 credulus
3299 696 3541 766 admitti,

1949 785 2014 834 ut
2040 781 2180 835 sciat
2205 783 2366 852 cujus
2391 783 2588 854 gratiae
2617 783 2678 838 in
2695 800 2761 838 eo
2791 788 2877 838 est
2904 784 3202 858 particeps,
3227 790 3285 840 et
3311 787 3401 842 cui
3423 787 3544 859 jam

1948 868 2167 925 debitor
2189 871 2290 925 ﬁat
2307 871 2587 942 deinceps.

2287 1013 2416 1067 CAP.
2453 1013 2546 1067 VI.
2581 1043 2645 1054 --
2679 1015 2751 1069 De
2780 1016 3196 1070 catechumenis.

2019 1138 2120 1203 (Ib.
2151 1155 2194 1191 υ.
2227 1135 2343 1206 26.)
2388 1137 2836 1194 Catechumenus
2875 1145 3068 1196 autem
3107 1141 3316 1197 dicitur
3345 1159 3446 1215 pro
3475 1160 3542 1200 eo

1946 1225 2094 1296 quod
2123 1226 2306 1280 adhuc
2331 1226 2644 1281 doctrinam
2663 1227 2794 1282 fidei
2828 1229 3003 1295 audit,
3038 1246 3142 1285 nec
3179 1235 3372 1287 tamen
3411 1231 3544 1304 bap-

1945 1313 2177 1368 tismum
2201 1313 2430 1385 recepit.
2467 1315 2611 1368 Nam
2641 1316 3075 1372 catechumenus
3111 1319 3320 1387 Grece,
3347 1320 3544 1376 Latine

1945 1403 2168 1458 auditor
2189 1403 2613 1474 interpretatur,
2647 1410 2776 1472 etc.,
2809 1421 2981 1474 usque
3009 1409 3084 1461 ad
3121 1411 3289 1475 ﬁnem
3324 1413 3538 1478 capitis.

2175 1547 2304 1598 CAP.
2328 1546 2451 1601 VII.
2481 1577 2545 1587 —
2571 1548 2646 1602 De
2673 1548 3056 1602 catechizandi
3083 1550 3294 1604 ordine.

2017 1670 2116 1735 (Ib.
2149 1687 2194 1724 c.
2229 1671 2345 1738 27.)
2370 1671 2763 1726 Catechizandi
2794 1671 2946 1727 enim
2975 1673 3112 1727 ordo
3143 1673 3235 1728 hic
3272 1680 3376 1741 est,
3422 1677 3539 1747 pri-

256 1754 619 1810 deformitate
644 1757 1086 1826 peccatorum,in
1105 1756 1228 1828 ipsa
1241 1757 1510 1812 tinctione
1530 1759 1748 1830 pulchri
1769 1743 1923 1815 de-B
1945 1774 2100 1814 mum
2120 1758 2504 1830 interrogatur
2536 1777 2790 1831 paganus
2819 1761 2867 1814 si
2907 1760 3270 1817 abrenuntiat
3295 1743 3536 1831 diabolo,

257 1841 543 1897 albatione
569 1843 862 1898 virtutum.
896 1845 1055 1900 Unde
1084 1851 1142 1900 et
1159 1845 1217 1900 in
1241 1846 1485 1901 Canticis
1513 1847 1860 1904 canticorum

252 1931 527 1986 scribitur
545 1951 556 1985 :
577 1952 599 1983 ε
629 1933 764 1998 Quae
775 1940 860 1988 est
886 1933 992 1988 ista
1015 1951 1136 2005 qua:
1154 1935 1409 1989 ascendit
1421 1936 1582 2007 quasi
1597 1937 1859 1994 dealbata

255 2019 581 2088 (Cant.m,6)
593 2063 604 2075 .
618 2023 822 2092 tCujus
838 2023 1168 2094 mysterium
1183 2041 1296 2078 non
1309 2024 1475 2079 aliter
1494 2025 1602 2080 nisi
1621 2026 1724 2080 sub
1737 2027 1857 2082 Tri-

246 2110 451 2165 nitatis
464 2111 868 2181 designatione,
885 2111 942 2166 id
963 2117 1066 2177 est,
1093 2113 1278 2167 Patris
1303 2119 1360 2168 et
1387 2114 1514 2168 Filii
1535 2120 1592 2169 et
1612 2116 1854 2187 Spiritus

246 2199 434 2254 sancti
455 2200 773 2270 cognitione
796 2202 1352 2272 completur,dicente
1373 2203 1613 2258 Domino
1634 2205 1704 2258 ad
1725 2222 1856 2277 apo-

254 2289 470 2343 stolos:
500 2310 522 2340 ¢
543 2289 846 2353 Ite,docete
865 2307 1062 2344 omnes
1079 2297 1276 2361 gentes
1303 2290 1648 2363 baptizantes
1675 2311 1768 2348 eas
1797 2294 1855 2350 in

245 2379 482 2432 nomine
494 2378 761 2443 Patris,et
770 2379 982 2442 Filii,et
991 2379 1231 2451 Spiritus
1243 2381 1421 2435 sancti
1437 2383 1649 2450 (Matth.
1658 2400 1846 2449 xxvm,

243 2467 272 2520 1
283 2465 403 2536 9).»
424 2466 581 2521 Sicut
593 2467 743 2522 enim
758 2468 815 2522 in
834 2468 1014 2522 tribus
1031 2468 1272 2523 testibus
1291 2475 1405 2524 stat
1419 2487 1585 2524 omne
1599 2471 1848 2540 verbum,

244 2555 330 2610 ita
346 2563 762 2612 sacramentum
775 2558 1072 2612 confirmat
1084 2559 1369 2612 ternarius
1379 2575 1650 2614 numerus
1669 2561 1852 2615 nomi-

245 2661 392 2702 num
404 2645 916 2710 divinorum.Quod
940 2653 1131 2700 autem
1167 2664 1268 2718 per
1296 2664 1500 2718 aquam
1539 2648 1852 2721 baptismus

243 2735 442 2796 datur,
466 2734 581 2789 haec
610 2735 752 2789 ratio
773 2742 884 2789 est:
910 2736 1085 2790 voluit
1113 2736 1264 2790 enim
1281 2737 1554 2792 Dominus
1565 2743 1629 2792 ut
1643 2755 1733 2793 res
1755 2739 1851 2794 illa

243 2822 551 2878 invisibilis
562 2841 664 2895 per
673 2822 1099 2894 congruentiam
1121 2835 1178 2880 et
1202 2825 1512 2896 profectum
1535 2827 1847 2883 incontrec-

237 2911 422 2966 tabile
443 2919 501 2966 et
525 2912 798 2967 invisibile
827 2914 1247 2986 impenderetur
1261 2915 1598 2970 elementum
1615 2927 1659 2983 ι,
1681 2934 1853 2989 super

237 3001 400 3072 quod
433 3001 601 3056 etiam
632 3003 691 3056 in
711 3003 984 3074 principio
1015 3003 1299 3057 ferebatur
1327 3003 1570 3075 Spiritus
1599 3013 1844 3061 sanctus.

234 3091 394 3144 Nam
423 3091 569 3145 sicut
588 3091 774 3145 oleum
795 3092 1039 3146 naturali
1059 3093 1305 3163 pondere
1325 3094 1674 3164 superfertur
1693 3097 1845 3151 omni

231 3179 498 3251 liquori:
552 3179 631 3234 ita
671 3179 730 3234 in
769 3181 1044 3252 principio
1096 3181 1551 3252 superferabatur
1603 3184 1845 3255 Spiritus

230 3275 476 3324 sanctus
505 3269 685 3339 aquis.
721 3269 878 3325 Sicut
905 3287 1054 3340 aqua
1081 3277 1285 3341 purgat
1325 3271 1570 3325 exterius
1618 3289 1838 3344 corpus,

228 3359 320 3412 ita
347 3358 593 3412 latenter
613 3351 736 3428 ejus
757 3361 1024 3430 mysterio
1050 3376 1152 3430 per
1169 3357 1440 3430 Spiritum
1469 3367 1725 3416 sanctum
1746 3380 1844 3434 pu-

227 3448 502 3502 riﬁcatur
529 3453 585 3500 et
612 3447 852 3508 animus.
886 3449 1047 3518 cujus
1073 3449 1438 3503 sanctiﬁcatio
1459 3449 1539 3503 ita
1566 3456 1669 3504 est.
1687 3451 1844 3505 Invo-

226 3541 367 3589 cato
399 3533 553 3588 enim
582 3535 696 3588 Deo
725 3535 1012 3589 descendit
1041 3535 1285 3607 Spiritus
1314 3543 1540 3591 sanctus
1569 3537 1638 3590 de
1666 3539 1838 3605 caelis,

227 3632 291 3680 et
324 3623 626 3678 medicatis
673 3624 836 3695 aquis
867 3625 1180 3679 sanctiﬁcat
1209 3642 1305 3680 eas
1336 3626 1405 3680 de
1433 3627 1752 3698 semetipso,
1787 3635 1844 3682 et

225 3712 530 3783 accipiunt
559 3713 666 3766 vim
697 3713 1068 3784 purgationis,
1101 3719 1167 3768 ut
1193 3715 1251 3768 in
1298 3714 1378 3768 eis
1409 3731 1538 3768 caro
1569 3722 1626 3770 et
1654 3717 1843 3772 anima

222 3801 464 3857 delictis
492 3801 786 3872 inquinata
815 3802 1137 3869 mundetur,
1162 3809 1466 3874 utrumque
1479 3804 1630 3858 enim
1660 3803 1840 3876 bapti-

217 3890 413 3945 zando
443 3907 670 3944 necesse
705 3897 792 3945 est
829 3890 1100 3958 adhiberi,
1135 3897 1193 3945 et
1228 3892 1492 3963 baptismi
1527 3893 1830 3961 lavacrum,

213 3987 278 4034 et
300 3978 558 4050 Spiritus
577 3980 754 4033 sancti
785 3981 1062 4051 purgatio,
1098 3981 1229 4051 quia
1255 3981 1336 4035 ait
1366 3982 1650 4036 Salvator:
1673 4002 1695 4034 ι
1713 3983 1835 4037 Nisi

214 4069 358 4140 quis
389 4074 624 4122 renatus
639 4069 806 4123 fuerit
825 4086 890 4122 ex
911 4085 1059 4140 aqua
1085 4075 1142 4124 et
1167 4069 1378 4140 Spiritu
1401 4077 1594 4124 sancto
1611 4087 1722 4125 non
1739 4089 1830 4143 po-

211 4163 340 4212 test
372 4156 613 4210 introire
637 4157 695 4210 in
725 4174 961 4228 regnum
988 4157 1108 4211 Dei.
1139 4178 1160 4208 ι
1194 4159 1301 4212 Sed
1325 4165 1456 4212 ante
1490 4158 1833 4230 baptismum

206 4245 613 4300 catechizandi
641 4245 808 4299 debet
832 4246 890 4300 in
911 4246 1196 4300 hominem
1226 4247 1528 4317 praevenire
1563 4248 1826 4314 ofﬁcium,

207 4343 282 4390 ut
297 4335 442 4389 ﬁdei
465 4335 707 4404 primum
720 4335 1157 4389 cathecumenus
1168 4336 1405 4406 accipiat
1419 4336 1804 4391 rudimentum
1814 4378 1826 4391 .
1843 4373 1892 4432 D

201 4427 371 4480 Nam
425 4423 487 4476 in
542 4423 840 4493 Evangelia
889 4424 1199 4478 secundum
1243 4425 1572 4480 Matthaeum
1601 4425 1825 4496 legitur,

200 4512 374 4586 quod
406 4516 536 4584 post
564 4513 1030 4566 resurrectionem
1050 4513 1323 4567 Dominus
1345 4514 1610 4584 apostolis
1631 4532 1832 4586 praece-

197 4601 392 4674 perit,
423 4606 490 4654 ut
517 4601 573 4654 in
604 4601 826 4656 nomine
853 4602 1036 4656 Patris
1055 4608 1110 4656 et
1140 4602 1264 4656 Filii
1295 4609 1352 4657 et
1380 4603 1622 4673 Spiritus
1651 4605 1831 4659 sancti

201 4693 504 4746 docerent
529 4697 585 4743 et
613 4690 963 4762 baptizarent
996 4707 1191 4745 omnes
1219 4697 1436 4762 gentes,
1471 4693 1526 4746 id
1561 4699 1646 4747 est
1675 4693 1830 4764 prius

201 4781 400 4836 ﬁdem
433 4779 538 4832 Dei
564 4779 713 4834 illius
743 4779 1113 4844 insinuarent,
1140 4786 1198 4834 et
1225 4781 1304 4834 sic
1334 4781 1624 4835 credentes
1649 4781 1707 4835 in
1738 4799 1828 4836 re-

200 4867 558 4924 missionem
591 4875 946 4939 peccatorum
987 4869 1354 4940 baptizarent.
1391 4869 1534 4924 Hinc
1569 4877 1656 4924 est
1679 4872 1827 4941 quod

199 4957 543 5014 secundum
573 4957 822 5012 Marcum
870 4957 1020 5012 idem
1059 4959 1332 5012 Dominus
1374 4959 1582 5030 legitur
1610 4976 1826 5031 praepo-

197 5053 406 5103 suisse
434 5045 604 5099 fidem
633 5045 957 5118 baptismati
986 5063 1114 5101 cum
1136 5047 1216 5102 ita
1253 5047 1395 5101 dixit
1425 5066 1435 5100 :
1466 5067 1490 5099 «
1516 5047 1622 5112 Qui
1651 5049 1828 5102 credi-

197 5136 371 5192 derit
390 5141 453 5188 et
481 5133 792 5206 baptizatus
821 5135 992 5190 fuerit
1018 5136 1204 5190 salvus
1235 5136 1345 5190 erit
1371 5156 1386 5191 :
1435 5136 1530 5208 qui
1561 5153 1691 5191 vero
1715 5154 1826 5192 non

198 5223 536 5280 crediderit
560 5223 1202 5292 condemnabitur(Mar.
1227 5241 1342 5292 xv1,
1372 5224 1425 5295 6)
1453 5244 1464 5279 :
1501 5243 1528 5278 »
1545 5227 1826 5282 etJoanne

284 5379 316 5407 II
351 5365 702 5434 Legendum,
715 5381 812 5434 per
821 5369 1242 5433 congruentiam
1258 5371 1308 5420 et
1321 5368 1628 5434 profectum
1639 5370 1828 5422 incon»

203 5439 512 5494 trectabiti
529 5441 577 5488 et
608 5440 882 5492 invisibili
897 5439 1306 5506 impenderetur
1316 5442 1575 5491 elemento
1585 5439 1711 5501 ;vel,
1731 5454 1828 5506 per

201 5515 544 5578 congruens
559 5513 604 5560 et
620 5510 925 5576 perfectum
945 5510 1326 5566 contrectabile
1342 5513 1391 5562 et
1411 5510 1626 5563 uisibile
1651 5512 1823 5578 impe-

113 5583 120 5588 ’
198 5583 458 5636 daretur
487 5580 834 5634 elementum.
859 5578 1018 5645 Quod
1044 5579 1093 5634 si
1119 5579 1275 5651 prior
1293 5578 1459 5634 lectio
1495 5579 1730 5650 placeat,
1763 5580 1822 5634 in

1943 1851 2000 1900 et
2027 1845 2287 1900 omnibus
2315 1846 2601 1902 damnosis
2632 1849 2755 1918 ejus
2784 1848 3066 1920 operibus,
3115 1855 3286 1921 atque
3325 1851 3542 1906 fallaci-

1939 1932 2064 2000 bus,
2097 1940 2227 2001 etc.,
2259 1952 2426 2004 usque
2455 1937 2530 1990 ad
2558 1939 2725 2003 ﬁnem
2753 1939 2967 2012 capitis.

2011 2077 2140 2131 CAP.
2173 2077 2321 2132 VIII.
2358 2109 2422 2119 —
2455 2080 2581 2146 Qua
2603 2082 2676 2133 sit
2691 2082 3077 2149 interpretatio
3090 2083 3327 2148 symboti
3348 2099 3538 2138 secun-

2529 2151 2666 2203 dum
2697 2151 2936 2205 Latinos.

2009 2290 2190 2362 Igitur
2218 2290 2534 2362 symbolum
2565 2292 2764 2346 Latine
2789 2291 3059 2348 indicium
3085 2293 3170 2348 vel
3193 2294 3418 2365 signum
3447 2295 3534 2350 vel

1937 2379 2158 2433 collatio
2179 2380 2602 2450 interpretatur,
2611 2380 2880 2435 indicium
2901 2382 3035 2453 quia
3053 2398 3156 2453 per
3173 2381 3231 2436 id
3249 2382 3534 2440 indicatur

1936 2467 2065 2520 ﬁdei
2094 2467 2408 2538 integritas,
2441 2469 2666 2540 signum
2696 2469 2846 2541 quod
2875 2487 2940 2524 eo
2961 2469 3103 2524 bene
3119 2477 3340 2526 retento
3364 2478 3423 2527 et
3448 2474 3532 2528 in-

1933 2556 2176 2623 tellecto,
2210 2557 2402 2611 ﬁdeles
2431 2557 2500 2611 ab
2520 2557 2838 2613 inﬁdelibus
2856 2558 3270 2627 discernuntur,
3284 2560 3526 2629 collatio,

1935 2644 2067 2715 quia
2093 2644 2154 2700 in
2175 2662 2240 2700 eo
2269 2646 2508 2717 apostoli
2537 2663 2762 2700 omnem
2777 2646 2909 2701 ﬁdei
2937 2647 3322 2718 integritatem
3339 2657 3531 2705 contu-

1933 2735 2136 2788 lerunt.
2170 2734 2329 2799 Quod
2359 2751 2553 2789 omnes
2570 2735 2692 2806 pari
2713 2735 2845 2789 ﬁdei
2871 2735 3192 2791 sinceritate
3211 2737 3378 2792 corde
3394 2739 3526 2794 reti-

1930 2821 2156 2889 nebant,
2181 2839 2278 2877 ore
2296 2823 2534 2879 confessi
2557 2829 2707 2890 sunt,
2727 2829 2785 2878 et
2801 2824 3009 2894 singuli
3027 2826 3286 2896 proprias
3307 2833 3530 2882 senten-

1931 2911 2042 2964 tias
2070 2911 2437 2978 conferentes,
2473 2912 2810 2984 symbolum,
2834 2913 2889 2967 id
2921 2918 3024 2979 est,
3048 2913 3224 2969 totius
3252 2915 3382 2970 fidei
3413 2916 3528 2970 col-

1931 3000 2200 3055 lationem
2257 3001 2571 3056 ediderunt.
2614 3001 2927 3056 Discessuri
2969 3003 3121 3057 enim
3170 3001 3241 3057 ab
3290 3003 3528 3060 invicem

1928 3105 2184 3143 normam
2212 3088 2416 3144 futurae
2445 3091 2858 3161 praedicationis
2897 3091 2957 3145 in
2983 3108 3280 3147 commune
3309 3099 3524 3149 statue-

1927 3184 2077 3244 runt,
2101 3195 2170 3232 ne
2197 3179 2451 3233 localiter
2478 3179 2548 3232 ab
2576 3179 2814 3234 invicem
2843 3179 3194 3235 discedentes
3241 3181 3524 3237 diversum

1926 3267 2139 3338 aliquid
2177 3268 2264 3322 vel
2301 3269 2590 3322 dissonum
2635 3268 3021 3339 praedicarent.
3054 3269 3522 3327 Decentissimum

1925 3372 2170 3427 namque
2197 3362 2254 3410 et
2281 3357 2418 3411 utile
2447 3363 2570 3411 erat
2589 3362 2653 3411 ut
2681 3355 2882 3427 quibus
2917 3363 3040 3412 erat
3081 3358 3272 3413 anima
3316 3376 3434 3415 una
3465 3366 3523 3416 et

1925 3461 2022 3499 cor
2038 3462 2215 3499 unum
2235 3445 2294 3500 in
2322 3445 2580 3511 Domino,
2597 3450 2655 3499 et
2675 3461 2814 3516 quos
2833 3447 3012 3500 sancti
3031 3446 3274 3517 Spiritus
3294 3447 3521 3504 afﬂatus

1924 3533 2236 3604 vegetabat,
2254 3534 2424 3588 unius
2444 3533 2614 3588 etiam
2643 3533 2775 3588 ﬁdei
2802 3534 3076 3588 confessio
3097 3543 3520 3603 exornaret,uec

1925 3621 2076 3675 enim
2105 3621 2296 3676 dirimi
2311 3622 2369 3676 in
2398 3621 2584 3692 aliquo
2607 3622 2690 3676 vel
2718 3627 2982 3692 poterant
2999 3623 3085 3676 vel
3114 3621 3516 3696 debebant,qui

1923 3710 2091 3765 unius
2123 3711 2253 3764 ﬁdei
2283 3711 2504 3765 vinculo
2533 3709 2920 3765 nectebantur.
2942 3711 3204 3782 Plerique
3247 3717 3520 3783 praeterea

1921 3798 2152 3854 verbum
2182 3799 2565 3854 abbreviatum
2611 3815 2712 3870 per
2752 3799 2956 3853 Isaiam
3001 3800 3420 3871 prophetatum,
3459 3803 3518 3858 in

1921 3888 2186 3960 Symbolo
2214 3895 2271 3942 et
2297 3887 2552 3942 oratione
2586 3887 2878 3943 Dominica
2915 3887 3156 3960 intelligi
3202 3889 3416 3945 volunt.
3447 3891 3514 3946 In

1917 3978 2095 4032 altero
2123 3977 2274 4032 enim
2300 3977 2461 4031 ﬁdei:
2495 3977 2555 4032 in
2582 3977 2758 4032 altero
2778 3993 3008 4048 precum
3033 3977 3357 4033 continetur
3373 3978 3515 4035 inte-

1913 4067 2110 4137 gritas,
2138 4073 2202 4121 ut
2221 4073 2278 4121 et
2303 4067 2362 4120 in
2381 4066 2676 4120 duodecim
2707 4065 2908 4133 verbis,
2923 4066 3220 4126 duodecim
3235 4069 3514 4140 apostolo-

1915 4172 2042 4210 rum
2061 4155 2334 4222 doctrina,
2366 4155 2501 4210 etin
2529 4159 2742 4226 septem
2765 4154 3321 4226 petitionibus,omne
3339 4158 3515 4213 conti-

1913 4249 2118 4299 neatur
2137 4244 2408 4316 quidquid
2423 4244 2493 4298 ad
2511 4243 2802 4316 praesentis
2823 4249 2881 4298 et
2897 4243 3100 4300 futurae
3121 4245 3248 4301 vitae
3267 4246 3516 4318 pertinet

1912 4333 2404 4405 dispensationem,
2437 4332 2690 4403 quamvis
2720 4331 2892 4387 etiam
2908 4333 3083 4388 totius
3102 4333 3367 4390 doctrinae
3385 4351 3512 4389 ver-

1913 4422 2047 4476 bum
2077 4421 2187 4476 dici
2215 4421 2392 4494 possit
2417 4419 2821 4488 abbreviatum,
2839 4419 2972 4492 quia
2999 4421 3146 4491 quod
3167 4421 3326 4492 prius
3343 4421 3434 4476 lex
3450 4428 3509 4478 et

1914 4511 2200 4583 prepheta:
2229 4509 2592 4564 continebant
2628 4509 2686 4563 in
2725 4507 3022 4564 latitudine
3051 4515 3459 4581 praeceptorum
3491 4530 3504 4565 :

1914 4601 2143 4654 veniens
2180 4599 2452 4654 Dominus
2500 4597 2885 4669 pronuntiavit
2924 4601 2983 4651 et
3022 4597 3165 4652 dixit
3195 4616 3206 4652 :
3237 4614 3266 4651 α
3297 4599 3510 4672 Diliges

1913 4689 2216 4743 Dominum
2250 4689 2430 4742 Deum
2458 4691 2619 4740 tuum
2641 4703 2706 4740 ex
2732 4692 2850 4740 toto
2876 4686 3044 4740 corde
3061 4692 3182 4754 tuo,
3213 4693 3271 4743 et
3291 4705 3356 4743 ex
3384 4695 3510 4744 tota

1913 4777 2101 4832 anima
2148 4783 2266 4843 tua,
2298 4782 2355 4830 et
2394 4792 2460 4829 ex
2487 4775 2622 4830 totis
2649 4774 2861 4829 viribus
2909 4775 3042 4842 tuis,
3094 4782 3152 4830 et
3191 4777 3506 4848 proximum

1910 4871 2074 4921 tuum
2092 4871 2364 4936 tanquam
2390 4864 2656 4935 teipsum.
2687 4863 2754 4918 In
2772 4863 2860 4918 his
2888 4863 3170 4919 mandatis
3187 4864 3406 4920 duobus
3425 4871 3508 4920 to-

1911 4961 1971 5010 ta
1999 4956 2086 5009 lex
2113 4955 2321 5026 pendet
2343 4959 2400 5008 et
2420 4953 2706 5025 prophetae
2738 4954 2932 5021 (Marc.
2965 4970 3058 5019 χιι,
3093 4951 3204 5020 30).
3237 4973 3267 5005 ιι
3301 4953 3366 5008 In
3394 4967 3506 5024 quo

1910 5045 2198 5099 evidenter
2234 5043 2534 5115 prophetas
2562 5048 2618 5097 et
2644 5042 2828 5113 legem
2863 5041 3082 5096 duobus
3113 5041 3202 5097 his
3229 5041 3505 5096 semani-

1908 5133 2013 5189 bus
2041 5132 2327 5188 breviavit.
2343 5132 2474 5186 Hec
2491 5130 2560 5186 de
2589 5130 2842 5204 symbolo
2873 5136 2930 5185 et
2958 5130 3186 5185 nomine
3205 5131 3329 5202 ejus
3354 5129 3505 5185 dicta

1909 5223 2040 5278 sint.

1912 5383 2025 5438 qua
2053 5381 2222 5436 quam
2251 5363 2562 5438 minimum
2578 5368 2848 5438 mutatur,
2880 5362 2995 5438 legi
3011 5361 3155 5418 forte
3182 5369 3374 5436 posset
3398 5379 3502 5436 pro

1899 5432 2022 5506 per,
2050 5432 2292 5505 propter,
2342 5432 2596 5506 quamvis
2623 5433 2796 5488 etiam
2829 5432 2960 5489 hoc'
2979 5433 3100 5490 loco
3128 5432 3229 5506 pio
3271 5432 3500 5506 propter

1905 5507 2228 5579 accipiatur.
