3824 6152
453 284 587 352 iiii

1042 290 1108 346 Β.
1149 289 1424 349 RABAN'I
1458 286 1695 351 HAURI
1726 286 2043 352 ᾹΒΟΗῙΕΡ

2108 287 2430 354 IOGUN'I‘.
2471 292 2770 357 OPERUM
2802 297 2988 355 PARS
3024 299 3124 356 ΠΙ.

3517 306 3626 365 H7!

450 414 583 497 0‘?‘
737 412 909 497 "1”?
935 412 1262 497 θνατυῖπῆίθ
1284 430 1306 497 _-‘
1336 417 1950 497 ςξιοηιοᾴορνςαρηάωῃ
1967 421 2039 497 si}
2057 418 2109 480 A
2126 418 2246 485 riis,
2278 427 2342 476 ut
2364 434 2433 476 ea
2462 428 2520 477 et
2546 423 3082 489 veracitercredant,
3105 428 3160 479 et
3182 425 3413 497 diligenti
3433 443 3631 485 θαι-αω-

520 491 587 543 in
602 487 779 542 Deum
804 488 1027 541 Patrem
1049 488 1495 554 omnipotentem,
1515 492 1565 541 et
1584 490 1647 543 in
1671 491 1856 544 Iesum
1887 490 2044 545 Chri-

454 558 465 571 '
514 559 895 642 “avaritiam
922 559 1041 642 qius
1060 561 1261 642 natura
1279 564 1330 642 et
1346 573 1592 642 passum,
1615 564 1662 613 st
1685 563 1747 642 in
1764 558 2043 629 Spiritum

517 634 796 695 sanctum,
826 628 1122 700 Ecclesium
1152 627 1499 695 catholicam,
1526 634 1576 684 et
1603 627 1941 700 caetera—qua
1966 648 2043 686 se-

519 694 787 770 quuntur
810 700 874 752 in
892 694 1074 752 eodem
1101 699 1363 767 symbolo.

517 784 797 844 Oaterum
822 780 963 842 fides
993 798 1116 858 qua
1132 787 1189 842 in
1211 787 1316 842 hoc
1341 786 1592 861 symbolo
1619 788 2042 858 continetur,ita

445 872 517 929 ab
535 874 624 929 his
653 873 751 945 qui
766 872 1086 944 baptizandi
1113 878 1249 927 sunt
1271 870 1512 944 intelligi
1529 870 1713 941 debet,
1730 880 1794 929 ut
1811 874 2043 930 credant

442 958 503 1014 in
529 959 711 1014 Deum
736 957 964 1014 Patrem
983 958 1425 1029 omnipotentem
1446 964 1755 1015 creatorem
1785 961 2039 1015 omnium

442 1041 748 1098 visibilium
776 1047 835 1096 et
863 1040 1246 1107 invisibilium,
1279 1041 1376 1113 qui
1417 1041 1590 1108 solus,
1625 1043 1758 1114 quia
1793 1060 1905 1098 non
1953 1049 2040 1098 est

442 1124 514 1182 de
539 1123 671 1193 alio,
714 1120 843 1181 ideo
890 1126 1044 1181 solus
1074 1126 1392 1197 appellatur
1416 1124 1721 1197 ingenitus,
1755 1132 1814 1181 et
1852 1128 1910 1183 in
1941 1128 2036 1183 Je-

441 1226 569 1271 sum
599 1213 886 1270 Christum
917 1210 1120 1269 Filium
1148 1215 1290 1285 ejus,
1322 1228 1425 1286 per
1461 1228 1629 1285 quem
1670 1216 1859 1270 omnia
1891 1212 2038 1272 facta

441 1307 592 1371 sunt,
624 1316 820 1359 verum
849 1300 1030 1358 Deum
1054 1303 1428 1374 unigenitum,
1474 1318 1779 1375 verumque
1816 1305 1917 1360 Dei
1950 1302 2038 1361 Fi-

440 1390 582 1447 lium
619 1404 734 1447 non
781 1392 993 1448 factum
1023 1395 1125 1446 aut
1177 1391 1502 1463 adoptivum
1547 1393 1645 1448 sed
1692 1393 1949 1464 genitum
1980 1400 2039 1449 et

439 1481 609 1537 unius
644 1498 773 1537 cum
818 1481 987 1535 Patre
1024 1479 1371 1545 substantia,
1415 1486 1586 1552 utique
1613 1481 1695 1536 ita
1720 1499 1822 1554 per
1847 1485 2038 1538 omnia

439 1571 714 1642 aqualem
744 1568 860 1624 Deo
890 1569 1063 1629 Patri,
1097 1574 1162 1623 ut
1199 1585 1301 1622 nec
1317 1575 1570 1641 tempore
1598 1587 1701 1625 nec
1724 1572 1904 1642 gradu
1934 1589 2037 1627 nec

439 1660 717 1731 potestate
744 1672 868 1713 esse
893 1656 1070 1729 possit
1095 1652 1346 1723 inferior,
1379 1662 1712 1730 tantumque
1730 1676 1852 1715 esse
1874 1658 2033 1716 illum

2124 508 2389 566 stodiant.
2424 511 2841 566 Coni‘essionem
2875 528 3038 568 suam
3082 512 3507 584 plane.diximus,
3529 520 3633 590 quis

2124 599 2380 670 quamvis
2408 599 2491 654 illi
2515 602 2753 656 necdum
2782 602 2936 673 loqui
2960 601 3201 673 possint:
3222 618 3315 675 pro
3339 604 3439 659 illis
3460 613 3510 660 et
3529 623 3633 662 cono

2122 687 2356 742 ﬁtentur
2412 696 2471 743 et
2524 690 2832 761 loquuntur
2869 688 2966 762 qui
3010 704 3106 745 eos
3148 691 3217 746 de
3265 693 3462 748 lavacro
3504 695 3635 751 fontis

2121 776 2452 848 suscipiunt.
2481 779 2597 832 Nec
2616 778 2897 833 immerito
2916 778 3152 850 dignum
3167 786 3251 834 est
3262 788 3322 835 ut
3346 782 3430 852 qui
3446 781 3634 838 aliorum

2121 865 2366 937 peccatis
2384 862 2605 921 obnoxii
2618 871 2770 934 sunt,
2791 864 3031 923 aliorum
3059 866 3227 926 etiam
3247 870 3550 926 confessione
3563 889 3638 943 per

2122 954 2453 1026 mysterium
2508 954 2863 1027 baptismatis
2913 957 3291 1012 remissionem
3341 959 3634 1030 originalium

2118 1043 2432 1115 percipiant
2460 1051 2834 1116 peccatorum.

2543 1143 2673 1196 CAP.
2708 1144 2774 1197 X.
2808 1172 2874 1183 -—
2902 1145 2973 1198 De
2991 1147 3278 1199 scrutinio.

2188 1230 2295 1294 Qui
2326 1246 2454 1284 vero
2482 1230 2635 1286 illius
2659 1237 2789 1286 sunt
2813 1234 2933 1302 jam
2963 1233 3167 1295 atatis,
3200 1239 3264 1288 ut
3286 1233 3528 1290 raﬂouem
3551 1250 3640 1290 cre-

2118 1317 2372 1373 dulitatis
2423 1332 2538 1375 sua
2577 1320 2812 1375 reddere
2868 1322 3104 1392 possint,
3148 1322 3391 1393 diligenti
3437 1324 3637 1378 examine

2097 1407 2405 1462 scrutandi
2425 1414 2576 1474 sunt,
2608 1414 2798 1464 utrum
2830 1410 3105 1464 veraciter
3138 1411 3377 1473 credant,
3404 1424 3470 1466 an
3502 1412 3638 1467 alicu-

2114 1497 2209 1567 jus
2237 1496 2498 1551 falsitatis
2525 1498 2582 1551 in
2611 1498 2694 1552 eis
2717 1499 2939 1554 macula
2964 1500 3197 1554 celetur.
3230 1502 3310 1554 Ne
3337 1501 3459 1555 dum
3483 1508 3566 1554 aut
3582 1502 3638 1555 ti-

2117 1598 2272 1639 more
2296 1590 2396 1639 aut
2421 1585 2608 1640 favore
2632 1590 2987 1642 terrenarum
3016 1593 3354 1659 potestatum
3379 1594 3468 1643 aut
3491 1589 3640 1661 arqui-

2115 1673 2318 1728 sitione
2338 1675 2709 1745 quarumdam
2731 1686 2918 1730 rerum
2941 1690 3004 1730 ac
3020 1675 3368 1748 baptismatis
3388 1692 3644 1732 sacramen-

440 1746 537 1836 qtii
565 1747 652 1802 est
689 1744 936 1818 genitus,
970 1751 1215 1836 quantus
1258 1746 1352 1801 ille
1388 1748 1484 1818 qui
1530 1749 1746 1818 senuit
1783 1732 2237 1836 CreduntBtum
2253 1732 2644 1832 ignorantibus
2664 1764 2939 1819 ministris
2954 1732 3213 1820 Ecclesia
3226 1766 3541 1836 perveniunt.
3558 1770 3643 1819 m-

440 1832 612 1891 etiam
633 1850 764 1890 eum
782 1841 978 1890 natum
1007 1834 1078 1889 de
1102 1835 1315 1906 Spiritu
1348 1842 1541 1890 sancto
1571 1850 1637 1890 ex
1677 1834 1857 1892 Maria
1883 1854 2034 1893 sem-

2113 1851 2282 1906 datur
2298 1857 2554 1907 sanctum
2573 1852 2887 1916 canibus,et
2905 1855 3228 1923 margarita
3246 1854 3517 1909 mittantur
3531 1855 3644 1908 inter

438 1938 543 1994 P9P
567 1922 805 2014 νίνεὶξιςφ
831 1922 891 1977 id
936 1927 1040 1987 est,
1082 1925 1172 2014 ut‘
1191 1923 1403 2014 ερίνίῒιξ
1429 1930 1631 2014 flando
1675 1931 2026 2014 cooperante»
2114 1954 2329 2012 porcos,
2366 1946 2424 1996 et
2443 1942 2559 2012 lupi
2597 1942 2762 1996 mina
2794 1944 2941 2014 pelle
2985 1944 3317 1998 vestiantur.
3352 1944 3495 1998 Hunc
3527 1943 3640 1997 enim

435 2027 633 2067 verum
662 2010 773 2104 sibi
802 2027 1006 2104 οοΓΡξιε
1038 2027 1103 2085 βπ
1120 2010 1364 2104 γίτξίιὶθς-
1390 2011 1444 2066 id
1471 2018 1576 2104 θίξιν
1609 2013 1711 2104 Dfi
1741 2014 2033 2104 Ῑῗίιξιξεβε·
2115 2010 2330 2084 morem
2372 2010 2617 2085 Ecclesia
2645 2010 2868 2086 servare
2911 2032 3225 2102 consuevit,
3262 2036 3325 2087 ut
3361 2048 3454 2104 per
3477 2032 3643 2102 aliquot

436 2096 761 2171 sumpserit,
780 2102 846 2154 ut
860 2097 954 2171 qui
975 2098 1486 2155 eratindivinitate
1507 2098 1607 2156 Dei
1632 2098 1813 2192 Patris
1834 2100 2026 2169 Filius,
2112 2119 2333 2173 dierum
2379 2118 2643 2191 spatium,
2687 2120 2745 2174 hi
2785 2118 2882 2192 qui
2936 2121 2993 2175 ίη
3049 2096 3400 2179 muniuit“;
3440 2096 3643 2176 pasci...“

437 2187 558 2279 ΨΘ
585 2189 766 2279 factm
776 2189 854 2279 βίι
882 2187 943 2243 in
976 2188 1327 2279 11‘"?me
1351 2189 1596 2279 Ῑιοωνίῐξίε
1616 2191 1814 2246 matris
1833 2192 2045 2248 Filius»
2111 2187 2431 2279 baptizandi
2458 2216 2590 2263 sunt
2618 2187 2961 2275 scrutentur,
2984 2214 3049 2265 ut
3062 2207 3354 2266 instructis
3371 2216 3426 2265 et
3443 2209 3591 2265 doctis
3605 2214 3643 2262 ei

437 2272 687 2367 Cadmi
711 2277 885 2332 etiam
915 2290 1046 2367 eum
1060 2274 1414 2332 descendisse
1440 2278 1639 2332 ultimo
1656 2285 1912 2351 tempore
1926 2298 2028 2352 pro
2109 2272 2346 2367 simplici
2375 2297 2541 2352 corde
2567 2297 2638 2353 ad
2670 2297 2836 2353 fidem
2865 2272 3054 2353 veram
3084 2299 3426 2355 venientibus
3452 2299 3557 2352 vitae
3576 2310 3644 2351 sa-

437 2361 826 2438 redemptione
853 2366 1051 2421 mundi
1107 2380 1143 2420 a
1172 2367 1357 2433 Patre,
1399 2367 1495 2438 qui
1538 2380 1827 2439 nunquam
1866 2369 2032 2424 desiit

436 2466 561 2510 esse
590 2466 720 2511 cum
748 2452 937 2521 Patre,
969 2459 1028 2509 et
1056 2454 1339 2510 hominem
1368 2470 1565 2511 verum
1586 2457 1817 2523 factum,
1839 2463 1906 2512 ut
1932 2459 2034 2512 hu.

436 2554 668 2598 manum
694 2554 874 2614 genus
912 2543 1081 2597 homo
1102 2541 1389 2605 liberaret.
1425 2550 1485 2598 et
1511 2544 1632 2615 ipse
1660 2542 1795 2616 quia
1819 2544 2031 2617 absque

434 2626 599 2686 initio
617 2630 993 2686 aeternitatem
1012 2644 1140 2686 cum
1163 2629 1331 2686 Patre
1357 2637 1416 2686 et
1439 2632 1653 2704 Spiritu
1680 2639 1872 2689 sancto
1900 2648 2030 2706 pos-

434 2718 584 2774 sidat
614 2719 674 2774 in
706 2719 820 2774 line
832 2719 1163 2775 saeculorum
1184 2721 1492 2791 perfectum
1511 2728 1728 2777 natura
1746 2722 2029 2778 hominem

436 2807 764 2879 susceperit,
794 2812 854 2862 et
880 2807 1130 2864 Verbum
1157 2822 1290 2863 caro
1332 2809 1540 2865 factum
1588 2811 1665 2866 ait
1690 2814 2029 2867 assumenda

432 2895 863 2962 humanitatem,
879 2908 993 2951 non
1019 2897 1392 2968 permutando
1407 2898 2032 2956 divinitatem.Credant

432 2983 606 3040 etiam
633 2996 762 3040 eum
793 2985 1090 3057 pertulisse
1119 2986 1437 3057 passionem
1457 2993 1515 3042 et
1539 2993 1800 3056 mortem,
1833 2990 2023 3047 nonin

430 3071 638 3127 virtute
692 3065 1020 3141 (uanitatis,
1070 3074 1169 3129 sed
1224 3075 1555 3132 infirmitate
1631 3077 2019 3148 humanitatis,

430 3163 720 3216 mortuum
748 3172 880 3216 vera
905 3162 1091 3217 carnis
1120 3168 1320 3231 morte,
1354 3164 1725 3221 resurrexisse
1749 3181 1881 3223 vera
1908 3184 2026 3224 car-

429 3249 519 3305 nis
547 3251 977 3319 resurrectione,
1010 3256 1070 3306 et
1094 3253 1507 3309 resurrectione
1535 3266 1640 3309 sua
1677 3270 1835 3327 spem
1864 3254 2027 3313 nobis

428 3339 859 3395 resurrectionis
912 3340 1238 3408 contulisse,
1287 3342 1371 3397 ita
1419 3343 1694 3399 duntaxat
1757 3351 1823 3400 ut
1879 3347 2027 3401 sicut

425 3426 523 3483 ille
548 3428 720 3483 tertia
743 3424 836 3484 die
862 3431 1173 3485 resurrexit
1195 3430 1350 3486 vivus
1372 3447 1409 3486 a
1437 3432 1705 3488 mortuis:
1739 3434 1822 3489 ita
1838 3441 1898 3490 et
1922 3450 2025 3491 nos

296 3572 311 3581 ,
354 3522 361 3530 ·
426 3515 629 3571 latine
648 3516 979 3573 saeculorum
1016 3530 1382 3591 resurgamus
1409 3520 1469 3575 in
1498 3521 1694 3576 eadem
1724 3535 1837 3594 qua
1875 3536 2024 3580 nunc

424 3604 663 3660 vivimus
685 3616 872 3660 carne.
888 3606 1137 3662 Credant
1153 3608 1327 3663 etiam
1346 3622 1477 3665 eum
1499 3606 1557 3664 in
1575 3604 1772 3666 eodem
1790 3624 2023 3684 corpore

427 3693 578 3764 quod
607 3694 679 3749 de
695 3694 926 3766 Virgine
955 3697 1280 3768 assumpsit,
1305 3697 1623 3768 passionem
1644 3701 1933 3768 sustinuit,
1965 3709 2023 3757 et

424 3783 748 3845 resurrexit,
781 3783 1100 3840 ascendisse
1127 3785 1184 3840 in
1209 3787 1412 3842 coelum
1436 3792 1496 3842 et
1540 3787 1599 3842 in
1647 3789 1843 3844 eodem
1872 3802 2021 3847 nunc

423 3879 568 3938 esse,
599 3874 658 3926 et
677 3872 748 3925 ad
771 3868 1049 3942 judicium
1082 3880 1384 3933 venturum
1413 3890 1553 3940 esse,
1587 3883 1645 3932 et
1672 3879 2016 3936 resuscitatis

421 3958 702 4026 omnibus,
732 3959 870 4015 dare
914 3961 1038 4016 aliis
1080 3976 1182 4034 pro
1229 3964 1472 4034 peccatis
1512 3966 1769 4037 supplicii
1820 3971 2016 4025 aterni

416 4047 759 4105 sententiam
783 4065 795 4101 :
821 4044 947 4104 aliis
974 4064 1077 4121 pro
1101 4052 1337 4122 iustitia
1358 4054 1572 4109 meritis
1590 4061 1812 4111 atema
1835 4057 2015 4112 beati-

417 4133 632 4190 tudinis
660 4137 975 4208 pratulum.
1008 4139 1256 4195 Credant
1279 4147 1337 4195 et
1363 4141 1422 4196 in
1452 4141 1725 4214 Spiritum
1755 4152 2013 4202 sanctum

417 4220 599 4280 Deum
627 4236 824 4280 verum
852 4238 919 4280 ex
948 4224 1115 4282 Patre
1143 4228 1396 4300 Filioque
1411 4232 2014 4306 procedentem,aqua-

415 4312 529 4368 lem
558 4325 660 4385 per
677 4313 869 4370 omnia
890 4315 1045 4370 Patri
1091 4321 1149 4371 et
1180 4317 1340 4385 Filio,
1370 4319 1675 4385 voluntate,
1709 4328 2004 4393 potestate,

415 4403 749 4469 aternitate,
772 4403 1105 4460 substantia.
1121 4406 1236 4461 Nec
1252 4420 1377 4462 esse
1402 4408 1464 4462 in
1482 4409 1588 4463 hac
1607 4420 1802 4466 sancta
1827 4408 2010 4468 Trini-

411 4495 533 4546 tate
560 4492 705 4548 ullos
731 4493 941 4563 gradus
968 4493 1171 4565 quibus
1200 4492 1405 4568 aliquis
1423 4497 1658 4552 inferior
1681 4501 2007 4572 superiorve

413 4578 525 4634 dici
538 4581 735 4652 possit.
755 4576 1002 4638 Credant
1019 4583 1193 4638 etiam
1211 4591 1466 4641 sanctam
1487 4586 1789 4644 Ecclesium
1817 4592 2007 4645 catho-

410 4667 599 4735 licam,
628 4667 686 4723 id
709 4675 814 4735 est,
841 4670 1214 4726 universalem
1247 4688 1260 4726 :
1292 4686 1405 4728 non
1432 4674 1491 4729 in
1533 4681 1786 4732 sanctam
1817 4679 2004 4734 Eccle-

411 4755 556 4811 siam
586 4760 653 4812 ut
676 4756 967 4814 credentes
1007 4756 1068 4814 in
1094 4760 1446 4817 Trinitatem.
1478 4765 1725 4820 Credant
1750 4769 2004 4838 ejusdem

407 4849 617 4902 sancta
639 4845 933 4902 Trinitatis
955 4848 1187 4904 domum
1209 4865 1330 4905 esse
1348 4858 1602 4908 sanctam
1632 4855 1953 4925 Ecclesium,
1966 4874 2003 4913 a

406 4935 570 5006 cujus
587 4937 982 4992 communione
1017 4938 1365 4994 discedentes
1384 4941 1722 4998 schismatici
1742 4950 1802 4999 et
1828 4947 2002 5003 hare-

403 5023 501 5078 tiei
518 5030 806 5093 vocantur,
840 5030 899 5081 et
924 5031 1137 5083 aeterna
1154 5028 1516 5085 damnatione
1542 5034 1857 5102 puniuntur
1886 5054 1898 5090 :
1942 5032 2000 5092 in

402 5112 527 5183 ejus
542 5125 677 5170 vero
690 5116 1081 5172 communione
1096 5122 1490 5190 permanentes
1509 5124 1567 5176 et
1581 5121 1833 5178 membra
1843 5124 2001 5179 Chri-

399 5200 475 5255 sti
493 5218 617 5258 esse
645 5208 704 5258 et
721 5205 1106 5260 remissionem
1134 5213 1489 5279 peccatorum
1508 5211 1814 5282 percipere,
1839 5219 1897 5268 et
1923 5210 1996 5268 ad

400 5289 572 5347 vitam
591 5297 858 5348 aeternam
880 5295 1181 5369 pertinere.
1196 5297 1338 5362 Quia
1359 5314 1492 5370 ergo
1514 5301 1730 5373 parvuli
1753 5303 1993 5358 necdum

397 5374 618 5437 ratione
635 5386 858 5437 utentes
884 5381 1001 5439 hac
1026 5381 1477 5459 minimecapere
1502 5394 1754 5460 possunt,
1774 5397 1995 5462 oportet

395 5469 464 5518 ut
475 5480 605 5521 cum
622 5468 695 5522 ad
706 5468 1115 5541 intelligibilem
1137 5481 1359 5530 atatem
1379 5478 1739 5546 pervenerint
1754 5479 1991 5536 docean-

2111 2390 2400 2440 cramenta
2420 2387 2837 2457 impertiuntur.
2859 2384 3063 2459 quibus
3077 2392 3143 2443 ut
3155 2389 3402 2461 aptiores
3417 2387 3649 2442 invenian-

2111 2479 2209 2528 tur
2230 2473 2584 2546 baptismatis
2622 2480 2994 2541 sacramento,
3027 2481 3086 2530 et
3118 2490 3317 2532 eorum
3346 2476 3471 2531 ﬁdes
3495 2473 3648 2546 iii-obs-

2111 2561 2278 2616 bilior
2296 2563 2389 2627 sit,
2423 2564 2677 2634 quadam
2718 2565 2866 2619 fiunt
2909 2567 3281 2636 corporaliter
3300 2580 3417 2638 qua
3455 2559 3647 2636 spiritali

2110 2655 2281 2721 gustu
2305 2652 2623 2722 degustata,
2639 2653 2935 2724 mysticum
2955 2654 3087 2725 quid
3104 2660 3165 2708 et
3184 2655 3430 2726 spiritale
3453 2652 3647 2724 sapiant.

2360 2748 2490 2806 Car.
2525 2748 2621 2807 XI.
2656 2780 2721 2792 —-
2746 2751 2889 2818 Quid
2916 2754 2990 2806 sit
3014 2755 3447 2808 abrenuntiatio.

2180 2838 2262 2894 De
2285 2835 2774 2895 abrenuntiatione
2794 2844 2983 2895 autem
3005 2844 3064 2895 et
3090 2841 3229 2913 quid
3260 2842 3335 2896 sit
3350 2839 3650 2896 abrenuntia-

2108 2926 2209 2995 tio,
2236 2928 2357 2999 jam
2395 2928 2695 2984 dicendum
2732 2934 2837 2984 est.
2875 2929 3294 2986 Abrenuntiare
3325 2930 3513 2986 etenim
3546 2924 3648 2999 poni

2044 3044 2095 3113 Ο
2110 3014 2270 3084 solet,
2300 3032 2402 3089 pro
2430 3032 2496 3072 eo
2525 3016 2671 3089 quod
2701 3024 2789 3074 est
2815 3032 3098 3091 spernere,
3132 3016 3648 3113 rejicere,_conu'adi-

2107 3118 2252 3169 cere,
2277 3105 2391 3162 sive
2418 3104 2573 3162 aliud
2595 3107 2748 3178 quid,
2792 3106 2940 3178 quod
2978 3108 3084 3163 hoc
3111 3109 3285 3163 verbo
3313 3109 3372 3163 in
3397 3106 3493 3162 hoc
3516 3117 3647 3160 sensu

2108 3192 2343 3267 exprimi
2371 3199 2576 3267 potest.
2610 3194 2878 3261 Quamvis
2898 3197 3048 3251 enim
3076 3197 3234 3252 illius
3256 3198 3405 3252 verbi
3434 3195 3561 3268 quod
3584 3197 3647 3247 at

2106 3280 2324 3349 nuntio,
2339 3296 2537 3340 sensus
2556 3284 2617 3339 in
2646 3288 2910 3357 promptu
2928 3285 3143 3340 sitcum
3166 3287 3290 3342 sine
3310 3283 3648 3359 praepositione

2105 3372 2406 3445 profertur,
2441 3377 2500 3428 et
2526 3379 2756 3446 accepta
2790 3372 3188 3446 prapositione
3225 3375 3498 3431 interdum
3522 3386 3553 3427 a
3571 3384 3649 3425 sua

2106 3458 2514 3534 signiﬁcatione
2542 3478 2656 3518 non
2683 3458 2850 3534 longe
2886 3464 3129 3527 recedat,
3165 3469 3234 3519 ut
3258 3467 3345 3519 est
3372 3462 3527 3518 illud:
3548 3473 3649 3513 nar-

2106 3546 2239 3605 rabo
2268 3556 2327 3605 et
2351 3548 2707 3625 renuntiabo,
2740 3550 3022 3607 interdum
3044 3568 3176 3608 vero
3201 3552 3262 3608 in
3282 3553 3450 3608 alium
3466 3560 3649 3607 sensum

2103 3642 2373 3704 vertatur,
2406 3646 2473 3695 ut
2499 3644 2586 3695 est
2605 3638 2775 3695 illud:
2813 3660 2837 3691 ‹ι
2861 3640 2954 3696 Sic
2974 3654 3108 3712 ergo
3132 3642 3320 3697 omnis
3339 3656 3405 3696 ex
3422 3636 3558 3694 vobis
3577 3635 3650 3707 qui

2102 3742 2213 3783 non
2240 3726 2530 3784 renuntiat
2569 3727 2831 3784 omnibus
2871 3743 2993 3802 qua
3044 3731 3316 3802 possidet,
3348 3744 3457 3786 non
3500 3727 3651 3800 potest

2100 3830 2260 3872 meus
2287 3834 2408 3872 esse
2437 3814 2743 3889 discipulus
2775 3820 2923 3885 (Luc.
2958 3830 3068 3886 XN,
3093 3818 3220 3886 33):
3255 3836 3278 3871 ι
3303 3815 3650 3874 abrenuntiare

2097 3910 2288 3960 tamen
2316 3923 2538 3978 semper
2561 3904 2619 3960 in
2650 3922 2716 3961 eo
2746 3920 2913 3962 sensu
2944 3907 3074 3979 poni
3097 3908 3559 3978 consuevit,quem
3574 3914 3648 3956 su-

2096 3994 2303 4066 perius
2319 3990 2580 4051 diximus.
2613 3994 3026 4051 Abrenuntiare
3052 3998 3263 4052 etenim
3283 4014 3344 4052 se
3369 3992 3649 4051 fateturSa-

2094 4089 2242 4138 tuna
2270 4088 2328 4139 et
2354 4083 2612 4139 omnibus
2643 4084 2905 4156 operibus
2934 4086 3056 4156 ejus
3092 4092 3150 4140 et
3175 4086 3431 4141 omnibus
3465 4079 3647 4156 pompis

2094 4172 2235 4242 ejus,
2267 4188 2436 4245 quam
2478 4172 3025 4229 abrenuntiationem
3063 4180 3215 4230 recte
3257 4173 3516 4230 confessio
3540 4182 3646 4224 san-

2093 4268 2203 4317 cta
2221 4260 2512 4320 Trinitatis
2542 4260 2814 4334 sequitur.
2852 4262 2919 4318 Et
2945 4262 3134 4334 [Fort.,
3152 4265 3239 4335 ut]
3263 4263 3357 4319 ubi
3384 4256 3646 4317 abundavit

2025 4352 2398 4425 Dpeccatum,
2431 4348 2850 4423 superabundet
2883 4353 3086 4423 gratia,
3128 4356 3187 4407 et
3208 4352 3303 4408 ubi
3322 4344 3643 4433 'computmit

2085 4440 2287 4511 jugum
2315 4434 2522 4494 diaboli
2547 4454 2583 4495 a
2607 4437 2747 4495 facie
2775 4441 3054 4496 unctionis
3085 4441 3327 4514 Spiritus
3356 4439 3538 4497 sancti,
3556 4434 3638 4490 ad-

2087 4526 2276 4605 veniat
2303 4526 2453 4584 illius
2488 4530 2691 4600 jugum
2732 4529 2827 4602 qui
2857 4530 3020 4585 dixit:
3063 4550 3089 4580 ‹‹
3120 4530 3329 4586 Discite
3360 4546 3391 4584 a
3424 4542 3508 4583 me
3532 4522 3639 4596 quia

2088 4613 2241 4671 mitis
2270 4632 2396 4672 sum
2426 4620 2482 4673 et
2514 4616 2742 4673 humilis
2769 4619 2954 4685 corde,
3003 4622 3062 4674 et
3089 4619 3381 4675 invenietis
3420 4611 3635 4685 requiem

2086 4704 2382 4760 animabus
2411 4706 2628 4762 vestris.
2661 4707 2868 4778 Jugum
2898 4707 3051 4763 enim
3080 4723 3267 4764 meum
3296 4720 3460 4762 suave
3483 4708 3572 4765 at.
3591 4703 3639 4751 οι

2086 4808 2227 4849 onus
2266 4810 2455 4849 meum
2488 4792 2606 4850 leve
2650 4796 2865 4863 (Matth.
2915 4812 2986 4859 xl,
3017 4796 3129 4864 29).
3167 4815 3195 4850 ι
3234 4798 3447 4852 Satanae
3488 4789 3629 4845 enim.

2084 4879 2181 4955 qui
2199 4888 2257 4937 et
2282 4880 2538 4939 diabolus
2565 4891 2942 4958 nuncupatur,
2974 4898 3011 4941 a
3037 4886 3289 4942 ﬁdelibus
3307 4878 3634 4940 abrenuntia-

2081 4976 2194 5037 tur,
2244 4975 2307 5027 ut
2346 4969 2584 5028 Domino
2623 4972 2897 5029 Salvatori
2946 4974 3178 5031 liberius
3219 4972 3496 5029 serviatur.
3522 4965 3631 5038 quia

2075 5061 2239 5130 juxta
2269 5058 2521 5132 ejusdem
2550 5058 2775 5118 Domini
2804 5076 3024 5119 vocem:
3053 5078 3083 5116 α
3113 5065 3286 5120 Nemo
3314 5062 3490 5133 potest
3513 5055 3629 5110 duo-

2080 5147 2184 5203 bus
2211 5146 2453 5205 dominis
2482 5151 2691 5206 servire
2716 5150 2929 5217 (Matth.
2966 5164 3035 5220 vi,
3058 5152 3170 5218 ‘24).

2080 5255 2210 5310 Car.
2233 5252 2356 5311 XII.
2385 5287 2451 5297 —
2471 5259 2544 5311 Ile
2570 5258 3062 5314 abrenuntiationc
3093 5245 3304 5316 satana:
3326 5262 3374 5310 et
3403 5252 3623 5309 omnibus

2147 5330 2398 5401 operibus
2426 5331 2560 5395 ejus,
2591 5333 2754 5398 atque
2768 5334 3002 5399 pompis,
3026 5335 3108 5385 uel
3127 5348 3242 5401 qua
3263 5342 3420 5398 opera
3442 5320 3624 5379 diaboli

2145 5400 2260 5452 sint
2284 5404 2330 5452 ct
2356 5412 2580 5468 pompa.

2140 5484 2584 5543 Abrenuntiatur
2621 5487 2793 5543 etiam
2832 5490 3095 5562 operibus
3131 5492 3267 5562 ejus,
3310 5485 3438 5558 quia
3470 5493 3615 5552 οΡθη

391 5558 507 5621 tur,
540 5559 598 5609 et
614 5555 756 5646 ‘ﬂdei
773 5561 1141 5618 sacramentis
1166 5570 1225 5618 et
1244 5564 1609 5622 confessionis
1635 5582 1751 5623 sua
1778 5575 1989 5642 myste-
2070 5573 2223 5630 illius
2266 5577 2551 5632 contraria
2583 5582 2718 5632 sunt
3406 5573 3471 5629 Ει
3502 5566 3611 5640 (ιώ
