3824 6152
208 307 318 369 H73

1131 302 1344 363 LIBER
1381 302 1474 363 DE
1512 303 1764 365 SACRIS
1803 305 2215 375 ORDINIBUS,
2262 305 2412 367 ETC.

3275 314 3409 373 1174

204 436 280 493 ille
305 436 454 490 armis
481 436 609 497 suis,
642 432 692 486 id
724 442 808 486 est
858 432 1023 500 vitiis,
1054 448 1231 501 genus
1278 435 1585 487 humanum
1633 431 1802 494 sibiA
1824 441 1881 489 et
1911 432 2201 489 hominum
2233 436 2584 507 apertissime
2610 438 3075 495 demonstratum.
3111 440 3236 512 Ipse
3262 444 3411 497 enim
3456 464 3469 486 ι

202 526 417 595 subjecit,
465 524 721 577 Dominus
779 520 950 575 armis
999 518 1131 578 suis.
1186 523 1234 575 id
1281 529 1365 575 est
1414 523 1731 589 virtutibus,

202 612 331 669 illum
352 608 641 666 debellavit.
667 609 727 665 In
751 606 899 664 illius
916 609 1065 663 enim
1094 611 1314 673 militia,
1335 608 1389 664 id
1414 617 1500 665 est
1524 613 1578 664 in
1612 628 1734 682 pec-

199 700 311 758 catis
336 696 539 761 nostris,
572 700 804 754 servitus
836 714 1169 769 permanens
1201 696 1413 770 accepit
1440 706 1677 753 mortem
1714 716 1725 753 :

198 792 245 845 in
270 788 408 843 istius
436 786 643 849 militia,
676 782 727 841 id
760 794 845 841 est
871 782 1188 841 virtutibus.
1224 787 1528 858 accipimus
1561 790 1729 843 vitam

197 886 438 933 aeternam.
473 874 686 947 Septem
728 875 916 946 itaque
972 871 1293 947 principalia
1348 873 1497 931 vitia.
1533 873 1732 948 quibus

196 964 408 1020 diabolus
433 980 601 1031 genus
639 962 945 1018 humanum
990 965 1233 1029 infestat,
1274 980 1383 1018 non
1432 962 1732 1035 incongrue

194 1071 333 1127 opera
356 1058 556 1108 Satana:
572 1052 757 1107 dicere
782 1068 1075 1123 possumus
1104 1071 1114 1107 :
1150 1048 1350 1123 quibus
1375 1060 1735 1124 opponuntur

194 1152 368 1214 septem
401 1143 717 1214 principales
751 1140 998 1197 virtutes.
1033 1160 1153 1212 qum
1183 1159 1353 1213 opera
1383 1150 1511 1195 sunt
1542 1142 1733 1213 procul

192 1230 329 1285 dubio
347 1231 613 1285 salutaria.
642 1248 742 1284 nec
760 1231 944 1284 minus
969 1231 1178 1284 interea
1202 1231 1419 1301 pompis
1440 1233 1560 1299 ejus
1578 1232 1733 1284 abre-

191 1320 451 1383 auntiatur,
486 1334 601 1390 quae
640 1320 832 1389 utique
879 1335 1047 1390 opera
1092 1327 1221 1373 sunt
1264 1322 1501 1375 Satanze.
1539 1318 1630 1372 sed
1666 1336 1730 1371 eo

190 1410 316 1480 quasi
336 1406 555 1462 discerni
571 1409 833 1462 videntur
852 1425 883 1461 a
906 1407 1120 1461 czrteris
1152 1404 1411 1479 cperibus
1433 1408 1573 1477 ejus,
1600 1408 1727 1478 quia

189 1498 231 1551 in
256 1499 323 1550 eis
350 1494 610 1568 superbia.
650 1496 809 1567 cujus
857 1493 949 1549 ille
978 1504 1175 1550 auctor
1216 1504 1317 1562 est,
1365 1504 1421 1550 et
1449 1512 1571 1567 qua:
1600 1514 1727 1550 eum

186 1582 365 1655 dejecit.
388 1586 788 1656 quodammodo
812 1582 1156 1655 designatur.
1178 1583 1398 1656 Pompa)
1421 1582 1594 1655 igitur
1609 1587 1729 1656 ejus

185 1680 292 1729 sunt
330 1670 560 1733 ambitio,
610 1675 952 1743 arrogantia,
1006 1687 1147 1728 vana
1188 1671 1386 1743 gloria,
1433 1679 1483 1727 et
1532 1680 1732 1729 czetera

1818 523 1895 576 ait
1923 538 1933 575 :
1966 552 1984 569 υ
2024 522 2301 588 Quoniam
2335 522 2440 579 nisi
2465 524 2589 597 quis
2620 533 2847 581 renatus
2886 527 3054 583 fuerit
3084 545 3148 584 ex
3176 547 3322 602 aqua
3358 539 3415 586 et

1819 608 2030 682 Spiritu
2059 616 2270 678 sancio,
2306 628 2414 667 non
2450 612 2655 685 poterit
2700 612 2931 670 introire
2960 617 3016 671 in
3048 636 3281 688 regnum
3312 616 3413 674 Dei

1816 699 1993 760 (λων).
2030 718 2103 765 ιιι,
2139 702 2214 769 5).
2259 729 2277 748 ι.
2299 700 2701 757 EtJoannesde
2720 722 2784 757 eo
2815 705 2895 758 ait
2926 725 2936 758 :
2978 730 2998 754 α
3024 702 3160 761 Ecce
3192 704 3412 779 baptizo

1816 790 1870 843 in
1901 804 2080 860 aqua:
2116 789 2333 843 medius
2388 794 2576 845 autem
2624 798 2869 847 vestrum
2909 800 3037 861 stat,
3092 813 3258 866 quem
3314 815 3411 849 vos

1816 875 2059 934 nescitis.
2092 878 2213 949 ipse
2245 894 2339 932 vos
2397 880 2697 951 baptizabit
2726 878 2779 935 in
2840 879 3050 953 Spiritu
3102 890 3295 938 sancto
3352 893 3409 940 et

1818 967 1942 1032 igne
1977 970 2153 1031 (.Iolm.
2182 982 2219 1029 ἱ,
2242 962 2350 1036 ‘26).
2388 983 2412 1020 b
2447 966 2553 1022 Per
2569 969 2672 1023 hoc
2704 970 2795 1041 qui
2848 972 3133 1026 nascimur
3177 976 3406 1039 mundo,

1817 1054 2162 1109 renascimur
2192 1059 2324 1121 Deo,
2361 1064 2411 1111 et
2447 1058 2539 1128 qui
2571 1076 2671 1129 per
2709 1066 2995 1129 peccatum
3027 1079 3251 1117 eramus
3303 1062 3400 1116 ﬁlii

1818 1144 1927 1203 irai,
1956 1159 2056 1213 per
2082 1144 2320 1207 gratiam
2356 1146 2629 1200 eilirimur
2659 1149 2752 1200 ﬁlii
2792 1148 2905 1201 Dei.
2953 1146 3067 1203 ilac
3111 1147 3261 1203 enim
3293 1152 3407 1205 tin-

1816 1232 1997 1284 ctione
2027 1234 2205 1285 ethoc
2236 1233 2454 1287 lavacro
2486 1232 2724 1289 Ecclesia
2774 1239 3080 1305 vegetatur,
3141 1235 3405 1308 quoniam

1815 1318 1957 1373 sicut
1981 1338 2043 1373 ex
2075 1338 2197 1373 osse
2224 1322 2552 1375 dormientis
2584 1323 2911 1394 protopiasti
2943 1327 3146 1379 mulier
3174 1324 3410 1381 aedifica-

1813 1414 1871 1460 ta
1902 1416 2003 1465 est.
2041 1410 2191 1463 itaex
2226 1410 2397 1462 latere
2412 1409 2617 1464 Christi
2637 1410 2693 1465 in
2742 1427 2902 1466 cruce
2928 1412 3259 1469 dormientis
3309 1413 3409 1469 Ee-

1813 1492 1979 1549 ciesia
2016 1495 2253 1551 formata
2281 1506 2395 1552 est:
2424 1516 2447 1549 ‹‹
2486 1502 2871 1569 proﬂuxerunt
2903 1503 3063 1555 enim’
3100 1520 3163 1555 ex
3186 1501 3307 1573 ejus
3329 1504 3411 1557 la-

1813 1592 1930 1637 tere
1947 1586 2172 1653 sanguis
2185 1592 2239 1639 et
2254 1600 2431 1657 aqua:
2464 1608 2488 1635 η
2515 1586 2624 1641 duo
2640 1597 2844 1643 sanctae
2860 1586 3112 1645 Ecclesiae
3132 1591 3411 1663 praecipua

1813 1682 2182 1735 sacramenta,
2216 1680 2277 1727 ut.
2311 1674 2364 1727 in
2388 1674 2564 1728 altero
2578 1677 2936 1743 consecratio,
2966 1678 3019 1733 in
3033 1676 3210 1733 altero
3241 1697 3405 1733 mun-

185 1752 1981 1834 hujuscemodi.quaedefontesuperbizeprorederedigno-iidatio,
2036 1758 2214 1815 cidem
2268 1760 2615 1817 tribueretur
2668 1763 2941 1831 Ecclesiae,
3006 1782 3408 1837 regeneramur

183 1858 387 1906 scuntur.
426 1849 689 1923 Pompam
730 1851 899 1911 enim,
951 1850 1314 1905 ambitionem
1360 1848 1471 1905 sive
1503 1854 1723 1920 jactan-

183 1940 306 1995 tiam.
328 1947 376 1994 et
396 1937 476 1993 his
499 1937 724 2005 similia,
750 1936 989 2009 intelligi
1016 1935 1218 1993 debere
1236 1938 1592 2011 prepheticus
1613 1955 1725 1993 ser-

180 2044 250 2081 mo
275 2026 617 2085 demonstrat.
653 2044 777 2083 cum
810 2027 945 2082 dicit
977 2048 987 2082 :
1028 2048 1049 2078 cr
1086 2028 1179 2082 \‘ze
1202 2026 1294 2099 qui
1322 2026 1724 2099 opulentiestis

179 2118 220 2169 in
246 2114 376 2183 Sion,
404 2124 457 2171 et
487 2114 768 2172 confiditis
788 2116 844 2171 in
877 2122 1067 2171 monte
1096 2114 1362 2171 Samaria)
1388 2138 1395 2171 :
1425 2116 1724 2188 optimates

175 2204 323 2275 capita
343 2204 666 2278 populorum
709 2202 1088 2275 ingredientes
1139 2204 1451 2277 pompatico
1496 2206 1723 2259 domum

176 2290 313 2347 lsrael
351 2297 520 2361 (Amos
548 2310 625 2361 γι,
660 2293 730 2361 1).
778 2311 802 2348 »
839 2294 947 2349 Sed
997 2301 1053 2349 et
1084 2293 1341 2349 Clemens
1388 2293 1724 2348 Prudentius

173 2380 555 2438 dissertissimus
577 2391 750 2454 atque
782 2380 1299 2437 Christianissimus
1326 2388 1507 2453 poeta,
1527 2383 1584 2437 in
1620 2384 1725 2437 hac

171 2466 529 2539 significatione
560 2487 826 2544 pompam
872 2472 1075 2543 posuit.
1106 2470 1161 2524 in
1195 2468 1334 2526 libro
1386 2469 1722 2541 Psychoma-

173 2554 299 2615 chiae.
328 2556 415 2614 ubi
442 2563 520 2615 ait
563 2576 576 2615 :

268 2642 427 2709 Pompa
453 2651 737 2697 ostentatrix
766 2648 873 2696 vani
907 2649 1173 2711 splendoris
1204 2648 1334 2696 inani

267 2726 447 2785 Eicitur
473 2732 651 2777 audam
684 2731 836 2791 peplo.

216 2807 453 2869 Quamvis
479 2824 618 2879 ergo
648 2824 814 2863 omne
840 2816 1131 2879 peccatum
1164 2809 1427 2879 superbia
1453 2809 1559 2861 dici
1591 2824 1719 2879 pos-

165 2894 237 2947 sit.
263 2896 379 2965 quia
407 2899 633 2968 quando
655 2899 780 2968 quis
800 2905 1009 2969 peccat,
1030 2900 1163 2963 Deo,
1194 2898 1287 2968 qui
1331 2911 1558 2968 peccare
1590 2913 1718 2968 pro-

162 2981 329 3049 hibuit,
360 2988 639 3041 contraire
672 2988 908 3049 videtur,
935 2987 1086 3041 aliud
1110 2994 1297 3040 tamen
1321 2994 1406 3039 est
1421 2984 1715 3047 desidiose,

1807 1864 2048 1921 namque
2080 1865 2142 1904 ex
2179 1848 2412 1909 lavacro,
2438 1858 2493 1905 et
2542 1866 2936 1909 consecramur
2991 1870 3055 1909 ex
3116 1855 3406 1925 sanguine.

1808 1936 1963 1992 Unde
1985 1945 2038 1991 et
2068 1938 2305 2009 populus
2325 1954 2479 1993 mare
2502 1938 2753 1995 Rubrum
2772 1940 2998 1998 transiit
3029 1960 3040 2009 ;
3077 1943 3211 2016 quia
3238 1944 3413 2017 bapti-

1807 2041 1959 2080 smus
1982 2024 2183 2081 Christi
2216 2025 2487 2097 sanguine
2514 2036 2889 2084 consecratur.
2926 2032 3066 2095 Quia
3118 2046 3251 2102 ergo
3293 2032 3411 2088 ele-

1808 2121 2058 2170 mentum
2077 2132 2234 2187 aquze
2248 2113 2302 2170 in
2320 2115 2419 2170 hoc
2453 2114 2660 2171 mundo
2688 2115 2948 2173 omnibus
2971 2117 3263 2174 elementis
3282 2135 3409 2191 pur-

1804 2202 1994 2273 gandi,
2016 2202 2347 2270 viviilcandi,
2390 2204 2677 2260 recreandi
2697 2208 2892 2277 gratiae
2922 2215 3115 2279 aptum
3160 2214 3261 2273 est,
3291 2222 3403 2263 non

1808 2292 2089 2347 immerito
2116 2291 2164 2347 ei
2196 2291 2457 2365 baptismi
2488 2294 2732 2365 dignitas
2771 2292 3073 2361 confertur,
3110 2297 3203 2367 qui
3231 2296 3407 2366 [Fort-

1807 2400 1928 2451 quze
1963 2386 2019 2435 ut
2054 2384 2332 2450 rrﬂnratm'
2364 2384 2437 2436 ad
2492 2381 2721 2454 aquam]
2780 2390 2836 2438 et
2889 2382 3398 2455 regenerandorum

1808 2470 2095 2525 hominum
2129 2469 2433 2525 efficaciam
2465 2486 2591 2525 cum
2644 2470 2884 2543 Spiritus
2941 2472 3041 2527 Dei
3095 2471 3151 2527 in
3210 2471 3403 2528 mundi

1806 2557 2108 2630 primordio
2130 2574 2299 2630 super
2319 2558 2371 2613 id
2397 2557 2637 2615 ferretur
2665 2558 3028 2633 concipiebat,
3078 2567 3134 2615 et
3162 2575 3409 2632 purgan-

1803 2647 2001 2702 dorum
2022 2664 2149 2702 cum
2171 2663 2235 2702 ex
2258 2650 2429 2703 latere
2461 2646 2668 2703 Christi
2689 2650 3012 2721 proﬂueret,
3069 2645 3404 2721 dignitatem

1805 2734 2077 2808 capiebat.
2114 2736 2221 2791 Per
2260 2737 2362 2792 hoc
2400 2736 2606 2791 etenim
2658 2734 2870 2792 visibile
2916 2736 3257 2793 elementum
3313 2754 3403 2793 res

1803 2825 1899 2879 illa
1928 2825 2218 2880 invisibilis
2248 2824 2522 2901 signatur,
2548 2834 2611 2881 ut
2630 2826 2774 2881 sicut
2793 2841 2938 2898 aqua
2956 2835 3231 2898 purgatur
3258 2834 3405 2883 exte-

1802 2914 1919 2969 rius
1940 2916 2256 2986 corpus,ita
2293 2915 2668 2985 latenterejus
2701 2912 2966 2987 mysterio
2990 2930 3091 2987 per
3122 2912 3395 2987 Spiritum

1803 3011 2056 3058 sanctum
2078 3002 2472 3076 puriﬂccturet
2490 3001 2728 3058 animus.
2755 3006 3015 3059 Invocato
3026 3002 3395 3076 namqueDeo

327 3075 620 3168 malitiose,
664 3077 828 3168 aliud
868 3072 1125 3135 ﬁdenter»
1178 3076 1328 3129 amid
1371 3074 1714 3168 iﬂnm‘a'iif’rp
1739 3069 2094 3147 Cdescendit
2129 3092 2369 3165 Spiritus
2387 3102 2612 3168 sanctus
2639 3093 2708 3148 de
2726 3090 2897 3156 caelis,
2933 3099 2989 3147 et
3032 3069 3397 3149 sanctificatis

157 3159 280 3215 aliud
300 3165 664 3234 negligenter,
683 3165 833 3218 aliud
856 3171 1447 3234 m‘rosanterpeccare=
1472 3164 1721 3233 quolibet
1801 3184 1979 3253 aquis,
2013 3159 2213 3237 tribuit
2240 3182 2320 3236 eis
2350 3182 2458 3236 vim
2491 3162 2882 3254 purgationis.
2916 3179 3052 3237 Inde
3108 3182 3275 3237 homo
3328 3181 3399 3237 ad

155 3259 316 3305 autem
338 3254 497 3308 modo
522 3254 652 3324 quis
672 3264 880 3325 peccet,
918 3255 961 3307 si
1000 3254 1272 3324 pwnitet‘e
1301 3254 1626 3317 contemnit,
1662 3254 1715 3306 in

1821 3271 2100 3341 maginem
2122 3274 2413 3342 reparatus
2436 3277 2637 3326 sancta;
2656 3268 2967 3339 Trinitatis,
2990 3266 3060 3325 ad
3082 3285 3248 3343 quam
3278 3285 3405 3327 con-

157 3353 386 3432 magnilm
415 3361 474 3395 se
500 3343 777 3414 Superbiae
806 3343 1131 3396 barathrum
1162 3342 1465 3411 ίωιηενείις
1500 3341 1569 3394 de
1607 3358 1716 3413 quo
1800 3357 1949 3414 ditus
1964 3359 2165 3425 fuerat,
2189 3341 2550 3430 expurgatur,
2568 3366 2624 3413 et
2648 3346 2747 3429 qui
2773 3366 2926 3413 vetus
2949 3358 3006 3413 in
3030 3341 3125 3415 eas
3153 3376 3255 3432 per
3272 3374 3401 3432 pec-

153 3441 243 3480 non
271 3430 367 3484 nisi
406 3447 507 3503 per
553 3432 955 3485 confessionem
999 3438 1354 3502 peccatorum
1388 3442 1620 3484 suorum
1663 3438 1720 3485 et.

1817 3455 1987 3502 :atum
2025 3445 2191 3519 primi
2238 3449 2482 3501 hominis
2516 3449 2840 3512 intraverat,
2867 3460 3042 3503 novus
3073 3430 3245 3503 est—eis
3273 3430 3399 3520 _per

151 3519 571 3575 emendationem
593 3534 812 3574 morum
835 3528 892 3574 et
904 3521 1164 3574 salutaris
1184 3520 1524 3590 pmnitentia)
1544 3521 1611 3573 ad
1622 3520 1720 3573 mi-

1817 3534 2003 3590 ,lliristi
2025 3534 2262 3603 gratiam
2285 3535 2589 3605 egreditur,
2607 3540 2664 3589 et
2684 3532 2894 3606 Spiritu
2912 3538 3107 3605 gratiae
3128 3537 3185 3591 in
3198 3519 3399 3592 melius

150 3604 364 3661 niculum
408 3607 604 3679 egredi
632 3616 831 3680 potest.
862 3609 1088 3663 Duobuis
1126 3610 1275 3661 enim
1322 3609 1499 3661 modis
1552 3609 1715 3661 homo

1822 3631 2146 3685 minutatus,
2175 3604 2339 3693 lorige
2351 3621 2499 3677 aliud
2516 3637 2682 3693 quam
2712 3604 2898 3676 fiierat
2914 3604 3171 3687 efficitur,
3219 3624 3399 3679 fit-dus

151 3692 245 3746 Deo
276 3699 525 3767 superbit
556 3713 567 3750 :
597 3712 725 3753 cum
769 3705 867 3753 aut
908 3698 1195 3768 praeceptis
1232 3698 1352 3767 ejus
1391 3695 1715 3750 inobediens

1817 3713 1947 3767 enim
1978 3719 2099 3766 erat.
2127 3709 2482 3765 deformitate
2503 3692 2877 3781 peccatorum,
2904 3707 2978 3764 ibi
3002 3707 3257 3766 redditur
3275 3712 3397 3783 pul-

147 3783 378 3851 existens,
403 3802 472 3842 ea
492 3801 620 3859 quia
638 3788 920 3858 prohibita
937 3794 1070 3841 sunt
1089 3788 1408 3849 committit,
1439 3794 1537 3839 aut
1561 3802 1713 3839 com-

1817 3804 1930 3856 :her
1958 3800 2306 3855 dealbatione
2332 3801 2618 3853 virtutum.
2648 3795 2980 3853 Nullatenus
3001 3800 3190 3870 itaque
3220 3796 3399 3871 bapti-

146 3871 292 3961 Iuissa
312 3876 586 3946 pmnitere
606 3872 871 3947 negligit;
902 3877 1051 3930 unde
1080 3877 1193 3929 sive
1222 3877 1277 3929 hi
1308 3876 1401 3946 qui
1439 3874 1719 3945 baptizan-

1817 3890 1905 3945 smi
1938 3886 2263 3961 mysterium
2315 3886 2504 3959 perlici
2542 3890 2742 3959 potest,
2777 3885 2885 3941 nisi
2917 3885 3021 3941 sub
3046 3883 3393 3943 invocatione

142 3958 187 4012 άί
218 3972 359 4031 “mu
405 3965 523 4020 κίνθ
564 3980 666 4019 ηοε
705 3966 800 4035 (ιιιί
846 3965 1106 4036 baptismi
1140 3971 1555 4018 sacramentum
1598 3966 1716 4032 inm
1799 3958 2008 4033 sanctae
2029 3958 2341 4043 Trinitatis,
2379 3975 2512 4047 quia
2545 3958 2601 4030 et
2657 3973 2930 4030 Dominus
2985 3974 3053 4031 ad
3107 3974 3388 4048 apostolos

143 4054 489 4123 percepimus,
527 4062 659 4108 ante
690 4055 879 4108 oculos
921 4068 1127 4125 ponere
1168 4053 1437 4107 debemus
1468 4060 1713 4122 pactum,

1817 4066 1937 4122 iixit
1967 4085 1977 4121 :
2004 4068 2104 4132 Ite,
2132 4065 2325 4120 docete
2362 4080 2558 4120 omnes
2587 4068 2802 4135 gentes,
2836 4061 3182 4138 baptizantes
3203 4080 3297 4120 eos
3338 4065 3394 4120 in

138 4140 266 4206 ‘1“0d
296 4156 424 4195 cum
463 4142 663 4197 D901“
688 4141 1022 4213 baptismate
1054 4145 1134 4205 me
1168 4142 1261 4195 “hi
1292 4141 1721 4194 abrenuntiata"
1801 4155 2026 4211 nomine
2054 4154 2234 4210 Patris
2263 4158 2319 4209 et
2348 4151 2473 4210 Filii
2524 4160 2579 4208 et
2610 4153 2852 4226 Spiritus
2907 4152 3103 4219 sancti,
3137 4160 3193 4209 et
3248 4152 3395 4210 idem

138 4226 338 4283 smmi”
369 4236 427 4285 εί
451 4231 717 4303 operibus
760 4239 818 4285 et
854 4233 1071 4303 Ροῖηρίε
1108 4234 1250 4301 eius»
1298 4232 1443 4301 (μιοά
1495 4236 1717 4300 Paetum
1800 4244 2067 4300 Dominus
2117 4243 2221 4299 hoc
2277 4248 2691 4299 sacramentum
2730 4245 2992 4309 firmavit,
3043 4258 3168 4298 cum
3205 4242 3263 4298 in
3293 4256 3395 4299 suo

136 4320 253 4406 "fit"
290 4319 517 4374 irritum
566 4324 648 4381 m9
681 4321 728 4375 εί
768 4328 867 4374 ³1η
914 4322 968 4374 in
1022 4322 1127 4374 "de
1162 4320 1287 4391 ‘lUiS
1334 4319 1774 4406 Permﬂnmdoh
1800 4334 2137 4406 baptismate
2170 4337 2332 4389 Pater
2366 4332 2679 4388 declaratus
2704 4340 2787 4388 est
2819 4331 2877 4386 in
2898 4347 3045 4399 voce,
3110 4330 3281 4387 Filius
3335 4331 3392 4387 in

133 4402 281 4465 vitiis,
310 4416 410 4462 aut
438 4424 473 4463 a
501 4411 609 4463 tide
639 4408 999 4463 exorbitando
1026 4387 1301 4462 idolorum
1324 4387 1580 4462 cultibus.
1614 4413 1714 4461 aut

1817 4440 2042 4495 :orpore,
2073 4423 2313 4495 Spiritus
2343 4428 2569 4477 sanctus
2600 4423 2657 4475 in
2679 4416 2947 4476 columbae
2975 4418 3312 4475 ostensione.
3345 4418 3392 4475 Ο

133 4490 391 4550 ὴωιοεειιηι
422 4498 710 4552 erroribus
730 4499 1021 4552 subdatur.

258 4604 387 4657 Ολιι.
418 4602 573 4660 XIII.
611 4630 677 4646 α·-
704 4608 775 4659 Ile
800 4604 993 4658 ordine
1024 4607 1172 4657 sacri
1200 4602 1561 4671 baptisnmtis.

191 4688 328 4753 Quia
375 4690 552 4763 igitur
592 4697 828 4759 constat,
864 4691 1149 4764 pactiones
1199 4688 1547 4746 credentium
1587 4706 1709 4745 esse

126 4776 271 4837 duas,
298 4792 475 4836 unam
504 4782 561 4836 in
584 4796 695 4853 qua
736 4780 1094 4835 renuntiatur
1128 4778 1349 4834 diabolo
1388 4788 1445 4833 et
1492 4778 1708 4850 pompis

125 4864 253 4934 ejus,
284 4875 340 4923 et
369 4868 631 4925 omnibus
657 4868 917 4941 operibus
937 4869 1327 4938 ejus,alteram
1350 4884 1461 4939 qua
1503 4885 1562 4922 se
1592 4882 1709 4922 cre-

122 4953 243 5009 dere
269 4960 612 5013 contltentur
641 4959 700 5013 in
724 4960 965 5025 Patrem,
1002 4964 1058 5014 et
1096 4958 1319 5023 Filium,
1350 4965 1406 5013 et
1439 4957 1494 5014 in
1528 4956 1706 5029 Spiri-

121 5051 231 5097 tum
253 5054 530 5111 sanctum,
554 5055 773 5120 Oportet
803 5048 905 5103 has
926 5046 1261 5105 inconvulsze
1287 5048 1491 5104 mentis
1521 5047 1706 5102 inten-

1795 4513 2117 4584 praeclarum
2137 4519 2193 4566 et
2220 4509 2549 4566 admirabile
2565 4522 2675 4564 sae:
2690 4514 2995 4573 amentum,
3016 4507 3162 4580 quod
3180 4506 3249 4562 de
3261 4504 3394 4563 filiis

1793 4603 1908 4667 irae,
1948 4600 2079 4655 facit
2108 4600 2249 4656 filios
2288 4599 2385 4654 Dei
2420 4601 2525 4653 :de
2579 4595 2859 4651 veteribus
2891 4610 3080 4663 novos,
3121 4598 3190 4650 de
3228 4593 3392 4651 foedis

1792 4690 2069 4763 pulchros,
2108 4690 2164 4743 in
2213 4703 2322 4759 quo
2349 4692 2405 4741 et
2435 4700 2836 4755 regeneramur
2866 4693 2922 4739 et
2971 4700 3300 4757 purgamur,
3335 4693 3392 4740 et

1791 4778 2101 4851 exemplum
2135 4776 2330 4831 mortis
2350 4774 2557 4831 Christi
2588 4773 2893 4829 imitamur.
2933 4774 3224 4839 Quomodo
3258 4789 3389 4846 ergo

1790 4871 1892 4922 hoc
1916 4866 2229 4939 exemplum
2289 4865 2593 4928 imitemur,
2641 4862 2793 4918 dicat
2832 4862 3134 4935 Apostolus
3168 4884 3179 4917 :
3222 4881 3245 4913 α
3300 4864 3386 4918 An

1789 4956 2076 5029 ignoratis.
2102 4954 2303 5026 inquit,
2328 4953 2459 5026 quia
2474 4955 2811 5024 quicumque
2828 4951 3091 5025 baptizati
3108 4966 3305 5007 sumus
3330 4950 3387 5006 in

1792 5044 2011 5101 Christo
2039 5046 2189 5109 .lesu,
2216 5042 2271 5097 in
2290 5040 2935 5113 morteipsiusbaptizati
2966 5055 3161 5095 sumus
3186 5037 3211 5093 ἲ
3243 5038 3387 5095 Con-

118 5132 261 5188 tione
299 5135 506 5201 teneri,
549 5144 605 5192 et
648 5146 713 5192 ut
758 5135 1105 5193 intemeratae
1152 5137 1419 5194 custodiri
1468 5134 1699 5210 possint,
1788 5134 1988 5206 sepulti
2006 5133 2154 5187 enim
2176 5146 2371 5186 sumus
2402 5131 2481 5185 illi
2513 5146 2613 5202 per
2640 5129 2982 5202 baptismum
3011 5127 3070 5183 in
3101 5132 3300 5193 morte,
3321 5132 3388 5184 ut

119 5219 259 5277 illius
282 5240 507 5297 semper
534 5224 876 5298 adjutorium
909 5242 1177 5300 quaerere.
1213 5230 1307 5300 qui
1338 5226 1598 5299 baptismi
1622 5242 1705 5280 sa-
1786 5220 2256 5295 quemadmodum
2313 5219 2618 5274 resurrexit
2652 5218 2908 5274 Christus
2936 5230 2970 5272 a
2991 5215 3229 5271 mortuis
3286 5230 3389 5289 per

117 5318 465 5369 oramentum
511 5314 579 5370 ad
628 5314 866 5372 salutem
899 5318 1123 5388 generis
1166 5314 1397 5372 humani
1448 5313 1699 5375 contulit,
1791 5313 2027 5383 gloriam
2056 5309 2255 5373 Patris,
2275 5308 2354 5363 ita
2385 5315 2443 5363 et
2460 5324 2561 5363 nos
2590 5309 2647 5362 in
2674 5308 2919 5362 novitate
2948 5305 3074 5361 vita:
3135 5302 3387 5361 ambule-

116 5399 267 5470 cujus
289 5404 624 5475 mysterium
639 5408 772 5461 etin
792 5404 1350 5462 VeteriTestamento
1368 5404 1710 5477 perMoysen
1794 5414 1919 5455 mus
1949 5400 2118 5455 (Rom.
2144 5412 2216 5461 η,
2252 5402 2322 5457 :5).
2364 5418 2389 5451 »
2424 5396 2699 5452 Morimur
2731 5409 2866 5465 erga
2883 5400 3128 5467 peccato,
3161 5394 3386 5467 quando

116 5487 535 5560 praetiguratum
559 5500 659 5559 est,
685 5508 810 5549 cum
839 5492 1076 5566 populus
1106 5493 1163 5548 in
1197 5492 1344 5547 nube
1374 5498 1429 5547 et
1462 5492 1516 5547 in
1566 5491 1706 5545 mari
1792 5488 2255 5544 abrenuntiamus
2286 5487 2523 5551 diabolo,
2554 5492 2609 5539 et
2629 5484 2890 5540 omnibus
2919 5497 3043 5555 quae
3076 5483 3198 5555 ejus
3230 5488 3384 5541 sunt.

114 5576 428 5648 baptizatus
446 5588 545 5645 est,
569 5590 627 5636 et
648 5584 702 5637 in
736 5586 890 5637 Novo
910 5584 1069 5637 nobis
1092 5601 1191 5654 per
1212 5584 1577 5639 mediatorem
1610 5582 1705 5634 Dei
1793 5572 2217 5647 Consepelimur
2249 5575 2491 5629 Christo.
2525 5587 2650 5628 cum
2682 5572 2786 5628 sub
2813 5573 3162 5630 invocatione
3181 5579 3387 5628 sancte
