3982 6158
470 248 610 306 1175
1049 247 1114 303 Β.
1154 247 1428 303 RABANI
1464 247 1697 305 MAURI
1746 247 2042 305 ARCHIEI

2123 246 2448 304 MOGUNT.
2489 247 2787 305 OPERUM
2824 246 3007 304 PARS
3043 246 3142 302 ΠΙ.
3570 248 3688 304 “76

469 369 762 428 Trinitatis
797 370 902 427 sub
947 371 1100 427 trina
1152 374 1450 442 mersione,
1484 375 1543 430 in
1596 376 1808 432 fontem
1855 375 2061 431 lavacri
2078 374 2276 436 ACAP.
2332 375 2477 430 XIV.
2529 405 2594 416 —-
2633 377 2707 430 De
2763 377 3026 430 tinctione
3071 375 3325 442 baptismi
3366 378 3413 427 et
3466 377 3692 429 unctione

472 461 632 533 quasi
660 459 721 514 in
749 459 1035 532 quoddam
1062 462 1381 534 sepulcrum
1399 464 1807 521 descendimus.
1826 466 2044 522 Consur

1535 465 1807 521 endimus.
1826 466 2067 522 Consur-
2773 447 3107 502 chrismatis.

469 549 658 620 gimus
686 547 930 617 Christo,
956 567 1086 605 cum
1126 552 1277 606 exuti
1295 553 1555 608 omnibus
1573 554 1895 626 peccatisde
1916 554 2067 609 fonte
2218 552 2313 619 (De
2343 555 2529 608 Instit.
2563 556 2694 607 cler.
2739 555 2778 608 ι.
2800 570 2836 619 ι,
2870 569 2916 607 c.
2951 551 3062 616 18.)
3094 552 3227 606 Post
3255 552 3370 607 haec
3398 552 3560 623 igitur
3590 569 3698 608 oon-

473 637 633 710 quasi
661 638 730 693 de
755 639 1011 710 sepulcro
1039 641 1379 711 egredimur.
1399 641 1507 698 Sed
1537 648 1718 714 neque
1735 643 2068 716 mysterium
2147 646 2402 696 sacratur
2437 641 2580 708 fons,
2613 648 2672 696 et
2701 641 2774 696 ad
2799 641 2985 714 ipsum
3012 640 3350 712 baptismum
3377 641 3698 698 catechume-

471 726 646 782 trium
668 726 890 783 dierum
915 745 982 783 ac
1008 729 1257 785 noctium
1281 730 1484 803 quibus
1505 732 1565 787 in
1583 733 1836 804 sepulcro
1871 732 2064 788 Domi-
2149 746 2257 785 nus
2280 729 2514 796 accedit,
2535 736 2592 784 et
2618 729 2699 784 sic
2718 729 2778 785 in
2798 730 3028 785 nomine
3051 735 3254 785 sanctae
3273 729 3549 787 Trinitatis
3571 729 3699 785 trina

470 831 580 871 nus
606 815 780 872 fuisse
807 815 1017 889 legitur
1052 819 1390 890 preteritur,
1430 837 1559 877 cum
1585 821 1845 876 invocata
1873 827 2067 877 sancta
2147 818 2531 874 submersione
2545 818 2880 890 baptizatur.
2914 819 2985 874 Et
3009 824 3160 873 recte
3185 819 3351 873 homo
3379 817 3467 890 qui
3495 817 3560 872 ad
3586 818 3703 873 ima-

470 904 909 978 Trinitate,qum
930 906 1126 979 utique
1151 924 1287 963 vera
1312 909 1520 979 luxest,
1534 911 1594 966 in
1613 910 1822 966 fontem
1842 911 2067 966 descen-
2145 907 2337 980 ginem
2365 913 2572 962 sancta:
2588 907 2881 963 Trinitatis
2904 907 3160 962 conditus
3186 913 3290 973 est,
3318 924 3417 980 per
3436 907 3701 962 invocatio-

473 992 680 1050 dimus.
743 994 866 1051 Lux
908 1002 994 1052 est
1015 997 1165 1052 enim
1193 997 1286 1053 hic
1310 998 1498 1066 Pater,
1530 1006 1589 1054 et
1615 1000 1675 1054 in
1704 999 1917 1055 lumine
1943 1001 2067 1070 ejus
2148 1013 2278 1052 nem
2298 1003 2503 1051 sanctae
2521 997 2812 1052 Trinitatis
2835 997 2906 1052 ad
2938 997 3194 1052 eamdem
3222 1001 3517 1051 renovatur
3539 995 3704 1068 imagi-

474 1082 872 1156 quiestFilius,
905 1084 1364 1142 lumenvidemus
1377 1088 1650 1160 Spiritum
1667 1095 1945 1144 sanctum.
1967 1089 2070 1144 Fa-
2148 1102 2300 1152 nem,
2333 1091 2390 1140 et
2417 1085 2511 1157 qui
2539 1086 2708 1141 tertio
2750 1086 2931 1157 gradu
2959 1085 3191 1158 peccati,
3222 1085 3281 1140 id
3319 1089 3421 1151 est,
3465 1101 3703 1140 consensu

474 1173 655 1229 cimus
682 1178 874 1229 autem
893 1191 1008 1230 non
1033 1180 1151 1230 tres
1197 1183 1390 1233 noctes
1424 1196 1436 1231 :
1467 1193 1596 1233 cum
1622 1177 1982 1234 tenebrarum
2013 1183 2071 1232 et
2150 1175 2350 1230 cecidit
2377 1175 2437 1229 in
2466 1175 2908 1242 mortem,tertio
2927 1175 3172 1230 elevatus
3202 1174 3273 1229 de
3301 1173 3470 1239 fonte,
3490 1189 3582 1245 per
3601 1189 3703 1245 gra-

472 1261 806 1334 ignorantiaa
837 1263 1004 1336 patri,
1036 1280 1153 1319 una
1197 1281 1324 1320 cum
1376 1267 1688 1335 mendacio,
1717 1267 1865 1339 quod
1903 1283 1970 1322 ex
2003 1284 2068 1321 eo
2149 1265 2288 1320 tiam
2306 1270 2563 1334 resurgat
2592 1264 2664 1318 ad
2683 1264 2877 1319 vitam.
2895 1264 3089 1319 Potest
3117 1268 3176 1319 et
3200 1252 3321 1318 hinc
3348 1262 3496 1317 trina
3511 1263 3703 1328 mersio,

473 1355 673 1406 natum
700 1357 804 1418 est,
837 1358 895 1408 et
943 1353 1182 1409 mendax
1211 1362 1299 1410 est
1336 1355 1484 1410 sicut
1526 1361 1585 1412 et
1633 1362 1796 1428 pater
1841 1358 1982 1427 ejus,
2014 1362 2073 1411 et
2151 1353 2470 1408 triduanam
2528 1352 2753 1408 Domini
2801 1353 3152 1425 sepulturam
3206 1352 3537 1422 signiﬁcare,
3589 1351 3709 1405 sicut

473 1456 604 1496 cum
625 1441 879 1512 loquitur
904 1443 1261 1498 mendacium
1292 1444 1361 1498 de
1380 1444 1499 1499 suis
1527 1445 1770 1517 propriis
1798 1446 2066 1516 loquitur,
2151 1459 2325 1514 supra
2347 1444 2467 1513 jam
2503 1442 2762 1507 diximus,
2793 1442 3038 1498 maxime
3077 1459 3207 1497 cum
3236 1441 3385 1496 dicat
3409 1439 3705 1512 Apostolus:

475 1529 930 1585 contradicimus.
965 1532 1074 1586 Sed
1115 1537 1174 1586 et
1219 1533 1386 1588 tertio
1414 1533 1535 1588 loco
1559 1534 1829 1605 Spiritum
1865 1534 2072 1590 erroris
2156 1551 2183 1586 α
2215 1532 2545 1602 Quicunque
2594 1530 2859 1603 baptizati
2898 1547 3094 1586 sumus
3151 1530 3211 1585 in
3245 1529 3466 1584 Christo
3503 1530 3638 1595 Jesu,
3661 1528 3708 1585 in

368 1622 375 1629 '
475 1618 838 1688 destruimus,
861 1619 957 1692 qui
975 1621 1215 1692 inspirat
1231 1622 1750 1694 pseudOprophetas
1770 1629 1834 1678 ut
1849 1624 2066 1678 dicant:
2153 1627 2334 1676 morte
2350 1621 2526 1693 ipsius
2538 1620 2802 1692 baptizati
2814 1637 3029 1675 sumus.
3045 1619 3374 1691 Consepulti
3394 1618 3534 1673 enim
3547 1634 3709 1672 sumus

478 1725 507 1761 ε
538 1707 671 1762 Haec
699 1707 837 1762 dicit
872 1709 1164 1777 Dominus,
1199 1730 1222 1762 ι
1256 1727 1396 1783 quos
1440 1693 1712 1766 Dominus
1751 1729 1863 1768 non
1891 1713 2066 1776 misit,
2089 1693 2279 1765 Bcum
2329 1711 2425 1766 illo
2460 1727 2560 1784 per
2592 1709 2936 1782 baptismum
2974 1709 3034 1763 in
3085 1720 3351 1775 mortem,
3382 1714 3446 1762 ut
3473 1705 3709 1778 quomodo

477 1796 826 1852 destruimus
845 1797 996 1852 enim
1014 1799 1133 1854 haec
1158 1804 1215 1854 et
1241 1801 1632 1855 conculcamus
1659 1801 1708 1855 si
1757 1801 2070 1873 consepulti
2151 1799 2394 1854 surrexit
2431 1800 2688 1855 Christus
2717 1816 2752 1854 a
2777 1797 3018 1853 mortuis
3040 1814 3143 1870 per
3175 1795 3628 1869 gloriam'Patris,
3646 1795 3710 1850 ita

477 1886 1424 1955 sumusetiamChristo,secundum
1440 1889 1581 1945 illud
1610 1890 1759 1962 quod
1782 1891 1901 1962 ipse
1913 1891 2065 1946 dicit:
2152 1894 2210 1944 et
2242 1906 2344 1944 nos
2371 1891 2429 1944 in
2459 1888 2704 1944 novitate
2743 1887 2869 1943 vita:
2898 1887 3274 1943 ambulemus.
3313 1885 3372 1942 Si
3417 1885 3558 1939 enim
3592 1900 3711 1938 com-

480 1991 509 2028 α
529 1974 669 2030 Ecce
690 1974 820 2030 dedi
870 1975 1026 2032 vobis
1079 1982 1414 2049 potestatem
1453 1979 1704 2033 calcandi
1747 1996 1917 2052 super
1960 1997 2072 2034 ser-
2151 1978 2395 2050 plantati
2426 1977 2559 2032 facti
2589 1994 2785 2032 sumus
2813 1976 3167 2031 similitudini
3194 1975 3399 2030 mortis
3417 1975 3551 2045 ejus,
3574 1971 3712 2028 simul

477 2069 675 2135 pentes
702 2069 761 2119 et
787 2065 1128 2137 scorpiones,
1161 2073 1219 2121 et
1237 2083 1408 2138 super
1433 2084 1659 2123 omnem
1684 2067 1951 2124 virtutem
1969 2069 2072 2124 ini-
2154 2067 2645 2122 etresurrectionis
2658 2066 2868 2121 erimus
2886 2068 3054 2134 (Rom.
3080 2082 3152 2132 vx,
3175 2063 3258 2135 3),
3276 2071 3334 2119 et
3351 2062 3714 2133 caatera.0por-

480 2151 612 2206 mici
641 2154 790 2220 (Luc.
822 2171 875 2221 ι,
907 2153 1019 2224 19).
1055 2175 1077 2206 ι
1101 2155 1236 2220 Quae
1254 2156 1479 2228 singula
1504 2156 1585 2212 ita
1613 2162 1749 2211 sunt
1791 2158 2076 2212 contraria
2152 2162 2237 2211 tet
2256 2173 2390 2227 ergo
2413 2173 2542 2211 cum
2572 2154 2920 2210 invocatione
2946 2159 3152 2209 sanctae
3168 2153 3468 2208 Trinitatis
3486 2150 3716 2207 subtrina

478 2246 685 2297 sancta
729 2241 1013 2310 Trinitati,
1069 2249 1135 2300 ut
1178 2261 1287 2300 nox
1315 2245 1450 2313 diei,
1482 2252 1547 2302 ut
1572 2246 1818 2301 tenebras
1844 2247 1976 2312 luci,
2009 2253 2075 2302 ut
2154 2246 2433 2301 mersione
2447 2244 2762 2317 baptismus
2774 2242 3718 2313 conﬁci,utsecundumpersonarum

477 2331 836 2387 mendacium
855 2332 1098 2388 veritati.
1116 2333 1263 2389 Fons
1283 2350 1506 2406 quoque
1520 2335 1785 2407 baptismi
1814 2335 2075 2390 similitu-
2155 2335 2550 2397 differentiam,
2576 2333 2911 2405 mysterium
2938 2331 3207 2404 baptismi
3229 2330 3554 2396 celebretur,
3582 2334 3632 2382 et
3646 2343 3718 2381 se-

481 2418 672 2475 dinem
713 2421 864 2492 gerit
914 2421 1157 2494 sepulcri
1207 2422 1434 2491 Christi,
1469 2424 1619 2496 quod
1659 2441 1865 2479 novum
1902 2425 2075 2480 fuisse
2158 2424 2404 2480 cundum
2440 2423 2719 2478 unitatem
2759 2420 3088 2476 substantiae
3120 2437 3305 2475 unum
3335 2419 3599 2490 baptisma
3624 2417 3717 2480 ﬁat,

479 2507 691 2580 legitur
715 2528 726 2564 :
744 2510 879 2581 quia
897 2510 1238 2583 quicumque
1258 2511 1317 2567 in
1334 2528 1400 2566 eo
1418 2513 1796 2585 consepelitur
1832 2513 2075 2580 Christo,
2162 2512 2312 2566 unde
2331 2511 2466 2566 dicit
2480 2511 2783 2583 Apostolus
2796 2526 2811 2560 :
2825 2525 2973 2563 unus
2986 2507 3408 2573 Dominus,una
3419 2507 3565 2570 ﬁdes,
3579 2519 3721 2558 unum

483 2604 544 2652 et
569 2598 621 2652 ei
649 2598 940 2669 consurgit
965 2600 1273 2655 secundum
1324 2601 1587 2656 eumdem
1638 2603 1987 2674 Apostolum,
2020 2603 2079 2657 in
2161 2599 2442 2672 baptisma
2469 2601 2624 2669 (Eph.
2661 2616 2731 2665 ιν,
2775 2600 2849 2667 5),
2879 2604 2938 2653 et
2976 2603 3196 2652 caetera.
3262 2597 3558 2668 Postquam
3600 2593 3722 2648 enim

484 2686 732 2742 novitate
750 2687 879 2742 vitae
906 2687 1196 2743 ambulare
1231 2688 1418 2744 debet.
1477 2691 1652 2762 Cujus
1676 2691 1846 2746 fontis
1863 2697 2081 2763 septem
2163 2689 2479 2744 ascenderit
2508 2687 2820 2760 baptizatus
2865 2687 2935 2742 de
2976 2687 3150 2751 fonte,
3183 2687 3383 2741 statim
3426 2685 3656 2756 signatur
3674 2682 3721 2735 in

482 2774 695 2846 gradus
727 2793 740 2829 :
770 2781 890 2831 tres
927 2775 990 2830 in
1039 2777 1330 2845 descensu,
1366 2784 1482 2833 tres
1540 2785 1753 2848 noctes,
1780 2786 1839 2834 et
1867 2787 1982 2835 tres
2024 2781 2083 2836 in
2164 2778 2392 2833 cerebro
2417 2795 2452 2833 a
2472 2778 2801 2850 presbytero
2827 2792 2959 2831 rum
2974 2792 3134 2830 sacro
3151 2775 3474 2842 chrismate,
3495 2778 3722 2844 sequente

485 2878 743 2931 ascensu,
773 2869 890 2919 tres
943 2865 1062 2920 dies
1113 2865 1447 2937 signiﬁcare
1480 2868 1716 2936 videtur,
1777 2869 1847 2924 de
1883 2869 2084 2940 quibus
2165 2867 2332 2923 simul
2350 2874 2410 2922 et
2426 2867 2698 2931 oratione,
2718 2870 2784 2920 ut
2809 2864 3194 2936 regniChristi
3223 2864 3501 2937 particeps
3514 2863 3618 2925 ﬁat,
3636 2866 3722 2914 eta

487 2953 747 3024 superius
761 2953 973 3011 dictum
1001 2960 1089 3010 est
1139 2955 1425 3027 Septimus
1458 2973 1608 3024 vero,
1625 2957 1720 3028 qui
1745 2964 1804 3012 et
1825 2965 2081 3030 quartus,
2102 3010 2143 3030 η
2166 2956 2390 3011 Christo
2420 2955 2775 3011 Christianus
2811 2953 2991 3026 possit
3029 2953 3237 3008 vocari.
3272 2952 3547 3025 Scriptum
3573 2954 3647 3005 est
3678 2954 3723 3002 et

485 3010 582 3096 ille
612 3047 700 3096 est
725 3041 796 3096 de
838 3059 949 3114 quo
1000 3010 1233 3115 quidam
1275 3010 1400 3099 ait:
1439 3066 1462 3098 ι
1497 3010 1578 3100 Et
2163 3010 2222 3100 in
2254 3045 2551 3115 Evangelia
2579 3044 2660 3099 ita
2691 3062 2703 3096 :
2741 3061 2768 3095 α
2801 3010 3124 3114 Daptizatus
3165 3047 3361 3098 autem
3389 3010 3545 3096 .lesus
3568 3037 3721 3093 conis»

488 3128 690 3185 similis
709 3129 852 3184 Filio
896 3130 999 3185 Dei
1025 3131 1123 3203 qui
1159 3131 1444 3187 fornacem
1472 3133 1620 3204 ignis
1664 3134 1958 3205 extinguit,
1989 3135 2085 3206 qui
2165 3134 2298 3188 stim
2335 3133 2588 3188 ascendit
2614 3133 2686 3188 de
2721 3148 2888 3204 aqua,
2921 3137 2981 3186 et
3013 3148 3138 3186 ecce
3168 3131 3357 3204 aperti
3384 3135 3513 3185 sunt
3535 3128 3584 3184 ei
3605 3125 3719 3189 coeli.

487 3221 575 3273 est
621 3217 1063 3274 stabilimentum
1108 3221 1334 3292 pedum,
1363 3231 1388 3262 δ
1429 3221 1990 3295 fundamentumque.
2020 3224 2085 3279 In
2166 3228 2226 3278 et
2252 3223 2390 3277 vidit
2408 3222 2681 3294 Spiritum
2705 3221 2808 3276 Dei
2828 3220 3266 3275 descendentem
3284 3221 3431 3274 sicut
3453 3215 3724 3273 columbam

490 3321 620 3376 (1110,
645 3307 852 3378 Diluta
865 3308 1216 3381 Apostolum,
1238 3309 1558 3365 «inhabitat
1584 3311 1769 3366 omnis
1793 3312 2083 3384 plenitudo
2167 3317 2226 3366 et
2253 3311 2570 3366 venientem
2598 3326 2768 3382 super
2796 3326 2858 3364 se
2880 3310 3095 3377 (Matth.
3143 3326 3205 3364 ut
3255 3308 3360 3380 16).
3402 3327 3426 3359 ι
3463 3307 3600 3361 Bene
3624 3302 3724 3375 qui-

488 3393 797 3450 divinitatis
841 3398 1206 3468 corporaliter
1237 3398 1366 3469 (Col.
1402 3414 1457 3465 ιι,
1491 3399 1568 3470 9).
1591 3419 1618 3452 »
1652 3400 1864 3454 Idcirco
1891 3405 2084 3455 autem
2165 3401 2294 3455 dem
2323 3399 2602 3472 baptismo
2647 3398 3010 3455 continuatur
3034 3398 3363 3453 chrismatis
3391 3394 3588 3459 unctio,
3618 3392 3725 3464 quis

488 3481 805 3556 baptismus
850 3502 965 3541 non
1015 3487 1274 3553 iteratur,
1298 3487 1433 3559 quia
1455 3494 1510 3542 et
1542 3488 1801 3543 Christus
1832 3506 1947 3544 non
1968 3506 2086 3544 am-
2166 3489 2408 3560 Spiritus
2435 3474 2664 3543 sanctus
2692 3489 2789 3560 qui
2815 3504 2918 3558 per
2946 3487 3087 3541 illud
3123 3486 3377 3541 chrisma
3403 3500 3514 3540 suae
3538 3479 3724 3536 virtutis

490 3571 638 3644 plius
660 3590 832 3646 quam
855 3575 1031 3630 semel
1063 3575 1321 3632 moritur.
1355 3577 1593 3632 Peccata
1621 3577 1775 3632 enim
1808 3594 1930 3649 quae
1958 3583 2088 3650 post
2165 3577 2506 3633 admixtione
2558 3578 2875 3631 sanctiﬁcat
2920 3576 3249 3642 credentes;
3310 3573 3579 3646 baptizato
3619 3571 3724 3624 Iesu

488 3659 831 3734 baptismum
899 3664 1344 3732 committuntur,
1389 3665 1732 3738 poenitentiae
1800 3667 2082 3738 lacrymis,
2167 3666 2359 3721 statim
2392 3684 2563 3738 super
2596 3666 2759 3720 illum
2794 3665 2855 3720 in
2889 3663 3160 3720 columbae
3208 3664 3396 3736 specie
3439 3658 3720 3716 descendit:

486 3750 879 3826 eleemosynis,
903 3759 962 3809 et
979 3754 1196 3810 caeteris
1221 3754 1498 3810 bonorum
1526 3772 1759 3827 operum
1788 3755 2083 3810 exhibitio-
2167 3756 2329 3826 cujus
2353 3754 2613 3809 videlicet
2640 3760 2839 3826 typum
2872 3753 3207 3825 praeferebat
3233 3751 3492 3807 columba
3516 3750 3603 3804 illa
3626 3762 3723 3818 qua:

488 3839 674 3907 nibus,
692 3857 807 3897 non
825 3841 1181 3914 baptismatis
1197 3843 1496 3898 iteratione
1525 3844 1802 3900 delentur.
1828 3845 2084 3899 Domini-
2170 3843 2230 3898 in
2250 3843 2456 3898 diluvio
2493 3843 2564 3898 ad
2599 3858 2790 3897 arcam
2817 3841 3124 3914 reportavit
3146 3858 3379 3897 ramum
3407 3840 3556 3896 olivae
3579 3837 3724 3891 viren-

488 3944 554 3985 co
573 3929 792 3985 interea
817 3931 1036 4003 corpori
1062 3932 1383 4002 sepeliendo
1416 3933 1788 3988 mundissima
1804 3933 2085 3988 linteami-
2169 3931 2317 3987 tibus
2332 3931 2512 3986 foliis:
2544 3931 2866 4002 signiﬁcans
2887 3931 3083 4002 utique
3111 3931 3265 4001 quod
3280 3929 3518 4002 Spiritus
3534 3930 3723 3982 sanctus

487 4033 566 4072 na
600 4024 659 4072 et
686 4025 944 4074 aromata
963 4019 1320 4086 adhibentur,
1348 4020 1481 4092 quia
1509 4027 1567 4076 et
1614 4022 1665 4076 is
1715 4021 1811 4093 qui
1859 4022 2082 4076 Christo
2163 4037 2267 4093 per
2309 4019 2628 4075 chrismatis
2665 4020 2989 4074 unctionem
3034 4019 3094 4074 in
3142 4018 3483 4091 baptismate
3521 4016 3724 4069 virorem

488 4105 822 4178 consepeliri
851 4107 1152 4175 desiderat,
1183 4108 1232 4163 si
1246 4109 1368 4179 jam
1394 4114 1530 4164 aetas
1554 4109 1852 4181 permittit,
1888 4127 2086 4182 quam-
2165 4109 2380 4164 confert
2405 4108 2664 4163 ﬁdelibus
2683 4108 2924 4163 scelestis
2949 4107 3165 4178 gratias.
3192 4107 3304 4162 Sed
3334 4106 3403 4161 de
3418 4106 3521 4160 hoc
3540 4101 3724 4176 plenius

491 4193 573 4249 vis
600 4200 858 4249 mortuus
876 4195 953 4250 sit
987 4212 1090 4267 per
1107 4196 1379 4267 originale
1406 4203 1698 4268 peccatum
1727 4198 1876 4269 quod
1902 4199 2084 4254 adhuc
2164 4199 2224 4253 in
2236 4197 2599 4269 sequentibus
2613 4197 2884 4252 dicemus.
2905 4196 3168 4268 Legimus
3188 4203 3252 4250 et
3271 4196 3332 4250 in
3349 4193 3520 4266 gestis
3531 4192 3726 4246 Patrum

489 4287 697 4384 portat,
720 4282 888 4338 debet
911 4289 1104 4339 tamen
1149 4283 1426 4340 bonorum
1455 4302 1685 4358 operum
1743 4286 2084 4343 exhibitione
2107 4287 2317 4384 unod
2339 4287 2622 4359 Sylvester
2643 4286 2799 4358 Papa
2822 4286 2880 4340 in
2911 4284 3154 4341 Ecclesia
3178 4286 3439 4340 Romana
3464 4277 3725 4384 constitue-

491 4371 752 4444 ﬂagrare,
776 4376 836 4428 et
861 4373 1087 4429 mundis
1105 4373 1265 4429 indui
1294 4373 1558 4430 vestibus.
1590 4375 1672 4430 De
1695 4375 1897 4446 quibus
1946 4377 2086 4432 Pro-
2108 4367 2247 4432 "rit
2299 4382 2363 4432 ut
2398 4375 2543 4430 sicut
2586 4381 2838 4447 potestas
2888 4381 2946 4428 et
2987 4373 3350 4446 privilegium
3388 4371 3531 4444 apud
3573 4367 3723 4424 solum

488 4460 992 4533 phetasacerdotes
1027 4461 1187 4518 indui
1209 4469 1353 4529 orat,
1387 4480 1514 4519 cum
1543 4463 1678 4519 dicit
1710 4482 1722 4517 :
1750 4482 1776 4517 ς(
1818 4465 2089 4520 Saoerdo-
2169 4465 2491 4538 episcopum
2511 4470 2748 4531 constat,
2782 4464 2928 4536 quod
2959 4480 3181 4519 sacrum
3216 4462 3466 4518 chrisma
3489 4459 3598 4531 ipse
3622 4468 3724 4508 con-

487 4553 577 4605 tes
626 4551 711 4606 tui
754 4551 1066 4608 induantur
1110 4553 1393 4624 justitiam
1435 4552 1602 4623 (Psal.
1635 4569 1818 4620 cxxxr,
1846 4553 1921 4617 9).
1956 4572 1982 4607 ν
2029 4555 2090 4610 Si
2170 4554 2340 4621 ﬁciat,
2372 4562 2430 4609 et
2451 4553 2796 4625 baptizatum
2820 4570 2924 4625 per
2946 4568 3150 4608 manus
3182 4551 3587 4624 impositionem
3618 4556 3721 4597 cum

494 4654 630 4710 ergo
658 4645 965 4712 antequam
997 4648 1328 4697 renascatur
1345 4647 1404 4697 et
1421 4642 1682 4713 originali
1702 4647 1928 4713 peccato
1960 4659 2092 4714 pur-
2171 4643 2291 4714 ipso
2319 4643 2620 4697 chrismate
2637 4642 2946 4712 eonsignet,
2959 4647 3188 4714 propter
3204 4639 3521 4696 haereticam
3547 4630 3722 4689 suasio-

488 4732 658 4800 getur
684 4733 743 4783 et
771 4729 995 4785 Christo
1023 4731 1454 4803 consepeliatur,
1478 4739 1544 4786 ut
1561 4730 1906 4787 aromatibus
1921 4731 2088 4787 debet
2167 4747 2297 4787 nem
2323 4749 2335 4784 :
2369 4731 2449 4786 ita
2472 4732 2766 4804 presbyter
2784 4731 2983 4785 eodem
3007 4730 3312 4785 chrismate
3342 4728 3499 4784 liniet
3517 4721 3721 4794 δαμείω

489 4817 750 4889 ﬂagrare,
781 4822 840 4872 et
882 4818 1264 4875 mundissimis
1317 4819 1564 4875 vestibus
1618 4819 1777 4875 indui
1811 4839 1824 4888 ;
1874 4826 2085 4890 quanto
2166 4826 2290 4875 tum
2318 4821 2562 4876 levatum
2594 4837 2661 4876 ex
2688 4836 2836 4892 aqua
2862 4825 3092 4891 propter
3121 4818 3465 4874 occasionem
3490 4809 3720 4869 transit!”

489 4906 672 4980 magis
700 4912 951 4974 renatus,
988 4914 1281 4980 purgatus,
1313 4908 1535 4964 Christo
1562 4909 1994 4969 conviviﬁcatus.
2025 4909 2085 4964 in
2165 4909 2382 4976 mortis,
2399 4909 2531 4983 quia
2550 4909 2821 4981 scriptum
2842 4909 3004 4964 estin
3020 4909 3290 4981 Apostolo
3313 4926 3326 4961 :
3359 4925 3386 4959 et
3408 4906 3515 4960 Vos
3539 4905 3714 4961 autem,

490 4995 738 5052 novitate
765 4995 896 5052 vita:
923 4995 1237 5063 ambulans,
1268 5013 1412 5053 nova
1453 5004 1713 5053 creatura
1758 4998 2005 5064 effectus,
2028 5003 2086 5053 et
2165 4997 2387 5065 fratres,
2423 4998 2483 5052 in
2505 5014 2672 5053 carne
2701 5014 2815 5053 non
2845 4997 2997 5063 estis,
3030 4998 3131 5053 sed
3158 4998 3218 5052 in
3245 4995 3464 5068 spiritu,
3491 4992 3535 5046 si
3560 4997 3718 5044 tamen

492 5085 681 5142 odoris
711 5085 1013 5156 ﬂagrantia
1054 5085 1380 5154 exuberare,
1414 5093 1472 5141 et
1509 5086 1877 5142 candidorum
1919 5086 2085 5142 vesti-
2167 5087 2410 5159 Spiritus
2438 5087 2540 5142 Dei
2569 5085 2787 5141 habitat
2812 5087 2872 5140 in
2907 5086 3084 5141 vobis.
3117 5087 3177 5141 Si
3205 5084 3329 5157 quis
3355 5088 3537 5137 autem
3567 5072 3715 5148 Spiri-

490 5173 1921 5231 mentorumclaresceredebetnitore.Catechizandi
1949 5192 2082 5247 ergo
2164 5181 2288 5230 tum
2318 5176 2525 5231 Christi
2553 5191 2666 5230 non
2695 5174 2883 5238 habet,
2916 5175 3007 5229 hic
3035 5191 3151 5229 non
3179 5179 3265 5230 est
3283 5174 3406 5244 ejus
3435 5171 3592 5238 (Rom.
3619 5170 3712 5223 ται,

490 5262 687 5320 ordine
743 5269 802 5319 et
824 5263 1094 5320 scrutinio
1139 5263 1220 5318 sic
1267 5263 1656 5320 ordinabiliter
1720 5271 1966 5337 peracto,
2015 5265 2086 5319 de
2172 5264 2274 5333 11),
2306 5284 2328 5316 ι
2362 5270 2420 5319 et
2441 5270 2660 5320 caetera.
2686 5266 2767 5319 Ac
2794 5263 2999 5318 deinde
3021 5263 3265 5334 profecto
3295 5264 3449 5332 patet
3465 5256 3587 5329 quia
3609 5248 3711 5345 qui:

489 5348 846 5423 baptismatis
873 5353 1144 5408 tinctione
1172 5358 1232 5408 et
1282 5353 1547 5408 unctione
1601 5352 1917 5408 chrismatis
1961 5354 2083 5425 jam
2166 5370 2386 5425 cunque
2418 5371 2530 5409 non
2573 5358 2661 5408 est
2704 5352 2932 5420 Christi,
2980 5352 3139 5423 regni
3176 5350 3262 5407 sui
3308 5347 3572 5422 particeps
3609 5340 3707 5394 ﬁeri

488 5454 675 5495 sermo
700 5439 990 5498 habendus
1020 5447 1125 5498 est.
2164 5443 2378 5514 nequit,
2393 5443 2631 5514 ideoque
2659 5442 3036 5499 necessarium
3055 5446 3142 5496 est
3161 5446 3224 5497 ut
3243 5438 3433 5495 statim
3450 5442 3701 5491 succum:-

563 5536 591 5568 ι
608 5527 738 5596 Mm,
766 5529 1200 5598 fundamentum
1227 5548 1384 5603 aqua
1404 5551 1426 5600 ;
1455 5546 1652 5588 verum
1686 5532 1824 5588 illud
1854 5531 2076 5587 melius.
