3982 6158
241 278 383 332 1177

1238 269 1454 326 LIBER
1489 271 1583 326 DE
1621 269 1873 326 SACRIS
1910 267 2322 336 0RDINIBUS,
2363 269 2516 333 ETC.

3375 269 3512 329 1178

237 406 336 456 tur
365 401 642 473 baptizato
675 417 802 456 cum
828 399 1146 454 chrismatis
1175 398 1458 464 unctione,
1491 404 1555 452 ut
1597 399 1838 470 Spiritus
1856 407 1906 464 Α
1923 402 2056 452 ante
2075 395 2412 452 sacriﬁcium
2430 393 2828 460 celebraretur,
2853 394 3002 466 quod
3027 400 3159 449 ante
3197 409 3312 450 non
3343 393 3514 450 ﬂebat

236 491 420 545 sancti
475 490 960 562 participationem
991 481 1286 558 accipiens,
1309 487 1526 542 alienus
1555 506 1591 542 a
1613 487 1836 542 Christo
1918 486 2026 542 nisi
2047 491 2274 542 tantum
2303 485 2542 558 epistola
2590 482 2750 540 Pauli
2789 481 3133 538 recitabatur
3162 488 3220 538 et
3255 489 3512 539 sanctum

234 597 356 634 non
385 581 606 634 existat.

1919 577 2299 647 Evangelium.
2349 575 2486 631 Inde
2529 575 2699 642 Kyrie
2751 577 2951 629 elcison
3005 573 3227 638 dicitur,
3259 572 3407 644 quod
3447 590 3514 628 ex

237 688 376 742 CAP.
407 687 525 742 XV.
552 717 617 727 —
641 688 713 741 Dc
732 687 1058 740 indumento
1097 687 1366 754 baptizaii
1393 691 1442 739 ct
1473 686 1832 740 eucharistia.

1926 665 2178 721 Graecoin
2198 665 2481 729 Latinum,
2497 665 2748 728 Domine,
2769 666 3024 717 miserere
3041 664 3213 728 nobis,
3231 661 3512 736 interpre-

316 797 416 860 (Ib.
452 811 498 848 c.
523 793 644 860 29.)
667 793 802 847 Post
826 792 1168 864 baptismum
1197 802 1387 846 autem
1414 792 1661 846 traditur
1684 793 1840 848 Chri-

236 882 428 936 stiano
455 881 628 937 vestis
646 881 885 936 candida
895 881 1196 951 designans
1215 880 1592 935 innocentiam
1608 887 1666 936 et
1683 882 1840 954 puri-

238 977 424 1025 tatem
455 971 852 1038 Christianam,
893 986 1058 1042 quam
1091 975 1217 1040 post
1257 969 1495 1036 ablutas,
1545 976 1601 1026 et
1642 977 1844 1025 caetera

241 1077 420 1129 usque
444 1063 518 1115 ad
545 1064 711 1128 ﬁnem
738 1063 952 1129 capitis.

245 1168 386 1222 CAP.
419 1169 564 1224 XVI.
603 1199 668 1209 --
711 1170 782 1222 Dc
827 1170 1173 1236 impositionc
1213 1183 1421 1222 manus
1449 1171 1765 1237 episcopalis
1793 1173 1842 1222 et

689 1259 1006 1311 chrismatis
1034 1261 1396 1311 sacramento.

316 1366 477 1432 (Ibid.
511 1381 555 1418 c.
591 1362 702 1431 30.)
723 1363 1036 1418 Novissime
1053 1369 1240 1418 autem
1261 1381 1295 1418 a
1314 1380 1534 1418 summo
1555 1365 1842 1418 sacerdote

233 1469 342 1526 per
362 1453 775 1525 impositionem
795 1470 995 1507 manus
1014 1453 1329 1524 paracletus
1350 1453 1595 1507 traditur
1613 1453 1693 1507 illi
1716 1454 1841 1524 Spi-

235 1543 388 1596 ritus
416 1548 660 1608 sanctus,
679 1548 746 1596 ut
761 1542 1058 1596 roboretur
1079 1559 1180 1613 per
1201 1542 1492 1614 Spiritum,
1510 1547 1639 1609 etc.,
1673 1559 1842 1611 usque

237 1635 316 1686 ad
339 1635 504 1700 ﬁnem
529 1635 742 1702 capitis.

1919 761 2092 810 tatur.
2109 753 2199 810 Sic
2213 759 2270 809 et
2287 755 2495 810 Christe
2519 756 2737 817 elcison,
2754 751 2973 818 hoccst,
2995 751 3220 818 Chr-istc,
3255 755 3513 809 miserere

1923 847 2096 899 nobis.
2115 845 2402 916 Hymnum
2416 859 2546 898 vero
2563 841 2899 912 angelicum,
2922 840 2976 894 id
3009 846 3094 896 est
3113 841 3302 896 Gloria
3327 845 3388 896 in
3419 859 3512 897 ca:-

1923 937 2076 988 celsis
2105 935 2229 999 Deo,
2248 939 2382 988 tunc
2414 931 2602 1003 angeli
2629 931 2958 986 cecinerunt
2985 931 3208 1002 quando
3238 937 3406 986 natus
3427 937 3514 987 est

1923 1023 2214 1088 Dominus,
2259 1039 2426 1093 quem
2481 1021 2653 1076 etiam
2706 1019 3080 1092 Telesphorus
3126 1020 3373 1092 pontifex
3411 1037 3512 1076 na-

1925 1111 2076 1168 tione
2090 1113 2314 1167 Graecus
2329 1111 2529 1166 statuit
2548 1117 2612 1166 ut
2636 1117 2768 1166 ante
2796 1109 3133 1164 sacriﬁcium
3158 1109 3510 1183 psalleretur,

1925 1202 2020 1273 qui
2050 1207 2108 1257 et
2135 1200 2427 1256 constituit
2470 1207 2536 1256 ut
2581 1201 2642 1255 in
2685 1199 2860 1254 natali
2891 1199 3116 1254 Domini
3163 1217 3265 1272 per
3289 1206 3512 1255 noctem

1923 1291 2108 1346 missae
2156 1289 2592 1345 celebrarentur.
2615 1290 2771 1344 Tunc
2813 1289 2988 1344 lector
3036 1289 3174 1360 legit
3216 1289 3520 1344 lectionem

1923 1380 2268 1446 canonicam,
2301 1386 2366 1434 ut
2391 1379 2614 1434 animus
2645 1377 2966 1433 auditorum
2996 1395 3098 1450 per
3125 1378 3269 1433 hanc
3300 1379 3514 1433 instru-

1923 1476 2046 1525 ctus
2069 1469 2139 1524 ad
2169 1473 2370 1524 caetera
2387 1456 2661 1523 intentior
2689 1473 2969 1538 assurgat.
2995 1467 3210 1538 Saepius
3237 1474 3428 1522 tamen
3454 1467 3515 1522 in

1924 1559 2108 1614 missae
2139 1558 2320 1613 ofﬁcio
2350 1557 2558 1629 legitur
2606 1557 2771 1612 lectio
2821 1573 2888 1612 ex
2933 1555 3195 1628 Epistolis
3233 1557 3298 1612 D.
3333 1557 3512 1611 Pauli.

1923 1648 2163 1704 Paulum
2193 1664 2436 1719 namque
2457 1645 2717 1702 omnibus
2737 1652 2932 1700 notum
2961 1651 3049 1700 est
3065 1645 3347 1700 doctorem
3377 1662 3516 1715 gen-

240 1750 378 1803 Csp.
413 1749 584 1803 XVII.
623 1779 688 1790 —
722 1750 797 1804 De
822 1754 1166 1803 sacramento
1196 1752 1435 1816 corporis
1472 1754 1519 1802 et
1548 1751 1841 1817 sanguinis
1861 1735 1908 1795 Β
1929 1737 2226 1799 5111116888.
2253 1743 2311 1792 et
2328 1737 2462 1808 quia
2495 1753 2530 1790 τι
2556 1737 2796 1791 Domino
2819 1752 2914 1789 V88
2943 1735 3230 1790 electionis
3257 1735 3376 1809 ἲονρ
3406 1751 3520 1790 m8-

922 1821 1166 1874 Domini.

315 1937 486 1998 (Ibid.
514 1954 558 1989 c.
595 1935 706 2004 3‘1.)
737 1937 844 1990 Sed
865 1936 999 2007 quia
1017 1936 1087 1990 de
1115 1935 1333 1990 duobus
1362 1937 1744 2000 sacramentis,
1784 1935 1842 1990 id

238 2031 344 2087 est,
391 2023 672 2096 baptismo
693 2031 752 2080 et
771 2025 1075 2079 chrismate
1093 2027 1210 2096 jam
1247 2031 1521 2096 quantum
1559 2025 1718 2079 nobis
1737 2025 1844 2079 Do-

235 2113 434 2168 minus
452 2113 626 2178 dedit,
643 2130 815 2184 supra
832 2113 1219 2181 disseruimus,
1240 2121 1368 2182 etc.,
1388 2132 1556 2184 usque
1579 2117 1654 2169 ad
1675 2117 1842 2183 ﬁnem

235 2204 460 2268 capitis.

557 2309 687 2362 CAP.
720 2307 920 2362 XVIII.
947 2337 1012 2347 —
1034 2309 1108 2362 De
1135 2310 1314 2376 ofﬁcio
1338 2310 1530 2361 missa.

312 2415 476 2481 (Ibid.
505 2432 548 2468 ο.
576 2414 687 2482 32.)
706 2415 788 2469 De
809 2415 1196 2478 sacramentis,
1228 2421 1293 2469 ut
1330 2430 1476 2479 reor,
1509 2413 1646 2467 satis
1677 2429 1842 2486 supe-

235 2503 363 2556 rius
385 2503 656 2571 diximus;
683 2521 832 2558 nunc
853 2505 922 2557 de
937 2503 1116 2558 ofﬁcio
1146 2504 1328 2558 missae
1357 2519 1467 2574 quo
1497 2503 1620 2574 ipsa
1656 2518 1842 2557 sacra-

231 2599 437 2646 menta
448 2593 696 2664 corporis
711 2599 767 2647 et
777 2593 1067 2664 sanguinis
1079 2593 1288 2648 Christi
1303 2591 1693 2656 conﬁciuntur,
1711 2596 1816 2644 etc.
1826 2632 1840 2658 ,

233 2697 415 2750 usque
437 2683 511 2734 ad
528 2683 696 2752 ﬁnem
727 2685 936 2750 capitis.

567 2789 698 2842 Csp.
727 2789 874 2843 XIX.
906 2819 970 2829 -
997 2790 1070 2844 De
1101 2791 1296 2842 ordine
1326 2792 1518 2843 missae.

309 2895 480 2962 (Ibid.
541 2911 587 2952 c.
635 2893 747 2964 33.)
806 2895 1058 2950 Primum
1109 2901 1299 2950 autem
1355 2895 1413 2949 in
1469 2895 1843 2950 celebratione

1924 1826 2057 1892 ruit,
2103 1826 2308 1881 idcirco
2337 1825 2486 1880 idem
2515 1825 2650 1880 dum
2681 1825 2740 1881 in
2769 1840 3001 1896 corpore
3048 1829 3305 1878 maneret
3323 1841 3389 1878 ex
3416 1823 3517 1880 do-

1922 1921 2114 1987 gmate
2141 1933 2252 1987 quo
2291 1915 2561 1988 qnasdam
2591 1914 2858 1986 epistolas
2893 1911 3185 1968 scribendo
3220 1918 3418 1984 gentes
3449 1913 3519 1967 ad

1924 2011 2148 2077 tempus
2175 2003 2382 2070 docuit,
2409 2003 2540 2058 inde
2576 2019 2725 2058 nunc
2773 2002 3023 2074 quotidie
3050 2002 3185 2056 dum
3225 2001 3514 2066 recitatur,

1926 2093 2179 2149 omnium
2210 2099 2427 2148 mentes
2456 2092 2708 2148 ﬁdelium
2731 2092 2932 2146 robore
2949 2092 3124 2146 ﬁrmae
3139 2091 3270 2146 ﬁdei
3290 2091 3512 2146 solidat.

1925 2183 2062 2238 Post
2090 2183 2386 2238 lectionem
2412 2199 2544 2236 vero
2586 2188 2782 2236 cantor
2827 2180 2964 2236 dicit
3008 2179 3426 2252 responsorium
3455 2185 3520 2234 ut

1927 2271 1998 2326 ad
2018 2271 2504 2344 compunctionem
2534 2271 2828 2325 audientes
2849 2277 3112 2342 provocet
3139 2275 3196 2324 et
3221 2269 3376 2324 lenes
3395 2269 3518 2322 ani-

1927 2377 2050 2417 mos
2078 2362 2304 2416 auditor
2337 2361 2522 2415 faciat.
2583 2360 3020 2431 Responsorium
3059 2376 3192 2430 ergo
3221 2359 3352 2412 inde
3380 2357 3520 2413 dici-

1925 2457 2039 2517 tur,
2075 2451 2224 2522 quod
2251 2450 2360 2504 alio
2389 2449 2681 2504 desmente
2722 2449 2777 2503 id
2808 2450 2952 2504 alter
2977 2448 3330 2520 respondeat.
3367 2449 3522 2504 Inter

1926 2539 2282 2612 responsoria
2310 2555 2533 2611 quoque
2553 2543 2611 2593 et
2638 2539 2974 2610 antiphonas
2993 2538 3098 2592 hoc
3135 2537 3340 2603 diﬁ'ert,
3371 2537 3520 2608 quod

1926 2629 1986 2684 in
2009 2628 2379 2700 responsoriis
2417 2645 2564 2682 unus
2619 2627 2771 2682 dicat
2805 2643 3047 2692 versum,
3093 2627 3152 2682 in
3199 2625 3521 2698 antiphonis

1926 2725 2116 2773 autem
2137 2718 2422 2773 alternant
2446 2716 2699 2772 versibus
2727 2717 2903 2771 chori.
2933 2715 3286 2786 Antiphonas
3315 2715 3516 2781 Graeci,

1925 2808 2284 2878 responsoria
2310 2823 2440 2860 vero
2471 2807 2597 2860 Itali
2627 2807 2932 2860 traduntur
2945 2805 3192 2877 primum
3219 2803 3516 2859 invenisse.

1926 2896 2363 2968 Responsorium
2392 2896 2544 2950 enim
2572 2895 2744 2961 istud,
2785 2895 3012 2966 quidam
3047 2893 3279 2966 gradale
3299 2898 3518 2960 vocant,

227 2982 450 3048 missae,
478 2983 550 3036 ad
576 2982 868 3038 introitum
889 2983 1194 3037 sacerdotis
1217 2984 1287 3038 ad
1310 2985 1504 3051 altare,
1537 2985 1845 3056 antiphona
1888 3055 1891 3056 ν
1927 3002 1994 3040 eo
2015 2986 2162 3056 quod
2173 2987 2335 3056 juxta
2346 2985 2557 3056 gradus
2576 2983 2778 3056 pulpiti
2809 2988 3088 3038 cantatur.
3133 2983 3269 3038 Post
3287 2997 3520 3054 respon-

226 3077 510 3126 cantatur
532 3089 566 3126 a
593 3073 759 3138 clero,
795 3079 857 3127 ut
876 3073 1142 3127 audiatur
1169 3073 1386 3128 sonitus
1405 3075 1629 3144 quando
1656 3055 1846 3144 ingre-
1867 3055 1910 3114 C
1929 3055 2142 3129 serium
2170 3055 2432 3130 cantatur
2479 3055 2740 3138 Alleluia,
2793 3073 3006 3128 scilicet
3048 3079 3114 3127 ut
3167 3071 3240 3127 ad
3275 3071 3524 3128 caelestia

227 3161 400 3215 ditur
446 3161 829 3216 sanctuarium
871 3162 929 3216 in
963 3169 1262 3234 conspectu
1308 3163 1553 3230 Domini,
1605 3164 1749 3218 sicut
1786 3164 1846 3217 in

223 3249 418 3304 veteri
445 3255 784 3304 testamento
817 3268 916 3321 per
943 3250 1452 3305 tintinnabulorum
1481 3252 1728 3306 sonitum
1757 3251 1845 3305 in-

219 3355 474 3412 gressus
511 3337 789 3410 pontiﬁcis
819 3338 1081 3393 innotuit.
1116 3339 1266 3393 Bene
1313 3357 1446 3409 ergo
1488 3340 1546 3394 in
1589 3340 1846 3410 ingressu

221 3427 554 3483 sacerdotis
577 3427 1040 3499 concrepantibus
1062 3428 1246 3482 choris
1276 3429 1508 3482 auditur
1535 3429 1844 3484 modulatio

221 3517 446 3572 divinae
477 3517 674 3581 laudis,
709 3523 769 3571 ut
808 3516 1100 3571 dominicae
1142 3516 1533 3571 celebrationis
1575 3517 1846 3588 mysteria

217 3607 633 3660 ministrorum
665 3607 753 3677 pie
781 3606 1060 3676 praecedat
1097 3607 1482 3672 consonantia,
1511 3613 1568 3660 et
1596 3607 1845 3677 corporis

217 3701 284 3748 et
315 3693 620 3764 sanguinis
649 3695 855 3749 Christi
885 3695 1201 3750 venerabile
1230 3701 1646 3750 sacramentum
1683 3702 1844 3750 ante-

213 3785 403 3839 cedat
430 3783 616 3854 dignae
647 3785 830 3838 laudis
859 3784 1214 3839 sacrificium.
1249 3786 1507 3855 Namque
1536 3785 1738 3839 chorus
1761 3791 1847 3839 est

217 3873 551 3928 multitudo
571 3873 629 3927 in
657 3874 830 3928 sacris
855 3875 1104 3940 collecta,
1139 3881 1194 3928 et
1223 3873 1405 3928 dictus
1442 3875 1662 3938 chorus,
1698 3873 1846 3944 quod

215 3962 285 4017 in
313 3961 494 4016 initio
523 3961 580 4014 in
611 3962 839 4016 modum
869 3979 1086 4016 corona;
1118 3963 1323 4017 circum
1355 3979 1483 4017 aras
1526 3967 1744 4016 starent
1791 3968 1849 4016 et

219 4053 312 4106 ita
342 4050 677 4122 psallerent,
707 4051 855 4105 unde
901 4057 958 4105 et
1000 4050 1422 4105 Ecclesiasticus
1469 4050 1610 4105 liber
1656 4050 1850 4105 scribit

214 4146 495 4196 stantem
525 4141 872 4194 sacerdotem
905 4147 1036 4194 ante
1079 4157 1257 4205 aram,
1293 4146 1348 4194 et
1377 4141 1432 4192 in
1464 4140 1699 4194 circuitu
1725 4141 1849 4210 ejus

213 4244 514 4283 coronam
543 4227 800 4282 fratrum.
825 4227 935 4282 Alii
961 4228 1192 4282 chorum
1234 4227 1497 4281 dixerunt
1541 4245 1574 4281 a
1616 4245 1846 4282 concor-

1927 3169 2176 3218 mentem
2195 3164 2433 3234 populus
2453 3162 2720 3229 sublevet,
2745 3167 2803 3218 et
2821 3163 2891 3217 ad
2908 3161 3155 3218 divinam
3183 3161 3524 3235 contempla-

1928 3252 2138 3308 tionem
2159 3253 2356 3322 erigat.
2389 3257 2632 3308 Alleluia
2660 3252 2811 3308 enim
2839 3253 3083 3307 duorum
3116 3250 3413 3306 verborum
3432 3251 3523 3307 in-

1927 3341 2258 3413 terpretatio
2287 3347 2403 3396 est:
2431 3343 2535 3396 hoc
2554 3348 2640 3396 est
2669 3342 2792 3396 laus
2813 3341 2934 3408 Dei,
2958 3347 3016 3396 et
3034 3346 3120 3396 est
3138 3339 3526 3396 HebraeumJa

1927 3431 2077 3484 enim
2108 3430 2177 3484 de
2223 3430 2416 3484 decem
2447 3429 2774 3484 nominibus
2830 3429 3034 3500 quibus
3081 3429 3230 3500 apud
3263 3428 3526 3484 Hebraeos

1926 3519 2076 3573 Deus
2095 3525 2342 3584 vocatur,
2363 3535 2537 3574 unum
2554 3524 2658 3573 est.
2677 3518 2950 3573 Similiter
2961 3523 3018 3572 et
3031 3519 3214 3572 Amen
3226 3517 3524 3572 Hebrmum

1929 3613 2030 3672 est,
2047 3607 2193 3679 quod
2217 3608 2288 3662 ad
2310 3624 2534 3662 omnem
2552 3607 2859 3662 sacerdotis
2887 3607 3200 3662 orationem
3240 3622 3340 3660 seu
3361 3605 3526 3661 bene-

1927 3695 2232 3750 dictionem
2263 3696 2566 3766 respondet
2595 3696 2835 3767 populus
2864 3695 3134 3749 ﬁdelium.
3159 3693 3524 3764 Interpretari

1927 3801 2150 3856 quoque
2181 3790 2368 3856 potest
2382 3786 2564 3839 Amen
2585 3785 2645 3838 in
2668 3783 2933 3838 Latinum
2956 3799 3104 3848 vere,
3129 3783 3243 3836 sive
3264 3782 3521 3850 ﬁdeliter,

1928 3889 2047 3938 seu,
2071 3875 2186 3940 ﬁat,
2206 3875 2339 3946 quia
2350 3874 2697 3945 Hieronymo
2715 3878 2878 3938 teste,
2913 3872 2972 3926 in
2995 3872 3276 3928 Psalterio
3305 3871 3402 3927 ubi
3431 3872 3528 3926 ha-

1931 3962 2041 4028 bet,
2076 3964 2191 4028 ﬁat,
2226 3965 2342 4030 ﬁat,
2367 3963 2426 4017 in
2447 3962 2722 4017 Hebraico
2752 3961 2960 4033 legitur
2990 3963 3172 4016 Amen
3201 3978 3386 4029 amen,
3408 3961 3526 4017 haec

1929 4051 2042 4106 duo
2051 4057 2242 4106 tamen
2264 4052 2448 4118 verba,
2469 4053 2524 4106 id
2545 4053 2834 4119 est,Amen
2847 4058 2905 4106 et
2913 4051 3284 4116 Alleluia,nec
3296 4051 3522 4118 Graecis,

1932 4157 2034 4195 nec
2083 4140 2317 4206 Latinis,
2348 4158 2452 4196 nec
2511 4140 2764 4196 barbaris
2819 4141 2954 4196 licet
2991 4141 3048 4196 in
3079 4157 3241 4196 suam
3274 4141 3524 4212 linguam

1931 4229 2160 4284 omnino
2189 4229 2514 4295 transferre,
2545 4231 2630 4285 vel
2658 4231 2770 4285 alia
2797 4229 2991 4300 lingua
3009 4230 3525 4286 annuntiare.Nam

212 4318 353 4384 dia,
384 4317 593 4387 qumin
614 4316 886 4371 charitate
915 4322 972 4370 et
990 4333 1121 4370 vera
1141 4333 1275 4387 pace
1311 4315 1582 4370 consistit.
1625 4317 1751 4370 Sive
1779 4318 1910 4390 de“
1932 4319 2185 4388 quamvis
2233 4319 2595 4390 interpretari
2643 4319 2876 4390 possint,
2909 4325 3141 4390 propter
3187 4319 3524 4374 sanctiorem

208 4405 604 4462 concinentia
651 4405 808 4461 soni:
864 4423 990 4459 cum
1047 4405 1198 4460 enim
1245 4421 1392 4459 unus
1437 4405 1606 4470 canit,
1655 4405 2119 4462 Graeceutamen
2150 4407 2802 4471 auctoritatem,servata
2833 4414 2919 4462 est
2934 4405 3008 4460 ab
3027 4407 3312 4478 apostolis,
3330 4407 3389 4461 in
3409 4407 3526 4460 suis

211 4493 533 4560 monadia,
574 4495 746 4548 latine
789 4494 1049 4549 sicinium
1083 4494 1306 4560 dicitur,
1350 4499 1408 4548 et
1439 4511 1568 4548 cum
1611 4495 1722 4549 duo
1761 4513 1848 4550 ca-
1929 4496 2168 4568 propriae
2183 4496 2388 4566 linguae
2411 4495 2738 4566 antiquitas.
2772 4495 3015 4550 Tantum
3043 4494 3194 4549 enim
3215 4511 3374 4550 sacra
3393 4501 3527 4550 sunt

209 4590 389 4641 nunt
425 4583 693 4636 bicinium
732 4583 952 4637 dicitur.
996 4585 1137 4638 Cum
1185 4589 1375 4636 autem
1424 4584 1604 4650 multi,
1647 4584 1850 4638 chorus
1929 4585 2175 4649 nomina,
2195 4590 2260 4638 ut
2278 4585 2450 4639 etiam
2475 4586 2718 4639 Joannes
2738 4584 2797 4638 in
2826 4583 3158 4656 Apocalypsi
3180 4584 3388 4638 referat
3405 4584 3527 4656 Spi-

207 4679 501 4728 vocatur.
523 4671 846 4741 Antiphona
862 4672 1053 4725 Graece
1075 4688 1178 4725 vox
1200 4669 1484 4741 reciproca
1525 4688 1592 4724 ex
1631 4670 1849 4725 duobus

205 4762 462 4819 scilicet
474 4759 660 4814 choris
679 4759 1002 4814 alternatim
1020 4758 1390 4831 psallentibus
1409 4759 1633 4814 dicitur.
1650 4759 1850 4814 Introi-

203 4860 325 4908 tus
347 4866 604 4920 namque
623 4847 693 4902 ab
712 4849 1046 4903 introeundo
1066 4855 1153 4902 est
1171 4848 1372 4902 dictus.
1398 4849 1474 4902 Eo
1499 4848 1649 4902 enim
1679 4854 1848 4903 cantu

200 4943 294 4998 ad
333 4944 558 4994 sancta
587 4937 985 4992 modulationis
1035 4937 1220 4991 ofﬁcia
1256 4937 1537 4992 intratur:
1591 4938 1674 4991 vel
1714 4944 1849 4991 tunc

201 5028 582 5087 Christianae
611 5027 899 5098 religionis
923 5026 1280 5097 congregatio
1304 5026 1606 5080 Ecclesmm
1636 5026 1737 5079 Dei
1766 5026 1848 5080 in-

201 5129 428 5182 trans,
453 5117 526 5170 ad
545 5121 774 5170 caeteras
795 5115 1107 5170 ofﬁciorum
1145 5115 1340 5169 laudes
1371 5120 1650 5186 praeparat
1677 5132 1736 5169 se
1767 5115 1849 5168 in-

205 5214 560 5265 tenturam.
583 5205 738 5260 Sicut
766 5205 915 5259 enim
945 5203 1333 5258 invitatoriam
1379 5203 1583 5258 dicitur
1625 5203 1694 5258 ab
1716 5204 1850 5258 invi-

199 5296 426 5356 mndo
455 5311 584 5348 cum
601 5295 897 5348 inchoatur
917 5293 1160 5347 ofﬁcium
1177 5298 1534 5356 nocturnum,
1566 5298 1622 5346 et
1645 5293 1851 5346 dicitur

197 5389 468 5444 venite:
501 5383 793 5437 introitum
831 5383 900 5436 ab
947 5383 1282 5436 introeundo
1326 5381 1550 5452 quando
1595 5381 1851 5435 initiatur

199 5478 542 5535 diurnum.
564 5471 946 5543 Antiphonam
967 5477 1157 5526 autem
1183 5471 1254 5525 ad
1280 5469 1574 5524 introitum
1603 5471 1850 5524 Caelesti-

196 5569 410 5625 tinus
418 5560 649 5616 natione
665 5561 985 5634 Campanus
1003 5560 1252 5633 pontifex
1261 5560 1452 5615 Romae
1461 5559 1770 5629 constituit,
1787 5567 1848 5615 ut

1930 4673 2044 4728 ritu
2078 4673 2358 4727 revelante
2387 4690 2446 4726 se
2477 4673 2681 4727 vidisse
2711 4679 2767 4726 ct
2810 4672 3032 4728 audisse
3060 4689 3250 4728 vocem
3286 4673 3527 4728 caelestis

1931 4761 2224 4824 exercitus,
2258 4767 2530 4832 tanquam
2580 4777 2764 4816 vocem
2822 4777 3100 4832 aquarum
3131 4762 3440 4817 multarum
3470 4769 3528 4816 et

1929 4849 2306 4904 tonitruorum
2324 4849 2636 4904 validorum
2657 4850 2966 4905 dicentium
2987 4852 3166 4905 Amen
3175 4858 3233 4905 et
3259 4851 3518 4916 Alleluia,

1929 4955 1994 4992 ac
2021 4956 2121 5010 per
2140 4939 2245 4993 hoc
2272 4939 2354 4992 sic
2375 4944 2598 5010 oportet
2619 4937 2672 4993 in
2705 4939 2870 4993 terris
2895 4945 3136 5010 utraque
3150 4939 3280 5005 dici,
3302 4939 3443 4994 sicut
3461 4939 3520 4994 in

1929 5027 2065 5082 coelo
2093 5033 2376 5094 resonant,
2411 5027 2658 5082 deindea
2686 5027 2919 5082 diacono
2933 5045 3062 5082 cum
3086 5044 3309 5082 summa
3335 5033 3522 5083 aucto-

1929 5118 2098 5170 ritate
2135 5117 2194 5169 in
2240 5115 2471 5171 auribus
2509 5117 2699 5187 populi
2739 5116 3010 5172 recitatur
3045 5116 3418 5187 evangelium,
3458 5123 3524 5172 ut

1930 5205 2104 5278 ipsius
2122 5205 2330 5260 ibidem
2353 5205 2619 5260 audiatur
2644 5206 2901 5260 doctrina
2935 5205 3006 5260 ad
3043 5222 3210 5277 quem
3229 5205 3406 5261 fervet
3429 5205 3518 5260 in-

1929 5294 2107 5348 tentio
2136 5299 2273 5360 tota,
2289 5294 2576 5366 ipsiusque
2591 5293 2767 5347 virtus
2793 5293 3252 5365 intelligaturper
3279 5311 3520 5366 evange-

1930 5383 2091 5450 lium,
2105 5383 2267 5454 cujus
2281 5388 2416 5437 tunc
2445 5383 2694 5454 corporis
2711 5388 2770 5435 et
2788 5382 3080 5453 sanguinis
3101 5389 3519 5440 sacrosanctum

1931 5471 2246 5528 celebratur
2267 5471 2617 5544 mysterium.
2644 5471 2779 5526 Post
2799 5471 2917 5526 haec
2944 5470 3254 5528 oblationes
3273 5473 3519 5529 oll‘erun-

1928 5567 2027 5614 tur
2053 5578 2090 5615 a
2106 5561 2333 5631 populo,
2365 5566 2422 5614 et
2447 5560 2796 5619 oﬁ‘ertorium
2821 5565 3085 5616 cantatur
3109 5577 3145 5617 a
3169 5561 3339 5629 clero,
3369 5561 3520 5639 quod
