3824 6152
401 337 541 404 4179

997 351 1058 404 Β.
1101 348 1372 403 RABANI
1411 337 1642 402 MAURI
1680 337 2016 400 ARCHIEP.
2055 337 2380 401 MOGUNT.
2422 339 2507 402 ΟΡ

1565 343 1642 402 RI
1680 337 2016 400 ARCHIEP.
2055 337 2380 401 MOGUNT.
2422 338 2719 402 OPERUM
2756 348 2940 404 PARS
2976 351 3075 406 ΙΙΙ.

3523 347 3651 411 1180

399 483 464 529 ex
485 469 608 545 lpSa
637 481 808 529 causa
821 468 1150 529 vacabulum
1173 468 1432 544 sumpsit,
1460 470 1619 543 quasi
1640 470 1990 526 offerentium
2010 471 2057 533 Α
2077 479 2134 527 et
2157 469 2353 544 injusti
2367 487 2492 528 cum
2513 469 2751 529 diabolis
2765 471 3180 532 cruciabuntur.
3202 472 3654 552 Credaturtequa-

399 560 699 617 canticum.
738 559 1166 617 Olfertoriarum
1207 559 1410 634 quippe
1449 577 1571 633 quae
1616 563 1674 616 in
1705 561 1997 616 sacriﬁcio-

400 663 526 706 rum
548 651 759 706 honore
773 657 1070 714 canuntur,
1108 650 1528 706 Ecclesiasticus
1559 651 1699 705 liber
1729 649 1994 705 indicium

399 741 503 805 est,
537 739 672 796 dum
719 740 857 795 dicit
912 747 1124 798 veteres
1161 745 1388 795 cantare
1439 739 1633 794 solitos
1662 740 1884 811 qnando
1915 740 1996 793 vi-

401 830 585 886 ctimze
624 827 1082 897 immolabantur,
1116 829 1209 884 ubi
1261 830 1342 884 ita
1383 826 1591 900 legitur
1626 843 1636 880 :
1666 850 1690 881 «
1723 825 1996 893 Porrexit,

400 919 600 990 inquit,
643 931 874 973 manum
905 935 1064 974 suam
1095 918 1356 972 sacerdos
1387 914 1441 972 in
1465 916 1810 985 libatlonem,
1845 923 1901 973 et
1935 919 1998 972 lia

400 1007 551 1062 bavit
571 1003 639 1061 de
661 1007 936 1078 sanguine
961 1023 1098 1072 uvae,
1123 1011 1180 1062 et
1209 1007 1354 1062 fudit
1372 1006 1430 1061 in
1467 1006 1780 1062 velamento
1801 1008 1996 1062 altaris

403 1097 632 1151 odorem
661 1097 846 1150 divino
873 1099 929 1151 et
971 1097 1184 1151 excelso
1233 1095 1497 1168 Principi.
1543 1095 1697 1150 Tun:-
1729 1099 1997 1150 exclanm-

402 1190 606 1240 verunt
633 1182 734 1239 ﬁlii
753 1188 939 1240 Aaron
970 1186 1026 1240 in
1047 1185 1199 1239 tubis
1227 1183 1546 1250 ductiliblis,
1572 1193 1628 1238 et
1659 1193 1999 1240 sonaverunt

297 1310 308 1320 ι
401 1276 456 1328 et
485 1274 736 1327 auditam
781 1275 1034 1328 fecerunt
1063 1285 1326 1343 magnam
1357 1289 1545 1326 vocem
1576 1274 1632 1327 in
1667 1275 1990 1328 memoriam

402 1375 590 1416 coram
623 1363 863 1416 Domino
896 1364 1080 1426 (Eccli.
1117 1380 1166 1427 1.,
1207 1361 1312 1430 16).
1350 1381 1376 1413 »
1430 1363 1553 1416 Non
1583 1362 1750 1416 aliter
1775 1367 1832 1417 et
1849 1377 1998 1418 nunc

403 1453 458 1506 in
489 1451 676 1506 sonitu
705 1449 872 1516 tubae,
905 1452 960 1505 id
993 1453 1080 1504 est
1109 1451 1166 1504 in
1213 1451 1359 1504 vocis
1407 1444 1800 1522 praedicatione
1829 1451 1996 1523 digne

402 1545 626 1595 cantum
671 1541 1021 1612 proferimus,
1057 1540 1164 1593 nisi
1215 1543 1279 1593 ut
1335 1540 1501 1593 simul
1545 1539 1709 1594 corde
1749 1543 1805 1595 et
1832 1557 1999 1614 opere

402 1631 597 1684 laudes
617 1630 856 1684 Domino
893 1629 1290 1690 declamantes,
1319 1628 1624 1698 jubilemus
1652 1631 1732 1684 illi
1764 1631 1820 1686 in
1861 1635 1993 1700 alto,

401 1719 609 1773 scilicet
658 1729 850 1772 veram
908 1718 1242 1771 sacriﬁcium
1290 1717 1636 1787 celebrantes
1683 1721 1843 1790 quUs
1874 1739 2000 1776 san~

2081 561 2211 616 liter
2237 564 2418 618 vivere
2459 579 2584 618 cum
2615 566 2781 618 Patre
2823 571 2879 618 et
2929 565 3144 636 Spiritu
3183 571 3369 621 sancto
3413 576 3464 622 et
3512 569 3655 624 nullo

2081 654 2191 706 ﬁne
2217 653 2489 706 concludi.
2516 654 2780 723 Sequitur
2806 657 3000 720 Amen,
3037 657 3182 726 quod
3212 653 3542 727 respondens
3571 673 3658 730 po-

2081 743 2247 812 pulus
2277 742 2560 796 concludit
2588 743 2928 798 antedictam
2960 742 3290 798 orationem.
3317 747 3486 800 Amen
3510 760 3654 817 ergo.

2081 837 2146 884 ut
2173 847 2343 900 supra
2375 832 2638 896 diximus,
2669 834 3021 886 conﬁrmatio
3049 833 3318 887 orationis
3357 841 3453 898 est,
3503 851 3536 888 ει
3572 850 3659 907 po-

2083 921 2214 989 pulo
2245 921 2480 990 prolata,
2515 927 2572 974 et
2599 921 2659 974 in
2689 921 2886 975 Latina
2914 922 3108 992 lingua
3128 923 3526 994 interpretatur
3547 925 3656 979 ﬁat.

2084 1009 2274 1078 Ipsum
2304 1009 2394 1062 hic
2419 1010 2496 1063 ita
2527 1017 2708 1074 sonat,
2733 1010 2892 1080 quasi
2921 1027 3118 1064 omnes
3141 1011 3332 1066 dicunt
3358 1019 3420 1066 ut
3454 1013 3537 1066 ita
3571 1014 3661 1068 ﬁat

2080 1096 2219 1149 sicut
2253 1098 2510 1150 sacerdos
2544 1099 2743 1151 oravit.
2797 1100 3009 1154 Dehinc
3039 1100 3176 1154 dicit
3207 1101 3464 1154 sacerdos
3490 1121 3504 1153 τ
3531 1103 3660 1157 δηιπι

2079 1203 2197 1237 sum
2231 1188 2412 1239 run-da.
2441 1187 2721 1240 Admonet
2748 1188 2944 1258 utique
2965 1191 3232 1260 pupulum
3263 1197 3325 1244 ut
3352 1208 3588 1252 sursum,
3610 1193 3657 1245 id

2078 1280 2181 1340 est,
2215 1291 2384 1345 supra
2414 1277 2778 1346 semetipsum
2805 1278 2874 1331 ad
2900 1278 3203 1331 Dominum
3234 1279 3658 1350 omnipotentem

2079 1380 2273 1416 omnes
2311 1365 2480 1417 corda
2509 1365 2693 1418 levent
2725 1371 2782 1419 et
2813 1367 3052 1420 ﬁdeliter
3082 1375 3244 1420 orent
3272 1369 3416 1438 quod
3443 1369 3518 1421 de
3554 1387 3658 1423 sur-

2080 1469 2202 1505 sum
2235 1453 2315 1505 cis
2344 1453 2529 1507 veniat
2556 1455 2824 1509 auxilium
2853 1473 2886 1508 a
2907 1455 3022 1509 Deo
3042 1451 3272 1518 cmlestj,
3300 1475 3334 1510 a.
3361 1475 3470 1526 quo
3503 1466 3654 1511 creati

2081 1545 2231 1596 sunt.
2262 1539 2363 1595 Cui
2385 1543 2686 1613 respondet
2696 1545 2934 1614 populUs
2951 1564 2962 1598 :
2981 1545 3240 1598 habemus
3253 1542 3328 1598 ad
3353 1545 3482 1599 Dom
3493 1545 3655 1607 inum,

2083 1630 2135 1683 id
2181 1638 2282 1695 est,
2319 1635 2384 1684 ut
2423 1630 2567 1685 sicut
2603 1633 2860 1686 sacerdos
2895 1627 3067 1701 jussit
3101 1651 3196 1687 eos
3236 1651 3462 1688 sursum
3511 1635 3660 1689 corda

2081 1727 2294 1783 tenere,
2317 1720 2396 1772 sic
2417 1737 2475 1773 se
2503 1720 2708 1774 habere
2739 1719 3660 1792 proﬁtentur.Tuncsacendoshor-

399 1807 571 1877 guine
600 1807 846 1860 salvatlis
876 1812 961 1860 est.
982 1807 1244 1859 mundos.
1265 1807 1707 1878 lmmittiturque
1726 1822 1896 1880 snper
1923 1809 1998 1864 ais
2018 1791 2061 1848 Β
2081 1814 2235 1862 tatur
2262 1808 2477 1879 plebem
2511 1815 2572 1862 ut
2595 1791 2807 1878 gratias
2837 1815 2970 1880 agat
2995 1811 3266 1864 conditori
3295 1829 3398 1865 suo
3447 1807 3661 1866 dicens:

402 1901 524 1949 tare
553 1896 862 1966 corporale,
901 1897 1001 1948 hoc
1038 1900 1123 1948 est
1152 1895 1405 1964 pallium,
1439 1897 1584 1966 quod
1618 1896 1899 1966 signiﬁcat
1929 1897 1996 1953 iis

405 1983 495 2038 iud
538 1984 774 2038 linteum
814 1995 924 2054 (ιυο
977 1995 1178 2053 corplis
1236 1985 1539 2037 Salvatoris
1592 1985 1994 2052 involvebatur,

404 2073 550 2142 quod
573 2084 636 2126 ex
658 2073 772 2126 lino
805 2081 945 2144 puro
974 2077 1188 2127 textum
1219 2087 1340 2126 esse
1379 2072 1546 2126 debet
1571 2078 1626 2127 et
1659 2085 1770 2129 non
1817 2091 1880 2130 ex
1909 2089 1998 2130 ses

403 2158 518 2214 rico
552 2163 634 2214 Vel
669 2172 937 2232 purpura,
971 2173 1152 2231 neque
1185 2176 1248 2214 ex
1275 2173 1458 2231 panno
1490 2163 2002 2225 tincto,sicutaSil-

405 2253 588 2302 vestro
625 2261 770 2320 papa
811 2247 1182 2302 constitutum
1215 2245 1546 2302 lnt'enimUS.
1583 2252 1727 2314 Quia
1747 2253 1802 2304 in
1829 2254 2001 2306 Evan-

399 2338 547 2408 gello
577 2339 790 2403 (Matth.
826 2348 988 2400 xxv",
1039 2339 1128 2394 ΒΟ)
1183 2339 1416 2391 sindone
1447 2339 1656 2392 munda
1686 2340 1996 2395 involutum

403 2439 524 2481 esse
551 2442 586 2479 a
605 2420 808 2497 Joseph
839 2439 1040 2497 corpus
1052 2427 1353 2480 Salvatoris
1384 2428 1606 2497 legitur.
1635 2433 1692 2481 et
1707 2430 1994 2484 sudarium

403 2515 600 2586 capitis
627 2517 750 2585 ers
782 2523 907 2586 post
955 2515 1424 2569 resurrectionem
1477 2511 1696 2570 Domini
1729 2533 1838 2572 non
1869 2534 1994 2572 cum

404 2599 830 2659 linteaminibus
861 2605 1125 2675 positum,
1159 2606 1256 2658 sed
1287 2618 1538 2658 seorsum
1569 2607 1881 2660 involutum
1910 2608 1996 2661 in-

403 2693 602 2746 veniri.
635 2693 930 2747 Ponuntur
956 2708 1177 2764 quoque
1203 2699 1337 2747 tunc
1357 2699 1708 2761 vasasancta,
1734 2697 1879 2766 quod
1915 2701 2001 2749 est

403 2781 544 2834 calix
574 2788 630 2835 et
650 2789 872 2852 patens,
907 2793 1078 2852 super
1115 2777 1310 2848 altare,
1337 2793 1459 2854 quae
1481 2785 1891 2853 quodammodo
1907 2787 2002 2838 do-

404 2863 594 2923 minlci
625 2871 864 2940 sepulcri
894 2876 1092 2942 typum
1119 2871 1344 2938 habent,
1380 2873 1510 2942 quia
1549 2873 1694 2926 sicut
1721 2879 1853 2927 tunc
1882 2890 1999 2928 cor-

403 2967 508 3030 pus
523 2959 728 3012 Christi
753 2960 1096 3013 aromatibUs
1119 2968 1350 3014 unctum
1374 2961 1430 3014 in
1459 2963 1711 3032 sepulcro
1737 2975 1879 3016 novo
1899 2975 2000 3034 per

405 3047 622 3117 piorum
655 3041 896 3101 ofﬁcium
935 3049 1312 3103 condebatur:
1370 3050 1449 3102 ita
1485 3051 1650 3103 modo
1675 3051 1733 3103 in
1757 3048 1999 3106 Ecclesia

404 3131 702 3206 mysticUm
731 3149 932 3208 corpus
963 3137 1112 3190 illius
1133 3149 1258 3191 cum
1283 3139 1586 3208 unguentis
1607 3153 1778 3192 sacris
1798 3142 2000 3194 oratioa

404 3225 492 3278 nis
521 3225 806 3278 conditum
829 3226 886 3278 in
917 3227 1063 3280 vasis
1093 3227 1266 3280 sacris
1291 3227 1358 3280 ad
1385 3226 1803 3297 percipiendum
1826 3229 2000 3281 ﬁdeli-

402 3312 506 3366 bus
536 3327 636 3383 per
654 3315 1006 3367 sacerdotum
1038 3314 1281 3368 omcium
1315 3314 1762 3368 administratur.
1799 3317 2000 3370 Postea

404 3400 573 3454 missa
601 3404 865 3455 cantatur
895 3419 930 3455 a
957 3403 1266 3456 sacerdote.
1309 3403 1562 3457 Primum
1588 3415 1720 3474 ergo
1745 3405 1998 3459 oratione

403 3503 526 3560 quae
547 3487 728 3560 Super
758 3489 946 3545 oblata
982 3491 1308 3545 nominatur
1335 3499 1546 3545 secrete
1577 3493 1646 3546 ab
1675 3485 1795 3563 ipso
1819 3505 1998 3547 sacer-

403 3579 533 3632 dote
563 3577 798 3650 cxpleta,
818 3581 1026 3634 salutat
1049 3578 1316 3650 populum
1345 3587 1401 3634 et
1427 3587 1550 3634 orat
1567 3583 1782 3634 dicens:
1818 3585 1998 3636 [lumi-

403 3683 509 3720 nas
532 3671 825 3734 t'obim-mn,
855 3669 1067 3723 scilicet
1097 3676 1160 3723 ut
1197 3671 1345 3724 Deus
1373 3671 1728 3741 omnipotens
1768 3671 1844 3724 sit
1869 3682 1996 3724 cum

403 3757 608 3826 populo
654 3767 774 3820 suo,
809 3757 898 3810 cui
929 3756 1046 3827 ipse
1074 3758 1312 3829 populus
1351 3759 1652 3829 respondet
1680 3759 1870 3812 dicens
1902 3774 1912 3812 :
1947 3764 1993 3812 et

403 3854 528 3897 cum.
551 3844 771 3911 Spiritu
799 3851 910 3899 tuo.
945 3847 1254 3917 Responsio
1279 3847 1392 3900 haec
1413 3847 1601 3917 populi
1624 3853 1793 3918 atque
1815 3848 1993 3902 oratio

401 3933 797 3987 convenienter
825 3934 1122 4004 profertur,
1174 3935 1278 3988 hoc
1305 3942 1407 3999 est,
1453 3943 1516 3990 ut
1563 3937 1706 3990 sicut
1736 3938 1994 3991 sacerdos

402 4022 581 4074 oravit
611 4023 759 4091 quod
791 4023 1064 4076 Dominus
1095 4029 1242 4077 esset
1272 4035 1397 4078 cum
1429 4025 1652 4095 populo,
1695 4026 1776 4078 ita
1817 4033 1870 4079 et
1900 4043 1994 4096 po-

401 4110 566 4181 pulus
589 4116 713 4163 orat
732 4112 875 4180 quod
905 4111 1176 4166 Dominus
1195 4113 1268 4166 sit
1285 4127 1410 4166 cum
1441 4111 1642 4183 spiritu
1665 4115 1988 4168 sacerdotis.

401 4199 544 4251 Cum
590 4204 779 4251 autem
835 4197 970 4252 dicit
1018 4201 1277 4254 sacerdos
1323 4217 1558 4266 orco-ms,
1593 4209 1754 4272 rogat
1800 4219 1993 4257 omnes

402 4301 582 4351 orare,
633 4291 697 4340 ut
749 4287 928 4341 oratio
985 4289 1107 4358 ejus
1153 4302 1184 4342 a
1239 4291 1475 4344 Domino
1517 4292 1865 4346 exaudiatur.
1927 4294 1994 4346 Et

2081 1898 2302 1951 Gratias
2329 1915 2561 1964 agamus
2587 1901 2816 1952 Domino
2849 1901 2948 1952 Deo
2967 1906 3103 1952 nos!)
3122 1919 3169 1952 ι).
3204 1901 3305 1954 Cui
3335 1902 3664 1972 respondens

2080 1987 2320 2056 populus
2349 1986 2521 2040 dicit:
2558 1989 2802 2054 Dignum.
2834 1989 3113 2056 rtjuxrum
3141 1995 3235 2042 est.
3269 1990 3414 2052 Quia
3440 1991 3594 2059 iusta
3621 1999 3668 2044 et

2082 2075 2252 2144 digna
2281 2075 2425 2128 ratio
2455 2083 2541 2128 est
2571 2077 2685 2129 Deo
2712 2077 2925 2144 gratias
2947 2091 3143 2131 omnes
3178 2079 3408 2143 referre,
3449 2080 3584 2149 quia
3610 2080 3670 2132 ab

2085 2163 2206 2234 ipso
2241 2163 2430 2217 omnia
2449 2163 2594 2218 bona
2607 2165 2970 2236 suscepimus,
3000 2165 3114 2219 imo
3142 2162 3458 2237 suscepturi
3493 2178 3670 2222 sumus

2086 2253 2130 2306 si
2161 2253 2218 2305 in
2250 2253 2356 2304 ﬁde
2393 2259 2549 2306 recta
2589 2260 2646 2306 et
2683 2253 2841 2307 bonis
2885 2255 3145 2324 operibus
3188 2273 3365 2326 usque
3413 2257 3474 2309 in
3519 2255 3668 2310 ﬁnem

2085 2341 2642 2411 perseveraverimus.
2681 2343 2815 2395 Post
2841 2343 2958 2397 haec
2986 2358 3120 2413 ergo
3150 2345 3228 2398 sic
3265 2345 3464 2415 incipit
3512 2363 3671 2398 sacer-

2083 2429 2182 2483 dos
2207 2430 2589 2501 prmfationem
2605 2431 2824 2486 dicens:
2857 2433 2978 2485 Vere
2997 2434 3227 2500 (lignum
3257 2439 3305 2484 et
3332 2437 3562 2502 justum
3583 2442 3663 2492 es,

2082 2533 2299 2587 aquam
2336 2525 2382 2571 (τι
2416 2523 2682 2572 salutare.
2731 2521 3043 2574 Conﬁrmat
3074 2521 3227 2574 enim
3275 2523 3668 2591 professionem

2082 2607 2272 2677 populi
2313 2614 2369 2660 et
2397 2607 2528 2660 dicit
2574 2609 2720 2678 quod
2765 2626 2891 2662 vere
2940 2609 3170 2678 dignum
3220 2616 3306 2664 est
3354 2618 3414 2664 et
3461 2614 3668 2682 justum

2082 2687 2196 2748 Deo
2225 2695 2440 2765 gratias
2470 2712 2568 2766 pro
2601 2695 2860 2749 omnibus
2891 2697 3114 2757 referre,
3164 2707 3222 2751 et
3261 2700 3412 2768 quod
3460 2717 3668 2770 aequum

2083 2791 2186 2848 est,
2221 2785 2324 2838 hoc
2355 2791 2459 2848 est,
2483 2791 2698 2838 rectum
2723 2791 2779 2838 et
2807 2787 3071 2851 salutare,
3098 2787 3150 2840 id
3191 2793 3295 2853 est,
3337 2788 3529 2842 salute
3565 2789 3667 2859 ple-

2079 2890 2234 2934 num,
2249 2879 2313 2926 ut
2328 2873 2379 2926 ei
2398 2873 2610 2942 gratias
2623 2874 2950 2941 referamus,
2969 2875 3062 2945 qui
3076 2873 3236 2929 nobis
3268 2877 3518 2930 salutem
3535 2877 3668 2931 dedit

2079 2967 2365 3014 aeternam.
2400 2963 2504 3014 Nos
2535 2964 2654 3021 tibi,
2689 2962 2890 3031 inquit.
2923 2975 3132 3031 semper
3160 2970 3210 3016 et
3241 2967 3442 3032 ubiqu
3468 2969 3666 3033 gratias

2079 3061 2256 3115 agere.
2301 3052 2612 3104 Conversus
2643 3051 2791 3104 enim
2826 3051 3084 3106 sacerdos
3111 3046 3177 3106 ad
3210 3048 3520 3108 Dominum
3561 3059 3667 3126 post

2081 3139 2478 3210 professionem
2503 3139 2693 3210 populi
2721 3134 2880 3210 quasi
2917 3141 2987 3194 ad
3031 3143 3364 3212 prementem
3405 3140 3663 3214 loquitur,

2081 3228 2213 3298 quia
2239 3227 2295 3280 in
2316 3228 2613 3298 praesentia
2627 3229 2847 3282 Domini
2863 3243 3086 3300 semper
3114 3244 3214 3284 nos
3247 3246 3446 3286 sumus
3480 3238 3538 3286 et
3566 3226 3668 3303 ipse

2080 3315 2230 3369 videt
2258 3316 2622 3386 cogitationes
2652 3319 2890 3380 nostras,
2946 3315 3049 3372 hoc
3092 3321 3194 3383 est,
3235 3315 3389 3373 omni
3427 3321 3668 3391 tempore

2081 3410 2138 3458 et
2165 3405 2222 3459 in
2252 3405 2403 3458 omni
2435 3406 2572 3458 loco.
2600 3406 2836 3477 Montque
2859 3405 3038 3477 ipsam
3062 3403 3375 3462 orationem
3407 3405 3482 3463 ad
3505 3405 3664 3464 Deum

2081 3495 2304 3547 Patrem
2345 3505 2664 3548 sermonem
2697 3491 3089 3560 convertenda,
3133 3493 3212 3550 sic
3245 3499 3436 3568 eXplet
3468 3496 3664 3553 dicens:

2083 3584 2306 3635 [Im-line
2331 3586 2534 3645 sancte,
2567 3585 2726 3637 Patr."
2762 3586 3119 3652 omnipotens,
3152 3587 3347 3639 aeterne.
3397 3585 3537 3640 Deus
3580 3600 3666 3655 per

2079 3671 2357 3726 Christian
2393 3673 2685 3724 Dominum.
2721 3677 2992 3725 nostrum.
3031 3673 3328 3727 DominUm
3357 3687 3492 3728 eum
3524 3683 3662 3729 vocat

2078 3756 2173 3830 qui
2204 3759 2525 3813 dominator
2545 3765 2629 3814 est
2649 3761 2920 3820 omnium.
2946 3763 3002 3814 et
3023 3759 3124 3816 sub
3141 3763 3264 3832 ers
3291 3759 3662 3818 dominatione

2075 3848 2330 3902 universa
2363 3847 2692 3902 consistunt.
2737 3849 3008 3904 Sanctus:
3057 3849 3189 3920 quia
3229 3854 3459 3906 sanctus
3501 3857 3584 3906 est
3618 3861 3662 3904 et

2076 3951 2176 4007 per
2215 3951 2381 4006 quem
2427 3939 2618 3991 Omnia
2655 3939 3094 4000 sanctiﬁcantur,
3145 3937 3278 4010 quia
3321 3939 3444 4010 ipse
3493 3941 3661 3994 omnis

2075 4031 2265 4079 sancta
2288 4030 2342 4078 et
2356 4019 2501 4079 bona
2520 4027 2745 4092 creavit,
2763 4033 2923 4096 pater
2939 4028 3128 4082 Graice
3148 4023 3375 4090 dicitur,
3402 4035 3459 4084 et
3480 4027 3662 4084 Latine

2073 4113 2296 4184 genitor
2319 4134 2328 4167 :
2356 4115 2488 4185 quia
2505 4115 2626 4184 ipse
2636 4117 2834 4185 genuit
2853 4113 3051 4170 Filium
3066 4117 3185 4170 sine
3205 4116 3320 4171 ulla
3349 4115 3662 4190 coinquina-

2075 4203 2227 4256 tione
2256 4215 2355 4257 seu
2375 4205 2749 4274 corruptione.
2781 4205 2958 4270 Pater,
2999 4204 3172 4272 latine
3206 4217 3240 4258 a
3279 4205 3557 4277 patrando
3594 4201 3662 4259 di-

2075 4291 2249 4344 citur:
2283 4293 2386 4345 hoc
2415 4297 2519 4357 est,
2571 4306 2602 4346 a
2648 4294 3042 4364 perpetrando,
3091 4293 3237 4364 quod
3280 4299 3386 4360 est,
3431 4308 3466 4349 a
3505 4293 3660 4367 perﬁ-

401 4375 626 4446 quando
650 4377 812 4447 juxta
843 4378 1012 4431 ﬁnem
1035 4379 1305 4432 orationis
1335 4379 1472 4433 dicit
1508 4397 1518 4430 :
1557 4383 1659 4434 Per
1691 4383 1988 4434 Dominum
2008 4423 2056 4479 D
2075 4381 2269 4434 ciendo
2286 4382 2370 4434 vel
2391 4381 2725 4450 adjuvando,
2752 4382 2885 4452 quia
2911 4383 3027 4453 ipse
3055 4382 3287 4453 perfecit
3317 4384 3528 4448 omnia,
3550 4397 3660 4454 quae

402 4471 651 4518 nostrum
672 4466 857 4519 .lcsum.
875 4469 1153 4520 (fhristmn
1170 4469 1374 4520 Filimn
1400 4474 1578 4534 tmmt,
1615 4469 1684 4522 ad
1703 4471 1879 4524 Deum
1894 4471 1995 4524 Pa-

398 4559 543 4607 trem
556 4561 681 4609 orat
699 4556 977 4622 sacerdos,
993 4561 1058 4609 ut
1080 4571 1179 4626 per
1199 4567 1360 4610 suum
1385 4556 1585 4611 Filium
1605 4559 1701 4628 qui
1721 4555 1992 4614 Dominus

400 4646 590 4696 noster
619 4650 703 4698 est
727 4645 1018 4715 aequaliter
1035 4646 1180 4699 sicut
1199 4647 1368 4699 Pater
1389 4647 1512 4716 ipsa
1531 4647 1710 4700 oratio
1741 4648 1992 4718 perﬁcia—

398 4737 510 4784 tur.
547 4733 687 4785 Cum
716 4733 854 4787 dicit
893 4753 904 4786 :
951 4737 1058 4802 Qui
1088 4741 1259 4788 tecum
1294 4738 1428 4788 vivit
1458 4741 1505 4788 et
1538 4737 1730 4802 regnat
1761 4739 1898 4789 Deus
1927 4739 1991 4789 in

399 4825 615 4872 unitate
644 4821 889 4888 Spiritus
917 4827 1115 4886 sancti,
1147 4824 1266 4876 vult
1293 4824 1560 4894 pOpulum
1579 4825 1805 4878 credere
1827 4832 1883 4878 et
1904 4825 1988 4879 in-

397 4909 652 4979 telligere
681 4911 828 4980 quod
860 4911 1032 4966 Filius
1062 4923 1190 4964 cum
1222 4907 1391 4966 Patre
1433 4907 1553 4966 sine
1586 4914 1746 4966 initio
1777 4928 1842 4967 ac
1870 4915 1990 4969 sine

399 4999 508 5054 ﬁne
538 4999 673 5053 vivit
699 4999 754 5052 et
777 5005 975 5069 regnat
1002 5001 1170 5066 Deus,
1189 5007 1246 5054 et
1273 4995 1418 5056 sicut
1440 5003 1609 5055 Pater
1629 5008 1716 5056 est
1734 5003 1904 5068 Deus,
1936 5011 1992 5056 et

397 5088 570 5143 Filius
599 5093 685 5142 est
709 5089 878 5154 Deus,
911 5090 992 5143 ita
1019 5095 1076 5143 et
1103 5103 1216 5143 una
1238 5092 1504 5160 majestas
1534 5097 1591 5143 et
1611 5101 1724 5144 una
1745 5095 1990 5161 potestas

397 5184 482 5231 est
494 5178 738 5248 Spiritus
749 5179 926 5232 sancti
948 5192 1073 5231 cum
1102 5179 1268 5232 Patre
1284 5185 1342 5232 et
1369 5179 1509 5232 Filio
1534 5185 1703 5250 atque
1728 5193 1839 5234 una
1867 5177 1990 5234 sub-

394 5266 620 5330 stantia,
653 5267 782 5320 etin
812 5266 1073 5320 omnibus
1102 5267 1188 5320 his
1212 5267 1393 5322 tribus
1414 5269 1600 5342 unitas
1631 5269 1990 5323 Deitatisma-

395 5360 509 5419 net,
550 5371 646 5421 per
669 5360 863 5409 omnia
891 5360 1088 5409 meum
1118 5361 1464 5421 arculormn,
1504 5354 1556 5410 id
1583 5365 1684 5416 est.
1725 5365 1789 5411 ut
1815 5359 1987 5412 Filius

2074 4469 2219 4522 facta
2248 4473 2397 4534 sunt,
2429 4474 2486 4523 et
2513 4469 2728 4540 adjuvit
2751 4471 2941 4524 omnia
2969 4483 3095 4542 quae
3124 4471 3392 4542 adjuvata
3428 4479 3576 4538 sunt,
3611 4477 3658 4525 et

2075 4559 2248 4611 voluit
2276 4571 2378 4612 nos
2408 4559 2529 4612 ﬁeri
2565 4560 2710 4613 ﬁlios
2733 4572 2864 4612 suos
2895 4559 3184 4630 adoptivos
3224 4575 3327 4632 per
3365 4557 3658 4616 sanctiﬁca-

2073 4646 2280 4700 tionem
2313 4659 2425 4717 qua
2455 4647 2547 4700 ille
2570 4645 2935 4701 sanctificavit
2964 4663 3083 4702 nos.
3111 4649 3462 4717 Omnipotens
3491 4663 3504 4702 :
3539 4647 3659 4720 quia

2073 4736 2257 4789 omnia
2289 4739 2494 4806 potest,
2529 4736 2656 4789 ideo
2686 4736 3040 4806 omnipotens
3067 4735 3292 4803 dicitur,
3326 4740 3420 4810 qui
3449 4753 3556 4792 non
3582 4743 3656 4790 est

2071 4825 2414 4896 impossibile
2435 4825 2584 4896 apud
2605 4825 2782 4879 Deum
2805 4838 2970 4879 omne
2989 4825 3238 4880 verbum.
3274 4825 3466 4881 Eternr
3483 4827 3619 4880 Deus
3640 4843 3652 4880 :

2072 4914 2176 4967 hoc
2210 4914 2444 4968 interest
2473 4914 2622 4968 inter
2642 4919 2912 4968 aeternum
2937 4919 2992 4968 et
3010 4917 3346 4986 perpetuum
3377 4919 3431 4969 et
3454 4920 3654 4984 tempo-

2074 5004 2224 5056 rale:
2257 5009 2526 5056 aeternum
2557 5007 2660 5067 est,
2710 5001 2857 5074 quod
2899 5003 3122 5058 initium
3154 5017 3272 5058 non
3313 5002 3520 5064 habuit,
3558 5013 3650 5054 nec

2075 5093 2240 5146 ﬁnem
2257 5089 2499 5154 habebit,
2532 5089 2629 5146 sed
2655 5107 2876 5164 semper
2903 5091 3010 5146 fuit
3040 5099 3096 5146 et
3117 5097 3204 5146 est
3231 5095 3286 5146 et
3307 5093 3430 5146 erit.
3462 5091 3649 5160 Perpe

2073 5187 2233 5236 tuum
2265 5186 2350 5235 est
2382 5183 2528 5253 quod
2571 5198 2690 5236 esse
2718 5184 2885 5252 coepit
2927 5185 2983 5236 et
3032 5181 3202 5236 ﬁnem
3255 5193 3366 5236 non
3417 5175 3638 5234 habebit.

2073 5273 2382 5343 temporale
2407 5275 2509 5335 est,
2543 5269 2686 5343 quod
2720 5270 2945 5325 initium
2979 5269 3176 5326 habuit
3213 5273 3271 5325 et
3303 5267 3461 5324 linem
3487 5264 3640 5320 habe

2070 5362 2187 5426 bit;
2235 5365 2292 5416 et
2325 5357 2452 5416 ideo
2481 5363 2568 5417 hic
2613 5361 2818 5416 dicitur
2869 5367 3064 5416 a'tcrne
3121 5363 3277 5428 Dom,
3327 5360 3448 5432 quia
3501 5356 3638 5410 solus

394 5457 520 5494 cum
535 5443 701 5496 Patre
719 5444 776 5498 in
793 5444 1010 5498 unitate
1033 5445 1274 5514 Spiritus
1305 5447 1482 5500 sancti
1511 5453 1641 5500 ante
1661 5448 1850 5500 omnia
1881 5460 1984 5502 μεθ-ι
2067 5452 2216 5504 Deus
2246 5453 2488 5508 latemus
2515 5451 2618 5514 est,
2653 5462 2754 5504 nec
2785 5447 2952 5520 coepit
2991 5467 3111 5504 esse
3141 5460 3243 5504 nec
3283 5446 3474 5503 desinit
3503 5457 3630 5497 esse.

394 5528 521 5582 cuia
549 5529 682 5582 vixit
708 5536 766 5583 et
786 5532 908 5592 fuit,
943 5531 1022 5586 ita
1051 5540 1109 5586 et
1135 5535 1192 5586 in
1219 5537 1476 5604 praesenti
1508 5537 1708 5590 saeculo
1729 5541 1896 5606 atque
1927 5531 1984 5590 in
2067 5538 2163 5590 sed
2195 5542 2280 5592 est
2307 5552 2544 5610 semper.
2578 5537 2727 5594 Deus
2757 5557 2791 5592 a
2820 5535 3104 5608 diligendo
3131 5536 3354 5592 dicitur.
3386 5534 3508 5605 quia
3530 5541 3634 5583 om-

392 5618 602 5682 nium,
634 5617 731 5672 ubi
753 5620 896 5686 justi
924 5629 1054 5674 cum
1083 5622 1298 5692 angelis
1327 5625 1534 5680 sanctis
1553 5625 1980 5696 permanebunt,
2067 5627 2160 5681 nia
2185 5621 2386 5698 diligit,
2423 5629 2479 5681 et
2503 5626 2783 5700 gubernat
2815 5638 2937 5698 qua
2957 5627 3181 5682 creavit.
3217 5631 3272 5679 et
3301 5619 3628 5678 aliter-.0011:
