3982 6158
242 308 374 369 1181

1230 308 1445 371 LIBER
1481 310 1575 372 DE
1614 309 1866 372 SACRIS
1905 308 2316 385 ORDINIBUS,
2360 311 2514 374 ETC.

3376 312 3515 378 HO?

240 450 277 492 α
305 438 598 492 divinitate
624 432 806 491 dictus
843 443 946 498 est,
980 438 1115 509 quia
1143 438 1364 493 divinus
1401 447 1502 501 est,
1548 448 1604 494 et
1648 438 1834 496 omnia
1856 441 1903 501 A
1923 444 2274 511 maiestatem
2298 444 2396 497 Dei
2423 445 2605 498 Patris
2632 456 2734 515 per
2755 445 3041 519 Christum
3061 445 3257 513 juncta
3277 448 3516 501 esstiltao

239 528 366 581 scit.
400 532 456 581 et
487 529 677 581 omnia
712 524 974 598 disponit,
1019 535 1188 598 prout
1234 531 1369 583 vult.
1417 534 1517 583 Per
1555 533 1831 585 Phrislum
1911 532 2064 584 tione
2093 535 2385 602 mqualiter
2415 534 2827 588 concelebrant.
2848 535 3196 603 Gmnqm’bm
3225 540 3273 589 et
3296 539 3513 590 nostros

236 618 543 671 Dominum.
575 623 846 670 nostrmn.
880 618 1138 671 ChrismS
1160 618 1367 677 Graece.
1401 626 1602 673 unctus
1632 621 1837 674 dicitur

242 706 435 767 latine,
457 706 545 758 hic
568 711 653 759 est
668 706 925 759 Christus
942 707 1036 775 qui
1058 694 1188 760 ςιηὼ
1218 709 1403 761 omnia
1426 709 1583 762 initia
1605 726 1637 762 ιι
1670 711 1834 763 Patre

240 792 696 848 inenarrabiliter
724 803 809 848 est
851 791 1092 863 genitus,
1138 802 1193 849 ct
1240 804 1431 867 postea
1479 798 1535 851 in
1583 806 1836 869 tempore

239 900 354 954 quo
386 884 595 953 placuit
640 885 711 940 ei.
748 885 987 955 Spiritus
1035 892 1261 940 sanctus
1302 890 1455 941 venit
1499 888 1555 941 in
1600 889 1836 942 Mariam

238 973 536 1041 virginem,
571 974 838 1044 unxitque
878 972 1140 1028 unctione
1181 973 1368 1029 divina
1418 982 1639 1030 uterum
1692 980 1831 1047 ejus,

238 1061 394 1115 unde
425 1069 724 1133 conceptus
754 1069 839 1116 est
864 1064 933 1117 de
964 1064 1174 1133 Spiritu
1210 1072 1418 1126 sancto,
1464 1074 1515 1119 ct
1550 1074 1713 1119 natus
1753 1074 1835 1119 est

235 1152 314 1204 de.
341 1152 519 1204 Maria
545 1152 777 1220 virgine.
803 1153 944 1205 Nam
982 1159 1037 1206 et
1064 1153 1120 1206 in
1160 1155 1331 1207 veteri
1362 1160 1699 1208 testamento
1744 1173 1835 1209 sa-

236 1241 498 1293 cerdotes
527 1245 584 1292 et
611 1256 769 1309 reges
800 1241 1155 1309 uagabantur
1179 1258 1189 1305 ς
1224 1249 1281 1296 et
1310 1244 1433 1296 ideo
1459 1245 1651 1297 christi
1693 1246 1837 1298 dice-

233 1327 469 1389 bantur,
504 1329 631 1398 quia
664 1330 817 1382 uncti
847 1337 1007 1384 eiant
1048 1333 1311 1385 unctione
1358 1335 1672 1403 temporali.
1728 1335 1835 1387 Iste

234 1417 503 1471 Christus
532 1432 633 1487 per
647 1433 811 1487 quem
836 1419 987 1473 Patri
1003 1422 1214 1486 gratias
1235 1422 1474 1489 agimus,
1498 1423 1838 1477 {eternaliter

234 1507 501 1560 Christus
528 1514 629 1570 est,
666 1513 721 1571 et
751 1525 875 1561 cum
900 1510 1063 1562 Patre
1085 1517 1327 1564 internus
1348 1511 1497 1564 Deus
1517 1518 1619 1575 est,
1664 1517 1719 1565 et
1740 1524 1839 1581 per

232 1596 429 1665 ipsum
459 1597 735 1666 redempti
766 1614 979 1652 sumus.
1004 1606 1058 1652 et
1088 1598 1206 1669 ipse
1228 1600 1497 1653 Dominus
1521 1607 1714 1655 noster
1730 1607 1833 1659 est.

233 1685 379 1754 quia
409 1684 731 1740 dominatur
757 1687 937 1740 nobis.
968 1691 1066 1740 Per
1102 1705 1257 1755 qurm
1304 1693 1634 1755 majestatem
1682 1696 1836 1742 luam

1917 636 2061 674 mres
2090 628 2151 675 ut
2180 625 2408 676 admitti
2430 626 2626 689 jubeas
2655 626 3031 691 deprecamur.
3076 625 3214 678 Cum
3268 625 3469 695 quibus
3496 644 3506 677 :

1915 710 2032 763 haec
2061 717 2144 764 est
2159 712 2487 781 snpplicatio
2519 716 2729 775 nostra,
2746 717 2810 766 ut
2825 713 2942 783 ipse.
2957 714 3198 767 crelestis
3228 715 3397 768 Pater
3413 728 3514 785 per

1919 798 2199 853 Christum
2233 801 2435 854 Filium
2458 818 2642 868 suum,
2666 819 2767 872 per
2785 814 2951 872 quem
2988 814 3090 855 nos
3121 803 3169 856 ei
3200 805 3412 873 gratias
3441 804 3511 858 de

1918 888 2174 942 omnibus
2199 890 2435 958 agimus,
2469 892 2733 956 dignetur
2750 892 3051 945 admittere
3080 904 3238 945 Voces
3268 899 3507 959 nostras,

1918 983 1976 1030 et
1999 979 2239 1046 jungere
2277 979 2500 1032 vocibus
2539 980 2928 1050 praedictorum
2975 980 3235 1035 ordinum
3282 983 3512 1051 angelo-

1918 1078 2062 1118 rum.
2102 1066 2350 1133 S’mpliri
2378 1071 2707 1120 (curvatione
2736 1072 3004 1123 dil'mrtrs:
3038 1071 3142 1123 hoc
3171 1077 3273 1131 est,
3310 1071 3509 1124 humili

1918 1140 2279 1208 confessione.
2341 1156 2481 1219 Quid
2533 1158 2800 1210 humilius
2840 1155 3113 1222 conﬁteri,
3160 1172 3327 1228 quam
3377 1178 3508 1213 nos-

1921 1244 2185 1313 metipsos
2215 1251 2422 1297 azterno
2454 1246 2600 1299 Patri
2645 1262 2744 1315 per
2789 1247 2991 1300 Filium
3044 1255 3314 1302 aeternum
3356 1266 3510 1302 com—

1918 1333 2203 1391 mendare,
2238 1340 2295 1386 et
2324 1335 2391 1385 de
2420 1340 2611 1388 nostra
2639 1335 2978 1388 conscientia
3008 1337 3091 1389 vel
3124 1336 3373 1391 bonitate
3421 1337 3510 1392 ni-

1918 1422 1996 1474 hil
2029 1436 2385 1491 praesumere,
2405 1428 2461 1476 et
2471 1425 2631 1492 juxta
2652 1440 2810 1477 voces
2832 1425 3111 1493 angelicas
3132 1440 3258 1479 eum
3289 1438 3512 1497 semper

1920 1517 2174 1564 sanctum
2204 1512 2580 1565 essentialiter
2593 1513 2819 1565 credere
2845 1518 2899 1565 et
2922 1514 3222 1582 praedicare
3238 1514 3504 1569 dicentes:

1920 1600 2173 1657 Sanctus,
2207 1606 2447 1665 sanctus,
2491 1607 2731 1653 sam-lus.
2771 1604 3015 1655 Joannes
3063 1604 3405 1673 evangelista
3454 1606 3511 1658 in

1920 1689 2282 1759 Apocalypsis
2308 1684 2449 1742 libro
2477 1691 2700 1760 scripsit
2720 1706 2778 1743 se
2798 1691 2999 1745 vidisse
3030 1707 3055 1744 ‹‹
3086 1699 3216 1746 ante
3245 1690 3511 1747 thronum

237 1776 480 1827 laudant
509 1778 722 1837 angeli:
758 1790 856 1845 per
884 1774 1064 1845 ipsum
1100 1778 1381 1831 Christum
1414 1795 1513 1848 per
1541 1792 1703 1846 quem
1734 1796 1835 1832 nos
1856 1758 1899 1816 Β
1923 1778 2019 1830 Dei
2053 1782 2107 1830 et
2137 1774 2745 1849 agniviginti-quatuor
2768 1782 3033 1839 seniores.
3063 1787 3119 1835 et
3136 1786 3377 1851 quatuor
3396 1782 3513 1835 ani-

231 1863 455 1931 gratias
493 1864 713 1932 agimus
760 1866 929 1929 Patri,
986 1868 1334 1935 Majestatem
1378 1868 1561 1920 Patris
1607 1869 1838 1921 laudant

232 1952 450 2019 angeli,
483 1953 613 2022 quia
660 1953 779 2023 ipse
806 1956 1036 2024 aequalis
1085 1961 1171 2008 est
1220 1957 1371 2009 Patri
1420 1958 1478 2009 in
1522 1955 1832 2010 divinitate.

232 2042 492 2107 Majas-tas
518 2041 721 2095 dicitur
749 2044 906 2112 quasi
945 2046 1128 2112 major
1172 2050 1453 2114 potestas;
1489 2046 1622 2115 quia
1659 2048 1839 2115 major

233 2136 329 2182 est
356 2136 607 2199 potestas
640 2126 734 2183 Dei
770 2148 937 2201 quam
975 2134 1286 2191 heminum,
1336 2134 1436 2187 Dei
1486 2136 1835 2203 majestatem

230 2234 340 2289 per
368 2219 654 2272 Christum
686 2221 916 2273 laudant
948 2223 1149 2290 angeli,
1203 2223 1331 2291 quia
1376 2223 1632 2277 Christus
1672 2223 1835 2276 simul

228 2321 364 2359 cum
398 2307 564 2361 Patre
593 2310 802 2361 creavit
841 2312 1084 2377 angelos.
1138 2312 1384 2379 Angelus
1430 2312 1575 2365 enim
1624 2312 1831 2373 Graece.

230 2397 439 2449 Latine
469 2398 700 2451 nuntius
734 2399 1154 2469 interpretatur.
1196 2398 1463 2467 Angelus.
1517 2414 1721 2454 nomen
1754 2407 1838 2454 est

230 2485 427 2538 oﬁlcii.
456 2500 567 2538 non
590 2492 804 2541 naturae
828 2489 921 2557 qui
938 2489 1201 2542 nuntiant
1222 2492 1355 2553 (sici.
1383 2491 1487 2543 Sed
1504 2491 1838 2543 naturaliter

228 2574 471 2644 Spiritus
498 2580 646 2628 sunt.
696 2577 942 2629 Adurunt
992 2579 1431 2632 dominationes:
1482 2581 1834 2647 majestatem

226 2663 337 2715 Dei
358 2663 561 2725 Patris,
594 2680 696 2733 per
722 2664 922 2717 Filium
956 2666 1189 2719 laudant
1217 2672 1273 2719 et
1312 2667 1550 2720 adorant
1578 2668 1834 2720 domina-

226 2752 439 2804 tiones.
474 2753 888 2806 Dominationrs
916 2768 1062 2807 unus
1092 2756 1228 2808 ordo
1276 2756 1479 2810 dicitur
1527 2753 1595 2809 de
1638 2772 1833 2810 novem

225 2840 529 2894 ordinibus
557 2843 905 2909 angelorum,
941 2859 1070 2897 nam
1104 2844 1292 2897 decem
1341 2844 1570 2898 fuerunt
1612 2846 1835 2899 ordines

225 2930 590 2998 angelorum,
624 2932 720 2984 sed
754 2933 1004 2985 decimus
1035 2933 1171 2985 ordo
1186 2934 1404 2991 cecidit,
1432 2940 1487 2986 et
1520 2948 1713 2987 versus
1753 2942 1838 2988 est

223 3034 332 3087 per
360 3017 685 3088 superbiam
718 3020 774 3073 in
798 3021 1101 3075 diabolum.
1133 3022 1341 3075 Novem
1364 3030 1548 3076 autem
1570 3040 1832 3093 perman-

222 3114 432 3161 serunt
462 3109 517 3161 in
549 3111 846 3163 sanctitate
877 3126 996 3163 sua.
1032 3111 1159 3164 Haec
1177 3119 1307 3165 sunt
1340 3112 1565 3164 nomina
1602 3126 1828 3166 earnm:

222 3197 443 3265 angeli,
469 3199 809 3267 archangeli,
839 3201 1090 3263 virtutes,
1116 3201 1480 3271 principatus,
1506 3208 1829 3271 potestates,

224 3286 450 3347 throni,
474 3287 904 3347 dominationes,
949 3289 1238 3347 cherubin.
1272 3291 1552 3360 seraphin.
1591 3292 1833 3344 Istorum

219 3375 475 3428 duorum
498 3376 754 3429 ordinum
778 3378 1005 3430 nomina
1026 3394 1137 3431 non
1154 3384 1286 3431 sunt
1314 3379 1506 3431 latina.
1551 3379 1832 3432 Cherubin

218 3464 379 3516 enim
408 3464 701 3533 plenitudo
732 3465 976 3519 scientiae
1004 3467 1426 3536 interpretatur,
1450 3468 1711 3537 seraphin
1746 3468 1833 3520 in-

217 3552 491 3605 cendium
522 3553 729 3605 dicitur
752 3572 764 3606 :
791 3561 992 3607 (vetera
1014 3556 1239 3608 nomina
1260 3552 1710 3625 supradictorum
1742 3573 1833 3608 or—

184 3710 189 3715 .
219 3640 427 3693 dinum
454 3638 649 3694 Latina
687 3648 835 3703 sunt,
863 3644 967 3696 nisi
1007 3645 1333 3713 angelorum
1369 3652 1425 3697 et
1469 3645 1833 3713 archangelu-

218 3744 377 3783 rum.
435 3731 577 3783 Nam
625 3732 808 3799 angeli
848 3730 1049 3793 nuntii,
1097 3734 1416 3800 archangeli
1461 3748 1589 3786 vero
1635 3735 1833 3787 excelsi

1919 1867 2090 1919 malia
2133 1866 2376 1919 astantia
2431 1873 2487 1920 et
2548 1868 2892 1922 incessanter
2938 1870 3206 1925 dicentia:
3252 1871 3507 1929 Sanctus,

1919 1962 2162 2019 sanctus,
2228 1961 2454 2009 sanctus
2500 1957 2771 2010 Dominus
2828 1958 2976 2010 Deus
3028 1954 3292 2023 Sabaoth,
3328 1979 3353 2009 δ)
3402 1962 3507 2012 etc.

1922 2046 2099 2106 (Anne.
2134 2060 2205 2105 ιγ,
2239 2044 2316 2107 4.)
2350 2046 2480 2098 Ideo
2510 2042 2657 2097 enim
2690 2045 2868 2099 tribus
2900 2046 3108 2099 vicibus
3155 2052 3378 2100 sanctus
3422 2046 3509 2099 di-

1919 2128 2080 2187 citur.
2116 2139 2179 2184 ut
2207 2134 2619 2199 signiﬁcaretur
2652 2134 2817 2187 Pater
2843 2140 3086 2199 sanctUs,
3136 2134 3308 2189 Filius
3355 2139 3511 2214 sanc-

1919 2228 2058 2283 ctus,
2094 2222 2335 2291 Spiritus
2366 2223 2548 2275 Patris
2574 2228 2631 2275 et
2662 2222 2781 2276 Filii
2827 2228 3071 2276 sanctus.
3108 2223 3215 2277 Sed
3257 2220 3509 2293 quamvis

1919 2310 2211 2379 tripliciter
2238 2310 2458 2363 dicatur
2484 2318 2726 2373 sanctus,
2758 2324 2869 2364 non
2901 2318 3092 2365 tamen
3142 2312 3346 2366 dicitur
3383 2312 3508 2383 plu-

1918 2400 2018 2452 rali
2054 2412 2289 2452 numero
2319 2400 2529 2453 sancti:
2566 2402 2658 2453 sed
2692 2398 2963 2469 singulari
3004 2412 3237 2455 numero
3259 2404 3504 2465 sanctus,

1918 2492 1981 2541 ut
2009 2504 2120 2541 una
2147 2490 2413 2541 sanctitas
2444 2490 2501 2542 in
2533 2490 2619 2542 his
2648 2489 2829 2542 tribus
2862 2491 3112 2559 personis
3143 2496 3200 2544 et
3228 2502 3339 2544 una
3353 2494 3510 2544 teter-

1918 2577 2066 2630 nitas
2105 2577 2469 2644 intelligatur.
2504 2581 2772 2631 Dominus
2804 2580 2941 2631 [lens
2974 2577 3228 2632 Sabaoth.
3273 2580 3509 2633 Sabaoth.

1916 2684 1947 2719 a
1996 2667 2188 2719 multis
2229 2667 2589 2737 interpretari
2651 2667 2792 2720 solet
2831 2671 3187 2734 omnipotens.
3241 2685 3274 2720 a
3320 2668 3511 2721 multis

1916 2768 2044 2808 vero
2087 2759 2448 2809 arm'cilmam.
2504 2756 2578 2809 Ut
2624 2757 2742 2825 ipse
2791 2756 2865 2809 sit
2914 2752 3185 2810 Dominds
3232 2750 3402 2817 Deus,
3456 2759 3513 2809 et

1916 2845 2035 2915 ipse
2066 2858 2259 2897 omnes
2305 2846 2578 2897 exercitas
2626 2846 2953 2910 angelorum
3007 2850 3175 2915 atque
3218 2845 3510 2898 hominum

1916 2933 2192 3002 disponat.
2248 2936 2405 2986 Pleni
2464 2940 2593 2986 sunt
2651 2937 2768 2987 coli
2812 2940 2858 2985 cl
2926 2940 3075 2986 terra
3139 2937 3322 3001 gloria
3370 2938 3509 2987 tua:

1918 3023 2023 3074 hoc
2051 3028 2153 3083 est,
2190 3028 2253 3075 ut
2276 3021 2397 3089 ejus
2424 3021 2603 3090 gloria
2643 3018 2764 3075 coeli
2802 3039 2866 3074 ac
2905 3028 3057 3075 terra
3103 3022 3507 3091 gubernentur,

1919 3116 1973 3164 et
2004 3111 2096 3181 qui
2125 3112 2181 3164 in
2207 3112 2344 3164 ccelo
2376 3118 2508 3165 sunt
2536 3117 2593 3164 et
2640 3111 2698 3164 in
2746 3117 2899 3165 terra
2941 3108 3257 3179 glorificent
3307 3122 3510 3165 nomen
3570 3098 3576 3109 ’

1917 3207 2170 3253 sanctum
2192 3201 2333 3268 ejus.
2376 3203 2637 3254 Humana
2669 3204 2729 3253 in
2760 3204 2995 3254 czrcclsis.
3040 3201 3198 3263 Quod
3228 3201 3393 3254 modo
3425 3200 3511 3253 di-

1916 3289 2061 3342 citur
2090 3306 2237 3342 nunc
2267 3296 2527 3359 corrupte
2554 3292 2798 3353 Osanna,
2823 3295 2952 3343 ante
2983 3284 3272 3343 dieebatur
3307 3286 3509 3343 Osian-

1916 3392 1989 3430 na
2016 3424 2019 3427 ς
2061 3376 2153 3432 Osi
2184 3379 2496 3446 interjectio
2527 3384 2612 3431 est
2644 3378 2944 3441 laudantis,
2979 3378 3098 3431 sine
3146 3390 3333 3439 causa,
3387 3390 3508 3431 ma-

1914 3467 2249 3535 gniﬁcantis,
2305 3482 2470 3523 anna.
2523 3466 2797 3519 salviﬁca:
2852 3467 2948 3519 sed
2999 3471 3258 3535 corrupte
3306 3466 3513 3520 dicitur

1918 3556 2159 3617 Osanna,
2189 3559 2246 3605 et
2268 3554 2503 3623 intelligi
2529 3559 2711 3623 potest
2739 3553 3002 3611 salviiira.
3033 3555 3116 3607 vel
3158 3555 3372 3607 salvum
3401 3554 3506 3607 fac.

1918 3644 1983 3695 In
2012 3646 2245 3703 crrr’lsix,
2296 3637 2349 3694 id
2398 3648 2500 3702 est,
2550 3642 2606 3694 in
2659 3642 2804 3694 altis.
2862 3642 3175 3694 llrllcdicms
3222 3644 3321 3708 qui
3363 3643 3511 3694 venit

1918 3736 1975 3784 in
2010 3735 2228 3783 nomine
2252 3733 2492 3783 Domizzi.
2533 3726 2766 3793 Quando
2798 3731 3052 3783 ChristUs
3081 3729 3231 3783 venit
3261 3730 3329 3782 ad
3376 3731 3509 3783 Hiea

217 3818 416 3872 nuntii
450 3816 733 3872 dicuntur.
773 3821 1077 3889 Gregorius
1099 3838 1242 3892 papa
1262 3821 1625 3876 RomanUSin
1651 3819 1837 3875 homi~
1918 3821 2161 3873 rusalem
2193 3826 2249 3872 et
2290 3819 2576 3873 descendit
2612 3820 2681 3871 de
2724 3825 2912 3872 monte
2963 3818 3182 3882 Oliveti,
3232 3823 3365 3872 tunc
3410 3819 3510 3872 ﬂlii

216 3908 297 3960 lia
332 3924 444 3959 sua
470 3925 636 3977 quam
665 3925 832 3979 super
854 3910 1144 3963 lectionem
1178 3912 1550 3979 evangelicum
1572 3912 1717 3969 fecit,
1742 3912 1833 3965 ubi
1918 3910 2087 3963 Israel
2122 3910 2504 3961 clamaverunt
2523 3908 2797 3961 dicentes:
2830 3926 2852 3957 (ι
2890 3908 3225 3961 Benedictus
3243 3908 3337 3977 qui
3357 3908 3512 3961 venit

214 3997 299 4050 ita
338 3997 590 4063 legitur:
631 4018 655 4047 «ι
691 3999 862 4051 Erant
895 4000 1408 4069 appropinquantes
1431 4001 1498 4053 ad
1514 4002 1703 4053 Jesum
1730 4014 1833 4070 pu-
1916 3999 1971 4051 in
2002 3998 2225 4050 nomine
2254 3998 2478 4051 Domini
2512 4001 2690 4062 (Joan.
2725 4010 2777 4061 ιι,
2808 3996 2918 4057 13).
2956 4017 2978 4047 ι)
3022 3996 3129 4051 Sed
3169 3996 3303 4066 quid
3333 3996 3508 4065 signi-

216 4085 435 4139 blicani
470 4092 526 4138 et
554 4092 870 4156 peccatores
901 4094 965 4141 ut
982 4089 1243 4141 audirent
1275 4090 1430 4142 illum
1458 4092 1601 4142 (Luc.
1637 4107 1721 4147 xv,
1764 4088 1829 4153 ii,
1917 4087 2099 4139 iicavit
2129 4087 2219 4139 ille
2250 4087 2457 4139 Christi
2490 4087 2760 4153 adventus
2792 4086 2845 4139 in
2880 4087 3248 4149 Hierusalem,
3281 4085 3389 4139 nisi
3420 4084 3509 4139 fu-

215 4174 561 4245 plenissime
607 4176 676 4228 de
723 4177 1001 4246 praedictis
1049 4178 1337 4230 ordinilius
1394 4179 1665 4247 exposuit.
1720 4180 1834 4231 Nos
1916 4182 2100 4229 turam
2131 4177 2616 4235 resurrectionem,
2652 4176 2874 4245 quando
2905 4181 3174 4228 venturus
3212 4176 3321 4228 erit
3355 4175 3508 4244 judi-

214 4280 362 4317 vero
388 4264 460 4315 ad
492 4265 837 4334 propositum
885 4264 1198 4319 redeamus.
1245 4268 1509 4319 Trrmunl
1533 4273 1830 4333 pntestalrs.
1917 4281 2043 4317 care
2073 4265 2222 4317 vivos
2250 4270 2304 4317 et
2335 4271 2603 4323 mortuos.
2641 4272 2697 4318 et
2739 4264 3063 4335 apparuerit
3109 4263 3268 4317 nobis
3308 4265 3364 4316 in
3420 4278 3510 4317 ea-

214 4354 303 4406 De
337 4352 682 4421 supradictis
713 4354 1002 4408 ordinibus
1032 4356 1183 4408 dicit.
1220 4357 1343 4409 Non
1365 4356 1490 4409 ideo
1511 4356 1661 4417 dicit,
1687 4356 1832 4425 quod
1858 4353 2042 4449 Ddem
2076 4369 2261 4415 carne,
2300 4368 2410 4422 qua.
2448 4370 2547 4423 pro
2580 4352 2737 4405 nobis
2772 4369 2966 4422 passus
2997 4358 3099 4404 est.
3132 4353 3198 4405 Et
3226 4357 3418 4449 tunde
3448 4352 3509 4403 in

210 4441 541 4512 supradicti
574 4442 800 4495 ordines
818 4445 1133 4513 corporales
1159 4445 1290 4507 sint,
1326 4445 1420 4497 sed
1456 4451 1648 4497 nostro
1679 4460 1834 4497 more
1860 4439 1897 4449 “’
1916 4442 2141 4496 nomine
2164 4442 2385 4495 Domini
2404 4444 2533 4495 .Iesu
2557 4458 2720 4494 omne
2745 4443 3157 4509 genuﬂectetur
3175 4439 3503 4502 cmlestium,

209 4528 384 4586 dicit.
429 4530 563 4599 quia
608 4548 708 4584 nos
747 4540 989 4585 tremere
1037 4549 1100 4585 ac
1146 4530 1345 4586 timere
1393 4536 1522 4586 ante
1577 4528 1832 4586 dominos

212 4624 459 4673 nostros
489 4620 749 4677 solemus.
776 4622 869 4673 sed
904 4622 1026 4674 ideo
1047 4618 1183 4675 dicit
1214 4628 1455 4675 tremere
1500 4639 1562 4675 ac
1606 4622 1827 4681 timere,

213 4715 281 4762 ut
316 4724 429 4761 nos
482 4707 862 4777 intelligamus
893 4711 1081 4763 omnia
1129 4712 1393 4767 coelestia.
1440 4711 1729 4764 terrestria
1775 4716 1832 4763 et

209 4796 531 4850 infernalia
555 4802 684 4850 ante
713 4804 1071 4867 conspectum
1118 4800 1317 4853 divinae
1366 4800 1676 4867 majestatis
1718 4804 1830 4853 tres

208 4902 383 4939 mere
407 4902 475 4938 ac
500 4886 716 4939 timere.
755 4888 882 4939 (E'zrlz'
903 4891 1263 4954 calonum/uc
1283 4892 1530 4941 rirtutcs.
1568 4888 1675 4958 Ipsi
1707 4888 1829 4941 coeli

200 4973 467 5045 jussioni
499 4974 695 5029 divinae
721 4974 1007 5037 obediunt,
1038 4977 1170 5045 quia
1199 4994 1256 5029 se
1280 4978 1573 5030 ostendere
1603 4993 1830 5031 serenos

205 5062 300 5116 vel
333 5062 641 5115 nebulosos
659 5080 769 5116 non
791 5063 1001 5117 habent
1021 5070 1374 5133 potestatem.
1408 5067 1686 5118 Coelorum
1718 5066 1829 5117 vir-

206 5158 377 5205 tutes
397 5157 534 5204 sunt
558 5148 861 5222 supradicti
886 5153 1111 5205 ordines
1135 5154 1483 5220 angelorum.
1511 5154 1666 5207 Sicut
1686 5154 1826 5206 Gre-

201 5242 418 5310 gorius
439 5240 497 5292 in
520 5239 749 5294 homilia
771 5256 873 5295 sua
904 5258 1072 5311 super
1097 5242 1393 5295 lectionem
1428 5242 1823 5309 evangelicam,

207 5329 314 5382 ubi
351 5329 433 5381 ita
465 5329 734 5399 scriptum
767 5337 883 5383 est:
924 5350 942 5379 ι
978 5331 1152 5383 Erunt
1180 5330 1339 5399 signa
1370 5330 1424 5382 in
1455 5331 1569 5383 sole
1598 5336 1654 5383 et
1696 5330 1829 5383 luna

205 5425 269 5471 et
302 5417 491 5470 stellis
529 5420 674 5483 (an.
712 5434 820 5483 xxx,
844 5420 955 5486 ‘25),
994 5439 1020 5469 »
1071 5424 1329 5471 testatur.
1364 5417 1440 5473 Ac
1484 5422 1633 5471 bram
1670 5419 1825 5471 Sera—

202 5510 386 5577 pln‘n.
422 5506 505 5559 De
534 5507 808 5576 Seraphin
834 5523 1080 5578 namque
1108 5524 1278 5577 supra
1298 5508 1506 5560 dictum
1542 5515 1643 5561 est.
1668 5507 1826 5560 Socia

205 5595 1017 5651 OIJHUOHOIIB'OOHOGZCDI‘GRL
1064 5598 1272 5652 Omnes
1313 5596 1561 5667 praedicti
1598 5597 1849 5661 ordines,

1914 4531 2267 4584 terrestrium
2300 4537 2357 4583 et
2384 4531 2728 4583 infernorum
2754 4531 2974 4596 (Philip.
3014 4542 3065 4591 η,
3098 4528 3210 4595 10),
3250 4548 3273 4579 »
3321 4532 3378 4581 et
3407 4538 3507 4581 cte-

1914 4627 2055 4683 tera,
2089 4636 2210 4688 quae
2241 4619 2508 4689 apostolis
2536 4618 2691 4671 dixit.
2726 4619 2858 4671 Post
2896 4613 3167 4687 hymnum
3192 4617 3505 4686 angelicum

1915 4725 2079 4779 quem
2111 4708 2367 4761 concordi
2398 4723 2528 4760 voce
2556 4710 2707 4760 totus
2732 4707 2913 4759 clerus
2943 4706 3110 4759 simul
3158 4710 3367 4770 cantat,
3416 4720 3504 4759 se.

1915 4798 2107 4868 quitur
2161 4798 2340 4849 oratio
2387 4812 2486 4865 per
2549 4808 2715 4865 quam
2779 4800 3194 4848 sacramentum
3257 4795 3505 4865 corporis

1915 4893 1972 4939 et
2000 4884 2288 4955 sanguinis
2336 4884 2555 4939 Domini
2604 4884 2913 4943 conficitur,
2963 4899 3085 4953 quae
3139 4878 3215 4937 sic
3255 4883 3500 4936 inchoat.

1919 4972 1983 5028 Te
2014 4978 2209 5040 igitur,
2244 4976 2655 5027 clmncntissimc
2684 4975 2858 5035 Pater,
2895 4975 3191 5038 permissum
3223 4972 3505 5027 Christum

1916 5066 2116 5117 Filium
2141 5070 2294 5116 tuum
2326 5064 2365 5115 Π
2390 5064 2621 5115 quinum
2652 5066 2923 5126 nostrum,
2949 5064 3214 5128 supplicos
3246 5070 3505 5126 rogamus

1912 5160 1959 5206 ct
2019 5156 2251 5219 petimus
2308 5154 2393 5203 uti
2444 5156 2657 5217 arrepto
2714 5152 2907 5203 habeas
2966 5154 3015 5201 et
3064 5150 3342 5202 benedicas
3400 5150 3507 5202 lure

1910 5244 2073 5299 dona,
2108 5239 2214 5292 lure
2244 5254 2499 5302 nmnrm,
2544 5236 2650 5290 Iurv-
2693 5243 2881 5290 sancta
2933 5239 3209 5302 sacriﬁcia
3261 5232 3503 5290 illibata.

1913 5329 2185 5399 Loquitur
2209 5344 2340 5393 ergo
2372 5327 2440 5379 ad
2458 5328 2632 5379 Deum
2657 5327 2877 5379 Patrem
2910 5326 3371 5394 omnipotentem,
3398 5326 3503 5379 διε.

1910 5416 2323 5471 mentissimum
2366 5432 2495 5469 eum
2538 5415 2823 5484 appelans.
2883 5415 3017 5483 quia
3059 5410 3504 5468 misericordissi-

1906 5523 2032 5560 mus
2061 5512 2116 5558 et
2149 5505 2428 5575 piissimus
2448 5510 2550 5557 est.
2578 5504 2835 5557 Clemens
2856 5503 3065 5573 quippe
3094 5503 3317 5565 dicitur,
3342 5504 3501 5574 quasi

1906 5596 2055 5649 clara
2087 5608 2265 5659 mens,
2298 5594 2409 5647 sive
2453 5593 2764 5657 abundans,
2810 5597 2865 5646 et
2912 5591 3038 5645 ideo
3085 5604 3213 5645 eum
3262 5593 3509 5663 appellat
