3982 6158
532 295 668 352 1183
1128 297 1190 351 Β.
1232 295 1504 352 RABANI
1541 296 1771 354 MAURI
1806 296 2104 353 ARCHIEI

2183 295 2507 354 MOGUNT.
2545 294 2843 351 OPERUM
2880 294 3063 350 PARS
3101 294 3194 350 ΙΙΙ.
3609 296 3715 352 1184

533 419 1050 486 clementissimum,
1079 422 1185 476 hoc
1224 428 1328 488 est,
1379 422 1693 477 clarissima
1738 428 1947 488 mente,
1996 419 2327 494 quiaA18.)
2358 422 2428 476 Et
2455 427 2684 493 propter
2724 421 2867 475 hanc
2913 421 3245 476 sententiam
3287 420 3527 475 debemus
3567 437 3724 476 omnes

532 509 651 580 ipse
705 508 1047 564 clarissimus
1091 516 1177 564 est
1225 516 1414 565 mente
1457 517 1513 564 et
1570 511 2128 566 misericordissimus
2211 528 2312 582 pro
2345 528 2410 564 eo
2439 527 2602 564 orare
2633 511 2728 580 qui
2760 510 2940 564 eidem
2968 517 3169 581 praeest
3197 510 3454 564 Ecclesia.
3485 529 3508 562 (ί
3536 511 3595 565 Et
3614 512 3726 564 anti-

531 597 716 662 corde,
772 604 830 652 et
871 599 974 652 hoc
1021 600 1167 670 quod
1217 600 1454 654 dicimus
1510 617 1639 654 eum
1687 601 2125 667 misericordem,
2211 601 2342 654 stite
2369 605 2561 654 nostro
2585 618 2596 652 :
2625 617 2651 651 ιι
2675 600 2779 654 hoc
2799 606 2903 664 est,
2927 616 3027 670 pro
3049 599 3298 670 episcopo
3317 607 3507 662 nostro,
3536 600 3586 652 in
3598 602 3728 670 cujus

532 703 645 742 non
664 685 931 742 debemus
951 689 1316 760 corporaliter
1343 689 1674 760 intelligere,
1696 689 1844 762 quod
1863 689 2129 744 membris
2211 689 2478 762 parochia
2491 705 2716 754 sumus;
2753 705 2852 760 pro
2879 689 2998 760 ipso
3019 705 3178 742 orare
3206 687 3474 752 debemus,
3505 689 3617 759 quia
3635 689 3728 760 ipse

531 775 811 848 corporeis
827 778 912 831 vel
931 778 1096 832 corde
1115 784 1410 833 autmente
1427 779 1501 833 sit
1519 779 1860 850 compositus
1875 779 2020 834 sicut
2033 780 2130 833 ho-
2211 785 2297 834 est
2325 785 2520 850 pastor
2543 777 2799 833 Ecclesiae
2826 783 2884 832 et
2915 777 3245 849 pradicator
3270 783 3466 832 noster.
3495 779 3726 842 Memento,

531 881 644 929 mo,
677 865 776 919 sed
803 865 930 920 ideo
951 867 1283 922 clementem
1317 885 1445 922 eum
1475 875 1533 922 et
1563 868 1984 923 misericordem
2020 869 2129 924 cla-
2210 872 2457 933 Domine,
2490 870 2838 935 famulorum
2867 870 3319 935 famularumque
3351 870 3558 920 tuarum
3583 873 3623 920 et
3645 885 3733 920 om-

532 970 773 1019 mamus,
803 955 934 1026 quia
961 955 1053 1010 ille
1085 957 1417 1011 naturaliter
1437 957 1562 1028 pius
1581 964 1639 1012 et
1667 957 2002 1023 misericors,
2035 973 2130 1028 pa-
2212 961 2373 1011 nium
2401 959 2944 1011 circumaslantium.
3000 956 3271 1010 Sacerdos
3308 961 3431 1010 ante
3470 955 3626 1009 oravit
3655 972 3732 1026 pro

531 1048 690 1098 ratus
718 1049 805 1098 est
829 1061 1051 1116 semper
1097 1045 1168 1100 ad
1196 1063 1298 1100 nos
1327 1047 1642 1110 salvandos,
1674 1047 1720 1100 si
1751 1047 1822 1100 ad
1852 1063 1982 1099 eum
2011 1051 2130 1100 toto
2215 1047 2516 1118 apostolico
2543 1052 2602 1100 et
2629 1045 2888 1117 episcopo
2916 1062 3019 1100 suo
3043 1062 3056 1098 ε
3081 1046 3128 1100 si
3151 1045 3435 1116 episcopus
3452 1044 3650 1098 missam
3672 1063 3736 1099 oe-

533 1132 716 1198 corde,
759 1138 912 1187 recta
957 1134 1064 1188 ﬁde
1113 1141 1170 1188 et
1210 1135 1373 1189 bonis
1417 1135 1678 1206 operibus
1731 1135 2127 1189 convertimur.
2216 1135 2413 1200 lebrat,
2446 1153 2547 1206 pro
2575 1135 2828 1190 antistite
2854 1141 3047 1190 nostro
3095 1135 3278 1190 dicere
3305 1150 3413 1188 non
3443 1133 3604 1194 debet,
3637 1135 3737 1204 quia

532 1222 636 1275 Per
687 1223 870 1276 Jesum
917 1222 1198 1278 Christum
1255 1225 1462 1278 Filium
1527 1231 1706 1278 tuum.
1768 1226 1922 1277 Jesus
1973 1223 2130 1278 Grze-
2213 1242 2334 1296 ipse
2361 1225 2597 1279 antistes
2627 1231 2731 1280 est.
2767 1225 2824 1280 Si
2855 1224 3148 1296 presbyter
3171 1224 3397 1278 missam
3423 1221 3650 1286 celebrat,
3669 1221 3736 1276 ille

532 1327 614 1376 ce,
666 1309 863 1364 Latine
917 1311 1163 1366 salvator
1203 1313 1316 1366 sive
1359 1313 1623 1367 salutaris
1665 1312 1888 1366 dicitur.
1939 1312 2130 1367 Salva-
2213 1313 2380 1368 debet
2408 1314 2594 1368 dicere
2624 1331 2724 1386 pro
2763 1314 3015 1368 antistite
3045 1320 3258 1367 nostro.
3281 1314 3400 1366 Jam
3441 1317 3634 1365 oratum
3674 1321 3737 1364 est

531 1404 641 1465 tor,
661 1415 726 1454 eo
747 1400 897 1470 quod
915 1401 1092 1455 salvat
1111 1402 1380 1474 populum
1397 1419 1562 1456 suum
1586 1401 1878 1472 apeccatis
1911 1418 2126 1456 eorum.
2197 1419 2315 1475 ‘pro
2376 1401 2707 1468 senioribus,
2756 1409 2953 1472 postea
2992 1402 3267 1457 orandum
3314 1406 3396 1454 est
3448 1416 3540 1471 pro
3579 1400 3739 1471 populo

534 1487 665 1542 Ideo
693 1489 870 1543 salvat
896 1506 929 1543 a
941 1491 1200 1561 peccatis,
1230 1491 1363 1563 quia
1392 1497 1728 1562 potestatem
1744 1490 1914 1545 habet
1940 1490 2132 1545 dimit—
2217 1491 2441 1562 quando
2494 1490 2752 1544 sacerdos
2801 1490 2974 1544 dicit:
3021 1492 3306 1554 Memento,
3359 1490 3568 1544 Domine
3603 1491 3742 1553 famu-

535 1577 690 1631 tendi
747 1585 994 1649 peccata,
1027 1580 1170 1634 sicut
1198 1581 1316 1652 ipse
1348 1581 1517 1636 dixit:
1569 1598 1596 1633 ι
1629 1581 1704 1635 Ut
1727 1586 1915 1634 autem
1946 1579 2135 1634 sciatis
2220 1583 2410 1632 lorum
2435 1580 2895 1646 famularumque
2939 1584 3165 1632 tuarum
3193 1598 3209 1642 ;
3261 1578 3574 1648 deprecatur
3605 1577 3741 1630 Deum

535 1666 669 1738 quia
693 1667 865 1722 Filius
894 1668 1136 1723 hominis
1157 1669 1328 1724 habet
1349 1674 1685 1740 potestatem
1706 1669 1762 1723 in
1780 1675 1933 1724 terra
1951 1669 2137 1722 dimit—
2219 1667 2444 1721 Patrem
2473 1673 2538 1722 ut
2564 1684 2878 1723 memorare
2898 1668 3165 1738 dignetur
3187 1668 3435 1722 omnium
3461 1667 3525 1720 ad
3551 1666 3742 1720 ofﬁcium

537 1755 695 1809 tendi
722 1762 949 1826 peccata
973 1759 1188 1822 (Matth.
1219 1775 1295 1823 1x,
1325 1757 1404 1828 6).
1440 1779 1466 1810 »
1493 1759 1767 1813 Salutaris
1787 1758 1913 1812 ideo
1928 1745 2198 1811 diciturB
2219 1757 2402 1812 missae
2431 1757 2545 1810 sive
2574 1758 2947 1812 masculorum
2979 1757 3092 1811 sive
3136 1757 3471 1812 feminarum
3509 1755 3746 1808 advenien-

537 1843 668 1915 quia
705 1845 944 1900 salutem
971 1846 1130 1900 nobis
1155 1848 1330 1912 dedit,
1363 1854 1426 1902 ut
1440 1848 1487 1902 si
1503 1853 1780 1920 praecepta
1807 1849 1930 1917 ejus
1953 1863 2136 1901 serva-
2217 1847 2378 1900 tium.
2442 1847 2510 1900 Et
2553 1847 2702 1916 quod
2753 1846 2888 1901 dicit
2941 1848 3485 1909 circumastantium,
3529 1842 3618 1913 ipsi
3647 1849 3748 1895 sunt

536 1949 681 2000 mus,
741 1933 914 1988 vitam
973 1942 1240 1990 aeternam
1295 1953 1495 2008 capere
1553 1937 1856 1991 valeamus.
1925 1937 2134 1990 Filium
2217 1935 2452 1989 masculi
2483 1940 2541 1988 et
2566 1935 2786 1990 femina;
2821 1935 2916 2006 qui
2942 1935 3364 1990 circumastant.
3401 1933 3517 1987 Jam
3542 1929 3748 1984 sacerdo:

538 2028 698 2076 tuum
746 2024 1043 2079 Dominum
1093 2032 1364 2092 nostrum,
1418 2027 1620 2080 Filium
1661 2043 1826 2080 suum
1871 2025 2134 2094 unigeni-
2217 2025 2396 2079 oravit
2423 2040 2522 2095 pro
2557 2024 2925 2096 omnibusqui
2946 2025 3015 2078 ad
3037 2024 3375 2078 audiendam
3397 2021 3605 2076 missam
3627 2035 3750 2072 vene-

533 2116 657 2164 tum
686 2110 838 2174 dicit,
871 2113 1004 2184 quia
1033 2113 1152 2185 ipse
1196 2121 1284 2169 est
1329 2115 1650 2185 unigenitus
1699 2131 1765 2169 ex
1819 2112 2136 2168 substantia
2216 2120 2368 2168 runt.
2401 2115 2557 2168 Tunc
2591 2114 2820 2168 demum
2850 2119 2976 2168 orat
2997 2130 3098 2184 pro
3128 2113 3219 2167 his
3233 2113 3329 2183 qui
3359 2110 3638 2165 oblationes
3651 2123 3750 2160 suas

537 2199 738 2254 Patris.
772 2201 888 2256 Nos
917 2208 1104 2256 autem
1135 2203 1236 2256 ﬁlii
1264 2204 1508 2276 adoptivi
1549 2220 1744 2258 sumus
1783 2220 1885 2274 per
1926 2202 2130 2274 ipsum,
2215 2203 2474 2257 afferunt.
2508 2206 2615 2270 ()ui
2653 2205 2755 2257 tibi
2798 2207 3034 2270 oﬂ‘erunt
3081 2203 3180 2256 hoc
3219 2203 3543 2269 sacriﬁcium
3590 2199 3748 2252 laudi»

536 2287 632 2358 qui
660 2289 985 2359 unigenitus
1015 2298 1100 2345 est
1129 2307 1164 2346 a
1189 2291 1358 2346 Patre
1386 2293 1708 2364 procedens,
1726 2291 1878 2346 Patri
1903 2296 2131 2345 coaeter-
2217 2289 2563 2345 Sacriﬁcium
2595 2290 2730 2345 dicit
2748 2289 2948 2353 laudis,
2983 2291 3132 2360 quod
3165 2306 3267 2361 pro
3305 2289 3462 2342 laude
3489 2287 3578 2341 Dei
3605 2283 3751 2354 impri-

536 2393 661 2444 nus,
689 2382 747 2432 et
774 2378 900 2433 ideo
930 2397 1030 2450 per
1053 2397 1182 2434 eum
1232 2382 1456 2436 Patrem
1511 2382 1798 2452 postulare
1843 2379 2129 2446 debemus,
2214 2378 2320 2432 mis
2349 2379 2610 2445 offerunt,
2639 2383 2696 2432 et
2731 2383 2927 2450 postea
2968 2377 3154 2432 addit:
3203 2381 3311 2432 Pro
3339 2394 3390 2430 se
3426 2378 3624 2444 suisque
3661 2390 3750 2425 om-

538 2466 826 2521 humiliter
877 2468 1160 2523 dicentes:
1218 2470 1498 2538 Supplices
1575 2486 1836 2537 rogamus
1897 2475 1946 2523 ct
1997 2472 2135 2538 peti—
2216 2469 2400 2532 nibus,
2447 2484 2550 2536 pro
2592 2469 2959 2536 redemptione
3000 2470 3334 2520 animarum
3400 2480 3629 2524 suarum,
3672 2478 3749 2528 pro

536 2572 680 2621 mus,
714 2557 1012 2628 supplices,
1043 2557 1100 2610 id
1129 2565 1232 2623 est,
1267 2559 1526 2625 humiles,
1565 2577 1590 2611 α
1632 2559 1716 2612 uti
1761 2565 1988 2629 accepta
2025 2558 2132 2612 ha-
2213 2573 2302 2625 spe
2330 2559 2530 2610 salutis
2571 2562 2620 2610 et
2653 2559 3056 2610 incolumitatis
3101 2573 3216 2610 sua
3264 2556 3365 2608 tibi
3413 2553 3626 2607 reddunt
3660 2555 3749 2604 rota

537 2642 670 2698 beas
702 2651 758 2698 et
785 2644 1100 2712 benedicas,
1137 2666 1164 2699 ν
1188 2647 1290 2713 uti,
1323 2647 1380 2702 id
1406 2653 1508 2714 est,
1533 2653 1597 2702 ut
1616 2647 1856 2718 accipias
1886 2653 1943 2702 et
1968 2647 2134 2702 bene-
2213 2666 2336 2716 sua,
2364 2655 2564 2704 aeterno
2606 2651 2708 2703 Deo
2737 2652 2856 2702 viro
2906 2654 2953 2702 et
2997 2664 3140 2702 rcro.
3195 2647 3330 2703 Ideo
3376 2647 3613 2706 offerunt,
3655 2641 3752 2712 quia

539 2731 712 2796 dicas,
741 2751 768 2786 α
792 2733 909 2788 haec
931 2735 1098 2800 dona,
1116 2735 1234 2788 haec
1247 2752 1501 2801 munera,
1519 2737 1636 2792 haec
1649 2744 1840 2791 sancta
1861 2735 2135 2791 sacriﬁcia
2214 2739 2336 2792 vivo
2374 2745 2431 2792 et
2458 2754 2588 2792 vero
2616 2738 2732 2792 Deo
2762 2735 3012 2802 omnium
3041 2736 3183 2790 ﬁdes
3211 2732 3692 2791 circumastantium
3713 2737 3752 2782 et

538 2819 818 2875 illibata.»
844 2823 1002 2877 Dona
1017 2830 1168 2890 sunt,
1193 2841 1316 2896 quae
1331 2825 1643 2880 voluntarie
1657 2826 1882 2892 dantur;
1898 2840 2132 2879 munera
2216 2834 2273 2882 et
2296 2844 2406 2882 non
2435 2827 2790 2881 offerentium
2819 2827 3045 2897 cognita
3071 2831 3162 2880 est
3175 2832 3236 2880 et
3263 2831 3398 2880 nota
3423 2821 3622 2877 devotio
3643 2833 3755 2886 ;om~

537 2917 672 2964 sunt
695 2927 818 2982 quae
839 2929 940 2984 pro
964 2912 1151 2984 aliquo
1181 2930 1414 2968 munere
1461 2915 1545 2968 vel
1589 2915 1844 2968 mercede
1894 2915 2134 2969 olferun-
2215 2934 2315 2972 nes
2345 2917 2582 2971 reddent
2601 2922 2730 2970 vota
2774 2933 2893 2980 sua,
2927 2922 3058 2968 vota
3096 2915 3364 2969 dicuntur
3403 2929 3519 2984 quae
3554 2909 3755 2963 volenter

539 3003 654 3061 tur,
688 3000 834 3054 sicut
857 3017 960 3054 nos
989 3002 1276 3058 offerimus
1297 3004 1412 3058 Deo
1440 3010 1504 3058 ut
1550 3011 1777 3075 peccata
1819 3009 2013 3058 nostra
2053 3002 2133 3056 di-
2156 3065 2192 3078 ﬂ
2216 3006 2641 3078 promittuntur,
2675 3005 2806 3075 quia
2833 3005 3086 3058 volenter
3111 3010 3170 3058 et
3209 3003 3448 3057 libenter
3473 3001 3579 3055 Deo
3603 3010 3756 3050 vovere

538 3087 856 3142 mittantur.
876 3089 1160 3146 Sacriﬁcia
1187 3098 1320 3146 sunt
1351 3109 1474 3163 qua:
1503 3093 1672 3147 etiam
1709 3110 1835 3147 cum
1866 3065 2272 3149 orationi-Cet
2332 3095 2566 3148 reddere
2620 3093 2907 3147 debemus.
2971 3094 3452 3147 Communicantes
3509 3094 3553 3141 et
3602 3099 3756 3138 memo-

538 3174 642 3231 bus
673 3185 1089 3234 consecrantur.
1114 3180 1352 3246 Illibata,
1386 3182 1439 3234 id
1462 3188 1547 3235 est
1565 3178 1944 3246 immaculata,
1978 3187 2036 3235 et
2061 3179 2130 3235 ab
2215 3187 2362 3238 riam
2392 3189 2732 3248 venerantes,
2767 3185 3052 3251 imprimis
3097 3185 3350 3248 gloriosa
3393 3193 3588 3246 semper
3627 3174 3758 3239 virgi-

538 3264 688 3318 omni
720 3266 889 3321 livore
919 3269 1146 3323 malitiae
1176 3270 1376 3324 aliena.
1409 3272 1563 3325 Tunc
1591 3279 1785 3325 sancta
1825 3277 1957 3324 sunt
1985 3271 2132 3324 dona
2213 3276 2302 3326 nis
2331 3274 2524 3348 diaria:
2536 3274 2822 3340 genitricis
2844 3272 2960 3334 Dei,
2993 3276 3040 3324 et
3067 3273 3302 3325 Domini
3325 3270 3498 3323 nostri
3510 3267 3622 3319 Jesu
3640 3261 3758 3316 Chri-

539 3359 595 3407 et
624 3355 894 3411 sacriﬁcia
926 3357 1158 3425 illibata,
1213 3359 1436 3430 quando
1478 3359 1688 3430 absque
1737 3360 2128 3415 scandalorum
2211 3364 2304 3415 sti.
2359 3359 2462 3414 Sed
2504 3366 2552 3414 et
2598 3362 2883 3416 beatorum
2943 3362 3320 3428 apostolorum.
3378 3375 3442 3411 ac
3491 3359 3755 3420 martyrum

538 3443 757 3498 macula
783 3452 916 3500 sunt
943 3447 1140 3502 oﬁ‘erta
1181 3447 1433 3519 [oblata],
1468 3455 1524 3502 et
1567 3449 1719 3518 justo
1762 3449 1950 3502 labore
1998 3456 2132 3504 sunt
2213 3455 2460 3504 tuorum.
2495 3448 2922 3504 Cdmmunicare
2950 3465 3010 3502 se
3038 3447 3194 3512 dicit,
3229 3448 3337 3501 hoc
3369 3452 3450 3500 est
3469 3437 3757 3497 communio-

537 3533 826 3604 acquisita.
859 3535 984 3590 Non
1013 3543 1077 3591 ut
1105 3537 1267 3592 multi
1299 3545 1510 3604 errant,
1542 3539 1636 3608 qui
1677 3538 1870 3591 dicunt
1916 3538 2130 3593 illibata
2212 3555 2341 3592 nem
2369 3555 2496 3592 cum
2519 3538 2631 3592 illis
2663 3537 2887 3600 habere,
2907 3537 3357 3606 memoriamque
3380 3535 3616 3606 ipsorum
3633 3543 3757 3581 vene-

534 3636 658 3675 esse
683 3638 797 3676 non
826 3623 1117 3680 dedicata:
1145 3627 1268 3697 lege
1287 3633 1501 3697 septem
1528 3627 1854 3681 collationes
1874 3628 2125 3694 Patrum,
2213 3628 2344 3693 rari,
2386 3628 2491 3681 hoc
2519 3633 2622 3693 est,
2666 3626 2725 3680 in
2761 3626 3036 3680 memoria
3067 3642 3163 3679 eos
3201 3622 3596 3679 honorabiliter
3632 3631 3757 3669 vene:

535 3715 594 3764 et
621 3709 679 3764 in
700 3714 945 3767 secunda
959 3715 1254 3769 collatione
1273 3716 1532 3780 Theonae,
1555 3715 1636 3788 in,
1657 3732 1804 3769 nono
1823 3717 2021 3787 capite,
2048 3716 2130 3770 in-
2211 3717 2344 3783 rari,
2370 3715 2579 3770 scilicet
2622 3715 2768 3786 quod
2811 3719 3006 3769 sancta
3039 3714 3220 3769 Maria
3255 3713 3414 3783 virgo
3461 3725 3556 3782 per
3599 3706 3757 3762 adven-

535 3799 722 3854 venies
748 3818 871 3872 quae
897 3809 1030 3857 sunt
1058 3803 1291 3857 illibata.
1332 3825 1353 3856 ι
1377 3805 1441 3858 In
1461 3803 1658 3874 primis
1677 3822 1800 3876 qua;
1828 3805 1929 3858 tibi
1948 3805 2130 3859 otferi-
2207 3794 2330 3860 tum
2360 3805 2602 3876 Spiritus
2628 3804 2807 3859 sancti
2833 3803 3077 3874 genitrix
3102 3802 3251 3857 facta
3287 3808 3376 3856 est
3402 3799 3523 3854 Filii
3554 3796 3643 3851 Dei
3681 3794 3756 3846 Do-

535 3903 662 3943 mus
690 3906 790 3960 pro
822 3891 1065 3945 Ecclesia
1084 3897 1183 3946 tua
1202 3899 1398 3946 sancta
1417 3893 1708 3961 catholica,
1743 3911 1910 3964 quam
1943 3895 2129 3965 paciﬁ-
2210 3894 2347 3948 mini
2378 3893 2553 3947 nostri
2580 3891 2714 3947 Jesu
2744 3892 2972 3956 Christi,
3006 3891 3103 3962 qui
3123 3893 3278 3946 Deus
3299 3897 3358 3944 et
3377 3891 3538 3944 homo
3567 3891 3658 3941 est.
3686 3896 3761 3952 per

535 3993 682 4042 care,
737 3979 1037 4044 custodire,
1088 3980 1338 4035 adunare
1377 3987 1433 4035 et
1475 3999 1674 4058 regere
1714 3983 1960 4053 digneris
2008 3990 2128 4038 toto
2212 3999 2378 4052 quem
2408 3983 2632 4036 Patrem
2671 3981 3053 4052 supplicamus
3078 3986 3136 4034 et
3180 3980 3292 4034 ﬁde
3331 3995 3470 4032 sana
3508 3968 3762 4029 communi-

535 4063 669 4117 orbe
697 4071 999 4133 terrarum,
1031 4085 1143 4122 una
1165 4085 1292 4122 cum
1323 4069 1531 4124 famulo
1560 4077 1656 4124 tuo
1678 4087 1824 4142 papa
1853 4079 2044 4126 nostro
2075 4078 2133 4126 et
2213 4071 2390 4124 cando
2421 4070 2659 4124 ﬁrmiter
2687 4069 2985 4128 credimus.
3029 4069 3178 4140 quod
3233 4068 3447 4139 Spiritu
3487 4069 3662 4118 sancto
3699 4074 3763 4109 vc-

537 4153 790 4207 antitiste
810 4161 1020 4209 nostro.
1058 4157 1172 4210 »1η
1194 4157 1410 4227 primis,
1439 4159 1641 4230 inquit.
1674 4176 1797 4230 quae
1825 4159 1926 4213 tibi
1949 4161 2130 4214 oiferi-
2211 4161 2420 4225 niente,
2454 4159 2627 4215 Filius
2657 4159 2758 4214 Dei
2788 4166 2956 4214 natus
2988 4166 3072 4213 est
3115 4177 3182 4213 ex
3220 4176 3309 4224 ea,
3347 4175 3450 4212 nec
3482 4164 3654 4210 tamen
3685 4147 3764 4200 vir-

535 4257 681 4307 mus,
716 4242 849 4312 quia
877 4244 1108 4299 soliDeo
1129 4245 1245 4300 haec
1263 4245 1470 4301 oblatio
1492 4249 1774 4302 offerenda
1799 4255 1903 4314 est,
1937 4253 1994 4302 et
2026 4266 2128 4320 pro
2207 4251 2416 4321 ginitas
2445 4251 2568 4319 ejus
2589 4255 2675 4303 est
2698 4249 2922 4303 violata.
2975 4249 3081 4303 Sed
3108 4254 3164 4302 et
3189 4247 3485 4301 beatorum
3535 4236 3765 4314 aposle

535 4329 736 4401 quibus
758 4331 1042 4387 otferenda
1065 4333 1140 4388 sit
1155 4334 1382 4394 indicat.
1409 4336 1513 4390 hoc
1533 4342 1616 4390 est
1636 4335 1913 4408 imprimis
1939 4337 2126 4390 offerri
2144 4385 2190 4409 η
2209 4357 2356 4405 rum,
2374 4356 2438 4392 ac
2453 4345 2766 4409 martyrum
2787 4344 3034 4392 tuorum.
3055 4355 3082 4389 ι
3100 4335 3408 4406 Apostolus
3425 4345 3650 4402 namque
3663 4324 3765 4379 dici-

532 4418 740 4474 debent
753 4437 854 4492 pro
867 4421 1109 4476 Ecclesia
1127 4431 1319 4478 sancta
1335 4425 1626 4479 catholica.
1651 4425 1893 4479 Ecclesia
1913 4426 2122 4491 Graece,
2147 4418 2190 4442 υ
2209 4435 2305 4484 tur
2328 4428 2386 4482 in
2416 4434 2607 4482 nostra
2649 4428 2841 4497 lingua
2880 4426 3104 4488 missus,
3147 4432 3372 4496 martyr
3409 4419 3764 4492 interpretatur

533 4507 732 4562 Latine
757 4512 1119 4581 congregatio
1139 4513 1364 4579 dicitur,
1390 4515 1680 4580 catholica,
1702 4515 2031 4568 universalis
2050 4515 2129 4568 di-
2208 4517 2388 4580 testis,
2421 4515 2656 4586 apostoli
2686 4514 2811 4568 ideo
2841 4514 3122 4578 dicuntur,
3157 4513 3295 4584 quia
3325 4530 3360 4566 a
3405 4511 3614 4566 Christo
3640 4501 3762 4558 missi

532 4595 711 4650 citur:
745 4597 878 4668 quia
908 4599 1152 4654 universi
1180 4602 1275 4672 qui
1297 4602 1354 4656 in
1384 4603 1622 4658 Domino
1651 4603 1904 4670 credunt,
1938 4603 1998 4656 in
2015 4619 2128 4657 una
2209 4610 2360 4659 sunt.
2384 4605 2660 4675 Martyres
2700 4620 2854 4669 vero,
2894 4603 3026 4674 quia
3059 4608 3234 4656 testes
3278 4607 3433 4662 sunt,
3465 4597 3604 4670 quod
3637 4590 3762 4647 Chri-

531 4682 738 4738 debent
751 4703 873 4740 esse
891 4691 1342 4759 congregatione.
1368 4711 1394 4742 (ι
1413 4693 1591 4756 Quam
1616 4692 1926 4763 paciﬁcare,
1947 4697 2126 4746 custo—
2207 4699 2328 4748 stus
2366 4709 2562 4764 passus
2592 4697 2649 4745 et
2671 4708 2771 4762 pro
2793 4691 2930 4762 ipsis
2955 4697 3013 4746 et
3039 4689 3299 4744 omnibus
3338 4690 3397 4743 in
3427 4705 3486 4742 se
3537 4686 3632 4739 rite
3671 4695 3762 4732 crt-

531 4771 937 4836 dire,adunare
953 4782 1006 4830 et
1021 4779 1471 4849 regeredigneris
1492 4786 1612 4834 toto
1633 4781 2120 4836 orbeterrarum.»
2207 4780 2488 4846 dentibus,
2520 4780 2738 4851 ipsique
2767 4797 2867 4850 pro
2909 4779 3160 4845 Christo;
3201 4779 3309 4832 hoc
3347 4784 3451 4842 est,
3493 4776 3546 4829 in
3588 4769 3759 4826 confes-

531 4861 640 4916 Pro
668 4861 772 4916 hac
800 4865 1086 4919 offerimus
1136 4867 1434 4938 imprimis,
1473 4875 1539 4924 ut
1576 4869 1954 4940 supradictam
1997 4885 2125 4924 con-
2205 4869 2362 4924 sione
2392 4867 2635 4922 nominis
2667 4870 2810 4938 ejus.
2847 4869 3008 4922 Hunc
3047 4870 3226 4935 igitur
3267 4869 3592 4921 oblationem.
3628 4858 3760 4912 servi-

527 4951 914 5021 gregationem
945 4958 1099 5007 tuam
1122 4971 1222 5025 per
1245 4962 1429 5010 totum
1451 4955 1642 5010 orbem
1676 4963 1956 5012 terrarum
1980 4958 2125 5028 paci-
2208 4961 2342 5011 tutis
2367 4963 2582 5022 nostra,
2614 4959 2704 5010 sed
2728 4961 2776 5010 et
2803 4961 3008 5011 επιησιιε
3047 4958 3286 5024 familia:
3323 4960 3429 5008 tua:
3473 4961 3754 5022 qua'sumus.

530 5041 754 5094 ﬁcatam
782 5047 841 5094 et
862 5040 1165 5096 adunatam
1188 5045 1468 5099 custodire
1492 5045 1757 5116 digneris,
1795 5065 1821 5098 σι
1853 5062 1967 5100 una
1995 5063 2123 5100 cum
2206 5049 2455 5110 Domine,
2509 5051 2567 5099 ul
2627 5048 2881 5114 placatus
2934 5047 3193 5112 accipias.
3252 5042 3524 5098 Sacerdos
3571 5032 3759 5092 oblatio-

528 5127 740 5183 famulo
769 5134 867 5182 tuo
887 5129 983 5184 illo
1007 5148 1018 5182 :
1051 5151 1074 5181 ι
1099 5131 1204 5186 hoc
1227 5139 1330 5198 est,
1360 5133 1526 5187 simul
1554 5151 1681 5188 cum
1703 5135 1798 5188 illo
1817 5135 1912 5205 qui
1933 5135 2123 5188 sedem
2207 5152 2336 5190 nem
2358 5151 2517 5189 suam
2540 5140 2710 5204 atque
2721 5141 3047 5189 cunctorum
3062 5133 3156 5204 qui
3178 5133 3418 5187 Domino
3439 5127 3754 5184 famulantur.

530 5216 768 5287 apostoli
797 5217 949 5272 Petri
977 5225 1157 5280 tenet.
1208 5221 1340 5292 quia
1383 5223 1628 5278 Ecclesia
1665 5222 1722 5277 in
1772 5239 1882 5294 qua
1921 5223 2122 5278 Petrus
2204 5224 2262 5279 id
2299 5229 2402 5289 est,
2441 5223 2706 5286 serviunt,
2741 5222 3098 5277 commendat
3132 5227 3197 5276 ut
3231 5220 3470 5274 Domino
3524 5215 3754 5288 placeant

529 5305 788 5376 princeps
815 5308 1197 5377 apostolorum
1226 5311 1403 5376 sedet,
1434 5319 1603 5383 caput
1629 5318 1715 5366 est
1742 5311 1995 5366 omnium
2027 5313 2125 5366 Ec-
2205 5317 2262 5366 et
2288 5312 2407 5382 ipse
2437 5311 2545 5364 illis
2575 5311 2852 5382 propitius
2878 5313 2996 5365 ﬁat.
3038 5329 3061 5361 ι
3100 5308 3344 5379 Diesque
3375 5314 3588 5362 nostros
3605 5303 3655 5356 in
3679 5311 3756 5351 sua

529 5391 826 5447 clesiarum
849 5396 1270 5465 catholicarum,
1304 5399 1429 5455 ideo
1451 5401 1586 5472 quia
1602 5401 1770 5455 Petro
1796 5400 1936 5454 dixit
1958 5400 2124 5454 Chri-
2206 5417 2340 5472 pace
2383 5399 2661 5470 disponat,
2713 5406 2886 5470 atque
2929 5399 2998 5454 ab
3036 5403 3246 5453 aeterna
3283 5393 3630 5450 damnatione
3679 5401 3756 5440 nos

529 5485 651 5533 stus
677 5498 688 5532 :
722 5499 748 5530 «
775 5481 858 5536 Tu
883 5500 943 5537 es
971 5485 1190 5554 Petrus,
1223 5495 1281 5543 et
1308 5505 1478 5560 super
1507 5490 1652 5544 hanc
1689 5495 1909 5561 petram
1955 5489 2125 5544 aediﬁ-
2205 5491 2424 5562 eripiat,
2456 5496 2515 5543 et
2543 5489 2599 5543 in
2633 5489 2941 5544 electorum
2987 5505 3217 5544 suorum
3245 5502 3419 5558 grege
3461 5481 3644 5553 jubeat
3674 5486 3755 5528 n05

530 5566 668 5623 cabo
722 5569 1024 5626 Ecclesiam
1073 5591 1279 5642 meam,
1313 5594 1342 5629 ι
1383 5584 1441 5632 et
1486 5585 1704 5635 cetera.
1761 5579 1970 5647 (Matth.
2015 5595 2119 5645 xvx,
2205 5579 2510 5647 numerari,
2530 5595 2632 5649 per
2645 5577 3240 5634 ChristumDominum
3258 5581 3530 5630 nostrum.
3549 5589 3573 5620 ν
3595 5567 3751 5621 Proca
