3824 6152
177 241 282 299 1185

1089 230 1302 288 LIBER
1338 232 1433 288 DE
1471 231 1722 288 SACRIS
1761 231 2172 300 ORDINIBUS,
2216 233 2370 290 ETC.

3229 243 3368 302 1186

169 381 273 436 ergo
295 358 422 433 quod
445 342 691 412 sacerdos
722 355 902 421 offert,
936 357 1178 427 populus
1223 356 1392 412 debet
1420 374 1600 422 orare,
1631 359 1754 417 utA
1781 363 1838 412 et
1870 357 2206 412 manducate
2236 375 2301 413 ex
2332 376 2398 414 eo
2429 376 2642 416 omnes.
2675 382 2698 411 ι
2726 362 3000 420 Similiter
3022 371 3081 422 et
3101 367 3173 422 de
3198 367 3370 424 calice

166 452 376 509 sacerdos
435 444 770 500 exaudiatur.
823 446 1006 516 Atque
1064 447 1316 501 omnium
1370 453 1692 502 nostrorum

164 545 256 598 dies
278 541 325 595 in
349 553 468 610 pace
497 535 879 606 disponantur,
913 534 1101 604 sicque
1118 535 1187 589 ab
1217 541 1427 590 aeterna
1456 536 1691 590 damna-

164 633 282 688 tione
306 627 598 698 eripiamur.
633 625 715 678 De
762 640 876 694 qua
924 623 1198 678 Dominus
1239 630 1431 678 noster
1475 625 1532 679 in
1581 626 1692 678 fine

165 718 317 774 mundi
358 715 591 770 dicturus
637 713 747 766 erit
791 712 1022 783 impiis:
1062 733 1084 764 ι
1130 715 1232 778 Ite,
1277 713 1580 778 maledicti,
1633 713 1691 767 in

163 812 307 876 ignem
338 811 608 866 aeternum,
653 807 758 855 etc.
796 803 1008 867 (Matth.
1041 818 1166 867 xxv,
1192 801 1302 869 41).
1341 821 1363 852 ι
1401 803 1470 857 Et
1498 802 1569 856 ad
1619 801 1688 855 il-

159 900 245 952 lum
266 909 467 965 gregem
489 892 790 946 electorum
821 907 1052 945 suorum
1083 908 1184 962 per
1203 891 1432 960 angelos
1462 896 1685 945 sanctos

158 983 388 1039 numerari
405 997 734 1045 mereamur,
753 980 842 1034 cui
862 979 1112 1034 dicturus
1132 980 1242 1034 erit
1265 998 1276 1033 :
1306 999 1331 1030 «
1355 979 1574 1044 Venite,
1596 979 1688 1033 be-

157 1073 318 1128 nedicti
338 1071 505 1126 Patris
526 1070 655 1135 mei,
681 1069 949 1140 percipite
983 1085 1218 1139 regnum
1236 1069 1385 1141 quod
1411 1068 1565 1122 vobis
1585 1085 1686 1140 pa-

155 1169 300 1218 ratum
324 1166 399 1215 est
426 1159 491 1213 ab
519 1159 735 1230 origine
765 1158 1172 1225 mundi(Ibid.,
1207 1174 1256 1212 υ.
1290 1157 1400 1226 34).
1439 1177 1461 1208 »
1496 1157 1690 1228 Sequi-

153 1260 248 1306 tur:
275 1271 295 1300 ι
313 1251 476 1314 Quam
504 1247 864 1312 oblationem,
894 1253 958 1302 tu
986 1247 1156 1313 Deus,
1181 1247 1238 1301 in
1257 1246 1516 1301 omnibus
1534 1264 1687 1317 quae-

153 1357 305 1394 sumus
331 1337 687 1402 benedictam,
705 1337 1028 1408 ascriptam,
1052 1342 1254 1392 ratam.
1272 1335 1682 1401 rationabilem,

152 1427 602 1499 acceptabilemque
651 1427 833 1480 facere
875 1425 1143 1496 digneris,
1177 1431 1240 1480 ut
1286 1424 1444 1479 nobis
1485 1441 1686 1496 corpus

150 1523 192 1570 et
214 1517 410 1587 sanguis
435 1518 531 1570 flat
557 1515 905 1570 dilectissimi
937 1515 1062 1570 Filii
1109 1515 1192 1568 tui
1233 1514 1457 1568 Domini
1507 1514 1687 1568 nostri

149 1608 251 1660 Jesu
273 1605 478 1669 Christi,
514 1622 542 1658 ι
567 1610 626 1658 et
653 1610 873 1659 caetera.
909 1603 1200 1674 Supplicat
1237 1603 1496 1657 sacerdos
1524 1607 1590 1658 ut
1616 1603 1685 1656 il-

1774 446 1958 500 dixit:
1992 448 2233 516 Accipite
2279 453 2328 502 et
2373 451 2534 504 bibite
2581 468 2646 505 ca:
2689 453 2787 506 hoc
2827 469 3033 509 omnes.
3079 457 3149 511 Et
3185 475 3365 529 quan-

1774 535 1845 588 do
1876 535 2065 589 oculos
2095 536 2165 589 ad
2199 537 2401 592 coelum
2433 539 2635 594 levavit
2677 547 2733 596 et
2777 542 2930 597 Patri
2973 546 3188 616 gratias
3229 555 3362 618 egit,

1773 639 1876 677 nos
1906 623 1964 676 in
1988 624 2092 678 hoc
2115 624 2322 690 docuit,
2349 629 2496 698 quod
2524 646 2626 684 nos
2646 630 2871 686 Patrem
2902 649 3124 706 semper
3151 638 3367 709 suppli-

1773 714 1902 765 care
1916 711 2206 776 debemus,
2222 721 2287 769 ut
2299 715 2392 772 ille
2409 723 2524 771 tam
2546 735 2814 790 magnum
2835 732 3248 780 sacramentum
3266 745 3368 799 per

1774 817 1975 855 manus
1998 809 2220 857 nostras
2248 807 2516 874 perficere
2545 807 2827 878 dignetur.
2862 811 2932 866 Et
2976 829 3104 868 cum
3133 815 3363 884 diceret,

1775 891 1885 944 hac
1937 895 2360 962 quotiescunque
2424 896 2678 962 feceritis,
2752 915 2815 953 in
2879 904 2988 954 mei
3042 908 3368 959 memoriam

1769 980 1999 1046 ﬁwietis,
2031 979 2203 1050 jussit
2251 998 2352 1036 nos
2395 983 2547 1037 illius
2593 987 2870 1056 passionis
2906 1005 3074 1059 quam
3123 1009 3225 1062 pro
3262 1009 3365 1048 no-

1769 1066 1856 1120 bis
1882 1069 2152 1124 sustinuit
2191 1070 2384 1125 sedulo
2435 1089 2713 1128 memores
2743 1092 2884 1142 esse,
2919 1084 2976 1132 et
3017 1081 3258 1137 maxime
3299 1100 3366 1138 eo

1771 1161 2043 1228 tempore,
2099 1159 2322 1228 quando
2376 1161 2480 1214 hoc
2530 1170 2943 1220 sacramentum
2993 1169 3362 1238 celebramus,

1771 1245 2005 1317 ejusque
2032 1247 2428 1303 misericordias
2457 1256 2625 1322 atque
2653 1252 2890 1308 bonitati
2933 1273 3034 1311 nos
3077 1276 3363 1316 commen-

1769 1333 1988 1388 damus.
2054 1337 2200 1390 Unde
2269 1343 2319 1392 et
2375 1356 2638 1394 memores
2691 1359 2903 1407 sumus,
2965 1347 3208 1414 Domine,
3269 1367 3364 1405 nos

1772 1425 1858 1476 tui
1884 1428 2047 1489 sem‘i,
2080 1428 2172 1478 sed
2206 1431 2257 1480 et
2285 1429 2430 1495 plebs
2463 1433 2560 1482 tua
2606 1436 2816 1495 sancta,
2863 1433 3070 1488 Christi
3107 1438 3241 1491 Filii
3279 1442 3365 1493 tui

1770 1513 1999 1566 Domini
2027 1515 2125 1568 Dei
2155 1518 2350 1569 nostri.
2387 1517 2504 1571 Hoc
2549 1535 2609 1572 se
2652 1521 2909 1575 sacerdos
2954 1523 3150 1579 fecisse
3193 1528 3363 1598 profi-

1768 1605 1922 1655 tetur
1949 1602 2096 1672 quod
2124 1603 2229 1657 sibi
2249 1621 2284 1657 a
2303 1605 2542 1660 Domino
2559 1607 2897 1679 imperatum
2929 1617 3032 1666 est.
3053 1614 3184 1668 Ideo
3211 1616 3361 1672 enim

148 1696 234 1748 lam
261 1693 579 1748 oblationem
612 1710 781 1764 quam
814 1693 933 1764 ipse
962 1711 1062 1764 pro
1091 1711 1150 1748 se
1181 1694 1343 1747 offert
1370 1698 1428 1747 et
1456 1709 1556 1762 pro
1585 1710 1686 1764 po-
1704 1677 1752 1738 Β
1769 1689 1878 1760 ipsi
1898 1691 2214 1746 sacerdotes
2245 1692 2346 1746 filii
2371 1694 2473 1748 Dei
2499 1677 2726 1750 Domini
2756 1698 3014 1755 videlicet
3039 1702 3069 1756 J
3074 1719 3172 1758 esu
3201 1705 3363 1759 Chri-

146 1784 265 1855 pulo,
294 1783 632 1854 omnipotens
662 1783 830 1837 Pater
853 1782 1118 1852 dignetur
1144 1782 1392 1854 accipere
1422 1781 1684 1836 benedic-

143 1880 290 1937 ctam;
318 1879 371 1926 et
393 1872 601 1926 habere
628 1871 949 1942 ascriptam,
981 1872 1085 1924 hoc
1115 1877 1202 1926 est
1228 1871 1592 1942 assignatam,
1621 1876 1686 1926 ut

143 1961 224 2014 sibi
246 1961 458 2032 placeat.
481 1961 707 2025 Ratam,
731 1960 836 2014 hoc
864 1965 968 2024 est,
991 1960 1323 2029 judicatam,
1356 1967 1419 2014 ut
1455 1960 1686 2030 dignam

139 2050 262 2104 illam
276 2050 474 2121 judicet
499 2051 557 2104 in
585 2055 884 2121 conspectu
905 2065 1006 2103 suo
1021 2049 1226 2106 oll‘erri.
1251 2049 1680 2118 Rationabilem,

140 2139 182 2192 id
214 2145 303 2201 est,
327 2141 476 2209 justa
502 2139 724 2194 ratione
761 2139 982 2210 plenam
1029 2137 1211 2192 facere
1239 2138 1521 2208 dignetur,
1553 2138 1686 2210 quia

136 2233 242 2281 tunc
266 2228 338 2282 illi
357 2235 440 2282 est
473 2227 853 2299 acceptabilis,
887 2228 934 2281 si
964 2232 1114 2282 recte
1153 2227 1444 2282 credentes
1472 2245 1573 2298 pro
1595 2229 1685 2297 ju-

135 2325 203 2370 sta
227 2317 422 2372 ratione
441 2318 749 2372 offerimus.
773 2318 801 2370 J
809 2323 996 2371 ustum
1020 2322 1106 2370 est
1126 2317 1410 2387 postulare
1437 2322 1502 2370 ut
1527 2316 1682 2369 illam

131 2404 445 2472 oblationem,
463 2425 632 2478 quam
649 2423 750 2460 nos
765 2405 1178 2460 rationabiliter
1191 2406 1495 2470 offerimus,
1516 2405 1684 2459 Pater

131 2495 438 2566 omnipotens
457 2495 860 2551 sanctificando
894 2495 1001 2550 sibi
1049 2494 1448 2566 acceptabilem
1496 2493 1680 2560 faciat,

131 2584 182 2636 ΓΙ
213 2587 348 2639 nobis
393 2603 589 2654 corpus
636 2591 685 2640 ct
729 2587 957 2653 sanguis
1011 2589 1108 2652 fiat
1157 2586 1503 2638 dilectissimi
1553 2584 1686 2638 Filii

128 2677 197 2725 tui
220 2675 428 2729 Domini
458 2679 643 2729 nostri
665 2677 790 2730 Jesu
833 2675 1058 2730 Christi.
1093 2673 1238 2738 Quia
1265 2672 1418 2726 Patri
1447 2672 1683 2727 dilectus

127 2767 196 2815 est
218 2762 391 2826 Filius,
422 2764 573 2818 sicut
601 2763 722 2834 ipse
752 2763 920 2818 Pater
946 2767 1187 2817 testatus
1217 2767 1304 2816 est
1330 2762 1399 2816 de
1427 2762 1565 2816 caelo
1595 2761 1680 2816 di-

125 2867 231 2904 cens
262 2869 272 2902 :
307 2870 332 2904 α
361 2853 464 2906 Hic
491 2858 583 2906 est
619 2852 793 2906 Filius
819 2868 979 2906 meus
1015 2851 1270 2909 dilectus.
1307 2870 1332 2902 »
1366 2856 1421 2904 et
1458 2856 1676 2905 caetera.

128 2957 144 2986 ι
173 2939 271 2992 Nos
297 2941 485 3011 utique
509 2958 644 2995 eum
667 2940 899 3010 diligere
919 2939 1207 3005 debemus,
1232 2939 1364 3011 quia
1381 2939 1500 3010 ipse
1528 2939 1683 3010 prior

118 3026 284 3082 dilexit
303 3047 422 3094 nos,
452 3037 511 3084 et
532 3046 732 3100 passus
751 3037 839 3084 est
857 3046 956 3100 pro
978 3028 1158 3083 nobis.
1185 3047 1210 3080 ι
1234 3059 1298 3069 -
1322 3046 1348 3078 (ι
1374 3028 1481 3092 Qui
1502 3027 1680 3099 pridie

119 3132 256 3185 quam
285 3124 578 3189 pateretur
604 3119 817 3189 accepit
840 3134 1044 3190 panem
1078 3117 1138 3171 in
1165 3122 1387 3172 sanctas
1419 3134 1484 3171 ac
1511 3134 1679 3171 vene-

114 3204 287 3260 rabiles
315 3225 517 3263 manus
555 3224 704 3271 suas,
743 3207 972 3262 elevatis
1001 3205 1174 3260 oculis
1203 3206 1262 3260 in
1292 3206 1493 3260 caelum
1524 3206 1595 3260 ad
1623 3213 1680 3261 te

114 3292 262 3349 Deum
309 3297 536 3351 Patrem
592 3313 758 3350 suum
811 3296 1271 3366 omnipotentem,
1322 3295 1426 3350 tibi
1467 3296 1680 3366 gratias

109 3398 255 3450 agens
285 3384 590 3450 benedixit,
613 3385 798 3456 fregit,
823 3385 978 3439 dedit
1008 3384 1295 3455 discipulis
1324 3384 1442 3438 suis
1467 3384 1674 3438 dicens:

108 3470 324 3543 Accipite
352 3481 409 3528 et
438 3474 782 3529 manducata
813 3491 878 3528 ex
909 3475 1012 3528 hoc
1039 3490 1252 3536 omnes,
1281 3473 1386 3527 hoc
1416 3479 1503 3526 est
1530 3473 1679 3527 enim

104 3575 278 3631 corpus
306 3579 519 3618 meum.
559 3563 740 3618 Simili
786 3562 951 3617 modo
995 3568 1357 3633 posteaquam
1398 3567 1679 3616 cenatum

105 3656 189 3712 est,
210 3651 480 3723 accipiens
511 3658 573 3707 et
592 3653 740 3706 hunc
759 3652 1088 3723 praeclarum
1114 3651 1340 3706 calicem
1371 3649 1429 3704 in
1459 3656 1679 3706 sanctas

102 3752 154 3790 ac
180 3741 517 3796 venerabiles
551 3757 752 3814 manus
776 3757 926 3802 suas,
961 3740 1096 3794 item
1127 3740 1228 3793 tibi
1256 3739 1471 3810 gratias
1506 3757 1679 3810 agens

100 3823 378 3896 benedixit,
407 3831 572 3885 dedit
593 3830 880 3901 discipulis
901 3829 1019 3884 suis
1037 3830 1243 3892 dicens,
1263 3829 1496 3900 accipite
1517 3835 1574 3884 et
1595 3829 1678 3883 bi-

99 3911 194 3970 bite
220 3935 282 3972 ex
311 3918 419 3974 hoc
452 3937 655 3974 omnes
686 3937 697 3972 :
734 3919 837 3973 Hic
885 3925 971 3973 est
1015 3919 1166 3972 enim
1211 3919 1353 3972 calix
1389 3919 1678 3989 sanguinis

96 4005 189 4058 mei
215 4008 340 4062 novi
370 4015 431 4062 et
454 4009 656 4063 aeterni
683 4008 1026 4064 Testamenti
1050 4007 1381 4079 mysterium
1402 4008 1552 4073 fidei,
1581 4007 1678 4079 qui

92 4107 180 4160 pro
209 4095 369 4150 vobis
398 4103 459 4151 et
489 4115 596 4170 pro
625 4097 819 4152 multis
847 4096 1168 4151 effundetur
1201 4097 1260 4150 in
1289 4097 1676 4151 remissionem

89 4183 322 4239 omnium
340 4191 731 4257 peccatorum.
751 4187 880 4240 Hinc
891 4186 1336 4257 quotiescunque
1357 4185 1599 4240 feceritis
1617 4185 1674 4241 in

89 4270 184 4324 mei
215 4275 557 4330 memoriam
588 4275 821 4329 facietis.
841 4294 866 4326 »
882 4275 1042 4339 Quod
1061 4273 1500 4330 intermisimus:
1531 4293 1556 4326 (ι
1581 4275 1676 4345 qui

85 4360 245 4426 pridie
276 4380 454 4434 quam
488 4370 800 4435 pateretur,
838 4382 866 4416 ι»
891 4364 995 4418 hoc
1015 4369 1118 4430 est,
1153 4363 1331 4435 pridie
1361 4379 1531 4433 quam
1559 4362 1678 4435 ipse

84 4461 264 4516 passus
293 4459 381 4508 est
408 4471 520 4524 pro
548 4453 724 4518 nobis,
759 4453 936 4507 voluit
976 4453 1200 4507 tradere
1246 4451 1535 4522 discipulis
1563 4452 1679 4506 suis

79 4541 312 4610 corporis
332 4543 426 4596 sui
452 4543 814 4613 mysterium,
832 4548 898 4596 ut
920 4542 1000 4596 illi
1023 4542 1314 4596 traderent
1337 4541 1516 4595 nobis.
1542 4541 1680 4605 Quis

79 4641 315 4697 unquam
339 4631 626 4697 crederet,
660 4631 807 4702 quod
840 4630 1002 4702 panis
1029 4630 1087 4684 in
1140 4646 1365 4684 carnem
1405 4629 1681 4700 potuisset

75 4719 341 4785 converti;
377 4721 474 4774 vel
508 4719 698 4774 vinum
725 4720 784 4774 in
812 4719 1162 4789 sanguinem,
1194 4718 1303 4773 nisi
1343 4718 1462 4789 ipse
1487 4718 1680 4773 Salva-

76 4809 156 4856 tor
181 4806 420 4872 diceret,
459 4809 560 4880 qui
591 4825 793 4880 panem
823 4814 882 4864 et
909 4807 1100 4861 vinum
1127 4806 1352 4873 creavit,
1387 4813 1444 4860 et
1491 4807 1683 4861 omnia

73 4907 130 4945 ex
153 4894 330 4951 nihilo
351 4897 502 4952 fecit
519 4898 542 4950 ?
562 4897 775 4952 facilius
807 4902 894 4952 est
922 4895 1135 4968 aliquid
1164 4912 1228 4949 ex
1260 4895 1449 4965 aliquo
1477 4894 1676 4954 facere.

75 4997 232 5049 quam
263 4987 471 5040 omnia
502 5003 568 5040 ex
596 4986 774 5040 nihilo
802 5002 1012 5040 creare.
1047 4987 1172 5057 Ipse
1224 4985 1481 5039 Salvator
1506 4983 1684 5037 voluit

73 5085 264 5142 corpus
297 5073 629 5128 humanum
659 5075 962 5146 suscipere,
1000 5080 1058 5128 et
1087 5074 1374 5128 hominem
1404 5073 1519 5126 Deo
1547 5088 1679 5125 con-

65 5159 316 5230 jungere,
351 5169 424 5218 ut
456 5179 609 5218 unus
651 5165 811 5220 fieret
836 5165 1115 5218 mediator
1141 5162 1243 5217 Dei
1291 5165 1348 5216 et
1388 5161 1682 5216 hominum

67 5245 226 5304 homo
250 5251 532 5306 Christus
551 5254 732 5310 Jesus.
766 5255 1003 5326 Ipseque
1029 5251 1206 5306 voluit
1231 5267 1333 5323 per
1350 5267 1451 5304 nos
1479 5266 1682 5322 panem

67 5341 119 5388 et
144 5338 344 5393 vinum
380 5341 583 5395 offerri
607 5342 712 5397 sibi
740 5349 799 5398 et
816 5342 886 5396 ab
907 5343 1028 5414 ipso
1051 5339 1318 5395 divinitus
1346 5339 1678 5402 consecrari,

66 5429 118 5475 et
144 5423 381 5481 fidelem
413 5430 696 5500 populum
723 5431 949 5486 credere
964 5445 1162 5484 verum
1193 5443 1316 5482 esse
1348 5425 1683 5498 mysterium

63 5512 208 5582 quod
239 5515 370 5588 ipse
395 5517 646 5574 tradidit
658 5518 944 5592 discipulis
967 5519 1085 5573 suis
1119 5517 1309 5572 dicens
1337 5533 1348 5568 :
1377 5531 1405 5570 ί
1439 5514 1685 5585 Accipite

1769 1778 1842 1832 sti
1873 1779 2117 1834 fideliter
2147 1797 2424 1836 memores
2443 1800 2564 1838 esse
2592 1784 2815 1852 debent,
2847 1789 2980 1859 quia
2998 1789 3104 1862 ipsi
3133 1793 3363 1849 missam

1767 1867 2071 1934 celebrant,
2107 1875 2162 1923 et
2207 1871 2544 1926 sacrificium
2586 1874 2830 1930 offerunt
2857 1878 3064 1933 Christi
3111 1884 3364 1954 exemplo

1769 1955 2027 2011 instructi
2048 1977 2060 2024 ;
2093 1963 2150 2011 et
2169 1959 2311 2013 scire
2333 1959 2540 2014 debent
2559 1962 2692 2032 quid
2710 1964 3012 2032 celebrant,
3036 1970 3170 2040 quia
3189 1973 3365 2027 stulta

1767 2047 2072 2116 postulatio
2103 2053 2190 2101 est
2217 2049 2263 2102 si
2293 2050 2542 2120 postulat
2579 2051 2705 2122 quis
2749 2054 2898 2124 quod
2947 2057 3144 2112 nescit.
3199 2059 3362 2116 Plebs

1766 2147 1962 2188 sancta
1989 2135 2114 2190 ideo
2143 2136 2311 2190 simul
2348 2138 2671 2193 meminisse
2712 2141 2896 2208 debet,
2929 2145 3063 2216 quia
3107 2147 3362 2204 Christus

1766 2237 1878 2275 non
1898 2221 2081 2276 solum
2113 2239 2212 2294 pro
2243 2224 2623 2280 sacerdotibus
2651 2244 2848 2298 passus
2877 2236 2981 2297 est,
3014 2232 3111 2286 sed
3155 2240 3209 2288 et
3259 2251 3360 2306 pro

1766 2309 1966 2380 plebe;
2001 2317 2194 2366 sancta
2225 2312 2350 2367 ideo
2387 2313 2610 2382 dicitur,
2644 2316 2774 2387 quia
2820 2319 2931 2372 fide
2976 2337 3041 2374 ac
3083 2319 3360 2393 baptismo

1767 2399 1978 2453 Christi
2007 2407 2268 2472 percepto
2299 2403 2646 2458 sanctificata
2675 2411 2777 2459 est.
2798 2407 2962 2462 Modo
2988 2407 3195 2466 indicat
3226 2413 3359 2483 quid

1767 2489 2087 2543 meminisse
2111 2489 2334 2556 debent,
2359 2490 2411 2544 id
2437 2498 2539 2556 est,
2569 2497 2685 2546 tam
2707 2493 2882 2550 beata:
2910 2498 3203 2566 passionis,
3229 2518 3359 2556 nec-

1766 2594 1878 2632 non
1908 2585 1966 2632 et
1987 2577 2057 2632 ab
2088 2579 2281 2633 inferis
2311 2581 2753 2647 resurrectionis,
2777 2585 2872 2637 sed
2895 2585 3022 2640 etin
3042 2589 3210 2643 cmlos
3235 2591 3358 2660 glo-

1765 2666 1926 2722 riosae
1957 2667 2315 2733 ascensionis,
2346 2668 2554 2724 Christi
2589 2670 2814 2741 quidem
2846 2673 2950 2728 Fili
2981 2675 3101 2729 Dei.
3137 2678 3359 2734 Passio-

1763 2755 1851 2809 nis
1881 2755 2138 2810 videlicet
2166 2757 2290 2826 ejus
2317 2773 2595 2812 memores
2626 2776 2746 2814 esse
2769 2759 3056 2830 debemus,
3089 2766 3223 2836 quia
3242 2769 3358 2838 pati

1762 2843 2026 2913 dignatus
2052 2851 2139 2899 est
2169 2862 2270 2916 pro
2299 2845 2477 2901 nobis.
2504 2847 2949 2905 Resurrectionis
2976 2853 3099 2922 ejus
3126 2853 3196 2908 ab
3223 2855 3360 2911 infe-

1763 2932 1859 2997 ris,
1885 2933 2017 3003 quia
2037 2933 2417 3004 animzejustte
2437 2935 2507 2989 ab
2527 2937 2720 2992 inferis
2756 2956 2858 3010 per
2890 2943 3357 3000 resurrectionem

1763 3021 1884 3092 ejus
1908 3021 2156 3077 liberatae
2177 3029 2326 3078 sunt.
2343 3024 2721 3097 Gloriosaeque
2741 3027 3002 3084 similiter
3019 3033 3359 3089 ascensionis

1762 3111 1884 3180 ejus
1913 3127 2190 3169 memores
2228 3129 2349 3167 esse
2386 3113 2686 3182 debemus;
2729 3117 2863 3187 quia
2907 3136 3108 3191 corpus
3153 3121 3357 3178 huma-

1763 3215 1899 3254 num
1929 3201 2076 3271 quod
2101 3207 2486 3272 assumpserat
2506 3205 2766 3273 junctum
2796 3207 3095 3276 divinitati,
3129 3211 3248 3267 sine
3279 3214 3362 3268 ul-

1761 3287 1870 3342 lius
1899 3289 2179 3359 adjutorio
2202 3291 2430 3361 propria
2460 3293 2756 3362 majestate
2781 3297 3023 3366 portavit
3051 3297 3109 3352 in
3131 3301 3353 3354 coelum.

1763 3377 1893 3430 Ideo
1921 3376 2162 3431 diximus
2189 3378 2311 3433 sine
2343 3379 2512 3433 ullius
2559 3381 2860 3451 adjutorio,
2896 3391 2961 3438 ut
3003 3385 3357 3459 intelligatur

1761 3481 1874 3518 non
1901 3465 2195 3520 hominum
2235 3483 2338 3520 nec
2365 3469 2714 3537 angelorum,
2754 3488 2854 3526 nec
2883 3474 3050 3528 ullius
3086 3482 3356 3533 creaturae

1761 3553 2012 3608 vehiculo
2041 3555 2355 3608 ascendisse
2396 3555 2453 3609 in
2484 3557 2705 3622 caelum,
2736 3561 2832 3613 sed
2876 3577 2908 3614 a
2951 3563 3134 3617 Patris
3178 3568 3355 3637 maje-

1760 3647 1906 3696 state
1935 3642 2182 3696 elevatus
2219 3647 2320 3708 est,
2353 3644 2422 3697 de
2452 3661 2562 3714 quo
2593 3647 2710 3716 ipse
2741 3647 2881 3702 dixit
2921 3649 2978 3703 in
3009 3651 3308 3722 Evangelio
3338 3674 3352 3711 :

1765 3748 1791 3783 α
1817 3731 1932 3800 Ego
1946 3735 2003 3784 et
2015 3731 2183 3784 Pater
2201 3748 2376 3786 unum
2398 3749 2612 3786 sumus.
2623 3753 2753 3785 »—¢
2764 3735 3063 3793 Ofl'erimus
3078 3743 3355 3810 praeclarae

1761 3819 2041 3889 majestati
2073 3826 2182 3874 tuae
2213 3821 2282 3874 de
2320 3821 2435 3874 tuis
2475 3821 2637 3877 donis
2677 3840 2743 3876 ac
2786 3824 2952 3892 datis,
2987 3827 3228 3884 hostiam
3257 3848 3357 3902 pu-

1761 3925 1902 3972 ram,
1931 3907 2174 3961 hostiam
2202 3913 2476 3973 sanctam,
2509 3910 2750 3966 hostiam
2781 3912 3221 3986 immaculatum,
3254 3937 3354 3991 pa-

1759 4014 1889 4052 nem
1917 4003 2175 4052 sanctum
2201 4003 2328 4052 Vitae
2357 4004 2597 4065 aeternae,
2625 4007 2684 4056 et
2716 4002 2944 4058 calicem
2984 4006 3180 4062 salutis
3226 4026 3355 4082 per-

1757 4093 1958 4159 petuae.
1991 4086 2038 4142 0
2067 4087 2324 4152 Domine,
2357 4087 2608 4144 omnium
2642 4108 2922 4149 memores
2963 4112 3134 4168 supra
3177 4099 3355 4154 dicta-

1758 4193 1884 4231 rum
1932 4175 2247 4257 bonitatum
2293 4183 2521 4233 tuarum
2576 4181 2863 4238 offerimus
2917 4191 3026 4240 tuae
3071 4188 3356 4259 majestati

1757 4266 2000 4321 hostiam
2029 4283 2251 4338 puram,
2282 4287 2304 4318 ι
2338 4267 2441 4322 hoc
2479 4273 2566 4323 est
2593 4271 2760 4326 corde
2788 4290 2946 4344 puro,
2981 4275 3114 4345 quia
3150 4294 3355 4348 purum

1761 4362 1848 4410 est
1875 4372 2079 4427 corpus
2100 4361 2284 4423 tuum,
2307 4358 2455 4428 quod
2485 4359 2554 4413 de
2584 4359 2689 4414 hoc
2719 4379 2862 4432 pane
2901 4364 3020 4417 fieri
3052 4366 3350 4422 credimus.

1759 4448 2007 4501 [lost-iam
2074 4453 2344 4512 sanctam,
2406 4447 2540 4518 quia
2566 4507 2576 4518 ο
2605 4455 2666 4504 tu
2732 4451 3089 4508 sanctificasti
3152 4472 3354 4529 corpus

1759 4538 1919 4588 tuum
1942 4534 2166 4604 quando
2185 4535 2541 4591 hominemin
2553 4537 2732 4592 Deum
2749 4541 3120 4610 assumpsisti,
3137 4549 3195 4598 et
3207 4561 3355 4600 nunc

1761 4623 2046 4676 sanctifica
2103 4623 2252 4676 hunc
2286 4640 2490 4693 panem
2549 4629 2612 4678 ut
2647 4641 2848 4696 corpus
2896 4633 3058 4683 tuum
3100 4633 3218 4687 fiat.
3255 4637 3356 4691 Ηο-

1761 4714 1927 4764 stiam
1958 4715 2400 4776 immaculatum,
2435 4713 2566 4784 quia
2605 4718 2668 4767 tu
2710 4714 2832 4768 sine
2878 4718 3100 4773 macula
3145 4722 3356 4792 peccati

1763 4816 1960 4871 passus
2007 4816 2066 4853 es
2109 4817 2211 4871 pro
2261 4800 2439 4855 nobis.
2482 4803 2689 4857 Panem
2735 4810 2994 4859 sanctum
3039 4810 3164 4862 vita:
3207 4815 3357 4864 arter-

1765 4907 1862 4954 ns',
1899 4889 2032 4960 quia
2058 4889 2221 4960 panis
2267 4889 2422 4944 vivus
2451 4907 2532 4956 es,
2564 4891 2659 4962 qui
2707 4893 2778 4948 de
2820 4895 2958 4949 coelo
2997 4896 3352 4967 descendisti,

1763 4984 1820 5032 et
1848 4995 2048 5050 corpus
2070 4985 2228 5033 tuum
2256 4979 2314 5033 in
2334 4979 2439 5034 hoc
2458 4997 2601 5051 pane
2617 4997 2651 5035 a
2671 4987 2728 5037 te
2750 4984 3096 5040 sanctiﬁcato
3131 5003 3232 5041 nos
3261 5004 3354 5042 ac-

1761 5068 1946 5140 cipere
1975 5067 2214 5134 voluisti,
2245 5074 2302 5123 et
2340 5086 2440 5140 per
2493 5070 2723 5125 calicem
2770 5072 3043 5144 passionis
3097 5080 3208 5131 tua;
3252 5093 3355 5132 nos

1763 5156 2094 5229 sanguinem
2145 5162 2306 5212 tuum
2361 5175 2583 5213 sumere
2641 5160 2884 5216 voluisti.
2933 5162 3019 5217 Tu
3072 5165 3356 5220 sanctiﬁca

1763 5245 1908 5300 hanc
1929 5244 2186 5310 hostiam,
2204 5250 2269 5300 ut
2302 5245 2464 5300 nobis
2485 5263 2687 5318 corpus
2710 5254 2870 5304 tuum
2893 5255 2949 5304 et
2967 5253 3198 5322 sanguis
3226 5259 3356 5310 tuus

1766 5337 1882 5390 fiat.
1911 5353 1938 5386 α
1964 5335 2145 5404 Supra
2160 5350 2281 5404 quae
2301 5334 2544 5406 propitio
2563 5353 2629 5390 ac
2657 5354 2856 5392 sereno
2878 5340 3034 5394 vultu
3078 5343 3356 5414 respicere

1765 5423 2031 5496 digneris.
2077 5440 2104 5474 π
2138 5422 2256 5476 Hoc
2274 5422 2642 5496 deprecamur
2659 5431 2741 5493 ut,
2765 5427 2936 5483 Pater
2953 5437 3164 5499 sancte,
3187 5449 3358 5506 super

1766 5513 1915 5567 dona
1941 5527 1975 5565 a
2000 5509 2161 5566 nobis
2203 5511 2400 5567 ofi'erta
2445 5511 2622 5582 [Forte
2669 5514 2878 5588 oblata]
2917 5517 3010 5589 pio
3048 5523 3108 5574 et
3151 5520 3358 5578 blando
