3982 6158
527 269 662 333 1187

1117 271 1179 322 Β.
1221 267 1493 322 RABANI
1531 268 1762 327 MAURI
1798 267 2136 339 ARCHIEP.
2177 265 2500 322 MOGUNT.
2543 265 2840 322 OPERUM
2877 265 3060 318 PARS
3099 265 3193 320 ΠΙ.

3613 269 3724 327 1188

521 395 746 452 vultuet
768 393 920 450 claro
945 393 1195 463 digneris
1214 391 1510 462 respicere,
1546 397 1605 444 et
1631 397 1858 460 accepta
1885 390 2112 452 habere,
2135 396 2181 452 Α¹
2199 390 2440 444 mittat":
2465 391 2573 443 Per-
2585 390 2872 444 Christum
2893 390 3189 444 Dominum
3207 399 3466 446 nostrum.
3483 394 3580 448 Per
3591 411 3728 464 quem

521 483 684 538 sicuti
710 488 939 552 accepta
965 481 1174 536 habere
1203 482 1466 550 dignatus
1487 498 1544 534 es
1577 497 1813 534 munera
1844 479 2003 550 pueri
2030 481 2114 534 tui

515 571 654 641 justi
673 571 833 634 Abel.
866 577 922 624 et
943 570 1276 626 sacriﬁcium
1303 571 1634 640 patriarchae
1660 569 1834 624 nostri
1854 569 2110 635 Abrahae,

519 666 576 716 et
605 661 752 731 quod
779 659 879 717 tibi
900 660 1104 714 obtulit
1129 676 1384 714 summus
1409 660 1669 712 sacerdos
1711 665 1842 712 tuus
1883 658 2112 712 Melchi-

519 749 1002 810 sedech.sanctum
1017 749 1800 808 sacriticiurn,immaculatam
1816 749 2055 801 hostiam
2066 767 2114 800 ,ιι

518 839 759 908 Accepta
810 838 1001 894 habuit
1030 838 1299 893 Dominus
1336 854 1572 891 numera
1601 837 1756 896 Abel,
1791 837 1922 907 quia
1951 837 2114 906 quid-

521 927 652 996 quid
676 927 952 997 optimum
976 927 1206 991 invenit,
1227 927 1464 982 Domino
1486 926 1708 979 obtulit.
1735 927 1803 980 Et
1833 943 1935 979 nos
1959 928 2116 995 justa

522 1032 757 1070 munera
788 1023 844 1072 et
875 1016 1086 1074 munda
1113 1017 1247 1081 Deo,
1279 1015 1683 1073 mundocorde
1711 1017 1908 1068 oﬂ'erre
1953 1015 2116 1068 debe-

523 1122 648 1166 mus
702 1104 983 1165 Abraham
1016 1105 1130 1160 ﬁlio
1161 1122 1260 1160 suo
1293 1121 1405 1159 non
1431 1105 1697 1174 pepercit,
1732 1105 1826 1157 sed
1853 1103 2118 1157 obediens

517 1194 757 1264 jussioni
797 1193 1020 1248 Domini
1069 1195 1265 1248 olferre
1312 1210 1440 1248 eum
1489 1193 1682 1254 voluit,
1711 1193 2118 1246 Melchisedech

521 1284 737 1353 primus
767 1283 1026 1338 sacerdos
1054 1283 1290 1338 Domino
1313 1299 1514 1352 panem
1531 1289 1588 1335 et
1610 1282 1796 1336 vinum
1817 1282 2036 1346 obtulit,
2061 1287 2120 1336 et

518 1371 644 1426 ideo
669 1373 940 1442 scriptum
973 1379 1058 1426 est
1088 1372 1146 1425 in
1174 1372 1394 1424 Psalmo
1426 1389 1436 1422 :
1477 1391 1499 1420 (ι
1535 1371 1619 1424 Tu
1659 1388 1720 1424 es
1759 1371 2018 1424 sacerdos
2059 1371 2117 1424 in

520 1469 792 1516 aeternum
816 1461 1122 1514 secundum
1141 1460 1392 1514 ordinem
1407 1459 1986 1524 lliclchisedecthal.
2008 1477 2114 1526 CIX,

522 1550 574 1615 4)
628 1569 639 1602 :
694 1567 720 1601 υ
753 1549 888 1618 quia
935 1549 1081 1602 sicut
1129 1549 1530 1602 Melchisedech
1575 1565 1777 1618 panem
1817 1554 1874 1600 et
1904 1549 2114 1610 vinum,

519 1638 599 1695 ita
619 1645 677 1692 et
695 1638 951 1696 Christus
973 1637 1030 1692 in
1053 1637 1308 1706 passione
1331 1654 1434 1691 sua
1457 1653 1658 1706 corpus
1693 1643 1750 1690 et
1787 1637 2117 1706 sanguinem

2196 480 2313 534 haec
2335 479 2542 538 omnia.
2561 481 2815 545 Domine,
2837 497 3059 550 semper
3083 479 3228 534 bona
3245 497 3412 544 creas,
3437 483 3728 542 sanctiﬁcas.

2199 569 2462 632 viviticas,
2489 569 2768 623 benedicis
2791 574 2848 622 et
2880 576 3111 639 praestas
3136 569 3308 623 nobis.
3336 589 3360 621 ι
3385 571 3493 624 Hoc
3519 573 3732 626 videlicet

2197 674 2496 729 precamur
2519 664 2583 711 ut
2612 674 2712 727 per
2733 658 2917 728 ipsum
2939 658 3220 712 Christum
3247 659 3442 712 Filium
3466 664 3608 714 tuum
3627 663 3733 720 ,uni-

2196 747 2474 814 genitum,
2508 763 2610 816 per
2637 764 2802 816 quem
2849 747 3038 800 omnia
3086 747 3230 800 bona
3264 755 3446 800 creata
3484 755 3601 801 sunt
3633 766 3734 803 san-

2197 837 2444 890 ctificata
2488 845 2544 889 et
2590 835 2888 901 vivnticata,
2921 837 3038 889 haec
3083 843 3427 890 sacramenta
3465 836 3730 904 benediras,

2197 931 2254 978 et
2283 925 2443 978 nobis
2487 926 2556 978 ad
2598 925 2912 979 remedium
2957 925 3360 995 sempiternum
3406 925 3734 996 accipiendum

2197 1014 2465 1084 praebeas.
2501 1015 2608 1067 Per
2635 1031 2802 1083 quem
2833 1019 2891 1066 et
2921 1031 3045 1068 eum
3077 1031 3186 1084 quo
3219 1022 3278 1068 et
3323 1014 3380 1068 in
3426 1031 3526 1083 quo
3554 1019 3625 1069 est
3653 1015 3734 1068 tibi

2198 1104 2312 1157 Deo
2345 1103 2496 1156 Patri
2525 1104 2916 1174 omnipotenti,
2953 1104 3010 1158 in
3051 1103 3267 1158 unitate
3313 1103 3542 1172 Spiritus
3574 1105 3731 1166 sancti,

2200 1193 2380 1246 omnis
2415 1193 2592 1246 honor
2621 1197 2679 1244 et
2719 1193 2916 1261 gloria,
2951 1209 3050 1262 per
3097 1193 3287 1248 omnia
3331 1193 3523 1245 saecula
3556 1193 3736 1246 saeculo-

2201 1278 2344 1344 rum,
2361 1297 2544 1335 amen.
2558 1281 2721 1335 nPost
2743 1282 2856 1334 haec
2875 1298 3006 1350 ergo
3029 1281 3096 1334 ad
3120 1281 3427 1334 orationem
3441 1281 3733 1334 Dominicam

2201 1371 2612 1440 proferendam,
2637 1371 2894 1424 sacerdos
2924 1371 3120 1423 incitat
3147 1370 3416 1440 pepulum
3439 1370 3512 1424 ita
3538 1370 3694 1424 dicens
3721 1390 3728 1420 :

2199 1461 2478 1527 Prwcrptis
2508 1462 2851 1514 salutaribus
2881 1463 3081 1512 moniti
3110 1465 3157 1512 ct
3206 1461 3399 1511 divina
3443 1462 3734 1512 institutiom

2201 1550 2454 1614 formati,
2503 1550 2777 1601 audemus
2825 1550 3019 1602 dicere.
3071 1547 3282 1618 Chr;isti
3329 1547 3474 1602 enim
3520 1555 3739 1617 praecepta

2203 1638 2383 1690 salute
2412 1643 2546 1690 sunt
2583 1637 2766 1706 plena,
2811 1637 2940 1706 quia
2971 1637 3088 1707 ipse
3127 1644 3216 1690 est
3259 1637 3410 1690 salus
3445 1641 3646 1698 aeterna,
3671 1653 3738 1690 cu-

523 1726 728 1780 obtulit
745 1728 858 1780 Deo
881 1726 1032 1784 Patri
1049 1743 1148 1796 pro
1174 1726 1352 1780 nobis.
1377 1727 1446 1780 Et
1472 1726 1530 1779 in
1561 1743 1703 1796 pane
1749 1732 1806 1779 et
1833 1727 1956 1780 vino
2000 1718 2184 1796 pas-B
2199 1727 2294 1795 jus
2314 1725 2694 1779 admonitione
2724 1732 2782 1778 et
2821 1726 3073 1795 jussione
3113 1731 3286 1796 atque
3331 1725 3652 1809 institutione
3681 1725 3740 1776 di-

521 1814 696 1876 sionis
716 1832 829 1870 suae
847 1815 1175 1884 mysterium
1199 1832 1300 1869 nos
1323 1815 1532 1870 imitari
1565 1815 1753 1874 voluit,
1781 1816 2004 1885 quando
2035 1816 2120 1868 di-

523 1903 752 1976 scipulis
771 1903 888 1957 suis
913 1904 1055 1960 dans
1077 1921 1280 1974 panem
1298 1921 1362 1957 ac
1383 1904 1612 1958 calicem
1647 1904 1820 1958 dixit:
1848 1921 1876 1956 α
1903 1905 2017 1958 Hoc
2038 1911 2123 1957 est

523 2009 724 2062 corpus
763 2009 952 2054 meum
986 2011 997 2046 :
1031 1999 1088 2046 et
1133 1993 1224 2047 hic
1262 1997 1349 2046 est
1392 1993 1533 2046 calix
1582 1993 1874 2062 sanguinis
1923 1995 2055 2046 mei.
2095 2014 2117 2042 ιο

507 2081 738 2152 (Matth.
773 2098 921 2145 XXVI,
957 2079 1068 2140 26.)
1119 2081 1187 2136 Et
1238 2099 1339 2137 nos
1393 2083 1708 2152 supplicare
1749 2081 2016 2136 debemus
2065 2089 2127 2136 ut

524 2169 668 2224 sicut
698 2169 1150 2240 supradictorum
1206 2177 1428 2240 patrum
1469 2177 1696 2241 accepta
1733 2172 1848 2224 Deo
1901 2172 2128 2225 fuerunt

526 2275 780 2324 munera,
799 2259 879 2315 ita
905 2260 1043 2317 ﬁant
1061 2266 1119 2313 et
1138 2266 1350 2313 nostra.
1378 2279 1401 2310 ‹‹
1438 2259 1726 2330 Supplices
1753 2265 1808 2313 te
1841 2277 2121 2330 rogamus,

527 2347 883 2417 omnipotens
903 2348 1075 2416 Deus,
1091 2347 1226 2418 jnbe
1250 2349 1366 2402 haec
1383 2349 1616 2418 perferri
1648 2365 1748 2418 per
1764 2365 1964 2403 manus
1994 2367 2122 2402 san-

525 2436 600 2489 cti
631 2436 816 2505 angeli
847 2436 931 2490 tui
962 2436 1020 2492 in
1050 2435 1290 2490 sublime
1319 2438 1497 2490 altare
1539 2444 1700 2490 tuum
1739 2438 1797 2490 in
1827 2445 2122 2508 conspectu

527 2524 726 2584 divinae
754 2526 1069 2595 majestatis
1096 2531 1225 2580 tum.
1254 2553 1270 2570 ιι
1291 2527 1338 2579 Η
1347 2525 1594 2579 umiliter
1615 2543 1747 2596 ergo
1777 2528 2125 2597 postulamus

527 2619 592 2667 ut
623 2630 860 2668 munera
884 2619 1080 2670 nostra
1110 2631 1278 2684 super
1308 2615 1412 2668 hoc
1443 2615 1620 2668 altare
1651 2616 1798 2685 quod
1829 2616 2000 2669 videri
2030 2633 2126 2686 po-

528 2706 640 2758 test
673 2701 880 2764 oblata,
911 2703 1082 2756 Pater
1106 2701 1304 2772 jubeat
1329 2704 1571 2757 caelestis
1598 2721 1700 2774 per
1727 2721 1928 2758 manus
1947 2706 2122 2758 sancti

526 2790 711 2858 angeli
745 2789 833 2843 sui
864 2790 1104 2860 perferri
1138 2791 1193 2844 in
1235 2791 1374 2846 illud
1403 2793 1578 2846 altum
1627 2793 1805 2847 altare
1847 2794 1992 2864 quod
2040 2800 2126 2847 est

527 2884 660 2933 ante
688 2877 932 2934 divinam
964 2880 1316 2948 majestatem
1343 2897 1523 2945 suam,
1550 2883 1697 2951 quod
1727 2883 1902 2936 oculis
1920 2883 2126 2936 nostris

2205 1815 2330 1868 vina
2369 1815 2595 1868 formati
2645 1815 2764 1868 ausi
2811 1832 3005 1870 sumus
3045 1833 3240 1885 preces
3273 1816 3388 1868 Deo
3429 1813 3741 1884 omnipotenti

2204 1905 2421 1958 oll’erre.
2433 1905 2596 1972 juxta
2609 1904 2893 1973 exemplar
2918 1905 3066 1974 quod
3089 1905 3212 1974 ipse
3230 1905 3479 1958 Salvator
3495 1902 3742 1971 discipulos

2207 2008 2338 2045 suos
2363 1992 2554 2046 docuit
2582 1993 2639 2047 in
2668 1993 2919 2048 oratione
2950 1993 3065 2046 Deo
3104 1993 3314 2063 placita
3360 1991 3569 2053 habere,
3593 1996 3641 2046 et
3669 1990 3744 2043 Pa-

2207 2087 2350 2138 trem
2409 2081 2850 2151 omnipotentem
2907 2099 3008 2152 pro
3065 2081 3228 2135 nobis
3265 2081 3573 2150 suppliciter
3612 2080 3746 2132 inter-

2202 2168 2614 2238 'pellare.Patrr
2639 2177 2822 2224 noster
2849 2174 2947 2238 qui
2967 2188 3018 2224 es
3047 2175 3295 2235 inustis,
3319 2169 3648 2235 Santi/iretur
3671 2183 3745 2220 no-

2211 2275 2331 2311 men
2357 2265 2538 2321 tuum,
2557 2261 2827 2314 Adveniet
2849 2276 3079 2326 regnum
3093 2265 3281 2322 tuum,
3297 2260 3415 2314 Fiat
3432 2261 3657 2312 voluntas
3674 2262 3746 2308 tua

2207 2350 2347 2400 sicut
2381 2351 2444 2400 in
2474 2353 2598 2402 calo
2626 2353 2673 2401 et
2706 2351 2766 2402 in
2796 2353 2964 2406 terra.
3001 2351 3211 2402 Panem
3244 2354 3492 2402 nostrum
3518 2346 3747 2413 quotidia-

2210 2452 2346 2489 num
2375 2439 2448 2490 da
2477 2439 2629 2490 nobis
2649 2438 2823 2504 hodie,
2853 2438 2918 2492 Et
2945 2439 3164 2492 dinn'tte
3197 2439 3354 2490 nobis
3382 2437 3550 2490 debita
3578 2439 3744 2493 nostra,

2207 2527 2348 2578 sicut
2375 2531 2422 2577 et
2453 2542 2550 2578 nos
2579 2527 2919 2580 dira-afuimus
2944 2528 3282 2580 debitoribus
3307 2528 3515 2586 nostris,
3532 2525 3591 2578 Et
3609 2540 3662 2574 ηε
3697 2537 3747 2573 ’ω

2209 2615 2441 2667 inducas
2471 2617 2532 2667 in
2553 2618 2928 2668 Mutationem.
2945 2615 3049 2669 Sed
3071 2617 3252 2669 libera
3271 2631 3370 2668 nos
3389 2631 3423 2668 α
3446 2616 3593 2666 mata.
3615 2611 3669 2666 In
3684 2610 3746 2664 his

2208 2719 2341 2771 ergo
2370 2708 2583 2772 septem
2613 2703 2978 2772 petitionibus
3015 2703 3302 2772 poscimus
3339 2703 3511 2757 Deum
3543 2701 3742 2756 Patrem.

2206 2797 2270 2844 ut
2299 2791 2459 2846 nobis
2484 2808 2550 2845 ea
2581 2808 2702 2862 qum
2727 2791 2976 2846 salubria
3013 2799 3146 2846 sunt
3184 2791 3452 2854 conferat,
3480 2795 3532 2843 et
3569 2805 3626 2842 ea
3651 2803 3744 2857 qua

2207 2880 2374 2935 noxia
2397 2885 2529 2934 sunt
2547 2881 2738 2950 procul
2763 2898 2798 2934 ει
2819 2880 2980 2936 nobis
3000 2881 3258 2950 repellat.
3301 2881 3470 2949 Cujus
3509 2875 3744 2948 petitionis

527 2965 714 3021 videre
745 2983 857 3024 non
887 2984 1200 3036 possumus,
1235 2969 1370 3038 quia
1399 2971 1686 3040 corporale
1735 2988 1847 3024 non
1896 2978 1982 3025 est
2027 2973 2124 3024 sed
2159 3039 2184 3040 ί
2209 2969 2611 3038 expositionem
2653 2971 2816 3038 juxta
2869 2975 3192 3024 sanctorum
3232 2969 3518 3024 doctorum
3564 2980 3745 3020 sensum

529 3054 798 3124 spiritale.
833 3056 901 3111 Et
933 3055 1078 3112 sicut
1106 3073 1208 3110 nos
1253 3039 1513 3111 divinam
1547 3061 1898 3128 majestatem
1942 3061 2126 3114 Patris
2146 3039 2190 3096 Ο
2209 3057 2450 3112 breviter
2470 3058 2558 3112 hic
2585 3059 2856 3112 adnotare
2881 3075 3164 3113 curamus.
3195 3061 3376 3120 Pater,
3397 3056 3584 3126 inquit,
3606 3059 3748 3106 noster

527 3143 867 3213 investigare
882 3161 994 3198 non
1025 3161 1341 3214 possumus,
1373 3145 1453 3199 ita
1482 3163 1583 3200 nec
1613 3163 1680 3200 ea
1725 3163 1847 3217 quae
1889 3147 1946 3200 in
1991 3165 2124 3204 con-
2208 3150 2306 3211 cui
2335 3165 2385 3199 rs
2437 3150 2492 3200 in
2536 3151 2696 3202 ratis.
2731 3147 2986 3201 Christus
3025 3147 3165 3202 dixit
3215 3148 3289 3202 ad
3325 3145 3607 3216 discipulos
3647 3157 3748 3196 suos

528 3238 720 3302 spectu
751 3233 874 3302 ejus
911 3239 1046 3288 sunt
1089 3233 1358 3288 debemus
1407 3235 1760 3306 investigare,
1795 3237 1892 3289 sed
1941 3237 2125 3306 potius
2207 3235 2811 3304 postresurrectionem
2835 3237 3744 3290 suam:.-13rrndoadPatr-ammento

531 3318 777 3386 credere,
802 3341 824 3372 ι
851 3328 915 3379 ut
945 3328 1221 3394 quotquot
1249 3340 1313 3376 ex
1339 3323 1442 3377 hac
1471 3324 1666 3378 altaris
1695 3325 2122 3396 participatione
2207 3329 2253 3376 et
2301 3327 2373 3376 ad
2406 3327 2624 3380 Patrem
2669 3330 2931 3378 rostrum.
2975 3325 3156 3378 Aliter
3203 3325 3353 3378 enim
3394 3323 3527 3376 dixit
3567 3321 3747 3372 Patrem

527 3416 940 3468 sacrosanctum
962 3411 1084 3466 Filii
1109 3411 1190 3465 tui
1212 3429 1414 3482 corpus
1433 3419 1490 3466 et
1507 3415 1839 3482 sanguinem
1865 3432 2121 3484 sumpse-
2204 3429 2387 3476 suum,
2403 3413 2567 3466 aliter
2585 3413 2808 3468 Patrem
2832 3420 3086 3468 nostrum
3105 3431 3114 3442 ·
3141 3414 3368 3466 Patrem
3391 3411 3584 3482 quippe
3597 3423 3743 3466 suum,

528 3497 723 3564 rimus,
753 3499 907 3556 omni
943 3499 1328 3556 benedictione
1355 3501 1563 3554 caalesti
1597 3509 1654 3554 et
1680 3503 1866 3571 gratia
1905 3505 2121 3574 replea-
2205 3502 2334 3570 quia
2379 3501 2496 3571 ipse
2542 3503 2801 3571 proprius
2848 3511 2933 3555 est
2975 3503 3150 3556 Filius
3174 3502 3361 3556 Patris
3387 3518 3446 3554 ex
3485 3494 3746 3552 substantia

527 3603 656 3642 mur
679 3603 778 3657 per
802 3588 1086 3644 Christum
1111 3589 1408 3643 Dominum
1443 3597 1716 3643 nostrum.
1748 3612 1769 3642 ι
1797 3591 1972 3644 Orare
2002 3593 2122 3662 qui-
2203 3589 2384 3644 Patris
2404 3596 2534 3646 ante
2555 3591 2750 3644 omnia
2768 3599 3024 3661 tempora
3061 3591 3312 3660 genitus,
3343 3589 3445 3659 ipsi
3483 3585 3619 3642 Patri
3643 3599 3748 3637 coa-

526 3677 651 3730 dem
679 3675 948 3738 debemus
977 3677 1200 3732 Patrem
1233 3679 1534 3743 caelestem,
1569 3686 1629 3732 ut
1674 3697 1868 3733 omnes
1914 3682 2006 3751 qui
2057 3699 2121 3734 ex
2202 3686 2416 3734 ternus.
2445 3680 2612 3732 Pater
2637 3687 2828 3734 noster
2858 3697 3078 3750 quoque
3107 3686 3195 3732 est
3222 3680 3350 3734 ideo
3370 3678 3499 3748 quia
3523 3691 3612 3728 nos
3631 3687 3746 3725 cme-

525 3764 699 3834 ipsius
727 3765 922 3820 altaris
963 3766 1391 3837 participatione
1425 3785 1593 3838 supra
1624 3769 1770 3837 quod
1811 3787 1912 3822 nos
1943 3771 2122 3822 oﬂ‘eri-
2203 3767 2281 3822 vit
2303 3767 2360 3820 in
2390 3774 2660 3838 tempore,
2689 3774 2752 3821 ut
2780 3785 2881 3822 nos
2911 3768 3012 3822 filii
3044 3770 3166 3838 ejus
3189 3785 3442 3822 essemus
3467 3761 3682 3832 adoptixi
3705 3769 3746 3812 et

525 3869 652 3911 mus
673 3855 788 3911 Deo
811 3855 962 3910 Patri
985 3855 1040 3912 in
1069 3857 1600 3910 commemoratione
1625 3857 1749 3910 Filii
1790 3858 1874 3910 sui
1897 3859 2120 3912 Domini
2203 3856 2584 3910 haereditatem
2615 3859 2895 3912 caelestem
2918 3857 3101 3912 Patris
3132 3858 3314 3914 nostri
3353 3853 3580 3908 ccelestis
3607 3847 3746 3920 possi-

526 3942 626 3996 Dei
660 3942 835 3996 nostri
867 3945 998 3998 Jesu
1034 3944 1261 4002 Christi.
1294 3961 1495 4015 corpus
1525 3953 1582 3998 et
1605 3947 1934 4016 sanguinem
1978 3965 2121 4018 prze-
2205 3945 2336 3998 dere
2357 3945 2476 3999 sine
2491 3948 2601 4000 ﬁne
2614 3947 3197 4017 passemus.operibus
3215 3955 3346 4000 ante
3362 3934 3747 4014 implendoquod

525 4030 660 4084 dicti
689 4031 813 4084 Filii
836 4031 936 4084 Dei
969 4033 1396 4101 sumpserimus,
1423 4051 1647 4088 omnem
1681 4035 2120 4090 benedictionem
2205 4033 2262 4088 in
2289 4035 2646 4104 perceptione
2693 4037 2822 4092 fidei
2873 4053 2974 4088 nos
3016 4036 3265 4090 facturos
3313 4035 3466 4105 prius
3503 4024 3750 4102 spopondi-

525 4119 805 4172 caelestem
818 4120 1068 4188 accipere
1083 4123 1704 4193 mereamurperipsum
1719 4125 2004 4178 Christum
2019 4127 2124 4179 Do-
2205 4139 2349 4180 mus.
2391 4124 2603 4180 Caelum
2641 4142 2676 4178 a
2713 4125 2964 4180 caelando
2995 4125 3222 4184 dicitur,
3255 4142 3323 4178 eo
3353 4121 3496 4192 quod
3523 4119 3666 4174 ccrlat
3690 4112 3751 4166 di-

525 4207 742 4262 minum
755 4213 1064 4264 nostrunm
1084 4209 1254 4264 Nobis
1267 4227 1488 4280 quoque
1501 4213 1886 4281 peccatoribus
1898 4213 2122 4267 famulis
2207 4212 2335 4270 vina
2365 4218 2598 4268 secreta.
2621 4213 2802 4268 Aliter
2827 4213 3028 4267 coelum
3060 4231 3094 4267 a
3121 4212 3452 4268 celsitudine
3479 4208 3676 4267 dicitur,
3698 4217 3750 4254 eo

526 4295 640 4352 tuis
671 4296 739 4350 de
771 4297 1131 4352 multitudine
1161 4298 1584 4354 miserationem
1601 4307 1825 4354 tuarum
1849 4303 2185 4372 speranti-ﬂ
2207 4301 2355 4370 quod
2383 4301 2552 4356 altius
2579 4307 2664 4356 est
2691 4302 2859 4358 rebus
2882 4302 3140 4356 terrenis.
3163 4303 3282 4356 Nos
3310 4307 3496 4354 autem
3520 4297 3632 4350 ideo
3647 4288 3750 4343 dici-

524 4383 630 4439 bus
659 4391 876 4455 partem
898 4385 1143 4456 aliquam
1176 4392 1232 4440 et
1258 4387 1580 4442 societatem
1623 4390 1832 4443 donare
1875 4381 2187 4460 digneris’J
2207 4407 2332 4443 mus
2361 4409 2371 4444 :
2404 4393 2564 4446 Pater
2601 4397 2782 4445 noster
2814 4396 2912 4460 qui
2948 4409 2998 4445 es
3029 4397 3090 4444 in
3118 4395 3284 4456 cortis,
3317 4396 3380 4444 ut
3423 4405 3520 4442 nos
3562 4381 3746 4436 credere

526 4490 654 4530 cum
687 4474 799 4528 tuis
827 4475 1034 4530 sanctis
1060 4476 1326 4546 apostolis
1356 4482 1412 4530 et
1443 4478 1787 4548 martyribus
1820 4480 1904 4532 vel
1944 4481 2122 4533 omni-
2205 4479 2568 4534 ostendamus
2588 4479 2645 4536 in
2670 4486 2887 4550 patrem
2916 4481 3219 4543 ecclesiam,
3246 4487 3306 4534 et
3324 4479 3468 4532 sicut
3493 4473 3582 4528 ﬁlii
3601 4463 3746 4524 devoti

527 4561 632 4618 bus
659 4564 885 4618 sanctis.
914 4565 1021 4618 »Te
1037 4565 2032 4638 quoque,clementissime,poscimus
2059 4575 2122 4622 ut
2202 4568 2377 4638 patris
2423 4569 2510 4622 sui
2562 4575 2839 4639 praecepta
2883 4569 3115 4639 cupiunt
3163 4569 3419 4638 implere,
3471 4565 3544 4618 ita
3581 4567 3630 4613 et
3667 4570 3745 4610 nos

528 4656 756 4721 peccata
783 4657 980 4708 nostra
1003 4669 1114 4708 non
1146 4653 1403 4724 aspicias,
1427 4655 1523 4708 sed
1556 4656 1864 4710 secundum
1889 4658 2120 4727 largita-
2203 4657 2379 4726 ipsius
2406 4658 2673 4716 mandata
2701 4660 2988 4728 perﬁcere,
3021 4665 3076 4711 et
3105 4657 3174 4712 ad
3203 4657 3408 4710 ccelum
3435 4663 3638 4720 semper
3652 4653 3747 4697 iﬁll-

527 4744 642 4796 tem
673 4739 941 4796 bonitatis
971 4747 1081 4796 tuae
1108 4743 1316 4812 gaudia
1345 4749 1554 4798 interna
1581 4745 1742 4798 nobis
1768 4746 2014 4799 tribuere
2042 4747 2122 4800 di-
2204 4747 2336 4800 dere
2364 4747 2764 4802 desideremus.
2793 4749 3179 4813 Sanctiﬁcatur
3227 4762 3424 4800 nomen
3465 4749 3625 4795 (uina.
3655 4734 3746 4788 Hoc

526 4827 718 4898 gneris
745 4835 804 4884 et
831 4830 1316 4901 participationem
1339 4833 1532 4901 gaudii
1571 4833 1628 4887 in
1675 4839 1887 4888 aeterna
1932 4836 2122 4890 laetitia
2205 4843 2307 4896 est,
2333 4841 2397 4888 ut
2424 4853 2524 4888 nos
2554 4836 2706 4905 digni
2728 4837 2902 4890 simus
2934 4851 3136 4890 nomen
3169 4843 3424 4888 sanctum
3453 4831 3567 4899 erS
3589 4831 3743 4878 tenere

527 4933 654 4974 cum
685 4917 942 4976 omnibus
979 4921 1188 4974 sanctis
1235 4921 1347 4976 tuis
1399 4923 1802 4992 perpetualiter
1848 4925 2118 4978 conferre.
2205 4923 2261 4978 in
2293 4924 2553 4978 cordibus
2583 4925 2790 4980 nostris
2823 4943 2834 4977 :
2869 4931 2932 4980 ut
2973 4924 3120 4978 sicut
3155 4923 3339 4992 angeli
3391 4918 3558 4977 sancti
3595 4911 3674 4983 qui
3699 4909 3744 4962 in

531 5025 556 5062 ι
586 5009 742 5066 Intra
766 5023 1003 5077 quorum
1026 5025 1128 5064 nos
1157 5011 1518 5072 consortium,
1539 5027 1649 5065 non
1681 5013 1988 5066 aastimator
2011 5031 2123 5067 me-
2204 5013 2342 5066 ctrlo
2371 5019 2504 5068 sunt
2527 5013 2712 5068 sciunt
2760 5019 2817 5068 et
2856 5013 3182 5082 intelligunt
3224 5009 3569 5066 sanctitatem
3605 4996 3744 5054 nomi-

525 5095 754 5163 riti,sed
777 5098 950 5152 veniae
969 5115 1291 5168 quaesumus
1313 5099 1548 5169 largitor
1566 5101 1866 5154 admitte.»
1893 5103 2010 5156 Hoc
2028 5120 2122 5156 rev
2204 5102 2292 5156 nis
2330 5102 2436 5165 sui,
2474 5090 2566 5156 lita
2595 5108 2650 5159 et
2687 5119 2788 5156 nos
2836 5103 2930 5172 qui
2973 5102 3030 5155 in
3075 5108 3225 5156 terra
3269 5115 3479 5162 sumus,
3527 5095 3632 5163 ipso
3669 5083 3743 5140 δά*

523 5201 745 5253 gamus,
803 5189 867 5240 ut
909 5185 1026 5256 ipse
1075 5187 1170 5256 qui
1210 5187 1392 5240 dixit:
1429 5189 1490 5242 In
1533 5205 1857 5258 quacunque
1891 5192 1978 5243 die
2005 5209 2121 5260 prc—
2198 5191 2428 5260 juvante
2468 5191 2822 5245 sanctitatem
2885 5191 3131 5246 nominis
3176 5191 3298 5260 ejus
3335 5196 3630 5242 mereamur
3674 5190 3740 5228 co-

525 5278 677 5328 cator
703 5291 995 5330 conversus
1022 5277 1195 5342 fuerit
1234 5281 1279 5330 et
1309 5280 1691 5344 paenitentiam
1716 5281 1903 5343 egerit.
1929 5283 2119 5332 omnia
2199 5296 2488 5349 gnoscere,
2531 5285 2808 5350 quatenus
2855 5280 3001 5334 sicut
3049 5279 3106 5332 in
3150 5279 3306 5340 coelo,
3340 5277 3417 5332 ita
3453 5279 3507 5328 et
3538 5270 3592 5324 in
3619 5274 3736 5319 tem

521 5368 738 5428 peccata
765 5366 881 5430 ejus
913 5367 973 5417 in
1013 5367 1282 5420 oblivione
1305 5371 1471 5420 erunt
1519 5383 1704 5420 coram
1735 5384 1836 5432 me,
1878 5384 1990 5421 non
2036 5386 2120 5422 re-
2201 5369 2275 5424 sit
2317 5385 2522 5424 nomen
2575 5371 2697 5439 ejus
2751 5368 3178 5426 sanctiﬁcatum.
3227 5367 3488 5422 Adrem'at
3543 5364 3732 5422 regnum

526 5447 892 5504 tributionem
931 5458 1286 5521 peccatorum
1316 5454 1573 5520 mstimet,
1609 5455 1706 5509 sed
1757 5455 1873 5526 ipse
1916 5457 1991 5510 sit
2024 5474 2116 5510 γε·
2203 5463 2362 5512 tuum
2421 5478 2436 5514 :
2495 5458 2602 5513 hoc
2655 5465 2760 5524 est,
2812 5464 2876 5513 ut
2927 5474 3028 5512 nos
3089 5472 3322 5527 regnum
3377 5453 3494 5522 ejus
3561 5449 3611 5500 ά
3660 5453 3734 5510 Ρ⁰’

525 5534 632 5596 nisi
679 5536 932 5606 ιὸτεὶιοιν.
985 5546 1044 5595 et
1091 5541 1242 5601 intra
1286 5549 1610 5601 sanctorum
1649 5545 1976 5601 societatem
2015 5562 2118 5601 nos
2197 5547 2436 5608 tentiam
2485 5549 2608 5618 ejus
2667 5563 2992 5604 mereamur
3033 5560 3380 5616 cognoscere,
3439 5546 3493 5598 et
3541 5541 3598 5593 ut
3635 5531 3730 5600 illi!
