3824 6152
174 250 286 312 1189

1104 242 1320 305 LIBER
1355 242 1449 301 DE
1487 243 1738 305 SACRIS
1776 245 2188 309 0RDINIBUS.
2230 244 2383 304 ΗΓΘ.

3243 244 3380 307 1190

169 379 362 450 propter
384 374 597 447 peccata
626 374 821 427 nostra
853 367 1107 427 diabolus
1150 384 1263 425 non
1295 375 1492 438 regnet
1531 385 1702 439 super
1722 369 1959 432 Asimus
2011 385 2234 441 semper
2291 368 2472 434 liberi,
2521 374 2578 428 et
2625 367 2695 420 ab
2754 368 2907 427 omni
2962 368 3381 439 perturbatione

170 479 280 525 nos;
309 460 393 513 sed
421 459 583 528 ipsius
611 464 843 527 regnum
873 457 1151 525 adveniat,
1166 457 1307 513 sicut
1328 457 1384 510 in
1410 458 1705 527 Evangelia

168 551 397 620 scriptum
413 555 519 601 est:
538 550 779 613 Regnum
796 550 890 601 [)ci
912 552 1063 599 intra
1088 565 1171 599 vos
1187 552 1259 599 es!
1271 589 1279 598 .
1306 572 1357 581 -
1376 548 1493 599 Fiat
1518 550 1707 602 mlun-

168 648 233 691 tus
259 645 340 691 tua
375 642 504 689 sicut
539 640 595 689 ίιι
645 641 767 690 curio
810 642 857 688 et
891 640 949 689 in
982 643 1132 689 terra
1168 656 1182 689 :
1216 637 1321 689 hoc
1352 641 1454 701 est,
1490 643 1553 689 ut
1583 639 1705 707 ejus

165 729 459 782 voluntatem
496 725 636 778 sicut
665 725 764 789 illi,
804 725 898 795 qui
928 726 984 778 in
1014 727 1151 779 caelo
1180 732 1336 789 sunt,
1365 725 1593 785 faciunt,
1628 727 1705 780 ita

163 824 208 871 et
230 834 331 879 nos,
360 815 446 885 qui
485 815 540 867 in
576 821 722 867 terra
770 832 981 877 sumus,
1015 816 1299 868 faciamus.
1332 816 1503 868 Terra
1544 834 1575 868 a
1617 822 1703 868 te-

162 905 303 979 rendo
329 904 538 967 dicitur,
574 920 639 956 eo
670 905 817 973 quod
847 904 1078 974 pedibus
1106 904 1329 958 teritur.
1369 908 1564 957 Panum
1612 922 1703 958 no-

160 1002 307 1046 strum
346 995 719 1060 quotz'dilzmzm
776 994 846 1045 (la
903 996 1052 1045 nobis
1112 995 1286 1045 hodie.
1339 995 1506 1046 Panis
1553 994 1700 1064 apud

160 1084 344 1136 Graecos
370 1082 423 1133 in
457 1086 643 1134 nostra
661 1082 853 1151 lingua
872 1082 1056 1135 omnis
1074 1083 1500 1157 interpretatur,
1522 1088 1577 1135 et
1602 1100 1703 1137 nos

159 1188 349 1224 oramus
365 1177 423 1224 ut
442 1171 791 1242 omnipotens
814 1173 980 1229 Pater
1009 1189 1233 1233 omnem
1256 1174 1463 1229 victum
1484 1173 1705 1243 spirita-

158 1261 242 1312 lem
260 1276 316 1311 ac
342 1260 613 1312 carnalem
640 1260 800 1313 nobis
842 1261 1044 1330 largire
1075 1262 1340 1331 dignetur
1376 1262 1528 1314 omni
1562 1268 1705 1315 tem-

156 1364 278 1417 pore.
302 1348 357 1399 Et
377 1349 588 1399 dimitte
622 1350 771 1400 nobis
800 1350 980 1401 debita
1012 1355 1215 1410 nostra,
1250 1353 1389 1402 sicut
1423 1356 1469 1401 et
1503 1367 1596 1403 um
1626 1352 1708 1402 (Γ-

158 1439 388 1487 mitlz‘mus
409 1437 737 1488 debitoribus
756 1440 971 1489 nostris.
991 1438 1137 1490 Nihil
1160 1438 1309 1491 enim
1329 1438 1536 1508 injuste
1555 1438 1702 1498 facit,

156 1524 229 1591 qui
269 1523 361 1579 sibi
402 1522 625 1583 debenti
670 1525 921 1581 debitum
964 1526 1202 1597 requirit
1236 1545 1246 1579 :
1290 1528 1387 1582 sed
1428 1527 1484 1580 si
1531 1528 1708 1587 omni-

155 1617 318 1680 potens
338 1612 480 1664 Deus
519 1629 553 1665 a
593 1612 752 1665 nobis
780 1613 969 1667 omnia
1007 1615 1193 1668 debita
1234 1615 1487 1685 requirit,
1521 1616 1707 1669 nullus

1788 459 1989 523 securi,
2032 480 2053 505 ›)
2100 459 2202 511 hoc
2241 464 2343 521 est,
2387 463 2449 512 ut
2489 457 2730 529 peccatis
2770 457 2975 511 nostris
3015 457 3280 522 dimissis,
3322 458 3381 511 in

1788 547 2048 617 pnesenti
2071 547 2272 601 saeculo
2292 564 2403 605 non
2431 546 2824 617 perturbemur
2844 546 3048 603 iterum
3067 552 3378 616 peccantes,

1788 652 1889 689 nec
1918 636 1974 688 in
2016 636 2105 688 die
2140 636 2336 705 judicii
2374 642 2641 689 aeternam
2682 636 2963 705 patiamur
3004 634 3379 705 perturbatio-

1789 741 1936 779 nem.
1962 743 1982 771 ‹‹
2014 724 2117 775 Pcr
2138 724 2433 776 Dominum
2468 730 2743 777 nostrum.
2771 744 2791 773 ι
2829 724 2933 775 Per
2963 723 3144 795 ipsum
3168 739 3299 791 ergo
3322 724 3381 774 fi-

1786 812 1924 869 lium
1955 813 2053 869 Dci
2074 813 2252 868 Patris
2282 812 2698 885 omnipotentis,
2733 812 2779 865 si
2814 812 2881 867 ad
2914 812 3082 867 vitam
3114 817 3379 866 aeternam

1786 902 2077 971 pervenire
2134 902 2652 966 desideraverimus,
2714 901 2870 971 regni
2929 900 3166 954 caelestis
3221 900 3381 953 nobis

1785 991 1971 1043 aditus
2000 990 2391 1059 adipiscendus
2420 999 2520 1051 est,
2545 990 2678 1059 quia
2700 991 2819 1043 sine
2843 990 2962 1060 ipso
2986 990 3075 1043 hic
3094 1006 3377 1059 prospere,

1786 1084 1842 1132 et
1872 1079 1929 1132 in
1960 1079 2147 1132 futura
2186 1079 2297 1131 vita
2332 1079 2567 1132 feliciter
2609 1096 2735 1132 cum
2765 1080 2972 1132 sanctis
3016 1079 3230 1147 angelis
3260 1080 3382 1147 ejus

1786 1184 2023 1239 regnare
2062 1184 2415 1239 nequaquam
2456 1168 2766 1238 poterimus
2799 1187 2810 1223 :
2846 1168 2979 1237 quia
3008 1168 3125 1238 ipse
3156 1174 3243 1221 est
3272 1167 3381 1220 ini-

1788 1257 1931 1309 tium
1952 1262 2008 1309 et
2029 1256 2291 1333 perfectio
2312 1257 2483 1309 totius
2504 1256 2652 1317 boni,
2681 1282 2703 1305 ι(
2731 1257 2825 1326 qui
2855 1274 2980 1309 cum
3000 1257 3165 1310 Patre
3187 1263 3244 1309 et
3265 1256 3383 1325 Spi-

1789 1346 1903 1398 ritu
1940 1352 2131 1399 sancto
2162 1345 2294 1397 vivit
2325 1352 2381 1397 et
2408 1352 2609 1412 regnat
2651 1346 2799 1399 Deus
2840 1362 2938 1415 per
2967 1345 3154 1397 omnia
3181 1345 3385 1399 saecula

1791 1435 2138 1487 saeculorum.
2162 1454 2180 1481 ι
2198 1435 2353 1486 Tunc
2375 1434 2633 1486 sacerdos
2654 1450 2845 1503 pacem
2872 1434 3072 1504 populo
3095 1435 3382 1503 postulans

1789 1522 1925 1576 dicit
1959 1542 1969 1575 :
2011 1525 2123 1576 Par
2162 1525 2386 1576 Ilonu'm'
2426 1526 2494 1575 sit
2537 1539 2743 1589 scmpcr
2792 1524 3082 1575 vobiscum.
3128 1522 3382 1576 Christus

1790 1611 1941 1663 enim
1962 1617 2045 1663 est
2075 1628 2177 1679 pax
2208 1615 2434 1666 aeterna,
2460 1610 2555 1680 qui
2576 1628 2677 1663 nos
2708 1610 3081 1663 reconciliavit
3108 1611 3259 1664 Patri
3284 1628 3383 1680 per

154 1701 249 1755 sine
281 1700 454 1754 debito
492 1701 827 1763 invenietur,
870 1703 992 1755 ideo
1047 1703 1316 1757 debemus
1358 1704 1704 1759 debitoribus
1724 1700 1766 1756 Β
1784 1700 2098 1772 passionem
2138 1716 2315 1761 suam,
2353 1716 2422 1751 ne
2468 1706 2695 1769 prepter
2738 1704 3027 1769 peccatum
3077 1699 3243 1769 primi
3292 1702 3384 1753 lio-

153 1789 323 1842 nostris
357 1789 542 1843 debita
570 1790 872 1855 dimittere,
910 1798 972 1845 ut
1021 1793 1178 1845 nobis
1211 1792 1576 1863 Omnipotens
1611 1810 1705 1847 no-

151 1884 245 1930 stra
265 1878 516 1940 dimittat,
554 1879 685 1950 quia
715 1880 833 1950 ipse
861 1880 1000 1933 dixit
1032 1900 1042 1932 :
1081 1900 1107 1930 u
1133 1882 1191 1935 Si
1234 1899 1345 1937 non
1376 1883 1704 1937 remiseritis

150 1967 490 2038 unusquisque
546 1968 705 2021 fratri
754 1987 855 2022 suo
903 1969 971 2022 de
1025 1970 1283 2024 cordibus
1326 1971 1557 2029 vestris;
1603 1989 1704 2026 nec

148 2055 285 2108 Pater
313 2063 484 2109 vester
520 2057 762 2110 ctelestis
803 2058 1055 2111 remittet
1084 2059 1233 2113 vobis
1266 2066 1493 2129 peccata
1519 2066 1705 2115 vestra

148 2144 475 2210 (Mali/LXVIII,
508 2144 620 2211 3:3).
650 2166 674 2196 »
696 2146 905 2200 Etalibi
931 2167 940 2199 ε
974 2168 993 2194 ι
1020 2148 1383 2211 Auferuntur,
1410 2149 1609 2219 inquit,
1634 2149 1702 2201 de

144 2247 285 2299 iegno
328 2234 443 2301 ejus
489 2234 683 2287 omnia
719 2235 983 2288 scandala
1026 2238 1235 2294 (Matth.
1279 2255 1388 2301 xm,
1433 2239 1539 2299 4H.
1582 2262 1601 2287 υ
1637 2238 1703 2291 Et

142 2319 313 2377 iterum
341 2339 351 2373 :
382 2322 735 2390 Sacriﬁcium
768 2342 875 2381 non
914 2328 1181 2391 recipitur
1211 2330 1260 2379 si
1292 2343 1415 2379 cum
1445 2328 1703 2380 scmulalo

140 2411 349 2477 offertur,
409 2412 505 2467 scd
567 2418 697 2468 ante
755 2414 931 2467 altare
984 2414 1191 2479 dimitti
1241 2414 1473 2484 jubetur
1526 2432 1703 2484 usque

140 2496 247 2552 dum
274 2499 655 2555 reconcilietur
682 2500 839 2555 fratri
871 2519 992 2567 suo,
1022 2508 1080 2559 et
1109 2510 1244 2557 tunc
1273 2503 1461 2559 oﬂ‘erri
1494 2504 1700 2562 mundo

140 2586 292 2641 corde.
340 2590 399 2641 El
458 2606 526 2641 ac
583 2606 676 2642 nos
736 2592 967 2644 inducas
1025 2595 1085 2647 in
1142 2595 1532 2655 irritationem;
1598 2593 1703 2647 hoc

138 2682 221 2738 est,
266 2692 329 2729 ne
381 2676 661 2733 intremus
712 2678 771 2733 in
832 2680 985 2735 illam
1040 2680 1410 2737 tentationem
1468 2681 1527 2737 in
1590 2698 1703 2750 qua

137 2761 356 2823 diabolus
405 2783 509 2821 nos
575 2772 774 2831 tentet,
842 2774 899 2821 et
964 2769 1013 2822 ei
1082 2786 1194 2824 non
1259 2770 1696 2835 consentiamus,

134 2851 210 2905 sed
240 2853 495 2912 Dominus
548 2855 663 2928 ipse
694 2873 796 2910 nos
842 2856 1121 2923 defendat,
1158 2874 1228 2915 ne
1272 2858 1607 2914 inducamur
1643 2860 1702 2915 in

134 2941 465 2999 tentationem
490 2944 862 3009 diabolicam;
897 2947 1044 3019 quod
1068 2946 1115 2999 si
1146 2963 1246 3001 nos
1274 2948 1423 3003 Deus
1444 2946 1698 3011 dimittit,

133 3030 295 3086 statim
340 3032 754 3091 introducimur
788 3034 847 3091 in
888 3035 1150 3107 laqueum
1197 3035 1439 3094 diaboli;
1479 3042 1537 3089 et
1576 3037 1701 3093 ideo

134 3119 442 3185 postulamus
484 3127 553 3177 ut
582 3122 697 3192 ipse
742 3140 841 3177 nos
872 3123 1070 3179 liberet
1105 3142 1139 3176 a
1181 3125 1350 3190 malo,
1386 3125 1490 3179 hoc
1521 3130 1606 3179 est
1633 3124 1702 3180 ab

131 3208 258 3264 omni
282 3208 707 3281 impugnatione
728 3211 953 3267 diaboli.
997 3215 1184 3268 Libera
1216 3231 1329 3277 nos,
1365 3231 1696 3285 quasumus,

133 3296 344 3362 bonum,
376 3302 443 3353 ab
471 3303 732 3353 omnibus
768 3304 928 3353 omits;
980 3306 1295 3373 ))I‘a'.’r;'iti.v,
1344 3305 1700 3372 prenso/ilibus

129 3389 169 3435 et
192 3387 408 3451 futuris:
450 3389 560 3442 hoc
596 3386 653 3443 in
694 3389 796 3443 hac
831 3408 992 3462 prece
1026 3392 1286 3461 postulat,
1334 3397 1398 3446 ut
1439 3391 1557 3462 ipse
1602 3408 1702 3447 nos

129 3470 446 3533 :lbomnibus
477 3476 646 3530 malis
675 3477 889 3543 liberet,
927 3479 1020 3549 qui
1051 3497 1151 3533 nos
1183 3479 1353 3534 bonos
1385 3485 1439 3532 et
1463 3480 1701 3535 mundos

127 3563 327 3631 creavit,
358 3565 413 3619 in
446 3582 563 3639 quo
597 3567 812 3620 nullum
845 3576 931 3622 est
960 3569 1188 3623 malum.
1226 3569 1517 3623 Praeterita
1548 3577 1697 3633 sunt,

129 3653 354 3723 quzejam
369 3662 504 3709 ante
528 3662 821 3726 peccantes
837 3658 1237 3713 commisimus.
1262 3665 1317 3712 et
1338 3658 1460 3711 ideo
1483 3658 1701 3727 ﬂagella

126 3739 461 3799 wstinemus.
494 3745 798 3800 Pimsentia
821 3754 956 3814 sunt
984 3763 1103 3818 quae
1137 3747 1383 3819 quotidie
1407 3747 1703 3800 committi-

126 3844 247 3893 mus.
286 3832 475 3887 futura
517 3838 648 3889 sunt
679 3852 800 3905 quae
828 3835 1008 3889 adhuc
1042 3835 1261 3890 diabolo
1288 3837 1561 3890 suadente
1600 3837 1700 3889 ad-

125 3917 289 3977 venire
330 3930 590 3993 possunt.
642 3923 708 3978 Et
759 3924 883 3979 ideo
933 3942 1158 3981 oramus
1218 3931 1279 3981 ut
1322 3925 1392 3981 ab
1442 3925 1700 3981 omnibus

122 4003 418 4071 liberemur.
474 4010 609 4080 quia
650 4018 781 4067 ante
823 4021 1180 4083 conspectum
1229 4013 1329 4068 Dei
1378 4015 1533 4069 nulla
1570 4020 1702 4070 sunt

119 4096 381 4160 praeterita
399 4114 508 4154 nec
523 4098 710 4153 futura
721 4101 744 4151 ?
757 4100 850 4154 sed
874 4100 1062 4155 omnia
1082 4108 1213 4155 sunt
1229 4103 1546 4173 praesentia.
1570 4124 1594 4156 α
1620 4106 1703 4159 ln-

116 4185 413 4241 tercedentc
442 4203 546 4258 pro
579 4187 738 4243 nobis
771 4188 933 4243 beata
963 4196 1018 4243 et
1057 4189 1304 4261 gloriosa
1338 4208 1561 4261 semper
1589 4192 1699 4248 vir-

114 4270 227 4337 gine
273 4275 371 4329 Dei
428 4276 705 4345 genitrice
735 4277 912 4335 Maria
951 4284 1007 4331 et
1038 4278 1217 4337 beatis
1262 4280 1528 4350 apostolis
1589 4281 1701 4335 tuis

118 4358 263 4414 Petro
283 4369 339 4416 et
366 4364 549 4419 Paulo
578 4370 748 4437 atque
776 4365 1019 4421 Andrea.
1051 4386 1074 4421 η
1108 4368 1436 4423 Invocamus
1456 4368 1615 4425 nobis
1646 4369 1703 4425 in

113 4447 443 4517 adjutorium
485 4452 589 4507 Dci
635 4454 983 4521 genitricem,
1038 4472 1159 4525 qua:
1216 4456 1369 4525 virgo
1416 4456 1524 4512 fuit
1571 4463 1702 4512 ante

112 4544 341 4605 paitum,
366 4541 529 4613 virgo
563 4542 619 4597 in
650 4548 833 4613 partu,
865 4543 1020 4615 virgo
1054 4550 1181 4615 post
1209 4552 1454 4617 partum,
1480 4554 1536 4603 et
1557 4546 1704 4601 beati

110 4628 354 4696 apostoli.
391 4632 492 4700 qui
541 4629 699 4686 nobis
737 4632 851 4686 haec
904 4632 1172 4702 mysteria
1209 4632 1542 4692 celebranda
1587 4642 1704 4690 tra-

109 4711 379 4779 diderunt,
417 4726 484 4771 ut
531 4718 879 4774 intercedant
928 4738 1028 4795 pro
1070 4720 1246 4783 nobis,
1281 4722 1413 4792 quia
1452 4739 1552 4777 nos
1597 4722 1703 4795 ipsi

110 4800 251 4873 digni
290 4822 405 4861 non
446 4822 644 4865 sumus
675 4809 741 4861 de
788 4809 1086 4879 praeteritis
1117 4827 1181 4865 ac
1212 4811 1578 4881 praesentibus
1609 4830 1704 4865 ve—

108 4888 248 4946 niam
280 4896 618 4965 promereri,
654 4914 868 4954 necnon
911 4899 980 4955 de
1018 4899 1222 4955 futuris
1260 4901 1557 4965 cautelam.
1593 4901 1701 4957 nisi

108 4979 257 5033 nobis
278 5000 482 5039 eorum
513 4985 765 5043 oratione
796 4987 1052 5045 donetur.
1076 4990 1202 5043 Jam
1231 4990 1513 5045 oravimus
1544 4996 1607 5044 ut
1634 4990 1700 5044 li—

110 5066 362 5129 beremur
387 5090 423 5129 a
456 5074 637 5137 malis,
674 5093 818 5131 nunc
869 5093 1113 5141 oramus,
1149 5084 1210 5132 ut
1252 5079 1534 5149 praedictis
1571 5096 1701 5135 san-

108 5158 199 5211 ctis
237 5160 744 5220 intervenientibus
764 5165 882 5239 ipse
912 5166 1080 5225 donet
1102 5184 1314 5237 pacem.
1345 5190 1365 5219 α
1406 5168 1486 5225 Da
1514 5168 1703 5241 propi-

110 5245 212 5299 tius
241 5265 444 5319 pacem
474 5250 531 5304 in
561 5252 758 5306 diebus
787 5256 1011 5321 nostris,
1039 5278 1057 5304 ι
1085 5257 1179 5331 qui
1200 5263 1399 5331 potens
1419 5276 1478 5314 es
1501 5277 1534 5313 a
1558 5260 1706 5313 malo

108 5350 202 5388 nos
233 5337 501 5403 liberare,
527 5357 719 5411 pacem
740 5342 901 5396 nobis
932 5344 1004 5397 da
1023 5362 1057 5397 a
1080 5346 1242 5399 malis
1272 5347 1610 5411 hominibus,
1636 5364 1705 5401 ne

108 5425 391 5492 patiamur
420 5430 643 5499 ﬂagella
677 5448 890 5487 eorum.
917 5454 938 5483 «
965 5434 1037 5487 Ut
1056 5452 1158 5506 ope
1182 5436 1577 5491 misericordiae
1598 5442 1707 5493 tuae

1787 1789 1954 1841 minis
1998 1788 2055 1841 in
2084 1788 2301 1841 inferno
2342 1794 2699 1853 teneremur;
2744 1789 2833 1840 hic
2865 1794 2989 1841 orat
3024 1789 3282 1841 sacerdos
3322 1796 3385 1842 ut

1786 1879 1883 1932 illa
1910 1895 2016 1948 pax
2037 1894 2161 1930 cum
2183 1878 2389 1947 populo
2420 1883 2765 1947 permaneat,
2792 1884 2847 1929 et
2868 1894 3060 1930 omnes
3080 1878 3383 1931 concordes

1786 1967 1969 2031 faciat,
2008 1973 2068 2020 ut
2120 1967 2343 2036 pacilice
2386 1983 2513 2019 cum
2544 1966 2765 2019 Christo
2800 1983 3120 2019 mereamur
3151 1966 3208 2019 in
3243 1967 3381 2019 caalo

1786 2072 2038 2125 regnare.
2074 2057 2141 2109 Et
2184 2055 2307 2108 ideo
2354 2060 2486 2107 tunc
2530 2054 2798 2107 faciamus
2843 2072 3034 2124 pacem
3076 2060 3377 2125 antequam

1786 2161 1985 2214 corpus
2039 2151 2096 2198 et
2147 2145 2475 2213 sanguinem
2538 2143 2761 2196 Domini
2807 2160 3095 2209 sumanus,
3148 2150 3211 2196 ut
3253 2160 3378 2197 cum

1787 2234 2084 2286 concordia
2113 2250 2312 2302 corpus
2343 2238 2399 2285 et
2430 2232 2761 2301 sanguinem
2793 2232 3013 2285 Domini
3048 2232 3223 2285 nostri
3248 2233 3376 2285 Jesu

1788 2322 1997 2377 Christi
2041 2323 2098 2376 in
2137 2339 2367 2392 corpora
2409 2328 2603 2377 nostra
2648 2321 3035 2391 suscipiamus,
3085 2320 3219 2390 quia
3259 2321 3380 2374 sine

1786 2411 2084 2467 concordia
2113 2411 2268 2479 digni
2290 2428 2401 2466 non
2427 2428 2619 2465 sumus
2648 2416 2902 2463 sanctam
2930 2409 3381 2463 communionem

1787 2501 2054 2570 accipere,
2092 2501 2224 2570 quia
2258 2517 2493 2557 munera
2524 2508 2714 2555 nostra
2742 2501 2788 2554 si
2827 2500 3163 2554 discordiam
3210 2500 3382 2553 habe-

1786 2607 1911 2644 mus
1956 2607 2082 2643 cum
2132 2589 2396 2658 proximis
2444 2589 2666 2651 nostris,
2712 2595 3015 2659 antequam
3056 2590 3382 2643 reconcilie-

1786 2696 1931 2743 mur,
1968 2696 2003 2732 a
2031 2679 2145 2733 Deo
2174 2695 2286 2733 non
2308 2677 2672 2748 recipiuntur.
2705 2678 2860 2732 Tunc
2890 2683 3013 2731 orat
3043 2679 3223 2731 clerus
3253 2694 3383 2732 can-

1781 2768 1984 2824 tando:
2012 2770 2198 2833 Agnus
2222 2769 2320 2820 [lci
2338 2770 2437 2835 qui
2468 2770 2614 2821 tollis
2642 2772 2855 2834 peccata
2887 2770 3101 2831 manli,
3130 2771 3384 2820 miserere

1786 2859 1957 2910 nobis.
1979 2858 2167 2922 Agnus
2189 2856 2396 2911 dicitur
2416 2861 2644 2929 propter
2663 2856 3062 2919 innocentiam,
3092 2857 3225 2926 quia
3244 2856 3381 2909 nulli

1784 2945 2077 3003 hominum
2105 2961 2205 2999 nec
2236 2944 2545 2999 bestiarum
2566 2950 2748 3005 nocet,
2768 2945 2865 2998 sed
2887 2946 3189 2998 occisorem
3219 2961 3382 2998 suum

1722 3020 1765 3079 Ο
1786 3042 1910 3105 post
1955 3034 2286 3088 occisionem
2326 3050 2485 3088 suam
2518 3034 2733 3099 reiicit;
2767 3034 2847 3087 ita
2876 3039 2933 3087 et
2971 3034 3229 3087 Christus
3258 3034 3385 3086 nul-

1786 3124 1901 3180 lum
1936 3123 2093 3182 laesit,
2127 3123 2277 3177 sicut
2304 3124 2590 3193 apostolus
2638 3122 2776 3176 dixit
2806 3141 2815 3175 :
2853 3142 2875 3173 ι
2910 3123 3054 3185 Quia
3096 3128 3384 3192 peccatum

1787 3229 1898 3266 non
1926 3212 2073 3273 fecit,
2100 3229 2200 3266 nec
2230 3211 2487 3266 inventus
2518 3216 2604 3265 est
2629 3212 2790 3265 dolus
2820 3211 2877 3264 in
2908 3229 3003 3265 ore
3024 3213 3145 3280 ejus
3173 3213 3221 3274 (Ι
3236 3214 3379 3265 Patr.

1786 3318 1836 3365 ιι,
1864 3301 2012 3367 22).»
2048 3301 2155 3377 Sed
2182 3307 2308 3370 post
2346 3317 2664 3370 passionem
2695 3317 2873 3363 suam,
2917 3318 3209 3353 conversos
3252 3317 3382 3370 per-

1786 3396 2068 3443 secutores
2099 3406 2229 3442 suos
2261 3390 2466 3442 multos
2510 3405 2608 3458 per
2634 3395 2887 3443 sanctam
2931 3390 3383 3442 communionem

1785 3478 2032 3549 corporis
2063 3484 2117 3530 et
2160 3477 2448 3546 sanguinis
2478 3476 2565 3533 sui
2606 3477 2799 3533 refecit
2825 3483 2882 3530 et
2910 3477 3199 3531 credentes
3232 3477 3379 3529 fecit.

1786 3568 1908 3637 Ipse
1936 3567 2065 3620 tulit
2095 3572 2317 3636 peccata
2343 3565 2554 3625 mundi.
2585 3565 2808 3634 quando
2838 3564 3223 3617 remissionem
3256 3582 3384 3634 pec-

1785 3664 2036 3709 catorum
2061 3654 2220 3707 nobis
2250 3653 2423 3717 dedit,
2445 3653 2577 3722 quia
2606 3659 2735 3707 ante
2759 3653 3075 3722 passionem
3106 3654 3227 3719 ejus
3243 3653 3383 3722 justi

1787 3750 1844 3797 ct
1860 3750 2176 3814 peccatores
2194 3743 2250 3796 in
2275 3742 2554 3796 infernum
2574 3741 3000 3795 descenderunt.
3025 3742 3092 3795 Et
3110 3740 3168 3794 in
3195 3742 3385 3795 Veteri

1785 3832 2146 3889 Testamento
2176 3831 2563 3887 remissionem
2610 3837 2965 3900 peccatorum
2996 3846 3275 3899 nusquam
3304 3831 3385 3884 le—

1780 3923 1983 3992 gimus,
2017 3921 2271 3975 Christus
2306 3938 2433 3974 vero
2474 3937 2573 3989 per
2602 3919 3009 3990 paenitentiam,
3044 3936 3156 3973 non
3205 3920 3385 3973 solum

1783 4012 2001 4069 veniam
2039 4017 2414 4080 peccatorum,
2441 4010 2538 4063 sed
2570 4010 2739 4065 etiam
2770 4009 3039 4077 gaudium
3070 4008 3230 4062 nobis
3262 4025 3386 4078 pro-

1785 4100 1938 4155 misit
1967 4100 2301 4170 angelicum,
2326 4099 2542 4154 dicens:
2576 4120 2601 4149 α
2627 4098 2908 4155 Gaudium
2937 4098 3047 4153 erit
3063 4114 3253 4152 coram
3284 4114 3384 4151 an-

1782 4190 1921 4259 gelis
1948 4190 2048 4247 Dei
2086 4206 2256 4259 super
2282 4205 2395 4242 uno
2420 4194 2711 4258 peccatore
2763 4187 3150 4257 paenitentiam
3183 4193 3387 4256 agente

1786 4280 1933 4343 (Luc.
1968 4296 2059 4342 xv,
2095 4280 2165 4341 7).
2210 4279 2400 4347 Ipsum
2447 4278 2755 4341 Christum,
2789 4276 2883 4347 q‘ui
2926 4283 3011 4332 est
3051 4279 3243 4345 Agnus
3286 4276 3384 4329 Dei

1726 4341 2049 4425 Dinnocens
2079 4366 2174 4437 qui
2201 4384 2398 4437 passus
2429 4373 2516 4420 est
2546 4383 2644 4436 pro
2672 4366 2853 4419 salute
2888 4365 3101 4427 mundi,
3138 4364 3382 4433 petimus

1787 4462 1848 4511 ut
1878 4456 2210 4511 misereatur
2248 4455 2422 4510 nostri
2454 4455 2702 4509 dicentes
2725 4455 3009 4506 :.l11'scrcrc
3042 4453 3374 4505 nobis.Nam

1789 4561 1967 4615 agnus
2003 4546 2057 4600 in
2098 4544 2287 4601 Veteri
2328 4544 2688 4603 Testamento
2746 4558 2845 4611 pro
2892 4540 3135 4611 peccatis
3188 4541 3377 4612 populi

1789 4634 2140 4697 offerebatur,
2161 4638 2219 4686 et
2245 4632 2302 4689 in
2331 4634 2483 4687 Novo
2505 4633 2866 4689 'I‘estamcnto
2898 4630 3157 4684 Christus
3185 4635 3385 4685 semet-

1787 4722 1968 4793 ipsum
2000 4722 2202 4776 obtulit
2238 4722 2352 4775 Deo
2389 4720 2562 4781 Patri,
2601 4726 2665 4775 ut
2708 4736 2888 4788 genus
2928 4719 3241 4775 humanum
3283 4735 3382 4789 per

1788 4811 2102 4882 passionem
2126 4828 2285 4869 suam
2314 4806 2581 4887 liberaret
2610 4826 2645 4863 a
2672 4814 2916 4878 peccato.
2952 4809 3019 4863 Et
3040 4808 3165 4863 ideo
3185 4810 3379 4877 Agnus

1786 4900 1886 4957 Dei
1916 4906 2050 4957 tunc
2079 4899 2318 4963 canitur,
2344 4899 2566 4969 quando
2593 4914 2794 4968 corpus
2816 4904 2871 4951 et
2900 4897 3127 4964 sanguis
3160 4897 3381 4952 Domini

1786 4989 2109 5061 percipitur,
2156 4995 2220 5045 ut
2274 5005 2469 5043 omnes
2510 4987 2804 5043 credamus
2844 4986 2978 5057 quia
3022 4986 3197 5055 ipsius
3239 4985 3384 5054 Agni

1788 5096 1987 5150 corpus
2017 5084 2074 5132 et
2104 5078 2334 5148 sanguis
2359 5086 2493 5132 tunc
2521 5076 2781 5137 sumitur,
2808 5075 2903 5145 qui
2934 5081 3161 5145 peccata
3190 5074 3385 5128 mundi

1789 5168 1919 5222 tulit
1960 5168 2263 5225 moriendo.
2316 5168 2384 5222 Et
2433 5166 2601 5221 vitam
2644 5170 2910 5219 aeternam
2952 5163 3111 5219 nobis
3157 5163 3387 5216 donavit

1790 5256 2150 5327 resurgendo.
2201 5257 2360 5315 Jesus
2414 5254 2669 5311 Christus
2721 5253 2990 5309 Dominus
3038 5257 3247 5317 noster,
3289 5253 3387 5323 qui

1789 5363 1915 5403 cum
1944 5346 2107 5400 Patre
2150 5346 2208 5401 in
2254 5344 2469 5403 unitate
2508 5343 2748 5413 Spiritus
2798 5342 2976 5399 sancti
3031 5342 3165 5395 vivit
3200 5348 3259 5396 et
3295 5358 3385 5395 re»

1789 5440 1930 5507 gnat
1958 5436 2105 5491 Deus
2135 5451 2235 5509 per
2262 5420 2452 5486 omnia
2478 5432 2683 5489 saecula
2710 5431 3061 5496 saeculorum,
3097 5449 3282 5487 amen.
3319 5432 3388 5485 Et

110 5513 313 5582 adjuti;
348 5535 377 5569 ι
402 5517 512 5571 hoc
531 5526 634 5583 est,
653 5527 715 5575 ut
735 5522 834 5575 Dei
846 5521 935 5590 adj
946 5522 1127 5576 utorio
1153 5523 1333 5593 adjuti
1346 5543 1362 5589 ;
1384 5544 1407 5574 ιι
1425 5542 1458 5577 a
1486 5531 1710 5595 peccato
1794 5529 1920 5596 post
1947 5523 2176 5577 missam
2208 5523 2447 5589 ﬁnitam,
2481 5519 2617 5576 dicit
2644 5520 2911 5576 diaconus
2958 5521 3027 5576 ad
3066 5522 3335 5592 populum
3370 5539 3382 5574 :
