3982 6158
471 322 603 380 1191
674 382 681 391 ,

1059 317 1123 372 Β.
1164 311 1437 370 RABANI
1473 308 1706 368 MAURI
1742 306 2080 366 ARCHIEP.
2118 302 2444 364 MOGUNT.
2486 301 2785 360 OPERUM
2820 301 3006 358 PARS
3041 300 3139 357 III.

3554 298 3668 358 1192

471 450 566 505 Ite,
602 448 769 500 missa
797 447 890 498 est.
921 440 1199 497 Diaconus
1227 438 1438 501 Graece,
1461 437 1721 492 minister
1745 436 1941 491 Latine
1968 433 2056 489 di-
2073 436 2261 496 Atum
2302 429 2682 486 ministerium
2719 428 3046 485 nuntiatum
3094 424 3258 480 fuerit
3289 441 3322 478 a
3353 423 3600 490 ministro,
3624 430 3671 480 et

469 536 634 592 citur.
671 534 771 590 Ille
807 529 1031 586 nuntiat
1056 529 1262 602 populo
1293 527 1442 601 quod
1474 527 1644 582 ﬁnitas
1673 531 1810 580 sunt
1835 541 2058 598 preces;

469 625 604 697 quia
622 623 811 678 nullus
841 626 972 676 ante
997 619 1146 675 exire
1166 618 1334 674 debet
1351 616 1663 679 ecclesiam,
1688 632 1859 687 quam
1884 615 2066 686 exple-

537 758 563 787 ι
585 748 799 802 Caetera
823 745 1009 818 capita
1034 744 1221 818 inqms.
1251 742 1439 799 codice
1457 741 1721 818 Euldensi
1749 740 2069 818 desideran-

470 824 582 882 tur,
631 812 1182 872 fortassis'consulto
1222 813 1617 888 prietermissa,
1669 812 1817 884 quod
1841 812 2067 888 iisdem

469 889 760 958 verbis(uti
772 905 840 944 ex
851 888 1034 943 titulis
1054 883 1314 960 apparet)
1323 883 1719 956 repererentur
1734 883 1920 956 capita
1938 883 2068 938 libri

2143 539 2340 579 omnes
2368 519 2745 593 respondeant
2775 537 2788 572 :
2822 519 2925 573 Deo
2951 518 3163 585 gratias
3189 525 3232 568 ⁸.

2148 736 2318 811 primi
2346 737 2417 791 de
2446 733 2801 811 institutione
2818 731 3145 811 clericorum
3172 747 3206 786 a
3231 736 3419 802 quarto
3444 744 3599 801 usque
3619 729 3676 783 ad

2149 803 2475 864 vicesimum
2502 805 2731 862 tertium
2761 803 3046 858 inclusive.

900 1191 1550 1291 BEATI
1632 1188 2487 1291 RABANI
2579 1185 3312 1287 MAURI

1160 1373 1557 1430 FULDENSIS
1593 1372 1898 1429 ABBATIS
1936 1371 2024 1427 ET
2061 1370 2478 1428 MOGUNTINI
2514 1370 3072 1428 ARCHIEPISCOPI

681 1543 920 1672 DE
1013 1538 2411 1671 ECCLESIASTICA
2506 1532 3525 1669 DISCIPLINA

1821 1745 2080 1819 LIBRI
2127 1744 2358 1820 TRES
2389 1755 2418 1788 ³

1546 1925 1644 1981 AD
1683 1923 2206 1980 REGINBALDUM
2256 1923 2681 1981 EPISCOPUM.

1818 2139 2438 2214 PBEFATIO.

555 2381 809 2445 Quadam
831 2380 921 2435 die
941 2381 1077 2435 dum
1097 2379 1321 2452 quietus
1343 2380 1414 2435 ab
1434 2380 1589 2435 omni
1610 2381 1896 2436 mundano
1917 2381 2148 2452 nego-B
2170 2381 2339 2435 ﬁnem
2367 2379 2496 2436 vitae
2525 2379 2585 2434 in
2616 2379 2804 2434 studio
2844 2378 3004 2434 bona;
3042 2375 3478 2433 conversationis
3504 2386 3720 2446 perseve-

484 2470 564 2525 tio
590 2469 649 2525 in
677 2469 880 2526 cellula
906 2486 1033 2524 mea
1075 2469 1351 2535 sederem,
1400 2475 1460 2524 et
1501 2469 1725 2524 lectioni
1768 2469 2089 2524 divinarum

484 2559 801 2614 litterarum
821 2575 1051 2630 operam
1081 2558 1294 2625 darem,
1319 2559 1469 2614 venit
1485 2558 1623 2613 mihi
1647 2557 1705 2613 in
1728 2564 1974 2613 mentem
1994 2575 2089 2613 re-

485 2648 734 2703 cordatio
783 2646 913 2702 boni
955 2646 1125 2702 studii
1173 2647 1276 2713 tui,
1309 2654 1502 2702 sancte
1549 2647 1759 2703 Christi
1800 2648 2080 2714 sacerdos,

486 2737 634 2808 quod
653 2736 827 2790 habes
841 2735 899 2790 in
913 2735 1165 2790 doctrina
1181 2736 1371 2807 gregis
1390 2735 1494 2791 tibi
1514 2736 1783 2791 divinitus
1801 2736 2083 2792 commissi

488 2826 732 2897 qualiter
775 2824 1145 2896 extrapositos
1172 2830 1230 2881 et
1258 2825 1316 2879 in
1361 2825 1632 2896 paganica
1679 2842 1870 2880 errore
1901 2826 2085 2881 adhuc

488 2919 881 2968 conversantes
908 2913 979 2968 ad
1008 2913 1176 2968 ﬁdem
1206 2913 1413 2968 Christi
1442 2914 1860 2986 percipiendam
1881 2915 2084 2969 invita-

488 3018 598 3066 res,
631 3007 688 3056 et
716 3000 995 3072 quomodo
1038 3001 1097 3055 in
1136 3001 1443 3056 Ecclesiam
1490 3019 1592 3074 per
1640 3001 1983 3074 baptismum
2027 3010 2086 3057 et

489 3090 893 3144 confessionem
928 3107 1071 3145 verae
1103 3090 1235 3144 ﬁdei
1272 3091 1394 3162 jam
1432 3090 1782 3146 introductos
1829 3091 2087 3146 doctrina

491 3185 547 3233 et
566 3178 952 3233 exhortatione
974 3179 1249 3234 catholica
1268 3177 1679 3247 corroborares,
1701 3185 1767 3235 ut
1793 3180 1940 3252 quod
1962 3197 2086 3252 pro-

490 3267 619 3322 fessi
651 3272 784 3322 sunt
815 3283 930 3334 ore,
963 3272 1286 3323 exercerent
1312 3267 1372 3322 in
1405 3267 1550 3324 bona
1578 3269 1920 3341 Operatione,
1953 3285 2088 3341 qua-

489 3355 730 3428 literque
765 3356 1052 3412 deviantes
1082 3373 1185 3428 per
1209 3357 1698 3429 praevaricationes
1726 3357 1973 3414 diversas
1999 3358 2085 3413 di-

489 3445 725 3517 sciplina
762 3446 1082 3517 evangelica
1114 3463 1417 3513 coerceres,
1460 3452 1518 3501 et
1561 3447 1621 3502 in
1650 3453 1859 3502 statum
1892 3447 2085 3520 pristi-

491 3550 626 3589 num
646 3552 748 3606 per
773 3535 1160 3607 penitentiam
1189 3535 1488 3591 restituere
1513 3542 1776 3591 certares.
1801 3537 1933 3590 Haec
1965 3535 2088 3607 qui-

480 3623 616 3678 dem
647 3624 838 3679 omnia
865 3624 925 3678 in
953 3624 1140 3679 animo
1169 3641 1296 3681 meo
1316 3641 1576 3697 pensans,
1599 3625 1838 3696 cogitavi
1859 3625 2086 3697 aliquod

2169 2485 2296 2524 rare
2326 2468 2636 2535 conveniat,
2678 2474 2843 2541 prout
2890 2467 3165 2524 Dominus
3198 2463 3490 2521 donaverit
3517 2460 3722 2534 pandere

2167 2557 2511 2614 curabimus.
2543 2558 2704 2613 Nosti
2730 2558 2883 2613 enim
2912 2557 3122 2629 optime
3143 2555 3297 2628 quod
3320 2553 3520 2609 Paulus
3536 2554 3721 2623 aposto-

2168 2647 2257 2703 lus
2281 2664 2409 2702 cum
2438 2647 2509 2702 ad
2536 2647 2893 2703 Timotheum
2924 2645 3211 2709 scriberet,
3241 2642 3481 2717 qualiter
3508 2657 3623 2696 cum
3644 2637 3725 2692 ad-

2165 2737 2449 2792 monuerit
2476 2743 2533 2791 et
2561 2737 2890 2792 instruxerit
2912 2735 3116 2790 debere
3144 2735 3204 2789 in
3241 2732 3484 2789 Ecclesia
3510 2728 3600 2785 Dei
3616 2742 3724 2783 con-

2166 2826 2396 2887 versari,
2415 2826 2511 2898 qui
2525 2825 2674 2881 inter
2683 2825 2796 2880 alia
2808 2825 2891 2881 ita
2907 2825 2987 2880 ait
3003 2835 3020 2893 (
3034 2827 3063 2880 Ι
3085 2826 3201 2879 Tim
3215 2865 3230 2876 .
3252 2840 3323 2887 tv,
3348 2820 3434 2888 12)
3455 2838 3468 2874 :
3486 2840 3507 2872 ι
3522 2816 3725 2887 Ρηθοὶρο

2165 2915 2282 2970 haec
2310 2920 2368 2970 et
2391 2915 2547 2970 doce.
2575 2916 2754 2970 Nemo
2782 2911 3218 2969 adolescentiam
3240 2918 3402 2968 tuam
3425 2910 3720 2967 contemnat,

2166 3005 2263 3061 sed
2294 3005 2610 3078 exemplum
2643 3011 2764 3060 esto
2792 3005 3042 3060 ﬁdelium
3070 3004 3127 3058 in
3147 3002 3344 3067 verbo,
3374 3001 3433 3056 in
3467 3010 3724 3054 conversa-

2165 3095 2340 3160 tione,
2359 3094 2419 3149 in
2446 3094 2738 3155 charitate,
2761 3093 2820 3148 in
2854 3093 2983 3155 ﬁde,
3014 3093 3075 3147 in
3104 3092 3389 3147 castitate.
3411 3090 3549 3145 Dum
3573 3084 3724 3149 venio,

2166 3184 2394 3238 attende
2420 3183 2667 3250 lectioni,
2699 3189 2759 3238 et
2801 3181 3175 3238 exhortatiom
3212 3187 3280 3235 et
3314 3178 3588 3235 doctrinae.
3624 3171 3726 3230 Noli

2166 3273 2452 3345 negligere
2481 3271 2724 3343 gratiam
2756 3289 2880 3344 quae
2907 3271 2965 3326 in
2994 3276 3051 3325 te
3081 3275 3184 3329 est,
3218 3286 3351 3341 quae
3393 3268 3522 3322 data
3545 3268 3623 3320 est
3645 3259 3728 3317 tibi

2167 3379 2270 3434 per
2286 3362 2636 3434 prophetiam
2658 3378 2785 3416 cum
2806 3359 3164 3432 impositione
3185 3375 3396 3414 manus
3417 3348 3728 3430 presbyterii.

2169 3451 2298 3506 Haec
2323 3451 2614 3516 meditare,
2650 3451 2711 3504 in
2748 3449 2834 3504 his
2870 3454 3011 3513 esto,
3042 3454 3108 3502 ut
3147 3447 3438 3521 profectus
3476 3452 3598 3499 tuus
3632 3453 3731 3494 ma-

2167 3537 2403 3594 nifestus
2430 3538 2506 3594 sit
2522 3538 2803 3594 omnibus.
2827 3538 3069 3593 Attende
3089 3536 3191 3592 tibi
3220 3543 3286 3592 et
3313 3533 3590 3595 doctrinae,
3613 3529 3735 3585 insta

2167 3627 2227 3682 in
2259 3627 2388 3682 illis.
2424 3629 2541 3684 Hoc
2577 3628 2728 3683 enim
2757 3626 2966 3682 faciens
2993 3632 3051 3682 et
3078 3626 3334 3698 teipsum
3362 3624 3571 3678 salvum
3596 3617 3735 3674 facies

490 3714 819 3785 opusculum
836 3714 1126 3780 conﬁcere,
1149 3719 1206 3768 et
1223 3719 1322 3768 tuo
1352 3713 1567 3769 nomini
1597 3714 1731 3769 illud
1758 3714 1964 3780 dicare,
1988 3713 2085 3768 ubi
2101 3705 2145 3765 C
2165 3722 2224 3772 et
2251 3733 2346 3772 eos
2372 3716 2468 3789 qui
2484 3722 2542 3772 te
2556 3716 2812 3773 audiunt.
2841 3734 2868 3769 ι
2894 3717 2964 3771 Et
2982 3714 3115 3770 alibi
3138 3715 3221 3784 (ΙΙ
3260 3716 3404 3769 Tim.
3428 3729 3480 3773 It,
3502 3711 3551 3779 1)
3581 3727 3593 3763 :
3617 3726 3642 3762 ι
3663 3705 3733 3762 Tu

483 3803 649 3873 juxta
675 3802 1064 3858 auctoritatem
1093 3808 1419 3859 sanctarum
1449 3803 1866 3874 Scripturarum
1898 3808 1957 3857 et
1981 3802 2084 3858 do-

487 3891 727 3947 ctrinam
745 3891 1151 3947 catholicorum
1170 3893 1405 3947 Patrum
1424 3891 1677 3947 invenire
1696 3908 1888 3964 posses
1905 3892 2086 3964 qualis

489 3980 692 4037 debeat
724 3997 845 4036 esse
890 3981 1212 4037 convocatio
1254 3981 1438 4036 adhuc
1481 3980 1617 4035 foris
1665 3981 1976 4053 positorum
2013 3980 2086 4036 ad

487 4069 906 4141 percipiendam
920 4069 1091 4124 ﬁdem
1113 4069 1341 4135 Christi,
1365 4069 1660 4141 qualisque
1681 4070 1804 4124 ﬁeri
1830 4086 2086 4125 accessus

490 4164 619 4231 post
631 4162 951 4230 perceptam
976 4159 1096 4228 jam
1121 4157 1291 4212 ﬁdem
1312 4157 1383 4213 ad
1409 4157 1789 4237 accipiendam
1820 4159 1964 4214 sacri
1990 4157 2086 4214 ba-

488 4245 773 4319 ptismatis
792 4245 1297 4317 regenerationem,
1312 4253 1371 4302 et
1381 4254 1862 4303 sacramentorum
1873 4246 2086 4302 divino-

490 4351 619 4391 rum
660 4335 1181 4403 sanctiﬁcationem,
1207 4335 1462 4408 scireque
1493 4336 1760 4392 doctrina:
1789 4354 1963 4392 same
1990 4352 2086 4391 ra-

488 4425 721 4491 tionem,
737 4431 798 4481 et
820 4441 1149 4481 conservare.
1167 4425 1439 4481 veraciter
1463 4425 1844 4482 Christianam
1866 4425 2089 4497 religio—

488 4530 638 4570 nem.
672 4514 830 4571 Unde
858 4514 1105 4586 primum
1135 4514 1421 4570 doctorem
1451 4515 1638 4588 ipsum
1668 4515 1737 4570 de
1776 4514 1957 4570 ofﬁcio
1985 4531 2088 4570 suo

489 4608 548 4658 et
573 4603 889 4659 eruditione
916 4603 1235 4669 instituens,
1268 4610 1677 4676 consequenter
1702 4604 1773 4659 de
1799 4603 2087 4658 instruen-

488 4691 577 4747 dis
602 4692 837 4747 rudibus
863 4693 923 4747 in
949 4692 1060 4748 ﬁde
1080 4692 1288 4748 Christi
1318 4709 1633 4748 sermonem
1672 4693 1855 4748 facere
1882 4691 2087 4748 statui-

488 4796 634 4836 mus.
665 4780 880 4836 Deinde
925 4781 1205 4853 quomodo
1233 4787 1492 4854 oporteat
1538 4797 1640 4855 per
1676 4781 2089 4854 praedicationis

488 4869 735 4925 cilicium
746 4870 867 4941 jam
886 4875 1218 4926 convocatos
1251 4871 1685 4926 catechumenos
1699 4870 1883 4926 facere
1919 4876 1978 4926 et
1992 4870 2089 4925 ba-

487 4959 753 5032 ptismate
799 4958 1007 5015 Christi
1061 4958 1310 5026 abluere,
1351 4959 1828 5031 sacramentisque
1884 4959 2086 5014 divinis

2166 3823 2320 3877 ergo,
2350 3805 2551 3878 inquit,
2581 3806 2662 3860 ﬁli
2693 3805 2793 3873 mi,
2825 3804 3138 3860 confortare
3182 3802 3240 3857 in
3291 3801 3494 3874 gratia,
3525 3816 3638 3872 qua:
3666 3802 3736 3850 est

2166 3896 2226 3951 in
2252 3895 2476 3951 Christo
2521 3895 2681 3962 Jesu;
2729 3900 2786 3950 et
2829 3911 2954 3967 quae
2982 3891 3188 3948 audisti
3222 3908 3260 3946 a
3298 3907 3390 3946 me
3427 3906 3525 3963 per
3563 3885 3738 3941 multos

2166 3989 2360 4049 testes,
2382 3984 2500 4038 haec
2527 3982 2859 4038 commenda
2886 3980 3144 4037 ﬁdelibus
3172 3978 3501 4035 hominibus
3524 3975 3613 4049 qui
3638 3974 3740 4029 ido-

2165 4074 2257 4128 nei
2285 4077 2418 4128 sunt
2445 4076 2503 4128 et
2539 4072 2679 4131 alios
2720 4071 2938 4127 docere.
2969 4069 3188 4126 Labora
3217 4069 3374 4124 sicut
3396 4067 3570 4123 bonus
3604 4061 3740 4117 miles

2164 4163 2225 4218 in
2253 4162 2476 4218 Christo
2505 4162 2657 4218 Iesu.
2692 4180 2719 4215 »
2752 4160 2822 4216 Et
2849 4177 3046 4216 rursus
3079 4161 3136 4227 (Ι
3164 4160 3312 4216 Tim.
3343 4176 3395 4224 v,
3426 4153 3518 4221 22)
3545 4173 3557 4210 :
3589 4173 3614 4207 (ι
3640 4152 3742 4209 Ma-

2165 4268 2292 4319 nus,
2311 4251 2410 4318 ait,
2435 4250 2545 4306 cito
2564 4249 2777 4306 nemini
2803 4248 3158 4321 imposueris,
3182 4264 3374 4320 neque
3401 4240 3741 4301 communica-

2166 4340 2313 4396 veris
2341 4339 2584 4413 peccatis
2639 4337 2859 4394 alienis.
2898 4337 3163 4410 Teipsum
3201 4343 3429 4392 castum
3471 4329 3687 4389 custodi.
3715 4347 3738 4380 ι

2170 4429 2240 4485 Et
2265 4428 2345 4484 sic
2369 4429 2439 4484 de
2466 4427 2704 4500 singulis
2736 4425 3026 4482 ordinibus
3055 4442 3184 4481 eum
3214 4426 3594 4486 institutums,
3622 4433 3740 4490 quo-

2168 4517 2336 4573 modo
2370 4519 2728 4590 presbyteros
2758 4521 2928 4587 atque
2963 4515 3229 4570 diaconos
3273 4520 3609 4583 ueteresque
3629 4519 3741 4579 gra-

2168 4605 2276 4661 dus
2303 4606 2563 4661 ordinare
2602 4605 2848 4671 deberet,
2886 4605 3261 4676 singulasque
3299 4616 3564 4676 personas
3597 4602 3741 4666 atque

2169 4700 2382 4760 aetates,
2416 4710 2632 4750 necnon
2653 4700 2712 4749 et
2746 4710 2931 4757 sexus,
2964 4693 3165 4748 docere
3193 4697 3369 4765 atque
3395 4688 3614 4746 erudire
3638 4682 3740 4756 ple-

2168 4783 2317 4840 niter
2356 4783 2640 4838 instruxit.
2686 4783 2845 4839 Unde
2890 4799 3118 4838 necesse
3165 4786 3253 4836 est
3279 4786 3348 4836 ut
3393 4796 3489 4835 eos
3526 4790 3654 4848 quos
3683 4767 3743 4824 ad

2167 4871 2418 4928 divinum
2447 4872 2700 4927 ofﬁcium
2731 4887 3058 4944 promovere
3083 4869 3453 4942 concupiscis,
3478 4865 3746 4936 diligenter

2169 4961 2372 5017 doceas
2390 4967 2561 5034 atque
2581 4977 2708 5016 cum
2732 4960 3029 5032 disciplina
3044 4959 3289 5025 erudias,
3302 4963 3372 5013 ut
3391 4956 3572 5012 sciant
3587 4947 3745 5024 quali-

489 5031 843 5115 conﬁrmare,
885 5053 943 5103 et
977 5047 1037 5102 in
1065 5047 1198 5103 ﬁdei
1243 5047 1480 5103 veritate
1515 5047 1878 5103 corroborare
1913 5065 1926 5114 ;
1959 5031 2257 5119 postDter
2290 5031 2646 5106 divini—verbi
2693 5031 2937 5105 ministri
2968 5049 3092 5104 ﬁeri
3121 5047 3383 5111 debeant,
3415 5050 3475 5100 et
3509 5039 3635 5115 quid
3668 5050 3747 5092 e08

488 5137 606 5194 haec
635 5154 876 5210 quoque,
911 5136 1191 5209 quomodo
1221 5136 1372 5210 ipsos
1426 5137 1774 5194 Christianos
1813 5136 2086 5192 catholico

489 5225 750 5298 dogmate
777 5225 1003 5281 erudire
1031 5231 1203 5299 atque
1232 5226 1608 5284 ecclesiastica
1644 5227 1942 5300 disciplina
1961 5243 2089 5282 cor-

489 5313 693 5384 rigere,
714 5315 775 5371 in
799 5314 1114 5388 militiaque
1135 5315 1346 5372 Christi
1365 5316 1702 5373 constitutos
1731 5315 1975 5389 qualiter
1992 5332 2089 5372 eos

489 5417 619 5457 cum
661 5403 967 5460 virtutibus
1003 5410 1202 5460 contra
1239 5405 1377 5462 vitia
1413 5421 1688 5478 pugnare,
1721 5411 1780 5462 et
1806 5420 1985 5477 usque
2016 5404 2089 5459 ad

2168 5139 2309 5196 scire
2329 5142 2389 5194 et
2413 5137 2622 5195 habere
2661 5138 2972 5204 conveniat,
3005 5142 3073 5192 ut
3107 5153 3237 5192 cum
3278 5133 3525 5191 ordinati
3564 5126 3746 5185 fuerint

2169 5234 2228 5284 et
2266 5228 2440 5285 sacris
2483 5227 2775 5284 ordinibus
2827 5225 3136 5293 sublimati,
3185 5225 3370 5296 magis
3417 5219 3617 5295 papula
3658 5209 3743 5269 Dei

2170 5316 2391 5405 prosint
2409 5333 2580 5390 quam
2600 5321 2859 5373 noceant.

559 5516 586 5546 ι
607 5507 675 5585 l_n
699 5507 917 5565 duobus
938 5510 1220 5584 prioribus
1239 5511 1396 5568 libris
1411 5518 1548 5568 sunt
1564 5512 1782 5585 aliquot
1808 5511 1993 5585 capita
2017 5528 2140 5583 quae
2170 5528 2299 5570 cum
2321 5510 2480 5568 libris
2493 5512 2564 5568 de
2579 5511 2942 5569 Institutione
2958 5509 3285 5568 clericorum
3302 5502 3651 5565 conveniunt,
3670 5484 3740 5551 ιιιί

491 5593 594 5632 suo
620 5577 742 5633 loco
772 5577 1022 5639 notatur.
