3824 6152
146 250 261 304 1193
976 251 1070 307 DE
1107 252 1661 316 ECCLESIASTICA

1786 260 2128 317 SCIPLINA.
2173 291 2236 301 -
2278 259 2413 315 LIB.
2456 259 2499 313 Ι.
3234 262 3369 320 1194

1400 490 1688 564 LIBER
1747 490 2118 565 PRIMUS

1224 658 1335 719 DE
1380 657 1685 722 SACRlS
1728 658 2232 722 ORDINIBUS.

424 916 497 971 De
515 921 686 973 sacris
710 921 1001 975 ordinibus
1020 922 1370 990 accipiendis.
1704 921 1757 982 Α
1777 923 1865 973 ter
1888 917 2156 973 reddere:
2181 917 2266 973 vel
2283 917 2493 974 nostris
2503 915 2685 974 verbis
2708 918 2899 975 omnia
2926 934 3050 990 quae
3073 918 3163 974 his
3190 919 3374 976 conti-

196 1030 294 1084 Sed
315 1031 445 1102 quia
471 1038 528 1087 et
555 1034 801 1090 scientiae
824 1035 1256 1107 plenitudinem,
1298 1042 1356 1091 et
1382 1036 1509 1092 vitae
1537 1038 1700 1092 recti-
1781 1014 1989 1107 nent.”
2005 1005 2379 1107 voiummibus
2398 1008 3045 1107 mdofvolvere’9t
3063 1008 3370 1107 “puga?”

134 1097 381 1186 tudinem,
411 1128 469 1176 et
512 1097 846 1180 eruditionis
883 1097 1280 1198 perfectionem
1314 1128 1553 1183 maxime
1603 1144 1697 1182 eos
1780 1097 1930 1199 Suﬁ’d
1953 1102 2303 1199 necltempus
2326 1098 2494 1199 it’
2513 1114 2616 1153 nec
2641 1097 2757 1199 un?
2782 1098 3085 1154 necessu“
3106 1099 3374 1199 ⁸

136 1209 315 1264 habere
334 1184 491 1266 decet
520 1213 615 1283 qui
644 1214 700 1268 in
740 1184 985 1287 quodam
1014 1217 1257 1271 culmine
1286 1217 1575 1272 constituti
1595 1234 1697 1287 gu-
1779 1184 2113 1287 ﬁdum”?
2136 1187 2464 1287 sumufaﬁm
2489 1187 2916 1287 $e¥°ftimque
2952 1187 3265 1287 compl‘?Cﬁ’
3293 1188 3378 1244 ita

134 1298 467 1355 bemaculum
485 1276 776 1372 regiminis
799 1304 858 1359 in
887 1304 1131 1361 Ecclesia
1156 1308 1369 1372 tenent,
1393 1312 1521 1373 etc.,
1541 1276 1631 1361 mu
1632 1310 1694 1361 in
1862 1276 2142 1378 eligant?
2161 1277 2419 1377 qu,”an
2446 1276 2810 1378 mifabliim’
2982 1371 2990 1378 ,
3011 1277 3236 1378 Μεινίῳ
3267 1293 3377 1378 .au-

134 1389 255 1441 libro
280 1391 340 1444 de
364 1363 611 1446 Instant.
649 1394 929 1460 01ericor.,
964 1397 1060 1449 lib.
1095 1412 1172 1459 ω,
1207 1411 1323 1465 cap.
1356 1363 1406 1461 ἦ,
1428 1363 1598 1464 usque
1623 1398 1697 1451 ad
1779 1363 2215 1465 F‘iunmmft‘l“?
2232 1365 2440 1465 mimis
2457 1365 2709 1465 9"“?“53
2729 1366 3035 1465 9°9§titm
3053 1373 3204 1434 sunt”
3226 1372 3286 1422 et
3311 1384 3381 1465 9’“

132 1479 271 1544 ﬁnem
301 1482 493 1548 mpm.“
517 1484 691 1536 imus.
920 1454 928 1460 '
1166 1454 1169 1459 '
1266 1454 1283 1465 ‘
1396 1454 1404 1461 '
1506 1454 1519 1464 '
1780 1460 2051 1548 tanquam
2064 1454 2365 1510 involucris
2386 1455 2699 1548 ostendere;
2720 1455 3379 1548 statimqueaconspectu

598 1600 607 1611 ,
790 1601 799 1612 _
846 1601 856 1612 ,
1130 1604 1139 1614 ε
1781 1541 2038 1614 abripere
2066 1560 2179 1599 non
2208 1548 2447 1616 Oportet,
2481 1545 2580 1599 sed
2628 1544 2979 1617 aliquantum
3028 1546 3379 1602 immorando

382 1597 457 1651 De
484 1600 708 1652 lectione
737 1600 1070 1653 divinarum
1095 1604 1438 1653 litterarum.
1788 1633 1937 1653 wn:
1970 1634 2240 1653 μμιμμ,
2844 1640 2887 1653 ,ι
3212 1636 3253 1653 ιθ
3310 1642 3350 1653 κ.

429 1613 457 1650 ⁸
484 1604 708 1652 (“nam
737 1604 1070 1654 dwmarum
1095 1604 1438 1655 “Hermum
1782 1633 1941 1704 quasi
1969 1634 2246 1688 resolvere
2275 1639 2445 1705 atque
2466 1634 2803 1705 expandere,
2832 1640 2891 1689 et
2922 1635 3271 1706 inspicienda
3299 1642 3382 1691 at-

189 1713 271 1777 (De
296 1713 472 1766 imm.
508 1716 659 1779 cler.,
688 1716 784 1768 lib.
814 1732 887 1780 m,
918 1732 964 1769 e.
998 1714 1075 1784 2.)
1109 1715 1563 1772 Fundamentum
1594 1734 1696 1772 au-
1781 1738 1889 1793 que
1915 1722 2175 1776 miranda
2212 1722 2413 1778 oﬂ‘erre
2440 1724 2644 1778 animis
2667 1724 3012 1791 auditorum,
3037 1730 3241 1780 cetera
3255 1741 3385 1781 vero

129 1805 241 1866 tem,
274 1805 470 1867 status,
515 1806 575 1856 et
618 1802 897 1872 praefectio
948 1804 1280 1876 prudentiae,
1325 1805 1560 1861 scientia
1613 1812 1700 1861 est
1780 1811 1953 1866 celeri
1975 1812 2332 1883 percussione
2376 1812 2673 1868 inserendo
2721 1818 3037 1868 contexere.
3069 1815 3158 1870 Ita
3193 1820 3251 1870 et
3286 1814 3386 1870 illa

130 1895 423 1945 sanctarum
457 1890 893 1962 Scripturarum,
928 1899 1058 1961 etc.,
1086 1911 1257 1963 usque
1287 1896 1361 1950 ad
1402 1898 1569 1964 ﬁnem
1607 1912 1699 1951 σα-
1781 1917 1907 1971 quae
1925 1900 2166 1955 maxime
2183 1901 2567 1956 commendari
2594 1902 2852 1958 volumus
2880 1904 3119 1958 aliorum
3148 1902 3387 1959 submis-

128 1982 257 2046 piu's.
1346 2056 1357 2065 _
1780 1989 1936 2044 sione
1957 1990 2138 2060 magis
2158 1990 2410 2046 eminent
2440 2009 2452 2044 :
2489 2007 2593 2046 nec
2617 1992 2690 2046 ad
2720 2008 2788 2047 ea
2837 1992 3106 2063 fatigatus
3130 1994 3388 2064 pervenit

190 2094 327 2160 Quod
346 2097 494 2151 idem
521 2099 595 2151 sit
613 2097 687 2152 ad
706 2101 924 2153 culmen
952 2102 1235 2168 sapientia:
1260 2106 1310 2154 et
1337 2101 1629 2157 charitatis
1782 2095 1947 2168 quem
1970 2080 2251 2135 narrando
2270 2080 2527 2136 νοῙιιωυε
2547 2081 2809 2149 “Citam,
2822 2098 2926 2136 nec
2946 2082 3097 2137 illius
3110 2083 3387 2138 memoria

736 2167 1043 2239 pervenire.
1716 2239 1741 2241 ξ
1781 2167 2143 2223 confunditur
2197 2184 2364 2241 quem
2400 2169 2648 2225 docendo
2683 2169 2951 2225 debemus
2992 2170 3292 2227 instruxere.
3317 2172 3385 2227 In

189 2275 353 2341 (Ibid.,
386 2292 434 2329 c.
474 2275 550 2344 5.)
579 2275 908 2348 Quicunque
944 2276 1122 2347 igitur
1157 2277 1229 2331 ad
1268 2278 1556 2349 sapientiae
1588 2239 1762 2333 cul-B
1780 2256 2043 2349 οωηξίξυε
2070 2239 2356 2349 mean?“
2375 2263 2598 2349 ίδηῗιωῐξ
2633 2263 2987 2349 ηοεμοροηξδί
3012 2259 3219 2314 intueri
3245 2276 3387 2332 Ιππ-

128 2377 237 2417 men
256 2362 527 2435 pervenit,
552 2363 624 2420 ad
645 2345 933 2435 fastigium
962 2345 1415 2435 charitatis,etc.,
1444 2384 1612 2436 usque
1625 2370 1689 2423 ad

1786 2345 1927 2416 cepti
1947 2346 2138 2414 ﬁnem,
2157 2347 2305 2418 quod
2336 2352 2421 2403 est
2442 2346 2689 2402 charitas
2718 2347 2788 2403 de
2814 2347 2983 2403 corde
3004 2364 3145 2419 puro
3184 2352 3242 2403 et
3255 2364 3384 2405 con-

126 2434 272 2517 ﬁm
293 2456 509 2523 capitis,
786 2434 799 2435 ί
1519 2434 1535 2436 “
1780 2434 2016 2489 scientia
2033 2434 2182 2491 bona
2201 2441 2259 2491 et
2286 2435 2397 2491 ﬁde
2425 2452 2540 2491 non
2569 2437 2717 2503 ficta,
2733 2452 2845 2508 quo
2865 2453 2935 2492 ea
2951 2452 3074 2508 quae
3099 2436 3385 2509 loquimur

1778 2528 1986 2579 cuncta
2013 2524 2342 2593 referamus,
2377 2525 2477 2580 sed
2508 2525 2681 2581 etiam
2719 2524 2872 2580 illius
2902 2542 3071 2598 quem
3098 2526 3379 2598 loquendo

1785 2612 2200 2669 instruimusad
2219 2614 2278 2669 id
2296 2614 2602 2670 movendus
2614 2619 2782 2686 atque
2794 2614 2927 2671 illuc
2951 2615 3278 2687 dirigendus
3297 2632 3384 2671 as-

186 2688 353 2753 (lbid.,
383 2705 430 2742 c.
447 2684 571 2757 27.)
588 2689 812 2743 Interea
837 2692 1032 2759 quippe
1060 2690 1196 2743 dum
1224 2690 1443 2745 intenta
1470 2689 1689 2745 medita-

1786 2707 1978 2774 pectus
2007 2708 2112 2758 est.
2129 2704 2327 2775 Neque
2344 2702 2495 2758 enim
2514 2702 2585 2758 ob
2615 2684 2770 2759 aliud
2796 2710 2928 2759 ante
2956 2684 3259 2761 adventum
3278 2706 3385 2761 Do-

128 2774 258 2830 tione
285 2777 581 2834 scientiam
609 2778 919 2849 spiritalem
962 2783 1122 2850 optat
1165 2779 1418 2851 adipisci,
1452 2795 1696 2847 necesse,
1783 2792 1923 2846 mini
1953 2792 2163 2864 scripta
2188 2774 2323 2847 sunt
2348 2792 2541 2847 omnia
2562 2810 2687 2864 quae
2728 2793 2786 2848 in
2827 2794 3133 2866 scripturis
3178 2793 3386 2850 sanctis

125 2873 234 2932 etc.,
264 2884 429 2937 usque
468 2868 584 2936 fere
612 2868 687 2922 ad
713 2870 877 2935 ﬁnem
910 2871 1104 2937 capitis
1140 2870 1221 2922 ibi
1253 2870 1327 2923 ad
1348 2872 1451 2924 illa
1495 2870 1657 2924 verba
1683 2892 1689 2923 ;

1786 2881 2022 2952 legimus
2056 2900 2068 2935 :
2102 2881 2211 2937 nisi
2239 2888 2306 2937 ut
2330 2881 2483 2937 illius
2502 2882 2995 2938 commendaretur
3022 2883 3313 2951 adventus,
3328 2889 3387 2939 et

128 2953 217 3008 sed
241 2957 367 3027 quia
384 2957 461 3012 de
491 2952 676 3012 mOdO-
1779 2970 1971 3026 futura
1986 2972 2424 3043 praesignaretur
2442 2972 2704 3039 Ecclesia,
2719 2972 2778 3028 id
2796 2979 2884 3028 est
2892 2974 3134 3045 populus
3143 2974 3266 3042 Dei,
3282 2990 3385 3046 per

346 3074 499 3142 Quid
526 3074 712 3127 doctor
738 3073 923 3127 debeat
950 3075 1014 3126 in
1035 3073 1270 3127 docendo
1297 3088 1475 3140 agere.
1782 3077 1977 3116 omnes
2002 3066 2222 3132 gentes,
2254 3060 2404 3132 quod
2432 3065 2520 3116 est
2540 3077 2742 3134 corpus
2765 3062 2888 3132 ejus
2905 3062 3186 3133 adjunctis
3212 3069 3384 3136 atque

1782 3149 2171 3205 annumeratis
2188 3148 2450 3205 omnibus
2477 3151 2705 3206 sanctis.
2717 3150 2825 3216 Qui
2844 3150 3017 3206 etiam
3030 3156 3162 3208 ante
3183 3152 3387 3208 adven-

1784 3244 1907 3294 tum
1927 3240 2051 3311 ejus
2071 3239 2129 3294 in
2157 3238 2264 3294 hoc
2288 3238 2492 3311 saeculo
2520 3239 2795 3307 vixerunt,
2826 3239 2911 3295 ita
2925 3256 3057 3295 eum
3088 3240 3382 3297 credentes

516 2571 589 2625 De
617 2574 979 2642 aequis-itione
1007 2575 1304 2628 virtutum.

187 3189 355 3255 (lbid.,
388 3206 439 3243 ο.
474 3186 589 3258 28.)
622 3186 801 3242 Debet
830 3186 1008 3258 igitur
1036 3186 1352 3242 divinarum
1392 3188 1704 3261 Scripturap

127 3292 233 3330 rum
253 3282 528 3332 tractator
548 3283 606 3331 et
633 3276 844 3343 doctor,
878 3276 1135 3331 defensor
1173 3282 1337 3332 rectae
1386 3277 1537 3346 ﬁdei,
1570 3284 1697 3346 etc.,

125 3382 270 3435 usque
296 3370 366 3421 ad
386 3371 561 3436 ﬁnem
590 3369 803 3436 capitis.

384 3417 1031 3527 vii-(li)'§edwquamvis
1058 3456 1116 3511 in
1168 3455 1327 3512 bonis
1383 3456 1703 3512 doctoribus
1785 3424 2073 3527 8:8th
2084 3417 3205 3527 Βῗίξιξῖδὲξιάφι
3231 3420 3384 3527 Dim

1785 3507 2141 3562 dilectionem
2168 3523 2332 3562 suam
2358 3508 2419 3561 in
2446 3506 2606 3561 nobis
2636 3507 3039 3562 commendans
3065 3523 3191 3563 eam
3219 3509 3382 3564 vehe-

1785 3602 2023 3660 menter,
2048 3597 2182 3667 quia
2208 3612 2337 3651 cum
2362 3595 2546 3650 adhuc
2572 3595 2786 3650 inimici
2825 3612 3093 3663 essemus,
3123 3598 3381 3653 Christus

1625 3723 1700 3778 di.
1785 3702 1886 3757 pro
1914 3685 2074 3740 nobis
2104 3690 2360 3740 mortuus
2388 3690 2475 3740 est
2505 3703 2517 3738 :
2542 3684 2646 3738 hoc
2685 3689 2874 3739 autem
2909 3684 3055 3753 ideo,
3087 3686 3222 3757 quia
3250 3687 3380 3742 finis

1687 3766 1700 3847 ξ
1785 3776 2047 3847 precepti
2077 3781 2135 3830 et
2153 3774 2441 3847 plenitudo
2471 3773 2613 3845 legis
2651 3774 2895 3829 charitas
2922 3780 3010 3830 est
3036 3793 3049 3829 :
3082 3780 3146 3830 ut
3183 3780 3242 3830 et
3277 3792 3380 3832 nos

1786 3865 2023 3920 invicem
2052 3865 2372 3935 diligamus,
2403 3869 2461 3917 et
2488 3863 2962 3934 quemadmodum
2983 3864 3077 3919 ille
3097 3881 3199 3936 pro
3219 3864 3380 3920 nobis

1786 3954 2033 4009 animam
2061 3970 2217 4008 suam
2249 3952 2456 4024 posuit,
2475 3953 2556 4008 sic
2583 3959 2642 4008 et
2667 3970 2769 4008 nos
2798 3953 3048 4009 animam
3075 3971 3176 4025 pro
3188 3954 3378 4011 fratri-

1786 4042 1890 4097 bus
1917 4060 2192 4114 ponamus
2219 4061 2229 4096 :
2263 4048 2323 4098 et
2357 4042 2542 4115 ipsum
2580 4043 2780 4109 Deum,
2817 4044 3082 4115 quoniam
3109 4045 3264 4116 prior
3298 4045 3371 4101 di-

1786 4132 1920 4188 lexit
1938 4149 2059 4199 nos,
2084 4140 2143 4188 et
2180 4133 2322 4188 Filio
2350 4149 2453 4188 suo
2481 4133 2647 4188 unico
2689 4149 2802 4187 non
2837 4134 3103 4206 pepercit,
3139 4135 3239 4190 sed
3277 4152 3379 4207 pro

124 3549 262 3600 tanta
277 3545 516 3600 docendi
544 3561 680 3600 cura
701 3546 774 3599 sit
791 3546 876 3599 vel
893 3561 1013 3600 esse
1046 3545 1265 3612 debeat,
1290 3552 1371 3613 ut,
1394 3554 1498 3611 etc,
1537 3563 1703 3615 usque
1723 3556 1768 3618 ο

122 3636 183 3687 ad
208 3638 363 3701 ﬁnem
395 3639 618 3704 capitis.

185 3724 351 3790 (Ibid,
375 3742 422 3779 c.
454 3722 569 3794 31.)
600 3725 697 3779 Est
721 3729 917 3779 autem
948 3723 1193 3795 optimus
1222 3724 1423 3778 modus
1460 3725 1621 3779 dicen

123 3828 216 3882 quo
244 3815 305 3868 ﬁt
331 3822 398 3869 ut
422 3814 526 3886 qui
564 3814 739 3881 audit,
786 3829 1002 3881 verum,
1049 3819 1178 3881 etc.,
1222 3831 1387 3883 usque
1430 3815 1503 3868 ad
1539 3816 1703 3881 ﬁnem

122 3905 312 3970 capitis.
606 3911 615 3915 “

177 3991 377 4048 Verum
402 3993 581 4048 etiam
603 3994 827 4048 ﬂectere
848 4000 913 4048 ut
929 3993 1130 4047 vincat.
1167 3993 1297 4047 Haec
1320 4009 1453 4063 ergo
1478 4009 1705 4047 servans

118 4081 432 4150 praedicator
453 4082 806 4153 evangelicus
835 4082 894 4136 in
922 4082 1235 4153 prolatione
1281 4081 1576 4149 sermonis,
1602 4081 1704 4135 ad-

114 4169 322 4238 juvante
352 4172 554 4227 divina
590 4171 793 4242 gratia,
827 4172 1035 4243 poterit
1077 4170 1325 4225 invenire
1354 4170 1597 4226 fructum
1627 4171 1704 4226 la-

828 4221 1033 4243 Γνω-
1301 4221 1322 4225 '
1355 4221 1393 4224 "
1413 4221 1597 4226 ""“m
1784 4222 1947 4329 nobis
1962 4221 2222 4329 omnibus
2241 4222 2749 4329 ιΐαάἱίξίιίίξυξῖξοὲί
2782 4223 3248 4329 ⁸¹¹ξ³¹⁸θΡί8θδ²ξδν
3272 4224 3381 4329 sal:

1781 4319 1899 4367 tem
1931 4312 2224 4368 redamare
2242 4328 2355 4367 non
2374 4311 2579 4383 pigeat.
2599 4311 2772 4367 Nulla
2798 4316 2885 4367 est
2913 4313 3063 4367 enim
3092 4315 3276 4385 major
3303 4313 3377 4369 ad

380 4378 662 4448 Quomodo
690 4378 852 4432 rudes
874 4377 1251 4432 catechizandi
1277 4379 1410 4431 sint.

1786 4418 2032 4456 amorem
2052 4402 2309 4456 invitatio
2330 4418 2501 4472 quam
2526 4401 2833 4472 praevenire
2845 4401 3108 4468 amando,
3136 4407 3194 4456 et
3205 4402 3378 4457 nimis

174 4492 312 4548 Nam
339 4498 482 4566 quia
508 4493 580 4548 de
609 4493 927 4548 eruditione
949 4494 1215 4549 doctrina
1246 4498 1305 4547 et
1346 4491 1697 4548 institutione
1778 4491 1957 4547 durus
1974 4496 2061 4545 est
2086 4490 2327 4558 animus,
2346 4490 2441 4561 qui
2463 4489 2838 4557 dilectionem,
2854 4489 2901 4545 si
2921 4489 3148 4545 nolebat
3164 4490 3379 4563 impen-

108 4596 315 4636 morum
344 4582 746 4654 pmdicatores
793 4581 946 4637 verbi
992 4582 1093 4637 Dei
1130 4583 1292 4653 juxta
1336 4580 1696 4636 traditionem
1778 4581 1931 4647 dere,
1963 4580 2104 4635 nolit
2131 4586 2189 4634 et
2208 4579 2641 4651 rependere.Slc
2670 4595 2804 4649 ergo
2827 4580 3068 4634 maxime
3081 4586 3379 4653 propterea

108 4671 368 4740 majorem
379 4671 1019 4743 hactenusaliquantum
1030 4671 1399 4738 instituimus,
1412 4686 1563 4726 nunc
1571 4687 1699 4725 con-
1781 4671 2036 4727 Christus
2054 4669 2296 4735 advenit,
2310 4677 2376 4724 ut
2388 4674 2748 4739 cognosceret
2767 4668 2931 4724 homo
2953 4675 3227 4741 quantum
3248 4686 3380 4730 eum

107 4765 399 4831 sequenter
430 4760 712 4833 quomodo
758 4761 927 4816 rudes
971 4761 1349 4816 catechizandi
1378 4766 1512 4816 sunt
1555 4760 1701 4815 dica-
1780 4760 1979 4830 diligat
2004 4761 2174 4827 Deus,
2207 4764 2264 4813 et
2288 4757 2414 4813 ideo
2458 4763 2819 4828 cognosceret
2847 4763 2913 4813 ut
2964 4758 3025 4813 in
3076 4760 3200 4831 ejus
3238 4760 3378 4816 dile-

108 4862 239 4903 mus.
254 4851 460 4922 Itaque
479 4850 585 4905 hoc
622 4849 869 4905 officium
896 4850 1212 4906 faciendum
1244 4856 1333 4906 est
1354 4850 1764 4940 narratione,D
1783 4849 2026 4904 ctionem
2057 4865 2169 4940 qua
2189 4848 2342 4940 prior
2372 4847 2608 4940 dilectus
2654 4854 2739 4902 est
2769 4847 3165 4940 inardesceret,
3198 4849 3381 4940 proxif

106 4937 509 5008 exhortatione,
533 4944 704 5011 atque
733 4939 1040 4995 hilaritate.
1714 4937 1752 4940 “
1784 4955 2053 5010 mumque
2082 4938 2176 4993 illo
2189 4937 2423 5009 jubente
2443 4941 2501 4992 et
2525 4937 2947 4993 demonstrante
2975 4938 3254 5009 diligeret,
3279 4938 3378 5010 qui

169 5028 433 5084 Narrah’o
459 5029 626 5100 plena
652 5034 756 5097 est,
770 5045 899 5085 cum
930 5030 1166 5102 quisque
1187 5029 1369 5101 primo
1399 5030 1703 5085 catechiza-
1783 5045 1896 5083 non
1924 5027 2258 5100 proximum,
2288 5028 2387 5082 sed
2435 5042 2549 5081 non
2595 5026 2718 5097 lege
2756 5026 3211 5098 peregrinantem
3249 5027 3380 5082 dili-

107 5118 191 5170 ιω
221 5116 292 5173 ab
322 5135 394 5173 eo
435 5118 586 5190 quod
636 5118 909 5190 scriptum
939 5126 1026 5174 est
1056 5138 1068 5174 :
1108 5139 1132 5172 ι
1166 5120 1232 5174 In
1268 5119 1543 5191 principio
1570 5119 1702 5174 fecit
1780 5117 1964 5190 gendo
1984 5117 2164 5172 factus
2184 5121 2270 5171 est
2287 5116 2596 5188 proximus.
2629 5114 2938 5187 Omnisque
2979 5116 3269 5187 Scriptura
3298 5117 3380 5172 di-

106 5202 243 5260 Deus
269 5208 482 5263 celum
512 5213 570 5262 et
586 5212 801 5264 terram
834 5209 985 5275 (Gen.
1009 5226 1045 5275 ι,
1082 5208 1157 5279 1),
1189 5227 1216 5262 ι
1240 5224 1418 5280 usque
1456 5209 1528 5263 ad
1558 5226 1700 5280 pras-
1781 5207 1913 5262 vina
1932 5224 2056 5278 quae
2089 5210 2220 5262 ante
2237 5205 2447 5276 scripta
2467 5210 2553 5260 est
2575 5204 2647 5259 ad
2670 5204 3161 5276 pmnuntiandum
3176 5207 3379 5262 adven-

103 5295 274 5350 sentia
298 5302 567 5368 tempora
585 5298 863 5365 Ecclesiae,
877 5315 990 5353 non
1020 5303 1212 5353 tamen
1233 5304 1530 5370 propterea
1540 5296 1702 5353 debe-
1782 5301 1905 5352 tum
1926 5294 2232 5363 Domini,et
2245 5294 2519 5366 quidquid
2536 5298 2733 5366 postea
2750 5293 3080 5349 mandatum
3100 5301 3157 5349 et
3176 5296 3380 5352 litteris

105 5398 220 5439 mus
242 5392 436 5441 totum
448 5386 856 5443 Pentateucum
866 5392 1126 5459 totosque
1137 5387 1399 5442 Judicum
1421 5391 1479 5442 et
1498 5403 1700 5457 regno-
1783 5392 1842 5441 et
1874 5386 2063 5443 divina
2089 5384 2423 5439 auctoritate
2446 5385 2733 5439 ﬁrmatum
2754 5389 2858 5451 est,
2883 5384 3172 5439 Christum
3186 5392 3383 5441 narrat

102 5486 220 5529 mm
257 5481 317 5530 et
338 5476 497 5531 Eam
514 5476 706 5545 libros,
733 5481 1029 5549 totumque
1053 5476 1418 5548 Evangelium
1447 5482 1505 5531 et
1524 5477 1699 5531 Actus
1782 5481 1840 5531 et
1865 5475 2222 5531 dilectionem
2251 5478 2453 5528 movet.
2489 5472 2848 5528 Manifestum
2877 5479 2965 5529 est
3003 5489 3118 5529 non
3159 5478 3382 5530 tantum

102 5566 483 5633 apostolorum
502 5566 589 5622 vel
609 5566 659 5621 si
684 5566 757 5622 ad
799 5565 1031 5623 verbum
1078 5565 1411 5624 edidicimus
1439 5565 1700 5622 memori-
1780 5571 1960 5624 totam
2010 5565 2193 5637 legem
2222 5569 2281 5619 et
2318 5562 2621 5636 prophetas
2647 5563 2709 5621 in
2737 5563 2852 5621 illis
2879 5563 3100 5623 duobus
3137 5565 3382 5640 pendere

508 5666 781 5731 ΡΑτιιοι..
809 5665 967 5731 CXII
2986 5666 3067 5731 33

1784 3334 2085 3384 venturum
2104 3343 2246 3396 esse,
2263 3329 2409 3384 sicut
2436 3345 2540 3383 nos
2552 3328 2789 3384 venisse.
2814 3329 2949 3394 Quae
2976 3334 3169 3386 autem
3198 3330 3384 3402 major
3498 3358 3507 3365 ο
