3982 6158
583 225 720 281 1195

1165 227 1226 280 Β.
1269 185 1540 283 me».va
1579 229 1808 286 MAURI
1847 229 2185 286 momen.
2223 226 2547 283 MOGUNT.
2590 223 2887 283 OPERUM
2925 227 3108 284 PARS
3145 229 3234 284 ιιι.

3626 235 3730 292 1196

576 351 866 423 praeceptis
885 349 1198 406 dilectionis
1225 351 1327 406 Dei
1357 357 1414 406 et
1441 351 1697 424 proximi,
1713 371 1836 424 quae
1851 355 2033 410 adhuc
2045 355 2166 411 sola
2184 362 2232 420 Α
2249 352 2396 407 xime
2417 351 2925 407 commendandum
2948 358 3052 420 est,
3067 357 3130 407 ut
3145 369 3263 407 cum
3289 351 3372 408 ille
3395 355 3479 426 qui
3491 372 3576 410 nos
3593 357 3730 424 audit,

577 441 868 513 Scriptura
893 445 1089 496 sancta
1114 444 1237 495 erat
1262 457 1388 496 cum
1406 441 1512 496 hoc
1539 442 1812 499 Dominus
1823 445 2168 501 diceret.Sed

575 529 746 586 etiam
790 545 1154 602 quaecumque
1192 531 1472 602 posterius
1511 531 1813 587 salubriter
1847 541 2171 590 consecrata

573 624 726 686 sunt,
748 619 1145 690 memoriaeque
1162 619 1429 674 mandata
1447 620 1765 676 divinarum
1780 621 2066 678 volumina
2079 623 2170 678 lit-

569 713 840 763 terarum.
873 707 1018 773 Quia
1045 723 1178 779 ergo
1205 707 1465 764 charitati
1505 709 1644 764 nihil
1695 711 1959 767 adversus
1997 729 2167 784 quam

568 796 895 864 invidentia,
939 802 1122 852 mater
1167 803 1358 852 autem
1398 798 1718 854 invidentiae
1756 801 2018 872 superbia
2059 807 2162 870 est,

566 879 719 944 idem
741 886 1012 942 Dominus
1041 887 1070 941 J
1075 901 1204 942 esus
1229 886 1488 942 Christus
1514 887 1666 944 Deus
1693 889 1861 944 homo
1891 895 1948 945 et
1966 891 2166 947 divinae

567 975 627 1030 in
638 991 742 1030 nos
753 975 1068 1030 dilectionis
1093 975 1364 1030 indicium
1389 981 1446 1030 et
1463 967 1724 1034 humanae
1752 979 1902 1050 apud
1931 997 2033 1034 nos
2065 981 2166 1035 hu-

565 1061 1168 1136 militatisexemplum,
1187 1070 1252 1120 ut
1266 1069 1704 1136 magnustumor
1730 1073 1923 1122 noster
1951 1070 2166 1140 majore

561 1153 846 1209 contraria
872 1153 1151 1210 medicina
1179 1158 1495 1209 sanaretur.
1517 1155 1723 1226 Magna
1751 1161 1838 1211 est
1880 1157 2032 1212 enim
2063 1158 2167 1228 mi-

566 1243 716 1298 seria
733 1241 1008 1314 superbus
1019 1243 1312 1308 homo,sed
1333 1244 1516 1314 major
1543 1244 1929 1300 misericordia
1936 1247 2166 1302 humilis

571 1331 742 1391 Deus.
776 1333 894 1387 Hac
921 1347 1056 1403 ergo
1082 1331 1380 1387 dilectione
1405 1331 1531 1397 tibi,
1559 1333 1754 1401 lector,
1797 1341 2070 1406 tanquam
2097 1335 2168 1392 si-

571 1435 686 1492 gno
709 1421 998 1494 proposito
1048 1435 1159 1492 quo
1204 1420 1416 1476 referas
1445 1421 1636 1476 omnia
1663 1437 1786 1494 quae
1827 1424 1985 1492 dicis,
2009 1425 2170 1496 quid-

572 1510 705 1582 quid
730 1523 928 1565 narras
953 1510 1035 1564 ita
1057 1525 1227 1565 narra
1257 1529 1270 1564 :
1304 1515 1370 1565 ut
1409 1509 1504 1565 ille
1532 1511 1624 1565 cui
1664 1512 1912 1584 loqueris
1941 1514 2170 1570 audien-

569 1598 644 1654 do
667 1600 881 1666 credat,
902 1599 1178 1656 credendo
1205 1604 1410 1672 speret,
1438 1597 1715 1672 sperando
1744 1608 1914 1658 amet.

2249 441 2366 496 imo
2388 455 2490 514 per
2513 457 2617 495 nos
2645 441 2807 496 audit
2832 441 3030 508 Deum,
3061 440 3296 496 moribus
3315 447 3368 497 et
3389 443 3590 500 scientia
3610 449 3737 518 proii-

2250 545 2376 584 cere
2395 529 2644 601 coeperit,
2660 534 2718 583 et
2736 529 2880 584 viam
2903 528 3111 586 Christi
3131 546 3252 584 cum
3279 531 3532 588 alacritate
3547 532 3734 605 ingredi,

2249 632 2354 674 nec
2366 617 2594 673 nobisid
2621 617 2828 676 audeat
2854 619 3155 689 assignare,
3182 633 3278 674 nec
3301 617 3415 686 sibi,
3436 621 3522 676 sed
3543 623 3738 694 seipsum

2249 713 2307 762 et
2335 723 2437 763 nos
2461 712 2519 762 et
2547 723 2905 779 quoscunque
2936 707 3076 762 alios
3106 706 3280 778 diligit
3303 709 3490 763 amicos
3510 710 3560 764 in
3583 710 3674 778 illo,
3697 719 3738 767 et

2247 802 2476 868 prepter
2501 796 2662 851 illum
2693 795 2868 867 diligi,
2903 796 3000 868 qui
3043 813 3169 851 eum
3211 796 3391 852 dilexit
3426 797 3668 854 inimicum
3693 807 3742 856 ut

2241 885 2559 958 justiﬁcans
2587 885 2797 941 faceret
2821 885 3084 940 amicum.

2317 975 2464 1030 Illud
2492 976 2658 1048 plane
2669 991 2784 1030 non
2793 974 3242 1047 praetereundum
3251 980 3348 1044 est,
3363 980 3422 1030 ut
3436 975 3479 1031 si
3495 976 3558 1032 ad
3571 978 3741 1050 tequis-

2247 1079 2418 1135 quam
2441 1064 2866 1120 catechizandus
2892 1051 3109 1120 venerit
3126 1063 3430 1120 liberalibus
3452 1065 3744 1122 doctrinisex-

2247 1154 2431 1208 cultus
2453 1153 2548 1226 qui
2569 1155 2694 1226 jam
2719 1154 3030 1210 decreverit
3059 1171 3180 1209 esse
3207 1153 3546 1221 Christianus,
3569 1161 3616 1210 et
3651 1155 3742 1210 ideo

2246 1242 2464 1297 venerit
2477 1248 2541 1298 ut
2560 1243 2676 1311 ﬁat,
2691 1242 3084 1300 difﬁcillimum
3101 1243 3325 1298 omnino
3345 1250 3426 1298 est
3441 1249 3500 1299 ut
3508 1259 3603 1299 non
3612 1244 3744 1299 multa

2247 1337 2568 1404 nostrarum
2595 1332 2998 1404 scripturarum
3044 1332 3453 1404 litterarumque
3479 1333 3744 1404 cognoverit,

2250 1420 2452 1492 quibus
2466 1423 2588 1493 jam
2623 1421 2932 1476 instructus
2951 1422 3024 1477 ad
3048 1427 3510 1477 sacramentorum
3525 1421 3752 1494 particips.

2248 1509 2462 1565 tionem
2487 1511 2879 1566 tantummodo
2898 1511 3130 1566 venerit.
3156 1512 3316 1566 Tales
3329 1511 3470 1566 enim
3496 1527 3590 1566 non
3606 1511 3750 1565 eadem

2249 1601 2390 1655 hora
2408 1617 2521 1672 qua
2531 1599 2836 1656 Christiani
2851 1602 3012 1668 fiunt,
3035 1599 3132 1655 sed
3147 1605 3278 1656 ante
3312 1601 3484 1655 solent
3499 1599 3654 1656 omnia

640 1688 978 1744 Narratione
1003 1689 1182 1756 ﬁnita,
1217 1705 1344 1760 spes
1392 1689 1820 1746 resurrectionis
1856 1689 2232 1750 intimandaB
2246 1695 2447 1761 genter
2463 1689 2766 1762 inquirere,
2780 1695 2838 1744 et
2855 1695 3040 1745 motus
3055 1689 3231 1744 animi
3251 1690 3339 1745 sui
3355 1707 3472 1744 cum
3490 1689 3756 1761 quibuspos-

565 1783 670 1846 est,
705 1783 764 1832 et
787 1793 887 1850 pro
913 1779 1222 1850 capacitate
1261 1795 1326 1834 ac
1383 1779 1592 1834 viribus
1632 1781 1932 1849 audientis,
1955 1797 2167 1854 proque

565 1867 744 1940 ipsius
771 1869 1039 1940 temporis
1066 1869 1295 1924 modulo
1341 1869 1607 1925 adversus
1665 1887 1833 1926 vanas
1879 1871 2168 1929 irrisiones

569 1957 881 2012 inﬁdelium
909 1958 980 2014 de
1007 1959 1254 2030 corporis
1282 1959 1692 2015 resurrectione
1719 1961 2096 2030 tractandum,
2110 1969 2168 2018 et

563 2037 744 2102 futuri
760 2047 948 2102 ultimi
967 2048 1167 2118 judicii
1187 2047 1439 2104 bonitate
1466 2047 1527 2104 in
1551 2047 1748 2118 bonos,
1781 2051 2080 2106 severitate
2107 2053 2168 2107 in

568 2137 767 2205 malos,
808 2136 1042 2192 veritate
1069 2137 1130 2192 in
1171 2153 1386 2193 omnes.
1421 2137 2002 2212 Cominemoratisque
2038 2155 2166 2196 cum

563 2225 938 2282 detestatione
967 2230 1026 2281 et
1065 2226 1296 2282 horrore
1347 2227 1527 2300 panis
1573 2227 1896 2300 impiorum,
1929 2245 2167 2302 regnum

561 2315 847 2386 iustorum
877 2321 1047 2388 atque
1069 2315 1318 2372 ﬁdelium
1339 2333 1586 2389 uperna
1605 2317 1707 2372 illa
1725 2318 1922 2374 civitas
1934 2319 2166 2390 ejusque

555 2403 835 2474 gaudium
863 2420 992 2460 cum
1010 2403 1287 2460 desiderio
1313 2404 1734 2477 praedicandum
1755 2411 1860 2462 est.
1873 2408 2017 2462 Tum
2035 2424 2166 2463 vero

563 2491 896 2548 instruenda
923 2499 982 2548 et
1005 2495 1312 2550 animanda
1337 2499 1426 2550 est
1450 2493 1752 2550 inﬁrmitas
1790 2495 2035 2552 hominis
2063 2498 2166 2553 ad-

559 2597 758 2636 versus
777 2583 1122 2638 tentationes
1141 2588 1199 2638 et
1217 2583 1500 2652 scandala,
1521 2583 1638 2640 sive
1653 2585 1807 2653 foris,
1831 2585 1944 2640 sive
1963 2586 2023 2641 in
2041 2587 2168 2659 ipsa

563 2670 718 2726 intras
749 2671 984 2726 ecclesia
1016 2690 1027 2724 :
1061 2671 1198 2726 foris
1228 2672 1495 2728 adversus
1533 2674 1776 2744 gentiles
1818 2676 1905 2729 vel
1944 2675 2166 2732 Judaos

564 2759 651 2814 vel
673 2759 984 2828 haereticos,
1003 2759 1158 2814 intus
1177 2766 1369 2816 autem
1407 2761 1674 2818 adversus
1687 2779 1834 2820 areae
1861 2765 2163 2821 Dominicis

560 2849 772 2920 paleas,
808 2865 922 2904 non
949 2855 1016 2904 ut
1044 2855 1242 2905 contra
1269 2850 1494 2922 singula
1521 2867 1911 2924 perversurum
1951 2871 2164 2925 genera

560 2937 897 3010 disputetur,
932 2954 1238 3010 omnesque
1256 2939 1485 2995 illorum
1509 2957 1694 3013 pravae
1715 2943 2006 3014 opiniones
2035 2961 2161 3016 pro-

2249 1785 2383 1835 sunt
2408 1779 2825 1835 communicare
2853 1783 3023 1852 atque
3061 1779 3354 1834 discutere.
3375 1777 3596 1834 Cumhis
3615 1777 3756 1848 itaque

2247 1869 2779 1940 breviteragendum
2809 1875 2914 1936 est,
2927 1873 2987 1925 et
3021 1883 3135 1925 non
3154 1869 3342 1924 odiose
3366 1867 3653 1924 inculcanda
3668 1880 3757 1937 qua

2249 1964 2479 2031 norunt,
2503 1959 2599 2013 sed
2639 1959 2890 2014 modeste
2919 1957 3367 2030 perstringendo,
3399 1957 3476 2012 ita
3498 1961 3556 2012 ut
3567 1955 3758 2010 dicamus

2249 2063 2353 2102 nos
2378 2047 2760 2120 crederequod
2769 2049 2888 2119 jam
2904 2047 3314 2102 noverintillud
3327 2051 3488 2118 atque
3495 2044 3760 2115 illud,etque

2249 2137 2356 2192 hoc
2376 2137 2542 2192 modo
2556 2137 2766 2192 cursim
2786 2153 3118 2192 enumerare
3138 2137 3330 2193 omnia
3353 2150 3470 2208 quae
3491 2132 3684 2188 rudibus
3702 2132 3763 2186 in.

2249 2225 2540 2298 doctisque
2553 2226 2888 2282 inculcanda
2899 2231 3034 2282 sunt
3053 2231 3118 2282 ut
3137 2225 3249 2282 etsi
3267 2225 3400 2300 quid
3415 2223 3554 2280 novit
3567 2221 3763 2278 eruditum

2246 2315 2356 2371 iste
2382 2332 2496 2372 non
2523 2321 2794 2388 tanquam
2821 2333 2858 2370 a
2879 2316 3108 2372 doctore
3135 2315 3349 2384 audiat,
3379 2313 3479 2370 etsi
3501 2311 3619 2385 quid
3657 2311 3763 2366 forte

2246 2404 2430 2460 adhuc
2465 2405 2692 2478 ignorat
2713 2405 2848 2460 dum
2879 2423 2946 2460 ea
2997 2420 3494 2460 commemoramus
3517 2419 3625 2474 quae
3645 2400 3763 2456 illum

2247 2511 2412 2550 nosse
2430 2497 2551 2566 jam
2596 2494 2876 2550 credimus
2931 2494 3126 2550 discat.
3161 2495 3308 2550 Sunt
3340 2493 3470 2549 item
3505 2490 3695 2564 quidam
3715 2487 3764 2542 de

2246 2584 2450 2640 scholis
2471 2583 2856 2640 usitatissimis
2889 2584 3412 2655 grammaticorum,
3441 2586 3766 2650 oratorumque

2244 2673 2551 2740 venientes,
2567 2689 2708 2746 quos
2717 2681 2902 2746 neque
2912 2673 3281 2728 interidiotas
3290 2685 3572 2728 numerare
3589 2667 3762 2732 audeas,

2245 2775 2428 2835 neque
2456 2763 2605 2818 inter
2633 2763 2761 2818 illos
2790 2762 3146 2818 doctissimos
3157 2778 3398 2835 quorum
3422 2775 3570 2816 mens
3593 2773 3770 2828 magna-

2243 2867 2370 2907 rum
2391 2869 2580 2907 rerum
2602 2858 2690 2907 est
2708 2852 3012 2907 exercitata
3030 2851 3450 2924 quaestionibus.
3466 2850 3558 2905 His
3573 2864 3684 2918 ergo
3699 2844 3767 2916 qui

2240 2941 2504 3014 loquendi
2528 2947 2650 2997 arte
2679 2942 2894 2997 caeteris
2925 2941 3252 2999 hominibus
3295 2941 3549 2996 excellere
3567 2936 3770 2992 videntur

557 3027 760 3098 positis
790 3026 1192 3100 quaestionibus
1242 3029 1590 3084 refellantur.
1621 3031 1733 3085 Sed
1762 3048 1864 3102 pro
1904 3037 2158 3106 tempore
2177 3040 2220 3100 c
2239 3046 2367 3084 cum
2399 3030 2626 3086 veniant
2655 3035 2721 3086 ut
2747 3029 3052 3086 Christiani
3077 3031 3244 3097 ﬁant,
3268 3030 3374 3085 hoc
3400 3027 3620 3099 amplius
3643 3037 3767 3094 quam

545 3114 712 3172 ‘brevi
761 3116 1261 3173 demonstrandum
1306 3124 1394 3174 est
1436 3119 1518 3172 ita
1556 3131 1678 3174 esse
1724 3121 2072 3191 praedictum,
2103 3130 2161 3179 et

554 3220 682 3278 quae
707 3206 782 3261 sit
807 3206 1020 3262 utilitas
1041 3208 1422 3262 tentationum
1441 3207 1765 3264 erudiendis
1793 3209 2070 3278 ﬁdelibus,
2103 3218 2162 3266 et

555 3295 988 3366 qusemedicina
1015 3297 1073 3352 in
1105 3297 1358 3368 exemplo
1387 3296 1808 3368 patientimD'ei,
1835 3299 1934 3370 qui
1959 3300 2160 3355 statuit

550 3396 734 3456 usque
764 3385 824 3440 in
853 3385 1023 3440 ﬁnem
1051 3385 1161 3441 ista
1187 3385 1534 3458 permittere.
1567 3387 1710 3442 Ctun
1738 3403 1868 3442 vero
1893 3389 2160 3444 adversus

553 3489 650 3530 eos
679 3475 999 3543 instruitur,
1031 3491 1270 3548 quorum
1300 3491 1574 3548 perversae
1593 3474 1772 3532 turba
1793 3479 2161 3550 corporaliter

550 3563 790 3637 implent
821 3566 1083 3620 ecclesias
1115 3584 1126 3619 :
1161 3565 1329 3620 simul
1377 3565 1550 3621 etiam
1591 3573 1872 3639 praecepta
1913 3567 2156 3624 breviter

548 3657 612 3710 et
624 3655 888 3710 decenter
914 3659 1428 3711 commemorantur
1473 3655 1808 3712 Christiane
1850 3661 2020 3730 atque
2058 3659 2154 3714 ho-

549 3748 728 3800 nestte
767 3745 1224 3813 conversationis,
1257 3761 1329 3800 ne
1372 3744 1442 3799 ab
1485 3744 1737 3815 ebriosis,
1772 3745 1972 3814 avaris,
2005 3747 2154 3804 frau-

2241 3119 2352 3175 illis
2381 3119 2686 3176 illitteratis
2714 3119 2995 3192 impertiri
3025 3119 3322 3184 debemus,
3357 3116 3497 3190 quod
3517 3113 3771 3170 sedulomo-

2239 3209 2410 3266 nendi
2428 3216 2578 3278 sunt,
2611 3215 2677 3266 ut
2703 3209 3022 3276 humilitate
3063 3209 3254 3264 induti
3279 3205 3584 3264 Christiana
3606 3203 3770 3258 discant

2239 3313 2353 3352 non
2363 3305 2718 3354 contemnere
2731 3315 2872 3370 quos
2885 3302 3292 3369 cognoverunt,
3299 3311 3514 3352 morum
3522 3291 3640 3348 vitia
3647 3303 3770 3362 quam

2239 3386 2536 3443 verborum
2565 3387 2806 3460 amplius
2835 3387 3103 3456 devitarc,
3139 3392 3200 3442 et
3229 3385 3384 3442 cordi
3409 3389 3553 3440 casto
3575 3382 3771 3451 linguam

2239 3477 2603 3532 exercitatam
2628 3493 2730 3532 nec
2745 3477 3000 3533 conferre
3027 3475 3302 3543 audeant,
3317 3491 3485 3548 quam
3498 3471 3652 3528 etiam
3673 3481 3771 3541 pra-

2237 3565 2382 3620 ferre
2410 3572 2838 3622 consueverunt.
2854 3565 3092 3622 Maxime
3107 3571 3308 3622 autem
3337 3565 3433 3621 isti
3459 3559 3773 3618 docendisunt

2237 3655 2553 3728 Scripturas
2582 3657 2778 3712 audire
2805 3655 3041 3723 divinas,
3073 3672 3147 3710 ne
3202 3655 3432 3712 sordeat
3477 3652 3553 3707 eis
3585 3645 3771 3704 solidum

2235 3745 2541 3817 eloquium,
2571 3745 2705 3818 quia
2732 3763 2846 3800 non
2873 3751 2961 3800 est
2981 3745 3268 3814 inﬂatum,
3301 3759 3482 3816 neque
3493 3740 3772 3797 arbitrentur

549 3833 861 3902 datoribus,
929 3833 1288 3903 aleatoribus,
1343 3834 1632 3902 adulteris,
1696 3835 2172 3905 fornicatoribns,
2233 3835 2550 3890 carnalibus
2578 3833 2978 3906 integumentis
3003 3833 3262 3890 involuta
3285 3837 3457 3905 atque
3475 3833 3652 3903 operta
3664 3823 3771 3880 dicta

549 3923 967 3994 speculatorum
980 3923 1344 3990 amatoribus,
1357 3923 1736 3980 remediorum
1751 3925 2152 3998 sacrilegorum
2231 3913 2319 3978 vel
2342 3924 2489 3980 facta
2505 3924 2819 3990 hominum,
2843 3941 2965 3996 quae
2997 3923 3058 3978 in
3079 3923 3194 3979 illis
3221 3922 3386 4000 libris
3413 3922 3668 3994 leguntur.
3693 3927 3774 3968 non

549 4011 969 4082 allegatoribus,
1029 4011 1526 4083 praecantatoribus
1579 4015 2012 4083 mathematicis,
2065 4017 2151 4071 vel
2231 4013 2534 4070 evolvenda
2561 4020 2734 4087 atque
2765 4012 3072 4086 operienda
3098 4018 3166 4068 ut
3196 4011 3604 4085 intelligantur:
3624 4001 3773 4062 sedsit

551 4099 930 4172 quarumlibet
947 4100 1155 4156 artium
1181 4117 1450 4158 venarum
1477 4106 1536 4156 et
1561 4103 1842 4159 malarum
1877 4105 2152 4160 divinato—
2233 4103 2553 4176 accipienda
2607 4109 2672 4159 ut
2721 4103 2924 4158 litterae
2972 4108 3199 4171 sonant,
3234 4103 3420 4174 deque
3447 4101 3562 4172 ipsa
3584 4095 3776 4153 utilitate

547 4188 706 4244 ribus
736 4193 906 4262 atque
925 4189 1249 4261 hujusmodi
1279 4190 1494 4246 caeteris
1533 4191 1615 4247 ita
1639 4191 1800 4248 facile
1825 4193 2143 4262 seducatur,
2231 4191 2430 4248 secreti
2459 4193 2608 4247 unde
2631 4193 2804 4251 etiam
2831 4191 3106 4264 mysteria
3130 4197 3410 4248 vocantur
3445 4188 3572 4262 quid
3603 4183 3777 4238 valeant

549 4284 609 4334 et
620 4279 962 4351 impunitum
985 4279 1092 4334 sibi
1105 4279 1247 4338 forte
1260 4279 1583 4349 arbitretur,
1604 4282 1736 4354 quia
1747 4282 1900 4338 videt
1917 4284 2142 4353 multos,
2163 4323 2213 4382 D
2229 4281 2591 4382 aenigmatum
2615 4281 2842 4382 latebr-se
2953 4297 3228 4382 iamorem
3257 4277 3510 4382 veritatis
3519 4271 3778 4382 acude

549 4369 648 4440 qui
677 4369 985 4424 Christiani
1007 4370 1382 4442 appellantur,
1411 4371 1531 4426 haec
1565 4388 1758 4427 amare
1785 4377 1844 4428 et
1873 4389 2059 4445 agere,
2092 4380 2150 4430 et
2166 4363 2213 4382 "
2229 4370 2753 4444 discutiendumque
2780 4370 2992 4427 fastidii
3009 4376 3324 4444 torporem,
3349 4370 3473 4442 ipsa
3485 4363 3778 4459 experiefltfa

549 4458 867 4526 defendere,
905 4464 964 4514 et
1003 4459 1258 4527 suadere,
1309 4465 1367 4515 et
1401 4461 1759 4532 persuadere.
1820 4463 1958 4528 Quis
1994 4463 2147 4519 enim
2228 4459 2582 4533 probandum
2611 4467 2714 4530 est,
2758 4461 2968 4518 talibus
3017 4476 3148 4516 cum
3205 4459 3427 4532 aliquid
3469 4457 3548 4514 eis
3581 4449 3706 4526 quod
3733 4449 3778 4503 in

549 4547 678 4602 ﬁnis
691 4548 974 4619 pmstitus
985 4549 1060 4604 sit
1068 4550 1126 4604 in
1139 4550 1278 4604 talia
1286 4549 1402 4604 vita
1409 4549 1897 4622 perseverantibus
1905 4558 1964 4608 et
1979 4569 2147 4624 quam
2231 4555 2495 4623 promptu
2523 4551 2792 4624 positum,
2815 4567 2929 4607 non
2957 4549 3040 4606 ita
3065 4555 3313 4619 moveat,
3349 4538 3778 4605 enodationedle-

550 4635 666 4690 sint
691 4637 752 4691 in
775 4637 899 4709 ipsa
942 4638 1188 4694 Ecclesia
1215 4639 1494 4694 tolerandi
1521 4657 1588 4696 ex
1637 4657 1750 4712 qua
1789 4641 1850 4696 in
1891 4642 2004 4698 ﬁne
2028 4659 2150 4715 spe-
2229 4641 2402 4713 goria
2429 4641 2666 4713 alicujus
2689 4641 2927 4696 eruitur.
2962 4639 3065 4695 His
3093 4639 3252 4696 enim
3299 4636 3538 4694 maxime
3571 4631 3692 4690 utile
3709 4628 3778 4682 αἱ

551 4725 712 4781 randi
741 4731 876 4781 sunt
902 4727 1218 4783 divinorum
1243 4727 1517 4784 ﬁbrarum
1545 4730 1884 4786 testimoniis
1912 4733 2150 4788 edocen-
2231 4745 2396 4786 nosse
2413 4730 2496 4786 ita
2515 4747 2637 4786 esse
2658 4729 3051 4803 proponendas
3067 4728 3256 4785 verbis
3283 4726 3586 4785 sententias
3597 4727 3778 4792 ιιινη·
3888 4739 3889 4754 ‘

547 4817 688 4872 dum
707 4821 812 4884 est,
827 4817 1319 4888 pmnuntiandum
1339 4818 1512 4874 etiam
1543 4819 1904 4876 inventurum
1927 4835 2058 4878 eum
2087 4822 2147 4879 in
2231 4821 2460 4893 ponitur
2479 4821 2700 4877 animus
2729 4821 2966 4894 corpori,
2995 4837 3063 4876 ex
3085 4836 3202 4893 quo
3221 4820 3308 4888 ﬁt,
3338 4825 3407 4876 ut
3430 4819 3510 4874 ita
3539 4810 3684 4870 malle
3697 4806 3776 4863 de-

549 4904 797 4961 Ecclesia
825 4906 1031 4960 multos
1063 4905 1412 4961 Christianos
1438 4906 1632 4976 bonos,
1668 4909 1986 4966 verissimos
1999 4911 2146 4988 cives

547 4994 791 5051 crelestis
818 4996 1151 5050 Jerusalem.
1184 4995 1242 5051 Si
1271 5011 1392 5052 esse
1410 4997 1533 5068 ipse
1559 4999 1810 5069 eruperit,
1845 4999 1916 5054 ad
1961 5006 2144 5056 extre-

548 5101 704 5142 mum
725 5101 796 5140 ne
817 5101 944 5157 spes
959 5086 1081 5156 ejus
1097 5085 1156 5140 in
1174 5086 1401 5141 homine
1421 5091 1664 5158 ponatur
1681 5089 1875 5144 sedulo
1909 5105 2144 5145 monen-

550 5176 655 5230 dus
673 5181 778 5243 est,
803 5175 938 5248 quia
957 5191 1137 5246 neque
1165 5175 1327 5230 facile
1355 5176 1426 5230 ab
1451 5177 1674 5232 homine
1689 5178 1931 5249 judicari
1961 5184 2146 5251 potest

551 5265 679 5335 quis
705 5266 874 5320 homo
921 5265 996 5320 sit
1023 5267 1232 5337 justus,
1260 5271 1326 5320 et
1367 5265 1416 5320 si
1442 5267 1604 5323 facile
1633 5273 1840 5340 posset,
1875 5283 1988 5324 non
2017 5270 2144 5326 ideo

550 5352 712 5408 nobis
740 5355 977 5426 proponi
1007 5356 1260 5428 exempla
1273 5357 1560 5426 justorum
1584 5362 1649 5412 ut
1673 5357 1743 5412 ab
1771 5358 1852 5412 eis
1876 5359 2146 5429 justifies-

549 5455 698 5509 mur,
715 5443 812 5498 sed
832 5449 898 5498 ut
925 5460 1020 5498 eos
1035 5445 1322 5500 imitantes
1339 5445 1410 5500 ab
1429 5462 1625 5502 eorum
1649 5447 2022 5519 justiﬂcatore
2041 5465 2143 5504 nos

549 5533 1092 5604 quoque-justiﬁcari
1118 5535 1379 5590 sciamus.
1415 5537 1534 5592 Hoc
1550 5537 1705 5593 enim
1734 5537 1834 5594 ﬂet
1851 5539 2000 5611 quod
2027 5555 2144 5594 ma-

2227 4909 2399 4965 beant
2427 4911 2670 4968 veriores
2699 4928 2870 4984 quam
2899 4909 3226 4966 disertiores
3281 4909 3480 4966 audire
3515 4912 3772 4962 sermones:

2225 4999 2370 5055 sicut
2395 5001 2565 5055 m’alle
2593 5000 2801 5056 debent
2824 4999 3216 5074 prudentiores
3255 5013 3431 5071 quam
3473 4989 3772 5074 formosior?

2225 5087 2432 5146 habere
2453 5091 2660 5146 amicos
2684 5111 2700 5145 :
2724 5071 2982 5146 noverint
3005 5091 3177 5145 etiam
3205 5104 3328 5146 non
3369 5103 3491 5143 eme
3532 5094 3697 5136 vocem
3715 5071 3767 5127 ad

2227 5195 2394 5234 aures
2420 5180 2521 5234 Dei
2547 5179 2656 5235 nisi
2675 5180 2936 5235 aliectum
2956 5179 3152 5234 animi.
3182 5179 3275 5234 Ita
3308 5177 3464 5232 enim
3494 5188 3599 5228 non
3618 5163 3765 5223 irride-

2223 5267 2368 5323 bunt
2394 5270 2442 5324 si
2464 5269 2681 5342 aliquos
2695 5269 2974 5325 antistites
2999 5274 3058 5324 et
3077 5268 3374 5324 ministros
3400 5255 3766 5350 Εαεὶθείε

2227 5359 2742 5428 animadverterint,
2763 5359 2854 5414 vel
2881 5375 3010 5414 cum
3028 5357 3396 5414 barbarismis
3423 5360 3482 5409 et
3497 5346 3765 5407 solaci!!!”

2225 5449 2526 5506 Dominum
2555 5449 2831 5516 invocare,
2858 5449 2952 5504 vel
2991 5448 3186 5503 eadem
3215 5445 3391 5502 verba
3417 5459 3538 5516 (ιιιε
3571 5446 3769 5511 Prw”

2222 5539 2370 5594 tiant
2392 5554 2505 5594 non
2531 5539 2846 5611 intelligere
2859 5534 3765 5610 perturbateq'uedistingwmmn
