3982 6158
269 236 403 293 119Ῑ

1141 237 1234 291 DE
1273 236 1825 292 ECCLESIASTICA
1863 234 2290 289 DISCIPLINA.
2335 236 2399 274 =-
2442 235 2575 289 LIB.
2620 234 2661 287 Ι.

3402 231 3538 285 1198

266 364 402 433 quia
427 362 536 415 ista
559 362 793 416 minime
833 361 1162 432 corrigenda
1192 370 1326 415 sunt
1356 368 1415 416 ut
1448 362 1683 432 pOpulus
1714 361 1781 413 ad
1814 360 1870 412 id
1882 358 2055 421 Adus
2088 366 2189 421 est,
2226 360 2272 412 si
2298 366 2489 413 autem
2519 358 2689 412 tacita
2714 364 2771 411 et
2800 358 3017 411 occulta
3044 358 3273 411 offensio
3306 364 3407 425 est,
3444 358 3540 414 Dei

264 452 416 522 quod
450 452 617 522 plana
651 451 916 521 intelligit
953 451 1102 505 dicat
1132 469 1143 504 :
1179 453 1375 504 Amen.
1412 452 1517 505 Sed
1552 456 1741 503 tamen
1777 449 1864 519 pie

266 541 563 595 toleranda
589 547 723 595 sunt
752 540 821 594 ab
853 541 934 593 eis
964 541 1060 610 qui
1089 541 1407 594 didicerunt
1432 546 1495 593 ut
1516 557 1650 593 sono
1671 540 1729 593 in
1749 539 1866 592 foro

269 630 353 684 sic
380 637 506 685 voto
537 631 594 684 in
624 630 856 684 ecclesia
886 630 1155 684 benedici.

347 719 614 773 llilaritas
645 727 833 773 autem
864 720 921 773 in
954 719 1328 773 catechizandi
1358 718 1538 772 ofﬁcio
1569 718 1870 787 plurimum

272 808 440 875 valet,
464 809 685 877 quando
706 810 965 863 devotum
988 815 1045 862 et
1060 809 1389 863 benevolum
1410 806 1873 877 atqueintentum

275 896 448 950 efﬁcit
466 898 802 963 auditorem,
824 899 951 969 quia
983 916 1179 969 parum
1212 896 1433 969 proﬁcit
1460 912 1642 949 sermo
1673 894 1875 966 prmdi-

273 987 474 1051 cautis,
508 987 555 1047 si
586 1003 699 1040 non
727 987 909 1040 aderit
936 987 1173 1042 intentio
1222 987 1507 1040 delectans
1559 983 1832 1038 auditoris
1859 1002 1870 1047 ;

273 1074 411 1130 facit
440 1076 610 1130 etiam
643 1076 904 1147 loquendi
928 1077 1155 1131 taedium
1182 1075 1404 1130 auditor
1422 1073 1738 1133 immobilis,
1763 1088 1874 1126 non

275 1164 411 1234 quia
432 1165 691 1219 humanae
719 1165 899 1220 laudis
928 1183 1027 1219 nos
1050 1183 1171 1219 esse
1193 1165 1384 1219 avidos
1417 1164 1593 1229 decet,
1619 1162 1715 1215 sed
1747 1161 1878 1232 quia

276 1270 345 1307 ea
377 1270 499 1325 quae
531 1254 937 1321 ministramus,
959 1256 1058 1309 Dei
1091 1260 1240 1320 sunt,
1276 1260 1333 1307 et
1360 1258 1570 1324 quanto
1602 1250 1780 1322 magis
1800 1250 1879 1302 di-

1949 448 2223 501 niedicina
2253 448 2516 518 Opitulari
2542 452 2740 518 potest.
2774 448 2847 499 At
2888 448 2933 500 si
2965 448 3225 501 resilierit
3262 454 3318 502 et
3359 450 3545 502 curari

1950 537 2305 602 recusaverit,
2341 539 2661 591 consoletur
2689 554 2788 591 nos
2822 537 3175 591 Dominicum
3196 537 3335 591 illud
3364 555 3545 592 exem-

1951 628 2127 698 plum,
2161 626 2256 697 qui
2286 627 2509 680 offensis
2541 626 2857 679 hominibus
2889 645 2953 679 ex
2983 625 3150 679 verbo
3182 644 3301 691 suo,
3335 633 3391 680 et
3419 632 3546 680 tan-

1955 733 2123 787 quam
2155 717 2357 769 durum
2382 716 2801 785 refugientibus,
2833 715 3001 768 etiam
3034 716 3119 768 his
3145 717 3240 787 qui
3271 734 3549 771 remanse-

1956 809 2084 858 rant
2101 804 2179 858 ait
2205 823 2216 857 :
2248 803 2555 874 «Nunquid
2580 810 2636 857 et
2656 822 2749 858 vos
2772 804 2937 858 vultis
2953 804 3033 857 ire
3052 805 3073 856 .7
3094 829 3117 853 ››
3145 806 3323 873 (Joan.
3341 823 3415 871 v1,
3432 803 3545 874 68.)

1959 894 2105 947 Satis
2127 892 2277 949 enim
2310 894 2481 946 ﬁxum
2512 897 2679 964 atque
2710 893 2997 947 immobile
3026 893 3193 947 debet
3220 895 3386 948 corde
3417 895 3551 949 reti-

1959 982 2080 1035 neri
2104 982 2455 1036 Hierusalem
2478 983 2752 1054 captivam
2773 982 2843 1036 ab
2863 983 3034 1054 hujus
3049 983 3235 1037 saeculi
3250 983 3554 1056 Babylonia

1960 1071 2210 1126 decursis
2228 1071 2573 1142 temporibus
2592 1071 2819 1126 liberari
2840 1091 2852 1128 :
2878 1073 3207 1144 nullumque
3224 1090 3291 1127 ex
3315 1074 3414 1127 illa
3433 1091 3556 1130 esse

1960 1160 2294 1231 periturum,
2312 1161 2439 1232 quia
2460 1161 2555 1232 qui
2576 1161 2805 1231 perierit
2822 1178 2934 1215 non
2961 1179 3025 1216 ex
3046 1162 3143 1216 illa
3163 1168 3302 1230 erat,
3330 1165 3558 1218 ﬁrmum

1963 1249 2110 1302 enim
2132 1250 2562 1303 fundamentum
2584 1250 2686 1303 Dei
2707 1256 2821 1304 stat
2834 1250 3047 1305 habens
3063 1252 3413 1323 signaculum
3426 1254 3551 1308 hoc:

276 1343 506 1413 ligimus
532 1360 625 1397 eos
655 1344 856 1413 quibus
886 1345 1157 1415 loquimui
1176 1385 1189 1411 ,
1221 1349 1378 1397 tanto
1410 1342 1589 1412 magis
1618 1341 1697 1394 eis
1722 1339 1879 1411 cupi-
1963 1339 2117 1392 novit
2148 1337 2418 1393 Dominus
2449 1338 2543 1409 qui
2574 1345 2706 1393 sunt
2754 1340 2894 1410 ejus,
2930 1347 2987 1395 et
3033 1342 3255 1396 recedet
3293 1342 3363 1396 ab
3404 1343 3559 1397 omni

279 1448 429 1499 mus,
443 1439 508 1487 ut
526 1433 784 1504 placeant
805 1450 929 1504 quae
949 1434 1018 1487 ad
1033 1450 1226 1487 eorum
1240 1430 1876 1503 porriguntursalutem;
1964 1427 2262 1499 iniquitate
2295 1428 2477 1481 omnis
2508 1427 2603 1499 qui
2631 1429 2886 1483 nominat
2928 1446 3134 1484 nomen
3169 1431 3411 1485 Domini.
3445 1433 3562 1487 Ista

280 1522 434 1591 quod
458 1522 504 1575 si
523 1538 635 1576 non
660 1522 907 1576 succedit
941 1522 1358 1588 contristamur,
1391 1528 1448 1574 et
1476 1521 1535 1573 in
1564 1519 1683 1590 ipso
1716 1534 1883 1573 cursu
1966 1518 2276 1587 cogitantes
2303 1522 2362 1570 et
2384 1517 2706 1571 invocantes
2736 1518 3038 1572 Dominum
3068 1519 3126 1573 in
3161 1536 3255 1573 cor
3282 1527 3559 1589 nostrum,

282 1610 645 1664 debilitamur
670 1618 726 1664 et
746 1612 1078 1681 frangimur,
1104 1610 1491 1681 quasifrustra
1509 1625 1737 1679 Operam
1759 1624 1886 1661 con-
1968 1608 2153 1660 minus
2184 1606 2511 1660 timebimus
2553 1607 2795 1662 incertos
2844 1608 3024 1662 exitus
3069 1609 3343 1681 sermonis
3387 1611 3564 1664 nostri

283 1705 556 1753 teramus.
592 1701 1009 1771 Nonnunquam
1032 1701 1202 1754 etiam
1228 1716 1356 1754 cum
1376 1698 1683 1752 avertimur
1702 1696 1772 1749 ab
1792 1696 1892 1749 ali-
1907 1684 1951 1743 Β
1970 1701 2199 1767 prOpter
2214 1695 2456 1750 incertos
2479 1702 2665 1750 motus
2687 1696 3027 1764 auditorum,
3044 1697 3451 1770 delectabitque
3467 1716 3569 1754 nos

285 1804 400 1857 qua
422 1806 482 1841 re
511 1805 678 1860 quam
710 1789 1096 1843 desideramus
1130 1806 1315 1859 agere,
1350 1795 1406 1842 et
1434 1790 1593 1859 cujus
1615 1787 1761 1841 actio
1792 1791 1890 1840 aut
1972 1785 2142 1838 etiam
2168 1785 2292 1856 ipsa
2333 1785 2617 1856 perpessio
2650 1787 3033 1841 molestiarum
3080 1805 3182 1859 pro
3223 1787 3569 1842 misericordi

283 1876 601 1930 delectabat
620 1895 722 1931 nos
746 1885 845 1932 aut
862 1879 1038 1949 magis
1061 1877 1218 1931 nobis
1241 1877 1557 1931 necessaria
1574 1876 1885 1941 videbatur,

283 1974 343 2020 et
373 1966 627 2036 cogimur
658 1972 755 2020 aut
779 1968 941 2036 jussu
975 1968 1096 2037 ejus
1123 1983 1290 2037 quem
1321 1966 1601 2019 offendere
1632 1965 1889 2018 volumus

284 2059 388 2108 aut
418 2054 736 2126 aliquorum
768 2054 1075 2108 inevitabili
1101 2054 1371 2108 instantia
1396 2053 1737 2107 catechizare
1786 2052 1887 2105 ali—

283 2162 475 2215 quem,
506 2146 626 2214 jam
658 2145 977 2199 conturbati
1008 2144 1324 2199 accedimus
1376 2144 1446 2196 ad
1479 2142 1766 2211 negotium
1799 2141 1888 2194 cui

281 2250 495 2305 magna
522 2234 933 2305 tranquillitate
964 2228 1102 2306 opus
1134 2241 1237 2302 est,
1265 2235 1517 2288 dolentes
1540 2232 1689 2304 quod
1709 2248 1889 2301 neque

282 2323 544 2379 ordinem
567 2323 850 2378 actionum
872 2324 1032 2378 nobis
1053 2324 1376 2378 conceditur
1395 2328 1586 2377 tenere
1608 2338 1776 2392 quem
1799 2337 1891 2375 vo-

280 2412 495 2479 lumus,
528 2429 631 2466 nec
652 2412 909 2466 sufficere
924 2412 1183 2467 omnibus
1196 2429 1514 2485 possumus,
1541 2416 1710 2482 atque
1727 2411 1808 2466 ita
1828 2427 1893 2465 ex

283 2499 411 2571 ipsa
426 2500 659 2555 tristitia
678 2518 861 2555 sermo
882 2502 1189 2573 procedens
1214 2502 1400 2555 minus
1427 2505 1622 2571 gratus
1641 2505 1726 2553 est
1746 2500 1892 2571 quod

290 2590 361 2643 de
390 2589 653 2645 ariditate
683 2590 963 2644 maestitiae
1003 2590 1188 2645 minus
1240 2590 1525 2645 exuberat.
1576 2589 1892 2660 Aliquando

1972 1891 2158 1945 opere,
2193 1875 2237 1927 si
2269 1891 2382 1928 non
2407 1874 2463 1927 in
2507 1892 2572 1929 eo
2614 1881 2865 1929 nostram
2909 1876 3148 1945 gloriam
3193 1877 3565 1948 requiramus.

1971 1964 2125 2018 Tunc
2153 1964 2302 2018 enim
2345 1970 2429 2017 est
2460 1981 2583 2018 vere
2613 1982 2751 2037 opus
2779 1964 2986 2018 bonum
3035 1983 3162 2019 cum
3210 1984 3241 2020 a
3298 1966 3571 2022 charitate

1967 2054 2252 2123 jaculatur
2264 2054 2482 2122 agentis
2494 2053 2817 2119 intentio,et
2828 2060 3097 2125 tanquam
3114 2055 3184 2108 ad
3206 2055 3388 2109 locum
3408 2072 3574 2111 suum

1973 2142 2195 2196 rediens
2226 2159 2423 2196 rursus
2452 2142 2802 2215 inqcharitate
2822 2142 3149 2214 requiescit;
3177 2145 3323 2214 quod
3342 2144 3388 2197 si
3410 2144 3578 2199 nimis

1971 2232 2169 2285 tardus
2191 2237 2293 2297 est,
2317 2237 2374 2285 et
2394 2230 2463 2285 ab
2479 2231 2632 2286 omni
2645 2232 2743 2285 tali
2761 2230 3034 2286 suavitate
3051 2231 3326 2287 absurdus
3347 2239 3404 2287 et
3424 2251 3575 2288 aver-

1977 2338 2092 2386 sus,
2129 2321 2568 2375 misericorditer
2586 2322 2934 2376 sufferendus
2964 2328 3066 2387 est,
3100 2321 3454 2394 breviterque
3482 2323 3575 2377 de-

1978 2411 2153 2464 cursis
2182 2411 2397 2465 caeteris
2435 2427 2502 2464 ea
2530 2428 2651 2483 qua:
2682 2408 2922 2465 maxime
2964 2412 3281 2466 necessaria
3321 2416 3471 2477 sunt,
3505 2413 3575 2468 de

1977 2499 2195 2553 unitate
2238 2499 2523 2553 catholicae
2568 2500 2845 2563 Ecclesiae,
2906 2500 2975 2554 de
3030 2500 3453 2567 tentationibus,
3506 2502 3575 2557 de

1978 2588 2299 2642 Christiana
2330 2589 2751 2643 conversatione
2777 2596 3005 2660 propter
3025 2590 3275 2645 futurum
3301 2589 3576 2661 judicium

288 2678 429 2732 item
461 2696 525 2733 ex
553 2680 741 2751 aliquo
773 2680 1037 2734 seandalo
1069 2697 1274 2734 mceror
1326 2684 1519 2750 pectus
1569 2678 1803 2732 obsidet.
1840 2683 1896 2730 et
1978 2677 2308 2731 terribiliter
2331 2678 2663 2732 inculcanda
2692 2686 2840 2746 sunt,
2874 2679 3163 2749 magisque
3211 2697 3310 2751 pro
3358 2680 3454 2734 illo
3505 2681 3575 2735 ad

286 2773 429 2821 tunc
460 2768 617 2822 nobis
648 2768 852 2823 dicitur
891 2788 900 2823 :
936 2769 1096 2835 Veni,
1118 2770 1347 2840 loquere
1378 2769 1522 2833 huic,
1543 2768 1895 2822 Christianus
1979 2768 2159 2820 Deum
2190 2784 2361 2838 quam
2390 2767 2488 2820 illa
2517 2767 2586 2821 de
2616 2768 2731 2821 Deo
2758 2768 2936 2821 multa
2965 2768 3217 2822 dicenda.
3254 2770 3312 2825 Si
3354 2786 3483 2824 vero
3513 2787 3578 2824 ex

289 2859 414 2912 vult
445 2858 584 2912 ﬁeri.
619 2857 837 2913 Dicitur
864 2859 1015 2913 enim
1047 2858 1115 2912 ab
1162 2858 1552 2930 ignorantibus
1599 2859 1745 2929 quod
1794 2875 1896 2911 nos
1980 2856 2169 2928 aliquo
2203 2856 2465 2910 seandalo
2494 2856 2854 2928 perturbatus
2878 2858 3099 2912 animus
3119 2875 3231 2912 non
3248 2859 3395 2912 valet
3413 2859 3579 2914 edere

288 2947 545 3001 clausum
576 2948 728 3003 intus
759 2955 974 3009 exurat,
1008 2948 1209 3018 quibus
1250 2949 1296 3001 si
1343 2949 1603 3002 affectum
1642 2955 1896 3002 nostrum
1928 3009 1961 3018 Α
1982 2963 2245 3000 serenum
2268 2946 2694 3018 jucundumque
2715 2964 3050 3013 sermonem,
3075 2952 3292 3002 tantam
3311 2965 3431 3002 esse
3452 2950 3580 3004 cha-

291 3036 520 3108 aperire
544 3054 655 3091 non
679 3044 901 3109 Oportet
929 3038 1262 3108 suscipimus
1294 3037 1501 3107 ingrati
1524 3038 1672 3108 quod
1686 3037 1896 3104 volunt,
1920 3009 1962 3069 Ο
1982 3036 2207 3089 ritatem
2236 3042 2457 3108 Oportet
2476 3036 2535 3090 in
2563 3053 2674 3102 eos,
2700 3053 2802 3107 pro
2824 3036 3022 3107 quibus
3045 3037 3303 3091 Christus
3323 3044 3580 3093 mortuus

290 3134 352 3179 et
382 3127 633 3196 profecto
656 3127 954 3195 languidus
977 3134 1033 3180 et
1054 3126 1297 3180 insuavis
1320 3126 1413 3180 ille
1438 3143 1623 3180 sermo
1645 3127 1772 3191 erit,
1802 3143 1901 3197 per

288 3230 497 3267 venam
527 3214 710 3267 cordis
755 3219 1086 3268 aestuantem
1142 3214 1568 3285 fumantemque
1606 3216 1894 3284 trajectus.

286 3303 399 3356 Tot
431 3301 604 3371 igitur
628 3321 693 3356 ex
724 3302 906 3357 causis
926 3303 1188 3374 quzelibet
1208 3320 1403 3357 earum
1425 3303 1786 3358 serenitatem
1805 3320 1901 3357 no-

288 3399 427 3445 stra:
458 3392 663 3448 mentis
711 3392 1015 3459 obnubilet,
1060 3394 1366 3471 secundum
1418 3394 1718 3447 Dominum
1769 3399 1902 3447 sunt

284 3482 596 3552 quaerenda
622 3482 871 3535 remedia
899 3483 1100 3553 quibus
1132 3484 1413 3537 relaxetur
1435 3483 1531 3536 illa
1555 3483 1860 3537 contractio
1884 3502 1895 3535 :

285 3577 349 3624 et
371 3570 586 3624 fervore
607 3570 838 3643 spiritus
856 3573 1198 3625 exsultemus
1213 3578 1268 3626 et
1279 3572 1659 3643 jucundemur
1672 3572 1731 3625 in
1749 3576 1898 3625 tran-

251 3722 261 3729 _
286 3660 573 3731 quillitate
603 3661 731 3715 boni
763 3663 966 3733 operis.
994 3682 1015 3713 ι
1051 3663 1301 3716 Hilarem
1324 3663 1475 3715 enim
1499 3663 1753 3716 datorem
1777 3661 1900 3715 dili-

256 3748 263 3755 ’
286 3749 377 3820 git
394 3750 547 3803 Deus
562 3751 641 3817 (ΙΙ
668 3750 880 3817 Cor.1x,
901 3753 974 3819 7).
999 3770 1024 3804 n
1052 3752 1118 3804 Et
1138 3752 1269 3822 quia
1290 3753 1531 3805 multum
1554 3746 1902 3804 dissimiliter

290 3839 412 3891 exit
430 3840 602 3892 tazdet
626 3840 801 3910 loqui,
836 3847 892 3894 et
922 3841 1056 3894 libet
1088 3841 1625 3910 tacerezcogitemus
1652 3841 1785 3910 quid
1809 3858 1902 3894 no-

290 3927 381 3981 bis
412 3934 792 3998 prmrogalum
821 3929 893 3983 sit
918 3930 986 3983 ab
1017 3930 1112 3982 illo
1155 3929 1250 4000 qui
1297 3929 1703 3983 demonstravit
1742 3928 1901 3983 nobis

292 4018 641 4089 exemplum,
678 4025 739 4073 ut
765 4037 1067 4091 sequamur
1096 4020 1330 4089 vestigia
1361 4021 1500 4089 ejus.
1531 4019 1901 4082 Quantuinvis

294 4107 457 4161 enim
481 4107 704 4161 differat
731 4108 1026 4163 articulata
1054 4126 1153 4162 vox
1184 4113 1380 4162 nostra
1407 4108 1476 4161 ab
1517 4106 1901 4175 intelligentia)

291 4202 506 4251 nostra:
532 4198 840 4263 vivacitate,
875 4199 1037 4268 longe
1064 4198 1411 4252 dilferentior
1461 4203 1545 4249 est
1590 4197 1902 4250 mortalitas

291 4287 486 4340 carnis
517 4285 586 4339 ab
613 4287 930 4358 aequalitate
960 4287 1079 4352 Dei,
1116 4292 1173 4339 et
1202 4292 1390 4339 tamen
1430 4304 1555 4339 cum
1602 4286 1657 4339 in
1702 4286 1898 4340 eadem

289 4375 482 4427 forma
510 4378 658 4427 esset
691 4393 713 4423 (ί
749 4374 1110 4445 semetipsum
1140 4374 1445 4427 exinanivit
1486 4374 1723 4427 formam
1754 4375 1896 4427 servi

290 4464 597 4534 accipiens,
641 4484 664 4516 ι)
699 4470 825 4529 etc.,
858 4481 1035 4534 usque
1063 4464 1133 4517 ad
1166 4469 1407 4517 mortem
1433 4464 1612 4517 crucis
1636 4465 1893 4532 (Philipp.

240 4574 245 4579 ν
290 4571 349 4618 n,
375 4554 459 4619 7);
485 4570 653 4623 quam
686 4552 754 4605 ob
782 4569 1006 4606 causam
1046 4553 1149 4606 nisi
1183 4554 1313 4623 quia
1338 4575 1363 4603 «
1388 4553 1565 4607 factus
1612 4559 1697 4606 est
1738 4552 1898 4605 inﬁr-

290 4642 405 4696 mis
425 4642 684 4695 inﬁrmus
705 4648 769 4695 ut
790 4644 1039 4697 inﬁrmos
1059 4643 1471 4711 lucrifaceret(l
1489 4644 1609 4695 (ἔον.
1642 4659 1708 4708 ix,
1734 4641 1849 4709 20).
1870 4662 1893 4693 »

289 4731 444 4785 Audi
465 4731 949 4801 ejusimitatorem
979 4732 1109 4786 alibi
1141 4733 1313 4786 etiam
1344 4732 1621 4785 dicentem
1651 4750 1661 4784 :
1703 4748 1728 4782 (ι
1773 4731 1897 4784 Sive

291 4821 449 4874 enim
479 4826 670 4875 mente
700 4822 1057 4889 excessimus,
1077 4823 1224 4887 Deo;
1259 4822 1373 4875 sive
1396 4825 1773 4891 temperantes
1800 4837 1895 4874 su-

292 4927 442 4976 mus,
478 4910 634 4964 vobis
666 4930 676 4964 :
711 4912 955 4966 Charitas
973 4912 1125 4966 enim
1147 4912 1353 4965 Christi
1376 4910 1658 4982 compellit
1684 4927 1785 4963 nos
1810 4909 1896 4963 in-

292 5000 549 5054 dicantes
579 5000 683 5054 hoc
712 4999 840 5071 quia
878 5018 1022 5054 unus
1064 5018 1164 5071 pro
1211 5000 1470 5054 omnibus
1514 5004 1771 5054 mortuus
1814 5004 1899 5053 est

291 5088 727 5160 (IICor.v,13).
765 5110 786 5139 ι
825 5090 1113 5153 Quomodo
1150 5090 1300 5143 enim
1336 5095 1565 5160 paratus
1597 5096 1744 5144 esset
1789 5089 1896 5141 im-

294 5178 468 5249 pendi
490 5195 591 5249 pro
614 5178 906 5232 animabus
923 5196 1135 5244 eorum,
1159 5180 1203 5232 si
1234 5196 1363 5231 eum
1394 5179 1609 5249 pigeret
1640 5178 1895 5232 inclinari

296 5268 366 5320 ad
398 5284 567 5320 aures
597 5268 837 5322 eorum?
870 5268 1010 5321 Ilinc
1039 5285 1171 5338 ergo
1214 5268 1391 5322 factus
1421 5274 1505 5322 est
1534 5269 1797 5339 parvulus
1838 5267 1901 5341 in

296 5356 486 5409 medio
519 5361 793 5423 nostrum,
827 5363 1099 5428 tanquam
1129 5357 1315 5410 nutrix
1346 5357 1534 5411 fovens
1568 5357 1710 5409 ﬁlios
1742 5374 1890 5409 suos.

295 5445 460 5509 Quod
492 5446 537 5498 si
568 5447 895 5517 apparuerit
921 5446 1339 5517 sanabilemque
1370 5463 1427 5499 se
1460 5445 1685 5516 praebet,
1710 5450 1896 5498 aucto-

294 5535 531 5589 ritatum
556 5535 948 5608 rationumque
965 5536 1126 5608 copia
1141 5536 1261 5592 sine
1272 5536 1389 5592 ulla
1410 5535 1676 5591 dilatione
1698 5551 1897 5589 sanan-

1983 3130 2086 3189 est,
2116 3126 2307 3179 volens
2337 3142 2432 3179 eos
2460 3126 2640 3196 pretio
2670 3125 2961 3196 sanguinis
2990 3126 3075 3180 sui
3105 3126 3174 3179 ab
3196 3143 3453 3182 errorum
3474 3145 3578 3182 sae-

1982 3214 2254 3273 cularium
2277 3219 2458 3269 morte
2478 3214 2772 3281 redimere,
2799 3220 2863 3268 ut
2890 3216 2994 3268 hoc
3027 3215 3211 3286 ipsum
3242 3217 3391 3289 quod
3418 3216 3577 3271 nobis

1983 3303 2236 3357 tristibus
2265 3303 2564 3358 nuntiatur
2594 3310 2794 3375 praesto
2825 3322 2946 3358 esse
2975 3305 3217 3375 aliquem
3251 3307 3346 3376 qui
3368 3306 3583 3361 deside-

1982 3397 2069 3446 ret
2097 3393 2217 3446 ﬁeri
2239 3393 2609 3458 Christianus,
2634 3393 2703 3445 ad
2726 3394 3161 3448 consolationem
3193 3395 3342 3449 illius
3362 3397 3579 3451 resolu-

1983 3482 2307 3553 tionemque
2336 3482 2580 3535 tristitia)
2608 3482 2779 3535 valeri
2801 3481 3019 3548 debeat,
3046 3483 3191 3537 sicut
3209 3486 3391 3539 solent
3404 3486 3583 3540 lucro-

1982 3588 2107 3624 rum
2135 3571 2345 3641 gaudia
2371 3571 2622 3624 dolorem
2654 3571 2828 3624 lenire
2883 3572 3238 3626 damnorum.
3275 3575 3400 3628 Non
3430 3574 3583 3629 enim

1982 3660 2308 3713 scandalum
2334 3677 2433 3713 nos
2460 3659 2759 3713 contristat
2773 3660 3028 3731 alicujus,
3054 3660 3159 3714 nisi
3185 3679 3352 3733 quem
3373 3663 3577 3734 perire,

1983 3754 2083 3803 aut
2132 3766 2234 3819 per
2278 3766 2445 3819 quem
2487 3749 2670 3821 perire
2720 3750 3007 3803 inﬁrmum
3057 3752 3140 3804 vel
3188 3751 3467 3806 credimus
3497 3754 3582 3807 vel
3632 3770 3635 3773 '

1982 3838 2253 3892 videmus.
2280 3838 2381 3891 His
2397 3844 2566 3908 atque
2588 3839 2909 3909 hujusmodi
2931 3840 3363 3910 cogitationibus
3376 3847 3434 3896 et
3454 3858 3581 3896 con-

1983 3927 2417 3992 siderationibus
2429 3927 2662 3998 depulsa
2681 3928 2919 3999 caligine
2940 3930 3233 3984 tzediorum
3256 3932 3322 3984 ad
3347 3930 3581 3985 catechi-

1984 4016 2220 4069 zandum
2238 4022 2465 4085 aptatur
2484 4016 2741 4083 intentio,
2759 4024 2822 4091 ut
2842 4019 3087 4074 suaviter
3109 4019 3413 4074 imbibatur
3432 4020 3580 4092 quod

1984 4104 2222 4175 impigre
2233 4112 2401 4175 atque
2414 4105 2746 4161 hilariterde
2758 4108 3047 4165 charitatis
3058 4108 3313 4164 ubertate
3326 4127 3581 4181 prorum-

1983 4194 2085 4265 pit.
2104 4195 2232 4247 Hazc
2257 4194 2406 4248 enim
2437 4212 2547 4249 non
2570 4201 2684 4249 tam
2702 4214 2804 4266 ego
2824 4198 2925 4251 tibi
2950 4216 3118 4269 quam
3139 4198 3401 4255 omnibus
3419 4199 3578 4253 nobis

1984 4283 2119 4336 dicit
2137 4283 2259 4355 ipsa
2277 4284 2501 4338 dilectio
2535 4302 2656 4356 quae
2686 4286 2888 4340 diffusa
2910 4293 2996 4340 est
3014 4287 3070 4340 in
3093 4287 3351 4341 cordibus
3372 4288 3577 4342 nostris

1981 4390 2081 4443 per
2102 4373 2373 4444 Spiritum
2401 4380 2657 4428 sanctum
2689 4375 2781 4445 qui
2812 4376 2976 4429 datus
3006 4382 3089 4429 est
3113 4376 3288 4429 nobis.

2054 4463 2110 4517 Si
2144 4462 2268 4533 quis
2296 4468 2484 4516 autem
2517 4462 2688 4516 ritum
2727 4465 3101 4518 catechizandi
3139 4466 3366 4536 plenum
3411 4483 3577 4521 nosse

1980 4552 2235 4617 voluerit,
2269 4568 2334 4604 ex
2371 4551 2519 4605 beati
2567 4553 2864 4622 Augustini
2914 4553 3074 4607 dictis
3113 4554 3326 4609 discere
3367 4558 3578 4627 poterit

1982 4640 2077 4711 qui
2108 4641 2254 4694 inter
2284 4640 2395 4694 alia
2424 4642 2493 4695 ad
2523 4641 2765 4695 amicum
2794 4643 2862 4696 de
2893 4643 3297 4699 catechizandis
3317 4646 3569 4713 rudibus,

1980 4729 2244 4795 scribens,
2275 4731 2354 4783 ita
2373 4730 2453 4784 ait
2485 4749 2494 4782 :
2533 4732 2648 4785 Nec
2675 4732 2843 4785 etiam
2878 4732 3013 4786 illud
3055 4734 3202 4804 quod
3246 4735 3574 4807 priusquam

1978 4819 2365 4889 promitterem
2380 4837 2491 4874 non
2505 4819 2795 4887 debebam,
2811 4821 2929 4891 jam
2950 4822 3183 4877 fortasse
3203 4823 3454 4878 debitum
3478 4825 3576 4879 fla-

1977 4910 2143 4979 gitas,
2178 4915 2240 4963 ut
2270 4910 2494 4980 aliquod
2524 4911 2799 4965 sermonis
2845 4912 3161 4983 exemplum
3206 4918 3479 4984 tanquam
3524 4914 3573 4969 si

1981 5015 2083 5068 ego
2111 4998 2355 5069 aliquem
2384 5000 2718 5053 catechizem
2742 5017 2851 5054 non
2876 5018 2962 5054 me
2994 5001 3183 5072 pigeat
3204 5002 3498 5072 explicare,
3515 5008 3573 5058 et

1980 5086 2312 5141 intuendum
2332 5087 2433 5142 tibi
2463 5105 2792 5161 proponere.
2818 5090 2976 5152 Quod
3007 5091 3332 5161 priusquam
3372 5091 3572 5146 faciam

1980 5178 2101 5230 volo
2131 5177 2339 5247 cogites
2370 5178 2537 5231 etiam
2570 5195 2689 5231 esse
2734 5178 3103 5233 intentionem
3142 5179 3404 5234 dictantis
3442 5198 3569 5235 cum

1980 5266 2151 5320 lector
2162 5266 2383 5320 futurus
2399 5267 2693 5336 cogitatur,
2719 5272 2774 5320 et
2794 5267 2963 5320 aliain
2983 5268 3265 5338 loquentis
3284 5285 3411 5322 cum
3433 5287 3571 5341 prte-

1978 5373 2106 5409 sens
2128 5356 2350 5409 auditor
2364 5356 2691 5422 attenditur,
2712 5362 2768 5409 et
2784 5357 2841 5409 in
2865 5374 2930 5410 eo
2953 5357 3069 5427 ipso
3091 5358 3258 5411 aliam
3280 5358 3337 5412 in
3356 5365 3569 5414 secreto

1978 5446 2276 5512 monentis,
2301 5446 2434 5499 dum
2455 5446 2642 5499 nullus
2659 5446 2802 5500 alius
2825 5447 2919 5517 qui
2935 5447 3003 5500 de
3024 5446 3183 5501 nobis
3198 5448 3415 5519 judicet
3426 5466 3569 5521 prae-

1979 5541 2064 5591 sto
2087 5541 2190 5603 est,
2210 5535 2380 5590 aliam
2400 5535 2586 5608 palam
2606 5536 2855 5591 docentis
2888 5536 3117 5610 aliquid,
3145 5538 3243 5595 ubi
3280 5538 3568 5595 dissimili‘
