3824 6152
504 319 642 374 1199
1096 319 1158 372 Β.
1194 318 1465 373 RABANI
1503 317 1734 373 MAURI
1771 317 2108 374 ARCHIEP.
2151 316 2474 374 MOGUNT.
2519 317 2817 374 OPERUM
2855 317 3038 374 PARS
3075 320 3166 374 ΙΙΙ.
3558 326 3657 384 1‘200

501 450 590 499 ter
616 444 967 516 opinantium
987 443 1314 498 circumstat
1341 443 1586 511 auditus,
1613 448 1671 498 et
1693 443 1750 497 in
1767 443 1872 498 hoc
1890 445 2160 515 genereA
2181 442 2417 514 agitant,
2451 460 2553 498 nec
2581 443 2802 515 quietos
2831 459 2953 498 esse
2983 441 3314 515 permittunt.
3336 443 3444 500 Sive
3479 447 3599 502 enim
3619 449 3658 504 in

500 533 671 588 aliam
697 550 825 588 cum
855 533 1087 589 docetur
1106 542 1270 602 unus,
1287 533 1474 589 caeteri
1503 538 1694 588 autem
1723 537 1992 605 tanquam
2005 533 2096 604 ju-
2177 533 2384 588 divitiis
2406 532 2538 588 velit
2547 533 2716 588 homo
2731 533 3096 606 requiescere,
3112 531 3280 604 magis
3291 533 3525 606 superbus
3539 536 3660 594 cilici-

498 622 750 678 dicantes
773 629 873 678 aut
891 627 1224 678 attestantes
1245 641 1366 694 quae
1387 622 1493 678 sibi
1517 628 1651 678 nota
1668 628 1819 689 sunt,
1833 623 2088 688 audiunt,
2173 628 2270 678 tur
2299 639 2466 694 quam
2493 639 2742 678 securus.
2775 624 2979 677 Annon
3009 620 3252 677 videmus
3269 638 3419 693 quam
3435 624 3568 679 multi
3594 642 3660 682 eas

497 711 668 766 aliam
699 729 827 768 cum
859 729 1054 768 omnes
1083 712 1458 768 communiter
1487 712 1620 784 quid
1643 713 1713 766 ad
1733 729 1828 767 eos
1849 712 2092 783 profera-
2172 711 2904 785 subitoperdiderint,multi
2916 710 3427 783 etiampropterillas
3438 713 3659 784 perierint,

496 818 622 857 mus
652 808 994 875 exspectant,
1032 808 1089 858 et
1125 819 1319 858 rursus
1359 803 1418 857 in
1461 819 1526 857 eo
1575 801 1696 875 ipso
1741 802 1928 868 aliam,
1961 818 2090 856 cum
2173 807 2272 856 aut
2300 819 2428 857 cum
2459 819 2552 856 eas
2581 801 2789 856 habere
2820 800 3072 873 cupiunt,
3094 805 3190 855 aut
3213 817 3332 856 cum
3359 801 3429 856 eis
3453 805 3660 874 oppressis

497 891 659 964 quasi
679 893 938 964 privatim
959 892 1346 948 consideretur
1371 896 1438 946 ut
1469 891 1863 947 sermocinatio
1893 908 2089 946 conse-
2173 908 2207 945 a
2233 891 2615 962 cupidioribus
2644 890 2998 958 auferuntur,
3030 906 3149 962 quae
3177 889 3223 946 si
3249 889 3406 944 etiam
3431 907 3516 962 per
3534 896 3662 948 totam

495 985 672 1050 ratur,
708 982 876 1037 aliam
903 999 1030 1036 cum
1059 983 1300 1054 populus
1318 987 1509 1045 tacens
1535 997 1710 1036 unum
1741 980 1810 1035 de
1837 981 1956 1036 loco
1993 998 2089 1035 su-
2171 979 2344 1035 vitam
2373 998 2502 1036 cum
2532 981 2760 1036 homine
2782 985 3194 1053 permanerent,
3228 983 3282 1034 et
3300 995 3402 1034 non
3417 979 3664 1037 desererent

495 1071 714 1142 periore
743 1071 1028 1126 dicturum
1068 1087 1372 1143 suspensus
1419 1071 1690 1138 intuetur,
1736 1070 2089 1142 multumque
2171 1069 2497 1124 dilectorem
2536 1087 2722 1138 suum,
2781 1070 2899 1141 ipse
2938 1070 3064 1124 illas
3093 1085 3194 1124 sua
3236 1073 3400 1123 morte
3432 1069 3660 1124 desereret

491 1157 746 1228 interest,
771 1167 828 1216 et
857 1178 984 1215 cum
1012 1161 1093 1214 ita
1116 1160 1355 1215 dicimus
1383 1165 1574 1215 utrum
1592 1160 1756 1231 pauci
1784 1159 1988 1224 adsint,
2016 1177 2089 1214 an
2171 1159 2392 1223 Quanta
2417 1165 2505 1231 est
2533 1161 2685 1214 enim
2705 1159 2820 1214 vita
2840 1159 3082 1214 hominis
3112 1157 3322 1213 etiamsi
3347 1163 3573 1226 senescat,
3597 1167 3664 1214 aut

493 1249 676 1317 multi,
701 1249 849 1304 docti
871 1267 944 1305 an
965 1251 1195 1316 indocti,
1217 1267 1291 1304 an
1311 1266 1377 1304 ex
1406 1228 1646 1322 utroque
1671 1265 1878 1320 genere
1906 1249 2083 1316 mixti,
2170 1265 2296 1304 cum
2326 1228 2729 1306 sibi'homines
2781 1254 2980 1322 optant
3025 1253 3376 1314 senectutem,
3414 1247 3525 1320 quid
3555 1249 3662 1302 aliud

492 1338 693 1394 urbani
721 1357 792 1394 an
816 1339 1030 1406 rustici,
1062 1356 1136 1394 an
1161 1339 1220 1394 hi
1249 1343 1306 1394 et
1333 1339 1414 1392 illi
1445 1339 1632 1406 simul,
1664 1355 1737 1393 an
1761 1339 2000 1410 populus
2021 1355 2087 1392 ex
2169 1344 2368 1411 Optant
2406 1340 2512 1396 nisi
2544 1341 2772 1412 longam
2818 1337 3248 1394 infirmitatem?
3287 1337 3372 1394 Sic
3406 1342 3458 1392 et
3489 1337 3663 1393 honores

493 1429 646 1484 omni
678 1429 970 1485 hominum
999 1445 1206 1502 genere
1253 1433 1616 1504 temperatus.
1645 1428 1736 1495 sit,
1769 1427 1892 1482 ﬁeri
1933 1428 2084 1483 enim
2169 1427 2340 1500 hujus
2368 1430 2555 1485 saeculi
2585 1429 2719 1502 quid
2749 1435 2899 1496 sunt,
2929 1428 3035 1484 nisi
3082 1433 3266 1500 typus,
3296 1432 3351 1482 et
3391 1427 3600 1494 inanitas,
3623 1433 3662 1481 et

491 1535 605 1573 non
634 1523 836 1591 potest,
871 1518 980 1573 nisi
1009 1519 1172 1572 aliter
1199 1521 1369 1594 atque
1395 1517 1562 1572 aliter
1589 1516 1836 1571 afﬁciant
1863 1518 2083 1573 locutu-
2166 1517 2342 1572 ruinae
2380 1519 2724 1590 periculum?
2772 1519 2905 1590 quia
2931 1517 3009 1572 sic
3037 1523 3230 1573 sancta
3251 1515 3510 1587 Scriptura
3529 1515 3626 1570 dicit
3649 1536 3656 1568 :

492 1623 618 1661 rum
638 1612 807 1679 atque
826 1607 1107 1662 dicturum
1131 1626 1144 1676 ;
1171 1611 1228 1661 et
1247 1613 1311 1662 ut
1329 1623 1513 1662 sermo
1551 1606 1646 1678 qui
1676 1606 1957 1678 profertur
1999 1606 2083 1662 af-
2167 1623 2196 1660 α
2231 1607 2427 1662 Omnis
2443 1625 2572 1662 caro
2596 1607 2807 1672 fenum,
2831 1613 2889 1661 et
2905 1606 3133 1661 claritas
3151 1604 3384 1661 hominis
3401 1609 3458 1659 ut
3471 1605 3556 1660 ﬂos
3569 1603 3658 1669 feni,

491 1695 746 1751 fectionis
766 1697 941 1752 animi
961 1714 996 1752 a
1015 1713 1125 1768 quo
1145 1696 1428 1768 profertur
1455 1697 1756 1768 quemdam
1775 1696 1934 1768 quasi
1962 1697 2083 1751 vul-
2164 1697 2355 1752 fenum
2403 1698 2570 1764 aruit,
2616 1699 2720 1752 llos
2752 1696 2958 1752 decidit
2989 1713 3002 1752 :
3031 1695 3261 1752 verbum
3304 1698 3474 1749 autem
3500 1693 3662 1749 Domini

487 1789 613 1841 tum
632 1791 812 1857 gerat,
829 1791 886 1840 et
895 1803 996 1858 pro
1009 1786 1204 1841 eadem
1215 1785 1538 1841 diversitate
1547 1785 1762 1840 diverse
1773 1785 1981 1840 afﬁciat
1990 1803 2086 1841 au-
2100 1773 2146 1834 Β
2165 1791 2357 1840 manet
2372 1787 2430 1840 in
2451 1791 2723 1841 aeternum
2745 1788 2872 1855 (Isa.
2905 1803 2995 1854 XL,
3027 1781 3105 1856 6).
3135 1805 3158 1838 ι
3179 1785 3306 1841 Ideo
3333 1783 3421 1856 qui
3441 1798 3663 1838 veramre-

489 1875 718 1945 ditores,
743 1893 870 1930 cum
892 1882 950 1930 et
971 1875 1076 1948 ipsi
1097 1876 1311 1948 seipsos
1330 1876 1546 1930 diverse
1567 1876 1817 1930 afﬁciant
1847 1875 2083 1931 invicem
2167 1875 2352 1948 quiem
2379 1883 2436 1932 et
2465 1894 2654 1932 veram
2681 1877 3004 1932 felicitatem
3032 1875 3328 1942 desiderat,
3359 1872 3503 1928 debet
3523 1871 3664 1928 tollere

487 1965 790 2038 praesentia
807 1982 929 2021 sua.
947 1965 1057 2020 Sed
1077 1965 1210 2037 quia
1232 1965 1300 2020 de
1329 1965 1562 2021 rudibus
1590 1965 1906 2020 imbuendis
1935 1983 2084 2022 nunc
2165 1983 2322 2038 spem
2341 1983 2502 2022 suam
2527 1967 2596 2021 de
2620 1965 2788 2022 rebus
2816 1965 3151 2021 mortalibus
3187 1970 3244 2020 et
3266 1961 3663 2038 praetereuntibus,

489 2054 726 2126 agimus,
747 2055 817 2110 de
835 2055 1051 2127 meipso
1067 2054 1169 2109 tibi
1187 2060 1429 2110 testatus
1449 2072 1574 2111 sum
1594 2054 1758 2110 aliter
1778 2061 1946 2128 atque
1975 2057 2080 2110 ali-
2165 2060 2223 2109 et
2249 2072 2375 2110 eam
2395 2056 2666 2110 collocare
2683 2055 2739 2110 in
2767 2055 2932 2110 verbo
2951 2055 3196 2123 Domini,
3219 2059 3284 2110 ut
3296 2053 3490 2108 hamus
3509 2050 3551 2105 ei
3561 2048 3665 2121 quod

487 2150 578 2201 ter
602 2162 693 2200 me
722 2145 954 2212 moveri,
979 2161 1106 2200 cum
1137 2150 1268 2199 ante
1301 2161 1391 2200 me
1432 2145 1888 2200 catechizandum
1922 2145 2080 2200 video
2162 2150 2358 2200 manet
2381 2143 2441 2198 in
2469 2149 2761 2210 aeternum,
2797 2143 2968 2199 etiam
2997 2143 3122 2216 ipse
3149 2160 3277 2200 cum
3307 2142 3397 2198 illo
3429 2143 3608 2196 maneat
3626 2137 3666 2192 in

487 2235 794 2302 eruditum,
811 2234 1068 2303 inertem,
1090 2234 1287 2303 civem,
1305 2233 2082 2307 peregrinum,d1vitem,pau-
2161 2237 2454 2289 aeternum.

485 2340 696 2396 perem,
743 2324 1046 2397 privatum,
1078 2324 1437 2392 honoratum,
1472 2323 1530 2378 in
1567 2328 1846 2397 potestate
1891 2324 2081 2396 aliqua
2232 2322 2378 2378 Sunt
2402 2321 2572 2378 etiam
2590 2321 2866 2389 homines,
2894 2321 2990 2393 qui
3023 2336 3130 2377 nec
3150 2319 3346 2376 divites
3365 2334 3471 2374 esse
3494 2319 3666 2390 queunt,

484 2414 870 2483 constitutum,
889 2413 1042 2469 illius
1066 2418 1166 2469 aut
1192 2413 1342 2470 illius
1360 2413 1584 2485 generis
1602 2413 1910 2482 hominem,
1927 2413 2078 2469 illius
2161 2429 2264 2468 nec
2291 2413 2363 2468 ad
2391 2429 2562 2468 vanas
2588 2411 2866 2467 honorum
2887 2427 3124 2484 pompas
3151 2408 3398 2466 ambiunt
3429 2405 3666 2480 pervenire,

483 2509 585 2559 aut
602 2503 752 2560 illius
785 2505 985 2572 aetatis,
1005 2508 1106 2558 aut
1135 2520 1318 2572 sexus,
1346 2519 1414 2558 ex
1441 2503 1539 2558 illa
1563 2508 1663 2558 aut
1689 2503 1788 2558 illa
1814 2509 1984 2572 secta,
2012 2520 2078 2559 ex
2159 2501 2256 2558 sed
2291 2502 2558 2574 gaudere,
2601 2507 2660 2556 et
2696 2501 3047 2574 requiescere
3084 2501 3282 2556 volunt
3322 2499 3378 2554 in
3413 2496 3607 2571 popinis,
3631 2495 3671 2548 in

482 2591 578 2649 illo
605 2599 706 2649 aut
732 2594 828 2648 illo
857 2594 1072 2666 vulgari
1101 2610 1291 2650 errore
1312 2591 1647 2662 venientem,
1671 2610 1736 2648 ac
1764 2609 1864 2666 pro
1894 2593 2076 2648 diver-
2157 2593 2637 2661 fornicationibus,
2652 2599 2710 2648 et
2724 2593 2784 2648 in
2802 2591 3056 2659 theatris,
3083 2597 3254 2663 atque
3288 2587 3574 2662 spectaculis
3595 2600 3669 2639 nu-
3776 2609 3777 2664 ξ

481 2683 648 2738 sitate
674 2688 861 2738 motus
881 2683 991 2738 mei
1013 2701 1198 2738 sermo
1231 2683 1351 2755 ipse
1380 2688 1438 2738 et
1462 2682 1730 2756 procedit,
1761 2688 1820 2737 et
1845 2699 2074 2754 progre-
2155 2683 2434 2754 gacitatis,
2471 2700 2594 2754 qua)
2623 2683 2684 2738 in
2703 2681 2924 2754 magnis
2959 2681 3280 2736 civitatibus
3312 2679 3472 2751 gratis
3499 2674 3667 2739 habent,

481 2771 654 2840 ditur,
673 2776 730 2826 et
749 2773 962 2828 ﬁnitur.
990 2774 1058 2827 Et
1089 2772 1222 2844 quia
1239 2790 1369 2827 cum
1384 2773 1581 2828 eadem
1599 2771 1860 2827 omnibus
1877 2771 2076 2828 debea—
2155 2773 2253 2828 sed
2283 2773 2363 2828 sic
2384 2773 2555 2828 etiam
2581 2771 2688 2844 ipsi
2715 2778 2782 2828 ut
2811 2776 3155 2828 consumunt
3179 2787 3279 2843 per
3303 2767 3551 2824 luxuriam
3573 2778 3670 2836 pau-

479 2866 577 2916 tur
603 2861 866 2929 charitas,
885 2879 998 2916 non
1019 2863 1215 2917 eadem
1241 2867 1328 2918 est
1346 2862 1606 2918 omnibus
1625 2861 1942 2919 adhibenda
1962 2879 2075 2918 me-
2155 2869 2432 2936 pertatem
2474 2879 2656 2928 suam,
2689 2867 2748 2917 et
2789 2861 2858 2917 ab
2903 2867 3157 2932 egestate
3178 2865 3369 2934 postea
3401 2859 3454 2913 in
3481 2855 3613 2918 hirta,
3633 2856 3670 2906 et

481 2949 694 3018 dicina;
727 2951 851 3022 ipsa
879 2951 1014 3006 item
1058 2952 1303 3006 charitas
1331 2951 1470 3006 alios
1497 2951 1760 3024 parturit,
1793 2967 1921 3006 cum
1950 2951 2074 3006 aliis
2157 2953 2501 3018 efi‘racturas,
2533 2957 2591 3007 et
2619 2951 2921 3024 aliquando
2941 2950 3118 3006 etiam
3139 2949 3212 3005 ad
3250 2946 3520 3004 latrocinia
3539 2940 3668 3014 prosi-

479 3037 822 3108 inﬁrmatur,
847 3040 988 3096 alios
1007 3046 1168 3096 curat
1197 3041 1489 3102 aedificare.
1525 3041 1665 3095 alios
1693 3041 2074 3096 contremiscit
2092 3100 2131 3112 Α
2154 3043 2384 3110 liunt,et
2395 3041 2579 3098 subito
2592 3041 2785 3096 multis
2799 3047 2857 3096 et
2866 3039 3088 3112 magnis
3100 3037 3392 3094 timoribus
3405 3035 3668 3106 implentur;

479 3128 780 3196 offendere,
805 3100 878 3184 ad
893 3130 1033 3184 alios
1053 3148 1113 3184 se
1133 3130 1386 3197 inclinat,
1408 3100 1486 3184 ad
1500 3129 1638 3184 alios
1660 3147 1720 3185 se
1739 3129 1922 3200 erigit,
1947 3129 2070 3186 aliis
2087 3100 2132 3162 Ο
2154 3138 2211 3188 et
2231 3100 2326 3204 qui
2346 3132 2404 3186 in
2425 3131 2631 3204 popina
2648 3131 2816 3202 paulo
2854 3100 2994 3184 ante,
3005 3127 3328 3194 cantabant,
3345 3127 3454 3196 jam
3474 3100 3669 3195 planctus

476 3215 700 3285 blanda,
735 3218 860 3274 aliis
889 3236 1099 3288 severa,
1133 3219 1272 3274 nulli
1301 3219 1550 3286 inimica,
1580 3218 1840 3274 omnibus
1865 3224 2064 3274 mater:
2151 3221 2389 3279 carceris
2405 3219 2926 3276 somniant.Studiis
2939 3215 3556 3292 autemspectaculorum
3570 3211 3671 3264 ﬁunt

476 3313 533 3362 et
554 3307 651 3381 qui
671 3325 784 3364 non
808 3315 1068 3382 expertus
1099 3314 1184 3364 est
1209 3309 1405 3364 eadem
1435 3309 1710 3364 charitate
1744 3308 1893 3381 quod
1921 3309 2064 3377 dico,
2151 3312 2498 3368 daemonibus
2516 3311 2728 3367 similes
2743 3332 2755 3366 :
2773 3308 3116 3365 clamoribus
3129 3307 3248 3364 suis
3263 3303 3521 3362 incitando
3537 3297 3668 3356 homi-

473 3413 601 3454 cum
631 3397 820 3454 videat
848 3415 949 3454 nos
981 3397 1115 3471 quia
1139 3398 1376 3454 facultas
1424 3397 1614 3471 aliqua
1655 3396 1816 3452 nobis
1859 3397 2070 3454 donata
2151 3418 2252 3458 nes
2281 3406 2346 3457 ut
2374 3418 2433 3456 se
2476 3401 2713 3456 invicem
2743 3399 2978 3466 caedant,
3012 3413 3320 3469 secumque
3341 3392 3557 3449 habeant
3574 3403 3668 3443 con-
3776 3392 3777 3464 ξ

473 3486 713 3542 delectet
737 3487 1095 3543 laudabiliter
1112 3487 1462 3542 innotescere
1479 3487 1538 3542 in
1552 3504 1649 3542 ore
1667 3487 2062 3557 multitudinis,
2147 3490 2393 3547 tentiosa
2417 3490 2728 3546 certamina
2746 3489 2842 3562 qui
2863 3505 2923 3543 se
2941 3503 3055 3542 non
3075 3489 3362 3552 laeserunt,
3374 3483 3492 3538 dum
3509 3479 3668 3551 placere

473 3575 604 3631 inde
631 3593 736 3632 nos
766 3575 960 3632 beatos
989 3582 1184 3650 putat;
1219 3578 1368 3632 Deus
1391 3581 1600 3646 autem,
1631 3575 1690 3632 in
1716 3579 1876 3649 cujus
1903 3595 2065 3650 aspe-
2149 3579 2347 3635 insano
2367 3579 2572 3652 populo
2587 3579 2841 3651 cupiunt.
2863 3577 3022 3642 Quod
3034 3577 3083 3632 si
3103 3568 3669 3632 animadverterintesse
3776 3568 3777 3620 1

470 3670 624 3722 ctum
645 3665 821 3722 intrat
841 3667 1088 3739 gemitus
1102 3666 1568 3740 compeditorum,
1589 3655 2068 3722 videathumilita-
2147 3668 2466 3736 concordes,
2483 3674 2619 3724 tunc
2634 3685 2730 3724 eos
2759 3667 3002 3723 oderunt
3018 3670 3079 3721 et
3096 3666 3516 3738 persequuntur,
3527 3662 3573 3711 et
3585 3660 3669 3709 tau-
3776 3689 3777 3748 ξ

468 3761 587 3811 tem
607 3761 855 3812 nostram
883 3762 942 3813 et
966 3757 1217 3812 laborem
1237 3761 1512 3825 nostrum,
1533 3763 1590 3811 et
1605 3756 1854 3812 dimittat
1875 3756 2066 3812 omnia
2147 3775 2316 3830 quam
2337 3759 2640 3814 collusores
2660 3763 2726 3814 ut
2743 3755 2985 3813 fustibus
3003 3756 3370 3812 verberentur
3395 3747 3665 3806 exclamant:

469 3851 700 3918 peccata
719 3851 928 3902 nostra.
955 3845 1331 3912 Quamobrem
1352 3846 1399 3900 si
1414 3846 1548 3918 quid
1571 3845 1674 3901 tibi
1692 3846 1750 3901 in
1775 3846 1937 3902 nobis
1949 3847 2065 3920 pla-
2146 3854 2203 3903 et
2224 3849 2368 3905 hanc
2397 3849 2756 3920 iniquitatem
2778 3847 2962 3902 facere
2987 3847 3163 3902 etiam
3179 3845 3446 3900 vindicem
3471 3836 3667 3910 iniqu

467 3935 584 3991 cuit
611 3941 677 3991 ut
711 3935 959 4008 aliquam
1006 3936 1451 3992 observationem
1491 3935 1768 3992 sermonis
1805 3936 1984 3992 nostri
2029 3954 2064 3992 a
2143 3942 2266 3996 tum
2292 3940 2541 4011 judicem
2573 3943 2800 4011 cogunt.
2832 3937 2890 3994 Si
2921 3941 3115 3994 autem
3143 3933 3444 3992 horrendas
3467 3930 3666 3986 adversus

469 4023 628 4079 nobis
649 4025 844 4080 audire
873 4042 1172 4098 quaereres,
1206 4025 1408 4080 melius
1430 4025 1668 4081 videndo
1699 4031 1756 4080 et
1783 4025 2061 4082 audiendo
2142 4027 2381 4084 invicem
2405 4028 2727 4084 inimicitias
2760 4045 2856 4083 eos
2909 4043 3170 4083 exercere
3209 4021 3561 4096 cognoverint.
3588 4015 3666 4070 Si“?

467 4129 570 4168 nos
591 4131 719 4169 cum
733 4113 850 4169 haec
869 4115 1108 4186 agimus,
1133 4132 1304 4186 quam
1325 4115 1562 4185 legendo
1591 4131 1719 4170 cum
1747 4115 1864 4170 haec
1891 4115 2063 4170 dicta-
2144 4117 2303 4174 sintae
2330 4119 2427 4191 qui
2464 4119 2839 4191 appellantur,
2875 4117 2990 4172 sive
3017 4115 3241 4172 scaenici
3273 4120 3330 4170 et
3355 4102 3668 4173 thimelici,si-

467 4219 594 4258 mus
615 4203 910 4260 edisceres.
935 4204 1044 4259 Sed
1063 4209 1256 4259 tamen
1281 4203 1550 4260 faciamus
1569 4203 1818 4276 aliquem
1843 4204 2060 4260 venisse
2142 4225 2208 4264 ve
2227 4209 2456 4280 aurigae,
2491 4209 2604 4264 sive
2633 4212 2945 4276 venatores,
2973 4225 3114 4280 quos
3144 4206 3379 4262 miseros
3405 4218 3508 4258 non
3533 4197 3668 4254 solum

466 4291 538 4348 ad
565 4309 668 4348 nos
697 4293 793 4366 qui
815 4292 935 4348 vult
965 4310 1086 4348 esse
1115 4291 1490 4362 Christianus,
1523 4298 1581 4348 et
1607 4292 1676 4349 de
1701 4311 1910 4366 genere
1941 4295 2062 4367 qui-
2141 4297 2399 4355 homines
2425 4316 2553 4356 cum
2593 4297 2932 4366 hominibus,
2965 4297 3064 4354 sed
3096 4297 3272 4353 etiam
3318 4291 3549 4350 homines
3576 4299 3668 4342 cum

464 4379 595 4436 dem
623 4380 946 4450 idiotarum,
970 4398 1082 4436 non
1099 4387 1290 4437 tamen
1319 4382 1733 4438 rusticanorum
1762 4383 1859 4438 sed
1889 4382 2059 4439 urba-
2143 4385 2336 4444 bestiis
2377 4389 2436 4444 in
2479 4393 2765 4444 certamen
2793 4403 3154 4460 pugnamque
3181 4383 3523 4442 committunt
3552 4399 3564 4432 :
3589 4390 3668 4446 quo

466 4486 687 4540 norum,
710 4472 903 4544 quales
923 4471 1072 4544 apud
1095 4471 1494 4543 Carthaginem
1523 4471 1712 4544 plures
1733 4473 1972 4544 experiri
2003 4479 2060 4528 te
2075 4467 2124 4528 D
2141 4480 2356 4550 majore
2386 4478 2652 4534 adversus
2671 4478 2910 4534 invicem
2930 4475 3213 4532 discordia
3229 4475 3410 4530 furere
3429 4463 3665 4526 senserint,

465 4577 694 4616 necesse
709 4566 813 4629 est,
836 4561 1247 4632 interrogatum
1271 4561 1442 4616 etiam
1462 4566 1654 4617 utrum
1679 4567 1910 4634 propter
1935 4563 2058 4618 vita:
2142 4583 2208 4623 eo
2227 4567 2410 4639 magis
2431 4573 2644 4636 amant,
2661 4574 2720 4623 et
2738 4567 3108 4633 delectantur,
3135 4568 3192 4621 et
3213 4559 3425 4620 incitati
3443 4559 3612 4618 favent,
3629 4555 3668 4604 et

463 4650 758 4722 praesentis
778 4649 1004 4723 aliquod
1023 4651 1399 4718 commodum,
1423 4667 1496 4706 an
1525 4657 1755 4724 propter
1783 4653 2054 4724 requiem,
2139 4653 2386 4712 faventes
2412 4657 2651 4712 incitant
2675 4657 2802 4728 plus
2829 4655 3096 4711 adversus
3124 4653 3340 4726 seipsos
3363 4647 3664 4706 insanientes,

467 4755 590 4810 quae
609 4745 739 4819 post
756 4740 902 4795 hanc
922 4741 1094 4796 vitam
1113 4746 1392 4812 speratur,
1407 4739 1762 4797 Christianus
1783 4759 1903 4796 esse
1918 4741 2060 4798 desi-
2141 4746 2247 4818 ipsi
2280 4737 2622 4820 spectatores
2649 4747 2794 4802 alter
2821 4763 2922 4818 pro
2946 4745 3145 4813 altero,
3171 4761 3340 4816 quam
3365 4739 3458 4807 illi,
3480 4745 3667 4810 quorum

465 4829 645 4897 derat,
687 4836 916 4902 prapter
955 4831 1202 4886 futuram
1253 4829 1504 4902 requiem
1541 4831 1916 4902 respondisse,
1961 4832 2058 4886 tali
2139 4833 2417 4891 insaniam
2447 4836 2630 4892 insani
2665 4840 2986 4909 provocant,
3020 4839 3078 4890 et
3110 4831 3434 4889 insaniendo
3470 4828 3668 4898 spectare

464 4917 703 4974 fortasse
727 4937 762 4974 a
782 4918 942 4975 nobis
967 4921 1344 4976 instrueretur
1371 4921 1644 4992 alloquio:
1682 4921 1799 4976 Deo
1823 4923 2054 4993 gratias,
2139 4924 2478 4982 desiderant.
2513 4926 2803 4991 Quomodo
2834 4941 2969 4996 ergo
3007 4923 3310 4980 sanitatem
3345 4917 3486 4994 pacis
3517 4919 3666 4970 tenere

462 5009 656 5078 frater,
671 5007 831 5065 valde
855 5007 958 5064 tibi
985 5010 1259 5082 gratulor,
1291 5015 1348 5065 et
1373 5010 1590 5082 gaudeo
1617 5011 1686 5065 de
1711 5017 1788 5078 te,
1823 5012 1971 5084 quod
2000 5011 2058 5067 in
2139 5016 2362 5070 animus
2391 5021 2595 5088 potest,
2611 5015 2708 5088 qui
2728 5014 3020 5070 discordiis
3048 5019 3105 5070 et
3131 5008 3512 5068 certaminibus
3529 4998 3663 5076 pasci-

460 5099 635 5154 tantis
652 5117 718 5156 ac
743 5105 861 5155 tam
882 5096 1209 5173 periculosis
1232 5100 1398 5172 hujus
1410 5099 1595 5155 saeculi
1605 5101 2053 5172 tempestatibus,
2138 5105 2272 5160 tur?
2299 5105 2493 5170 Qualis
2521 5105 2673 5160 enim
2695 5104 2852 5160 cibus
2872 5103 3134 5170 sumitur,
3155 5102 3286 5158 talis
3305 5093 3539 5154 valetudo
3560 5104 3659 5145 con-

461 5187 531 5244 de
552 5190 739 5263 aliqua
767 5207 900 5246 vera
927 5195 986 5246 et
1014 5194 1170 5246 certa
1194 5190 1493 5245 securitate
1517 5190 1794 5260 cogitasti.
1826 5192 1970 5246 Nam
2001 5198 2060 5246 et
2139 5194 2412 5266 sequitur.
2440 5196 2729 5250 Postremo
2751 5194 3003 5267 quamvis
3020 5193 3219 5248 insana
3238 5189 3438 5262 gaudia
3462 5199 3555 5239 non
3577 5177 3656 5233 sint

461 5274 520 5332 in
535 5278 638 5333 hac
658 5279 772 5335 vita
789 5281 1046 5336 homines
1061 5279 1280 5351 magnis
1310 5277 1594 5334 laboribus
1618 5279 1874 5352 requiem
1903 5298 2054 5352 quae-
2135 5283 2363 5356 gaudia,
2391 5290 2580 5339 tamen
2609 5284 3038 5357 qualiacumque
3065 5282 3197 5350 sint,
3231 5285 3288 5336 et
3315 5267 3654 5350 quantumlibet

461 5373 596 5421 runt
623 5374 682 5423 et
716 5370 1094 5438 securitatem,
1129 5369 1226 5424 sed
1261 5369 1446 5441 pravis
1495 5369 1896 5441 cupiditatibus
1941 5387 2055 5426 non
2137 5372 2378 5430 delectet
2390 5375 2666 5446 jactantia
2695 5375 3038 5442 divitiarum,
3071 5377 3128 5428 et
3152 5377 3341 5428 tumor
3354 5359 3651 5423 honorum,“

461 5452 770 5512 inveniunt.
794 5459 1006 5516 Volunt
1029 5460 1182 5515 enim
1212 5459 1561 5530 requiescere
1577 5459 1637 5514 in
1655 5459 1823 5514 rebus
1838 5459 2053 5532 inquie-
2135 5478 2340 5534 vorago
2370 5463 2724 5536 popinarum,
2752 5469 2811 5520 et
2835 5463 2982 5519 bella
3011 5463 3372 5527 theatrorum,
3395 5460 3448 5512 et
3466 5453 3651 5536 immun-

455 5545 532 5600 tis
561 5550 618 5600 et
643 5561 755 5602 non
785 5549 1262 5619 permanantibus,
1282 5554 1339 5604 et
1355 5548 1489 5620 quia
1516 5548 1625 5605 illae
1654 5553 1906 5622 tempore
1927 5551 2053 5606 sub-
2135 5551 2275 5608 ditia
2307 5535 2757 5618 fornicationum,
2793 5559 2849 5610 et
2877 5553 3102 5626 prurigo
3127 5553 3488 5611 thermarum;
3513 5535 3649 5594 aula”

456 5634 765 5693 trahuntur
795 5643 853 5694 et
877 5642 1174 5695 transeunt
1200 5634 1498 5694 timoribus
1529 5644 1587 5694 et
1632 5638 1916 5697 doloribus
1956 5657 2052 5698 eos
2135 5641 2326 5698 omnia
2347 5642 2456 5699 ista
2477 5661 2590 5700 una
2606 5642 2893 5714 febricula,
2917 5649 2972 5700 et
3001 5643 3183 5699 adhuc
3209 5632 3496 5695 viventibus
3509 5629 3642 5684 ιοΐδω
