3982 6158
273 282 406 340 1201

1143 285 1238 341 DE
1275 283 1830 344 ECCLESIASTICA
1865 287 2295 346 DISCIPLINA.
2338 317 2403 332 —-
2441 289 2576 346 LIB.
2618 287 2664 344 Ι.

263 407 464 462 falsam
492 406 900 465 beatitudinem
913 407 1196 465 subtrahit
1223 427 1234 464 :
1261 416 1554 466 remaneat
1573 411 1776 481 inanis,
1809 415 2097 476 etAdavit
2106 421 2360 471 etcreata
2386 420 2536 482 sunt,
2556 433 2583 469 ιι
2605 413 2704 468 sed
2713 420 2778 469 ut
2787 413 3131 484 signiﬁcaret
3157 413 3290 486 quia
3311 417 3437 486 post
3447 431 3544 471 sex

265 497 460 553 saucia
472 497 813 553 conscientia
833 499 1138 555 Dominum
1161 517 1398 556 sensura
1417 501 1667 572 judicem
1699 519 1865 574 quem

266 586 453 642 noluit
465 586 672 643 habere
686 587 994 655 custodem,
1019 595 1078 644 et
1097 589 1392 644 inventura
1401 607 1664 662 asperum
1681 592 1868 646 Domi-

267 692 602 748 num,quem
621 677 840 732 dulcem
849 678 1073 732 Patrem
1087 695 1336 750 quaerere
1348 686 1406 734 et
1419 696 1612 734 amare
1622 687 1868 736 contem-

269 767 492 838 psit.Tu
507 772 698 821 autem
710 766 808 838 qui
827 783 1016 822 veram
1033 769 1303 839 requiem,
1339 786 1462 840 quae
1473 777 1598 842 post
1613 771 1758 826 hanc
1785 772 1867 826 vi-

267 860 391 910 tam
402 855 734 911 Christianis
747 856 1110 928 promittitur,
1119 858 1340 929 quaeris;
1354 859 1525 914 etiam
1541 859 1632 914 hic
1644 877 1768 915 eam
1780 861 1870 917 in-

273 950 363 1000 ter
381 945 766 1001 amarissimas
778 946 902 1001 vitm
913 946 1082 1018 hujus
1097 947 1382 1002 molestias
1396 965 1623 1003 suavem
1664 951 1869 1020 jucun-

268 1033 516 1106 damque
531 1034 856 1106 gustabis,si
866 1037 915 1106 ej
925 1053 989 1090 us
999 1037 1096 1107 qui
1108 1053 1230 1091 eam
1241 1037 1500 1108 promisit
1507 1045 1786 1111 praecepta
1795 1039 1875 1095 di-

265 1123 624 1180 lexeris.Cito
644 1125 796 1180 enim
814 1125 1022 1180 senties
1049 1126 1327 1182 dulciores
1347 1144 1469 1182 esse
1489 1129 1726 1199 justitiae
1753 1129 1872 1185 fru-

267 1219 399 1269 ctus
429 1230 599 1286 quam
612 1213 946 1286 iniquitatis,
966 1220 1024 1269 et
1038 1215 1224 1270 verius
1234 1221 1403 1287 atque
1414 1217 1721 1288 jucundius
1738 1235 1875 1289 gau-

267 1303 406 1359 dere
443 1303 730 1359 hominem
757 1303 827 1358 de
865 1303 1013 1359 bona
1029 1304 1371 1360 conscientia
1399 1305 1548 1360 inter
1566 1307 1870 1374 molestias,

269 1409 445 1466 quam
470 1394 540 1448 de
556 1394 706 1448 mala
724 1393 874 1448 inter
882 1393 1129 1462 delicias,
1147 1393 1279 1466 quia
1306 1411 1420 1449 non
1435 1395 1514 1450 sic
1525 1397 1725 1450 venisti
1745 1413 1873 1451 con-

261 1483 435 1554 jungi
443 1483 699 1538 Ecclesiae
716 1483 838 1550 Dei,
859 1489 923 1538 ut
939 1499 1003 1537 ex
1021 1500 1088 1538 ea
1105 1485 1472 1556 temporalem
1492 1486 1742 1557 aliquam
1755 1487 1869 1541 uti-

271 1571 497 1627 litatem
519 1572 794 1644 requiras.
809 1573 952 1628 Sunt
961 1573 1110 1628 enim
1124 1573 1219 1644 qui
1231 1579 1529 1646 prOpterea
1538 1575 1732 1630 volunt
1750 1592 1872 1630 esse

271 1661 600 1729 Christiani,
625 1667 691 1716 ut
729 1668 829 1717 aut
860 1667 1290 1734 promereantur
1318 1663 1644 1731 homines,-a
1671 1665 1874 1737 quibus

1947 509 2141 560 aetates
2151 505 2346 560 mundi
2375 505 2545 575 hujus
2555 503 2797 576 septima
2815 509 2979 558 aetate
3008 510 3278 576 tanquam
3305 503 3544 577 septimo

1947 593 2037 648 die
2050 595 2406 666 requieturus
2427 593 2580 648 estin
2604 593 3097 664 sanctissuis,quia
3123 593 3227 664 ipsi
3247 593 3307 648 in
3335 593 3432 648 illo
3463 610 3548 649 re-

1950 683 2732 755 quiescentpostomniabona
2767 698 2938 753 opera
2956 683 3015 736 in
3033 682 3235 754 quibus
3269 683 3320 736 ei
3347 683 3550 738 servie-

1951 779 2102 840 runt,
2135 773 2384 845 quaeipse
2415 773 2475 827 in
2494 773 2604 826 illis
2618 777 2902 843 operatur,
2929 772 3026 842 qui
3054 777 3213 826 vocat
3225 777 3283 825 et
3302 772 3554 844 praecipit

1953 867 2011 916 et
2037 861 2241 918 delicta
2268 862 2549 932 praeterita
2579 861 2814 916 dimittit
2847 878 2858 913 :
2891 866 2948 914 et
2965 860 3238 931 justiﬁcat
3280 877 3410 916 eum
3455 862 3553 933 qui

1953 951 2109 1022 prius
2137 956 2260 1004 erat
2285 949 2510 1021 impius.
2545 949 2702 1005 Sicut
2727 953 2918 1004 autem
2944 965 3072 1002 cum
3088 948 3168 1002 illi
3181 965 3245 1002 ex
3263 950 3410 1004 dono
3431 951 3554 1020 ejus

1953 1038 2096 1094 bene
2125 1044 2449 1110 operantur,
2472 1043 2622 1094 recte
2651 1038 2856 1094 dicitur
2891 1039 3112 1110 operari
3137 1057 3152 1092 :
3180 1039 3260 1092 sic
3297 1054 3425 1093 eum
3457 1039 3555 1095 illo

1953 1129 2330 1200 requiescunt,
2373 1132 2521 1184 recte
2575 1128 2783 1182 dicitur
2834 1128 2955 1199 ipse
2999 1128 3368 1199 requiescere.
3411 1129 3555 1184 Nam

1956 1218 2104 1290 quod
2203 1218 2387 1290 ipsum
2401 1217 2686 1284 attineret,
2705 1217 3094 1290 pausationem
3106 1234 3218 1272 non
3235 1218 3452 1290 quaerit,
3461 1219 3558 1290 qui

1955 1306 2205 1362 laborem
2220 1323 2333 1362 non
2345 1307 2534 1362 sentit.
2567 1306 2721 1361 Fecit
2751 1312 2942 1361 autem
2963 1307 3154 1361 omnia
3181 1324 3282 1379 per
3311 1307 3556 1362 Verbum

1954 1413 2137 1462 suum,
2171 1403 2228 1450 et
2255 1395 2502 1451 Verbum
2531 1396 2653 1466 ejus
2671 1394 3092 1467 ipse:Christus,
3121 1396 3179 1451 in
3210 1413 3319 1468 quo
3339 1397 3556 1468 requie-

1952 1490 2115 1540 scunt
2129 1486 2399 1556 angeli,et
2409 1501 2603 1540 omnes
2613 1485 2866 1539 caelestes
2885 1485 3239 1540 mundissimi
3250 1485 3480 1556 spiritus
3499 1485 3559 1540 in

1954 1580 2148 1629 sancto
2159 1575 2402 1629 silentio.
2422 1575 2604 1630 Homo
2615 1579 2807 1629 autem
2837 1580 3065 1646 peccato
3105 1575 3294 1646 lapsus
3315 1575 3561 1646 perdidit

1955 1665 2208 1735 requiem
2231 1681 2402 1735 quam
2439 1663 2683 1718 habebat
2701 1664 2760 1718 in
2779 1665 2903 1736 ejus
2936 1663 3247 1731 divinitate,
3272 1669 3330 1718 et
3348 1663 3561 1735 recepit

267 1750 608 1823 temporalia
623 1751 916 1806 commoda
933 1757 1273 1824 exspectant,
1297 1758 1398 1808 aut
1425 1754 1558 1826 quia
1591 1754 1871 1810 olfendere
1889 1741 1933 1802 Β
1959 1771 2084 1810 eam
2107 1754 2166 1808 in
2179 1755 2299 1824 ejus
2313 1753 2667 1808 humanitate
2692 1771 2703 1807 :
2721 1754 2958 1825 ideoque
2973 1758 3287 1825 opportuno
3307 1757 3559 1824 tempore

270 1841 475 1895 nolunt
509 1857 648 1912 quos
676 1841 899 1908 timent,
933 1841 1030 1896 sed
1082 1841 1176 1896 isti
1201 1842 1423 1914 reprobi
1447 1849 1580 1898 sunt
1601 1850 1686 1899 :et
1709 1844 1757 1898 si
1800 1844 1872 1899 ad

269 1934 497 2002 tempus
506 1947 601 1985 eos
611 1935 800 2002 portat
813 1929 1229 1998 Ecclesia,sicut
1237 1948 1366 1986 arca
1377 1949 1556 2004 usque
1566 1933 1638 1988 ad
1649 1938 1872 2005 tempus

268 2019 650 2075 ventilationis
699 2020 920 2092 paleam
952 2021 1233 2076 sustinent
1264 2037 1278 2076 :
1310 2021 1358 2076 si
1388 2039 1448 2077 se
1475 2038 1589 2077 non
1624 2039 1874 2078 correxe-

268 2107 408 2175 rint,
465 2114 522 2163 et
575 2113 804 2181 propter
847 2109 1098 2165 futuram
1147 2110 1554 2182 sempiternam
1619 2113 1872 2184 requiem

267 2197 580 2252 Christiani
631 2215 752 2274 esse
794 2199 1082 2271 cmperint,
1099 2200 1159 2254 in
1204 2202 1376 2254 ﬁnem
1415 2200 1824 2273 separabuntur
1855 2221 1871 2257 :

266 2302 374 2340 nec
402 2285 510 2341 sibi
526 2285 889 2342 blandiantur
904 2287 1052 2359 quod
1081 2287 1142 2342 in
1171 2305 1305 2343 area
1331 2295 1566 2360 possunt
1594 2305 1715 2345 esse
1744 2306 1872 2345 cum

260 2373 550 2430 frumento
595 2376 716 2444 Dei,
766 2376 899 2450 quia
948 2377 1007 2431 in
1031 2378 1232 2432 horreo
1259 2394 1387 2433 cum
1413 2378 1510 2432 illo
1538 2395 1649 2434 non
1682 2385 1867 2448 erunt,

260 2464 365 2520 sed
393 2461 512 2536 igni
531 2464 716 2520 debito
753 2466 1127 2522 destinantur.
1161 2468 1306 2523 Sunt
1329 2467 1498 2523 etiam
1527 2468 1624 2522 alii
1651 2468 1872 2524 meliori

262 2553 498 2626 quidem
514 2571 632 2627 spe,
651 2555 750 2611 sed
759 2560 950 2612 tamen
965 2571 1078 2610 non
1096 2555 1314 2612 minore
1343 2557 1610 2630 periculo,
1635 2557 1731 2629 qui
1749 2558 1871 2629 jam

264 2643 575 2700 Dominum
600 2643 822 2712 timent,
859 2650 918 2700 et
939 2661 1052 2700 non
1092 2645 1330 2701 irrident
1359 2646 1740 2702 Christianum
1775 2664 1872 2703 no-

265 2748 423 2799 vum,
446 2749 549 2787 nec
572 2733 837 2789 simulato
864 2734 1030 2789 corde
1057 2733 1271 2790 intrant
1305 2735 1607 2790 Ecclesiam
1627 2735 1749 2803 Dei,
1773 2736 1871 2791 sed

261 2821 328 2877 in
352 2821 465 2877 ista
481 2821 594 2876 vita
627 2828 953 2896 exspeth
985 2823 1328 2891 felicitatem,
1359 2829 1424 2880 ut
1454 2824 1728 2880 feliciores
1756 2825 1872 2880 sint

263 2911 329 2968 in
357 2910 526 2966 rebus
559 2912 801 2967 terrenis
832 2929 1002 2984 quam
1037 2913 1121 2968 illi
1160 2914 1257 2986 qui
1291 2931 1402 2970 non
1456 2915 1648 2970 colunt
1681 2915 1870 2969 Domi-

260 3017 440 3056 num:
470 3000 707 3074 ideoque
737 3019 863 3058 cum
911 3003 1154 3058 viderint
1193 3005 1464 3076 quosdam
1491 3005 1792 3059 sceleratos
1812 3009 1870 3060 et

1955 1859 2064 1915 quo
2088 1843 2206 1915 ipse
2236 1841 2448 1898 sciebat
2466 1848 2727 1914 oportere
2771 1843 2895 1897 ﬁeri
2941 1843 3109 1898 homo
3157 1842 3356 1910 factus,
3391 1847 3448 1897 et
3491 1842 3561 1897 de

1955 1932 2164 1988 femina
2189 1937 2356 1988 natus
2386 1937 2488 1987 est.
2519 1933 2570 1986 A
2589 1948 2757 1987 carne
2793 1931 2998 2003 quippe
3026 1930 3400 1986 contaminari
3448 1948 3562 1988 non

1954 2027 2180 2094 poterat
2206 2022 2346 2093 ipse,
2369 2037 2598 2076 carnem
2615 2021 2802 2093 potius
2831 2021 3226 2076 mundaturus.
3246 2021 3436 2092 Ipsum
3465 2037 3563 2077 an-
3613 2011 3618 2020 ’

1954 2112 2099 2184 tiqui
2131 2116 2429 2167 venturum
2448 2111 2508 2166 in
2527 2110 2867 2166 revelatione
2899 2110 3140 2182 Spiritus
3159 2116 3557 2182 cognoverunt,

1956 2206 2014 2256 et
2040 2201 2535 2274 prophetaverunt,
2583 2204 2640 2255 et
2677 2199 2758 2254 sic
2786 2199 2924 2254 salvi
2953 2199 3082 2253 facti
3121 2205 3254 2254 sunt
3281 2199 3559 2254 credendo

1955 2290 2089 2362 quia
2120 2290 2322 2356 veniet,
2347 2290 2492 2344 sicut
2511 2305 2613 2344 nos
2651 2289 2788 2344 salvi
2816 2287 3092 2344 efﬁcimur
3119 2288 3394 2342 credendo
3425 2288 3560 2360 quia

1953 2379 2133 2435 venit:
2151 2384 2215 2434 ut
2247 2379 2610 2450 diligeremus
2620 2378 2925 2433 Dominum
2947 2377 3132 2450 quisic
3161 2393 3262 2432 nos
3274 2377 3471 2432 dilexit
3495 2383 3562 2432 ut

1951 2469 2180 2524 unicum
2191 2467 2394 2524 Filium
2407 2484 2573 2524 suum
2585 2467 2853 2534 mitteret,
2872 2467 2968 2538 qui
2978 2465 3331 2522 humanitate
3350 2470 3556 2522 nostra:

1953 2557 2314 2613 mortalitatis
2322 2557 2572 2624 indutus,
2595 2563 2652 2612 et
2667 2573 2702 2612 a
2708 2555 3096 2628 peccatoribus
3113 2561 3170 2611 et
3179 2572 3282 2626 pro
3297 2561 3554 2628 peccato-

1953 2647 2108 2702 ribus
2121 2655 2455 2702 moreretur.
2471 2647 2499 2702 J
2503 2663 2596 2700 am
2613 2646 2765 2701 enim
2775 2645 2910 2701 olim
2931 2644 3002 2700 ab
3028 2644 3353 2701 ineuntibus
3380 2660 3554 2700 saecu-

1952 2737 2024 2792 lis
2043 2735 2298 2809 mysterii
2313 2737 2483 2808 hujus
2514 2735 2754 2790 altitudo
2777 2734 3128 2808 praeﬁgurari
3157 2733 3554 2806 praenuntiari-

1953 2843 2062 2898 que
2089 2843 2203 2882 non
2230 2832 2430 2882 cessat.
2460 2825 2738 2890 Quoniam
2785 2826 2936 2881 Deus
2975 2825 3350 2896 omnipotens,
3375 2829 3433 2879 et
3460 2822 3556 2879 bo-

1951 2931 2058 2970 nus
2081 2921 2140 2970 et
2151 2916 2433 2987 justus,et
2451 2914 2788 2982 misericors,
2803 2915 2900 2986 qui
2909 2914 3040 2969 fecit
3053 2913 3246 2968 omnia
3263 2912 3411 2968 bona
3436 2913 3552 2968 sive

1951 3021 2160 3076 magna
2185 3005 2300 3060 sive
2329 3021 2520 3076 parva,
2534 3003 2649 3058 sive
2668 3020 2893 3059 summa
2911 3003 3024 3058 sive
3052 3002 3266 3071 inﬁma,
3294 3003 3408 3058 sive
3427 3019 3552 3075 quae

259 3090 472 3163 impios
508 3067 897 3148 ista-saeculari
931 3067 1302 3166 prosperitate
1349 3095 1578 3166 pollere,
1612 3099 1669 3149 et
1693 3093 1868 3149 excel-
1887 3067 1930 3129 Ο
1949 3067 2229 3162 videntur,
2248 3067 2412 3149 sicuti
2427 3067 2562 3148 sunt
2588 3093 2812 3160 celum,
2837 3098 2896 3148 et
2925 3098 3096 3160 terra,
3123 3097 3181 3146 et
3207 3067 3382 3160 mare,
3406 3067 3464 3147 et
3489 3091 3550 3146 in

255 3179 401 3247 lere,
426 3197 486 3236 se
514 3185 707 3236 autem
737 3182 822 3236 vel
852 3181 1039 3238 minus
1069 3182 1274 3238 habere
1308 3183 1420 3238 ista
1440 3184 1526 3239 vel
1579 3183 1860 3250 amittere,

249 3269 683 3342 perturbantur,
699 3276 968 3343 tanquam
991 3272 1112 3327 sine
1139 3287 1308 3327 causa
1322 3273 1624 3328 Dominum
1655 3273 1858 3341 colant,

249 3365 314 3415 et
333 3358 498 3415 facile
524 3377 560 3414 a
579 3360 688 3415 ﬁde
714 3360 1000 3416 deﬁciunt.
1034 3361 1142 3426 Qui
1162 3367 1351 3417 autem
1372 3366 1602 3434 propter
1623 3360 1862 3416 beatitu-

245 3447 448 3504 dinem
483 3449 882 3522 sempiternam
937 3456 996 3505 et
1040 3457 1370 3522 perpetuam
1410 3451 1683 3522 requiem,
1737 3467 1860 3522 quae

245 3544 384 3611 post
399 3537 544 3593 hanc
571 3539 742 3594 vitam
753 3540 961 3594 sanctis
989 3539 1178 3596 futura
1209 3541 1577 3612 promittitur,
1599 3540 1717 3595 vult
1737 3539 1859 3595 ﬁeri

249 3627 616 3683 Christianus
634 3633 700 3684 ut
723 3645 836 3684 non
864 3634 956 3684 eat
984 3630 1043 3684 in
1071 3630 1262 3700 ignem
1290 3635 1561 3686 aeternum
1593 3645 1720 3684 cum
1742 3629 1859 3684 dia-

249 3715 404 3783 bolo,
420 3717 520 3770 sed
535 3716 592 3771 in
611 3733 848 3788 regnum
857 3718 1317 3774 aeternumintret
1329 3735 1459 3773 cum
1469 3718 1710 3785 Christo,
1729 3736 1858 3774 vere

251 3805 381 3878 ipse
402 3812 491 3860 est
513 3807 869 3864 Christianus
897 3815 1096 3864 cautus
1134 3809 1192 3862 in
1237 3809 1390 3882 omni
1433 3808 1763 3875 tentatione,
1789 3825 1859 3864 ne

1945 3183 2084 3238 caelo
2095 3183 2179 3238 sol
2208 3188 2265 3238 et
2292 3183 2446 3251 luna,
2465 3189 2524 3238 et
2558 3187 2757 3239 caetera
2777 3182 2982 3249 sidera,
3006 3181 3065 3236 in
3089 3186 3246 3236 terra
3273 3185 3464 3236 autem
3491 3187 3550 3237 et

1944 3273 2109 3339 mari,
2142 3272 2371 3328 arbores
2398 3277 2456 3328 et
2481 3273 2728 3340 frutices,
2752 3277 2811 3328 et
2837 3271 3120 3338 animalia,
3139 3287 3254 3327 sua:
3273 3272 3546 3343 cujusque

1943 3368 2180 3430 naturae,
2200 3368 2258 3417 et
2279 3361 2469 3417 omnia
2481 3379 2717 3435 corpora
2727 3362 2814 3416 vel
2823 3361 3071 3416 caelestia
3097 3361 3182 3416 vel
3209 3361 3501 3416 terrestria
3527 3379 3542 3428 ;

1941 3452 2057 3506 sive
2086 3468 2209 3523 quae
2237 3467 2351 3506 non
2377 3451 2657 3518 videntur,
2691 3450 2857 3505 sicuti
2901 3455 3035 3505 sunt
3080 3448 3311 3522 spiritus
3341 3448 3543 3520 quibus

1941 3557 2176 3612 corpora
2205 3544 2556 3611 vegetantur,
2591 3543 2648 3593 et
2692 3539 3076 3605 viviﬁcantur;
3108 3538 3238 3592 fecit
3273 3544 3331 3592 et
3367 3536 3544 3591 homi-

1938 3630 2155 3685 nemad
2174 3629 2476 3701 imaginem
2507 3644 2688 3696 suam,
2711 3633 2776 3682 ut
2801 3627 3274 3699 quemadmodum
3298 3627 3416 3697 ipse
3441 3643 3543 3698 per

1941 3718 2407 3790 omnipotentiam
2427 3734 2590 3772 suam
2617 3721 2824 3788 praeest
2851 3717 3124 3771 universae
3149 3720 3439 3781 creaturae,
3461 3715 3541 3770 sic

1940 3809 2108 3862 homo
2137 3824 2238 3879 per
2255 3805 2683 3877 intelligentiam
2712 3822 2825 3877 qua
2842 3805 3012 3860 etiam
3035 3806 3359 3860 Creatorem
3375 3820 3541 3858 suum

3406 286 3542 344 i202
3629 304 3644 312 ’

253 3897 545 3967 prosperis
561 3896 728 3952 rebus
748 3903 1159 3971 corrumpatur,
1173 3903 1231 3953 et
1245 3914 1314 3952 ne
1339 3896 1634 3968 frangatur
1661 3897 1858 3952 adver-
1941 3897 2226 3968 cognoscit
2237 3902 2294 3951 et
2321 3895 2470 3962 colit,
2488 3912 2605 3968 prae
2620 3894 2836 3950 caeteris
2865 3893 3123 3949 omnibus
3145 3893 3384 3949 terrenis
3415 3893 3540 3948 ani-

250 3984 370 4040 sis:
393 3985 521 4040 etin
541 3985 888 4043 abundantia
903 3987 1178 4043 bonorum
1203 3992 1558 4042 terrenarum
1577 3987 1864 4042 modestus
1945 3985 2218 4042 malibus:
2254 3985 2384 4040 fecit
2411 3985 2582 4040 etiam
2612 3984 2693 4038 illi
2722 3983 3068 4055 adjutorium
3112 3983 3379 4040 feminam
3428 3999 3542 4038 non

256 4079 318 4128 et
334 4079 676 4146 temperans,
709 4082 766 4131 et
793 4077 851 4132 in
874 4076 1332 4132 tribulationibus
1347 4076 1507 4131 fortis
1522 4081 1580 4131 et
1597 4076 1815 4148 patiens
1843 4095 1855 4130 :
1944 4076 2016 4130 ad
2045 4076 2327 4135 carnalem
2372 4074 2900 4146 concupiscentiam,
2929 4073 3384 4146 quandoquidem
3439 4088 3542 4127 nec

144 4219 151 4224 .
255 4163 360 4234 qui
389 4163 564 4218 etiam
591 4166 932 4236 proﬁciendo
959 4166 1213 4238 pervenit
1241 4166 1311 4220 ad
1326 4165 1498 4220 talem
1529 4165 1777 4220 animum
1800 4171 1864 4220 ut
1943 4163 2327 4236 corruptibilia
2353 4180 2589 4236 corpora
2605 4169 2741 4219 tunc
2766 4163 3050 4219 habebant
3097 4169 3403 4236 antequam
3447 4178 3543 4217 eos

257 4254 390 4326 plus
441 4259 592 4310 amet
641 4254 945 4310 Dominum
979 4272 1150 4327 quam
1197 4255 1397 4310 timeat
1440 4255 1776 4324 gehennam,
1797 4260 1863 4309 ut
1944 4255 2256 4310 mortalitas
2296 4253 2587 4308 invaderet
2603 4270 2770 4326 pmna
2796 4253 3029 4326 peccati,
3061 4253 3160 4308 sed
3216 4257 3281 4308 ut
3309 4251 3546 4307 haberet

255 4343 439 4398 etiam
493 4343 540 4398 si
567 4343 721 4399 dicat
745 4344 827 4399 illi
857 4345 1026 4412 Deus,
1058 4345 1228 4400 Utere
1282 4342 1492 4399 deliciis
1546 4343 1862 4399 carnalibus
1881 4344 2032 4434 Dvir
2054 4344 2294 4414 gloriam
2315 4343 2384 4398 de
2403 4343 2614 4398 femina
2639 4360 2769 4398 cum
2789 4343 2842 4397 ei
2870 4343 3098 4414 praeiret
3120 4343 3192 4396 ad
3218 4340 3539 4407 Dominum,

256 4431 644 4504 sempiternis,
674 4437 732 4487 et
761 4438 1036 4504 quantum
1055 4439 1216 4505 potes
1244 4449 1429 4504 pecca,
1463 4449 1566 4488 nec
1584 4433 1860 4500 morieris,
1888 4431 1919 4434 “
1946 4450 2116 4504 seque
2145 4433 2227 4488 illi
2256 4432 2530 4504 praeberet
2553 4432 2892 4486 imitandum
2921 4431 2981 4485 in
3027 4431 3325 4485 sanctitate
3373 4434 3544 4501 atque

259 4521 438 4576 necin
464 4522 782 4592 gehennam
811 4522 1072 4590 mitteris,
1096 4523 1193 4578 sed
1223 4538 1443 4576 mecum
1475 4523 1866 4581 tantummodo
1946 4522 2174 4594 pietate,
2206 4521 2352 4576 sicut
2376 4521 2496 4592 ipse
2525 4525 2674 4576 esset
2689 4519 2872 4592 gloria
2901 4519 3002 4574 Dei
3017 4535 3147 4574 cum
3177 4520 3300 4590 ejus
3325 4517 3547 4590 sapien-

257 4627 379 4666 non
395 4610 524 4678 eris,
547 4611 921 4678 exhorrescat,
944 4617 1003 4668 et
1029 4611 1258 4667 omnino
1269 4617 1599 4684 nonpeccet,
1621 4628 1733 4666 non
1745 4613 1865 4682 jam
1947 4611 2086 4666 tiam
2097 4616 2444 4682 sequeretur.
2458 4611 2654 4681 Itaque
2664 4608 2958 4664 constituit
2976 4625 3071 4663 eos
3083 4608 3142 4663 in
3162 4608 3405 4680 quodam
3424 4608 3545 4664 loco

257 4706 328 4756 ut
355 4699 418 4754 in
446 4699 582 4756 illud
625 4701 774 4772 quod
800 4700 1036 4756 timebat
1064 4718 1176 4757 non
1205 4701 1433 4768 incidat,
1475 4702 1572 4756 sed
1603 4718 1672 4757 ne
1700 4701 1860 4756 illum
1942 4697 2602 4773 perpetuaajbeatitudinis
2631 4715 2798 4770 quem
2821 4694 3068 4770 appellat
3085 4697 3376 4770 Scriptura
3387 4714 3550 4770 para-

259 4806 436 4862 quem
455 4789 536 4846 sic
549 4795 706 4846 amat
718 4791 1046 4858 offendat,in
1057 4807 1167 4862 quo
1179 4807 1292 4845 uno
1311 4795 1397 4846 est
1410 4791 1633 4862 requies
1649 4809 1674 4844 ι
1695 4807 1864 4862 quam
1944 4789 2130 4844 disum
2163 4807 2174 4842 :
2209 4794 2660 4860 praeceptumque
2678 4787 2790 4842 illis
2809 4787 2965 4842 dedit
2979 4788 3129 4858 quod
3157 4787 3206 4842 si
3226 4804 3340 4842 non
3367 4792 3552 4842 trans-

261 4879 462 4934 oculus
489 4895 604 4935 non
647 4879 806 4948 vidit,
840 4896 943 4935 nec
965 4880 1120 4935 auris
1162 4879 1393 4946 audivit,
1428 4897 1530 4934 nec
1550 4879 1607 4934 in
1635 4896 1733 4934 cor
1768 4880 1865 4934 ho-
1946 4879 2336 4950 grederentur,
2351 4877 2410 4932 in
2436 4877 2533 4932 illa
2561 4893 2784 4949 semper
2825 4876 3272 4932 immortalitatis
3300 4875 3547 4931 beatitu-

259 4969 440 5024 minis
463 4969 737 5036 ascendit,
780 4986 948 5042 quam
970 4969 1304 5042 praeparavit
1329 4970 1478 5024 Deus
1507 4968 1868 5040 diligentibus
1949 4967 2079 5022 dine
2099 4972 2495 5038 permanerent
2525 4985 2536 5020 :
2593 4967 2640 5020 si
2697 4965 3243 5036 transgrederentur,
3276 4964 3550 5038 supplicia

261 5075 325 5114 se
352 5058 406 5127 (Ι
432 5058 554 5114 σον.
584 5075 642 5124 ιι,
683 5062 758 5131 9).
819 5077 846 5111 »
878 5059 960 5114 De
1005 5075 1117 5130 qua
1146 5075 1207 5112 re
1253 5058 1531 5129 signiﬁcat
1579 5058 1871 5129 Scriptura

264 5153 324 5203 et
352 5162 470 5202 non
496 5152 649 5202 tacet
675 5148 832 5225 quod
853 5147 922 5202 ab
950 5147 1111 5203 initio
1131 5147 1326 5203 mundi
1353 5165 1418 5202 ex
1435 5164 1544 5219 quo
1564 5147 1695 5202 fecit
1721 5148 1870 5202 Deus

265 5237 473 5292 caelum
529 5241 588 5290 et
619 5241 830 5292 terram
874 5242 932 5291 et
987 5237 1178 5292 omnia
1229 5253 1352 5310 quae
1393 5237 1451 5292 in
1481 5237 1562 5292 eis
1593 5242 1744 5304 sunt,
1775 5253 1870 5292 sex

265 5325 468 5382 diebus
482 5329 748 5398 Operatus
777 5330 881 5393 est,
912 5331 969 5381 et
997 5327 1236 5398 septimo
1281 5327 1370 5382 die
1410 5327 1684 5398 requievit
1715 5326 1865 5394 (Gen.

268 5433 324 5483 ιι,
363 5415 437 5485 1).
475 5414 708 5471 Poterat
733 5415 887 5470 enim
907 5415 1275 5488 Omnipotens
1326 5422 1383 5471 et
1432 5432 1543 5471 uno
1587 5421 1872 5470 momento

269 5503 544 5577 temporis
581 5505 774 5560 omnia
801 5504 982 5561 facere
1013 5523 1024 5559 :
1066 5521 1179 5560 non
1207 5511 1396 5561 autem
1432 5504 1785 5560 laboraverat
1810 5510 1876 5559 ut

271 5593 670 5668 requiesceret;
677 5595 921 5670 quando,
943 5613 971 5652 α
987 5595 1157 5665 Dixit,
1163 5595 1304 5654 dixit
1313 5600 1370 5653 et
1382 5595 1530 5652 facta
1546 5599 1706 5664 sunt;
1720 5610 1875 5652 man-

1950 5057 2309 5112 mortalitatis
2337 5057 2730 5129 expenderent.
2774 5053 3111 5110 Praes'ciebat
3156 5058 3344 5110 autem
3399 5055 3550 5109 Deus

1951 5164 2046 5202 eos
2065 5151 2532 5218 transgressuros,
2566 5145 2662 5200 sed
2691 5149 2882 5199 tamen
2912 5144 3046 5216 quia
3072 5145 3328 5200 conditor
3356 5149 3459 5210 est,
3495 5149 3553 5198 et

1951 5237 2178 5292 ellector
2191 5235 2373 5290 omnis
2394 5235 2542 5302 boni,
2567 5234 2748 5305 magis
2781 5251 2875 5288 eos
2913 5233 3060 5302 fecit,
3087 5233 3309 5306 quando
3338 5233 3464 5289 fecit
3495 5239 3554 5288 et

1951 5325 2178 5393 bestias,
2201 5331 2264 5380 ut
2284 5324 2544 5396 impleret
2571 5328 2783 5379 terram
2801 5322 2962 5378 bonis
2991 5322 3250 5388 terrenis,
3269 5328 3325 5378 et
3355 5322 3552 5394 utique

1955 5414 2154 5469 melior
2181 5417 2266 5467 est
2319 5412 2485 5466 homo
2543 5411 2715 5466 etiam
2758 5416 3017 5483 peccator
3045 5426 3216 5482 quam
3242 5409 3460 5466 bestia:
3497 5416 3554 5466 et

1955 5507 2294 5574 praeceptum
2315 5499 2462 5572 quod
2481 5516 2595 5555 non
2624 5504 2788 5554 erant
2804 5499 3077 5554 servaturi
3106 5499 3285 5570 magis
3305 5499 3461 5554 dedit
3493 5504 3557 5554 ut

1957 5596 2146 5648 essent
2170 5588 2575 5649 inexcusabiles
2601 5606 2731 5649 cum
2757 5589 2818 5646 in
2847 5606 2942 5646 eos
2967 5588 3248 5646 vindicare
3275 5588 3552 5662 cmpisset.
