3824 6152
411 306 552 367 i203

995 306 1061 362 B.
1100 302 1376 365 RABANI
1412 294 1646 363 MAURI
1680 300 2017 364 ARCHIEP.

2059 305 2384 365 uocum.
2425 279 2724 364 omium
2759 302 2946 363 psus
2982 306 3078 363 n1.
3489 308 3603 367 nos

408 432 693 507 Quidquid
711 430 864 489 enim
882 433 1051 489 homo
1086 430 1303 500 fecerit,
1344 432 1685 490 laudabilem
1703 435 1763 490 in
1788 435 1906 490 suis
1930 434 2014 490 fa-
2028 436 2179 497 Ased
2213 436 2260 491 si
2281 452 2428 508 saepe
2439 436 2736 491 adversum
2750 450 2811 489 se
2829 449 2932 507 pro
2956 431 3045 487 his
3063 430 3222 487 rebus
3247 432 3610 508 dimicaut,pari

406 523 513 581 ctis
538 522 942 580 invenitDeum
956 539 969 576 :
983 520 1032 578 si
1052 524 1202 578 recte
1217 522 1413 594 egerit.
1437 522 1774 579 laudabilem
1790 524 2004 580 invenit

402 628 507 687 per
512 610 799 685 justitiam
833 611 1195 684 prtemiorum
1222 611 1271 666 si
1292 613 1619 684 peccaverit,
1658 612 1999 668 laudabilem

402 701 619 758 invenit
635 718 737 774 per
753 699 1033 773 justitiam
1053 701 1476 774 suppliciorum,
1492 701 1539 757 si
1552 707 1775 774 peccata
1784 703 2001 759 confes-

405 807 503 848 sus
531 790 603 847 ad
631 794 782 846 recte
810 790 1106 846 vivendum
1134 788 1384 857 redierit,
1415 788 1757 846 laudabilem
1792 792 2007 848 invenit

405 895 509 954 per
532 879 979 935 misericordiam
1025 879 1525 950 indulgentiarum.
1571 880 1686 936 Cur
1713 897 1846 952 ergo
1891 897 2004 937 non

404 970 615 1030 faceret
632 969 782 1024 Deus
819 966 1104 1024 hominem
1154 968 1409 1042 quamvis
1461 984 1590 1025 eum
1646 974 2005 1042 peccaturum

403 1063 778 1134 praenosceret
795 1076 806 1112 :
834 1072 961 1113 cum
975 1062 1032 1112 et
1045 1063 1291 1113 stantem
1318 1060 1631 1125 coronaret,
1646 1064 1705 1113 et
1713 1059 2007 1114 cadentem

403 1147 1118 1218 ordinaret,etsurgentem
1154 1144 1466 1218 adjuvaret,
1481 1154 1540 1202 et
1563 1146 1772 1220 ubique
1797 1147 2007 1219 glorio-

404 1250 502 1293 sus
522 1235 792 1304 bonitate,
806 1235 1049 1308 justitia,
1093 1234 1408 1305 clementia,
1440 1237 1683 1292 maxime
1703 1237 1837 1309 quia
1858 1242 1917 1292 et
1943 1235 2008 1291 il-

405 1327 504 1383 lud
531 1325 859 1400 praesciebat
884 1325 954 1382 de
975 1325 1283 1398 propagine
1310 1326 1674 1381 mortalitatis
1709 1327 1833 1398 ejus
1858 1326 2006 1382 futu-

405 1432 500 1471 ros
529 1420 770 1481 sanctos,
800 1414 1022 1486 quinon
1035 1413 1140 1469 sibi
1157 1420 1493 1486 quaererent,
1511 1414 1608 1470 sed
1625 1415 1878 1471 Creatori
1902 1432 2005 1471 suo

405 1504 645 1576 gloriam
657 1504 860 1560 darent
873 1522 885 1557 :
911 1509 969 1558 et
980 1519 1109 1559 eum
1120 1503 1353 1558 colendo
1380 1503 1450 1558 ab
1476 1487 1630 1559 omni
1651 1505 2006 1576 corruptione

404 1592 629 1650 liberati
660 1609 789 1649 cum
807 1592 1020 1664 angelis
1067 1592 1276 1648 sanctis
1301 1593 1485 1648 vivere
1514 1608 1738 1665 semper
1763 1600 1822 1648 et
1844 1592 2006 1649 beate

406 1680 590 1737 vivere
614 1687 967 1738 mererentur
994 1681 1020 1736 7
1040 1681 1148 1746 Qui
1168 1681 1321 1737 enim
1348 1681 1671 1738 hominibus
1695 1682 1850 1739 dedit
1874 1682 2008 1738 libe-

2082 532 2272 581 tamen
2292 524 2539 598 pondere
2559 523 2953 597 cupiditatisin
2965 521 3218 577 eamdem
3238 522 3612 594 profimditatem

2080 614 2520 687 praecipitantur,
2540 620 2600 670 et
2617 612 2721 669 sibi
2751 629 2973 668 morum
2994 618 3051 667 et
3077 612 3387 666 meritorum
3405 612 3615 671 similitu'

2082 703 2213 759 dine
2244 705 2670 776 conjunguntur
2701 721 2714 757 :
2749 709 2807 757 et
2836 718 3034 758 rursus
3079 717 3268 755 omnes
3305 700 3531 757 homines
3572 710 3615 760 et

2084 808 2280 848 omnes
2297 792 2528 865 spiritus
2548 792 2843 848 humiliter
2861 790 2961 846 Dei
2971 789 3205 862 gloriam
3233 798 3510 862 querentes
3529 808 3614 848 non

2086 898 2267 948 suam,
2299 888 2358 937 et
2382 898 2512 937 cum
2532 882 2741 954 pietate
2763 887 3060 943 sectantes,
3093 878 3161 934 ad
3190 894 3354 934 unam
3385 879 3617 952 pertinent

2087 972 2412 1027 societatem
2446 989 2458 1026 :
2479 976 2538 1026 et
2556 977 2748 1026 tamen
2780 971 2930 1025 Deus
2948 968 3528 1027 misericordissimuset
3548 986 3616 1024 su-

2088 1077 2190 1132 per
2214 1059 2417 1132 impios
2452 1060 2712 1116 homines
2740 1059 2962 1132 patiens
2981 1064 3063 1113 est
3097 1077 3109 1112 :
3148 1062 3205 1111 et
3228 1056 3425 1129 praebet
3438 1058 3508 1113 eis
3527 1074 3615 1130 pce-

2088 1148 2338 1204 nitentia:
2396 1154 2567 1222 atque
2614 1148 2979 1205 correctionis
3032 1147 3238 1202 locum.
3285 1146 3419 1201 Nam
3439 1148 3615 1219 etquod

2089 1252 2284 1293 omnes
2312 1238 2519 1294 diluvio
2558 1238 2782 1305 delevit,
2833 1240 3061 1308 excepto
3088 1252 3202 1291 uno
3228 1235 3374 1306 justo
3401 1251 3510 1289 cum
3532 1234 3620 1290 suis

2088 1342 2227 1399 quos
2249 1327 2308 1382 in
2335 1344 2467 1382 arca
2515 1343 2740 1383 servare
2770 1326 2962 1392 voluit,
3006 1326 3239 1380 noverat
3264 1323 3473 1395 quidem
3509 1325 3621 1396 quod

2086 1432 2199 1471 non
2212 1433 2272 1472 se
2292 1417 2595 1472 correcturi
2611 1422 2799 1471 essent
2833 1433 2844 1468 :
2872 1419 3258 1470 verumtamen
3290 1428 3407 1467 cum
3424 1428 3510 1484 per
3523 1429 3622 1468 cen-

2086 1510 2208 1560 tum
2230 1522 2407 1561 annos
2451 1522 2581 1560 arca
2625 1504 2896 1560 fabricata
2937 1510 3041 1569 est,
3073 1500 3464 1574 praedicabatur
3476 1502 3623 1573 utique

2089 1593 2170 1649 eis
2197 1595 2283 1649 ira
2309 1594 2411 1650 Dei
2430 1598 2666 1649 ventura
2689 1608 2861 1666 super
2886 1608 2981 1648 eos
3013 1611 3025 1646 :
3059 1598 3120 1648 et
3147 1592 3193 1645 si
3235 1594 3626 1646 converterentur

2089 1682 2162 1738 ad
2190 1682 2493 1738 Dominum
2523 1689 2777 1755 parceret
2795 1682 2895 1747 eis,
2922 1681 3072 1736 sicut
3101 1680 3349 1753 pepercit
3373 1686 3538 1751 postea
3558 1680 3630 1733 Ni-

406 1786 536 1826 rum
564 1768 883 1838 arbitrium,
914 1775 980 1826 ut
1001 1786 1115 1826 non
1141 1771 1327 1826 servili
1355 1771 1709 1841 necessitate,
1741 1772 1839 1827 sed
1849 1772 2009 1844 iuge-
2025 1760 2074 1822 B
2089 1771 2230 1827 nivae
2279 1770 2489 1827 civitati
2519 1772 2709 1843 agenti
2758 1770 3171 1843 paenitentiam,
3205 1785 3330 1824 cum
3355 1768 3404 1824 ei
3425 1785 3511 1840 per
3532 1784 3629 1838 pro-

409 1874 526 1917 nua
534 1861 823 1916 voluntate
846 1860 1149 1916 Dominum
1168 1861 1435 1928 colerent,
1465 1860 1622 1916 dedit
1645 1861 1817 1916 etiam
1836 1877 2009 1933 ange-

412 1946 483 2004 lis
515 1955 607 2005 :et
625 1948 753 2005 ideo
780 1965 884 2004 nec
921 1948 1156 2020 angelus
1197 1948 1294 2021 qui
1324 1964 1452 2004 cum
1474 1948 1764 2022 spiritibus
1779 1950 1906 2005 aliis
1926 1967 2011 2005 sa-

410 2036 685 2094 tellitibus
695 2038 813 2094 suis
839 2037 1215 2110 superbiendo
1225 2036 1860 2094 deseruitobedieutiam
1887 2039 2008 2108 Dei,

411 2131 470 2183 et
495 2114 943 2184 diabolusfactus
968 2132 1073 2193 est,
1107 2126 1322 2200 aliquid
1355 2126 1552 2183 nocuit
1596 2127 1733 2195 Deo,
1751 2129 1849 2182 sed
1879 2126 2005 2182 sibi.

409 2214 580 2273 Novit
607 2215 760 2272 enim
787 2216 938 2272 Deus
964 2215 1226 2271 ordinare
1253 2215 1577 2272 deserentes
1604 2233 1664 2272 se
1682 2217 1920 2285 animas,
1954 2222 2012 2272 et

412 2320 481 2362 ex
493 2298 687 2361 earum
695 2306 853 2379 justa
870 2304 1099 2361 miseria
1106 2305 1400 2377 inferiores
1415 2310 1605 2378 partes
1615 2310 1886 2361 creaturae
1894 2321 2011 2362 sua

411 2394 953 2451 convenientissimis
971 2400 1030 2451 et
1056 2394 1577 2466 congruentissimis
1591 2394 1808 2465 legibus
1834 2394 2011 2450 admi-

412 2482 604 2541 randae
649 2482 1085 2557 dispensationis
1127 2500 1348 2540 ornare.
1380 2484 1579 2557 Itaque
1623 2500 1728 2540 nec
1754 2483 2009 2540 diabolus

414 2570 630 2646 aliquid
670 2572 786 2630 Deo
815 2574 1025 2643 nocuit,
1064 2573 1199 2646 quia
1216 2573 1304 2628 vel
1335 2573 1454 2646 ipse
1471 2572 1663 2646 lapsus
1691 2577 1777 2628 est
1800 2574 1887 2628 vel
1915 2573 2012 2628 ho-

416 2662 631 2719 minem
642 2660 866 2718 seduxit
882 2664 955 2718 ad
982 2669 1221 2718 mortem
1257 2678 1397 2731 ;nec
1410 2662 1529 2735 ipse
1557 2662 1726 2717 homo
1736 2662 1796 2716 in
1824 2661 2012 2734 aliquo

416 2751 623 2808 minuit
639 2750 931 2807 veritatem
951 2758 1051 2808 aut
1093 2756 1451 2824 potestatem,
1473 2756 1574 2806 aut
1606 2750 2015 2806 beatitudinem

417 2840 722 2897 conditoris
742 2841 830 2896 sui
861 2860 873 2896 :
902 2839 1036 2913 quia
1061 2840 1287 2912 conjugi
1319 2856 1435 2896 sua:
1465 2841 1708 2896 seducta
1735 2855 1771 2895 a
1795 2838 2017 2896 diabolo

418 2931 491 2986 ad
510 2930 571 2986 id
587 2930 736 3003 quod
763 2928 914 2986 Deus
922 2928 1289 3002 prohibuerat
1304 2929 1534 3003 propria
1570 2930 1854 2985 voluntate
1882 2944 2017 2984 con-

2091 1860 2317 1934 phetam
2337 1867 2637 1916 venturum
2649 1861 2939 1916 interitum
2960 1859 3422 1932 praenuntiasset:
3446 1857 3537 1912 hoc
3555 1870 3631 1911 au-

2091 1955 2206 2006 tem
2232 1950 2369 2005 facit
2388 1950 2538 2005 Deus
2559 1949 2730 2004 etiam
2748 1948 2863 2004 illis
2892 1964 3032 2021 quos
3060 1947 3224 2002 novit
3240 1946 3297 2001 in
3324 1945 3514 2000 malitia
3535 1960 3632 2017 per-

2093 2044 2464 2107 severaturos,
2489 2038 2630 2094 dans
2659 2037 2968 2111 paenitendi
3020 2037 3271 2110 spatium
3320 2041 3384 2090 ut
3429 2040 3634 2090 hostium

2091 2129 2422 2202 patientiam
2440 2135 2695 2184 exerceat
2714 2133 2773 2184 et
2799 2127 3063 2182 informet
3090 2126 3346 2198 exemplo
3358 2141 3451 2181 suo
3460 2142 3552 2196 quo
3564 2142 3636 2180 no-

2091 2219 2336 2274 verimus
2383 2224 2657 2290 quantum
2686 2234 2788 2273 nos
2817 2222 3076 2290 oporteat
3100 2213 3478 2290 _tolerabiliter
3499 2214 3638 2270 malos

2091 2308 2530 2375 sustinere,cum
2550 2309 2873 2379 ignoremus
2900 2307 3095 2378 quales
3128 2311 3324 2379 postea
3341 2304 3498 2359 futuri
3537 2303 3637 2369 sint,

2091 2398 2417 2471 quandoille
2436 2398 2618 2470 parcit
2637 2404 2694 2452 et
2705 2397 2839 2452 sinit
2854 2412 2949 2450 eos
2959 2396 3149 2450 vivere
3162 2410 3325 2467 quem
3337 2392 3643 2449 nihilfuturo-

2089 2504 2216 2543 rum
2232 2486 2388 2542 latet.
2403 2484 2897 2543 Prmnuntiabatur
2906 2489 3095 2539 tamen
3110 2482 3287 2538 etiam
3307 2481 3487 2537 diluvii
3501 2495 3644 2535 sacra-

2094 2583 2285 2632 mento
2305 2575 2453 2647 quod
2474 2574 2799 2648 perlignum
2819 2573 2961 2645 justi
2980 2570 3211 2627 liberati
3233 2575 3365 2627 sunt
3379 2570 3548 2626 futura
3566 2568 3645 2623 Ec-

2095 2665 2282 2733 clesia,
2300 2680 2470 2737 quam
2484 2676 2580 2718 rex
2611 2665 2734 2735 ejus
2746 2667 2805 2717 et
2830 2662 2980 2717 Deus
3009 2660 3274 2716 Christus
3298 2659 3543 2732 mysterio
3558 2672 3647 2712 sua

2095 2754 2357 2811 crucisab
2390 2753 2562 2824 hujus
2588 2751 2773 2808 saeculi
2808 2750 3202 2806 submersione
3238 2747 3528 2821 suspendit.
3561 2746 3648 2801 Ne-

2099 2860 2208 2916 que
2218 2842 2368 2898 enim
2380 2842 2532 2898 Deus
2543 2839 2837 2911 ignorabat
2862 2839 3011 2912 quod
3040 2839 3220 2894 etiam
3245 2854 3311 2893 ex
3339 2838 3443 2892 illis
3467 2835 3549 2910 qui
3563 2835 3652 2890 fue-

2097 2937 2230 2988 rant
2256 2932 2317 2987 in
2337 2946 2467 2987 arca
2494 2930 2699 2986 servati
2710 2929 2977 2985 noscituri
3001 2933 3169 2983 erant
3198 2927 3352 2993 mali,
3384 2926 3473 2998 qui
3492 2925 3652 2979 faciem

420 3019 616 3076 sensit.
647 3016 982 3076 iustissimis
1001 3019 1153 3074 enim
1173 3014 1275 3075 Dei
1301 3016 1517 3090 legibus
1544 3034 1740 3074 omnes
1766 3016 2019 3074 damnati
2098 3027 2262 3078 terrae
2281 3021 2580 3093 iniquitate
2603 3019 2937 3093 implerent:
2967 3017 3064 3073 sed
3075 3022 3278 3073 tamen
3309 3020 3367 3072 et
3390 3014 3654 3088 exemplum

421 3112 554 3165 sunt
573 3108 692 3164 Deo
718 3107 964 3180 glorioso
974 3122 1077 3180 per
1088 3107 1410 3180 aequitatem
1424 3107 1700 3176 vindictae,
1730 3107 1837 3179 ipsi
1858 3106 2021 3178 igno-
2035 3090 2079 3151 C
2098 3110 2275 3167 futuri
2285 3090 2486 3182 judicii
2514 3090 2703 3175 dedit,
2715 3114 2773 3164 et
2800 3113 3126 3163 sanctorum
3156 3106 3532 3162 liberationem
3546 3102 3654 3172 ligni

425 3190 651 3254 niiriiosi
687 3212 790 3270 per
815 3194 1226 3269 turpitudinem
1268 3210 1465 3268 pene,
1494 3201 1561 3251 ut
1585 3198 1644 3251 et
1670 3195 1841 3251 homo
1858 3212 1893 3250 a
1919 3212 2021 3251 suo

425 3284 692 3343 Creatore
719 3302 949 3342 aversus
961 3285 1139 3342 victus
1149 3284 1371 3342 diabolo
1386 3283 1741 3353 subderetur,
1760 3289 1819 3341 et
1835 3283 2022 3340 diabo-

422 3377 512 3432 lus
539 3374 756 3432 homini
785 3375 857 3431 ad
886 3377 1211 3432 Creatorem
1235 3390 1401 3432 suum
1429 3388 1694 3430 converso
1723 3374 2022 3430 vincendus

423 3459 836 3539 proponeretur
857 3484 871 3534 ;
892 3470 958 3520 ut
979 3464 1315 3537 quicumque
1326 3462 1548 3519 diabolo
1574 3478 1750 3536 usque
1779 3463 1837 3518 in
1851 3465 2023 3519 linem

424 3553 826 3623 consentirent,
856 3570 985 3610 cum
1016 3552 1114 3609 illo
1143 3553 1292 3609 irent
1318 3553 1377 3608 in
1444 3556 1657 3608 aeterna
1708 3553 2017 3626 supplicia:

428 3643 767 3716 quicumque
801 3648 993 3699 autem
1028 3641 1394 3698 humiliarent
1418 3657 1479 3697 se
1505 3642 1622 3697 Deo
1659 3647 1717 3697 et
1744 3657 1849 3714 per
1901 3641 2024 3712 ejus

426 3732 671 3804 gratiam
683 3730 967 3788 diabolum
983 3731 1166 3786 vince:
1177 3736 1291 3798 ent,
1311 3736 1522 3786 aeterna
1547 3729 2024 3803 prmmiamemre-

430 3836 578 3876 mur.
604 3822 800 3894 Neque
844 3821 997 3876 enim
1042 3820 1149 3875 hoc
1206 3834 1432 3874 movere
1467 3818 1651 3887 debet,
1685 3817 1819 3890 quia
1858 3818 2021 3875 multi

429 3906 651 3966 diabolo
665 3910 1023 3966 consentiunt
1058 3913 1117 3963 et
1140 3907 1303 3980 pauci
1330 3907 1634 3963 Dominum
1661 3912 1978 3980 sequuntur
2004 3925 2018 3962 :

430 3998 565 4070 quia
587 4004 646 4053 et
674 3997 1023 4053 frumentum
1059 3996 1478 4068 comparatione
1523 3995 1813 4068 palearum
1864 3995 2024 4051 valde

429 4087 753 4161 pauciorem
780 4085 1261 4142 habetnumerum
1291 4104 1302 4140 :
1328 4084 1428 4140 sed
1438 4085 1583 4140 sicut
1599 4084 1846 4156 agricola
1871 4085 2028 4140 novit

431 4175 568 4248 quid
594 4174 765 4230 faciat
806 4174 876 4230 de
909 4174 1125 4247 ingenti
1167 4188 1365 4229 acervo
1393 4174 1587 4247 paleae,
1617 4174 1697 4229 sic
1755 4174 1897 4228 nihil
1940 4180 2029 4230 est

430 4262 548 4320 Deo
576 4262 880 4320 multitudo
916 4267 1293 4337 peccatorum,
1325 4262 1421 4334 qui
1448 4263 1605 4318 novit
1633 4262 1767 4335 quid
1793 4262 1863 4318 de
1914 4262 2028 4317 illis

429 4358 581 4426 agat,
612 4360 676 4409 ut
697 4352 1110 4408 administratio
1136 4352 1296 4423 regni
1321 4354 1444 4424 ejus
1463 4369 1532 4406 ex
1554 4351 1709 4408 nulla
1735 4356 1894 4424 parte
1913 4358 2030 4408 tur-

431 4410 599 4516 petur
625 4448 795 4516 atque
810 4441 1091 4499 turbetur.
1121 4410 1238 4498 Nec
1256 4410 1382 4496 ideb
1417 4442 1704 4514 putandus
1731 4410 1817 4496 est
1832 4410 2094 4496 vicisseD

429 4532 706 4601 diabolus,
741 4533 874 4606 quia
892 4548 1086 4588 secum
1135 4531 1324 4606 plures
1354 4547 1482 4587 cum
1511 4530 1716 4603 quibus
1746 4546 1781 4585 a
1836 4531 2032 4602 paucis

429 4620 746 4678 vinceretur
768 4621 1016 4678 attraxit.

893 4766 965 4820 De
992 4765 1206 4820 duabus
1233 4764 1567 4819 civitatibus.

501 4891 770 4964 (August)
814 4889 954 4944 Duae
1006 4887 1198 4960 itaque
1236 4886 1507 4955 civitates,
1536 4903 1653 4942 una
1679 4887 2019 4958 iniquorum,

424 4982 605 5038 altera
626 4984 970 5047 sanctorum,
1002 4976 1072 5032 ab
1088 4976 1481 5047 initiogeneris
1492 4977 1724 5032 humani
1752 4993 1932 5048 usque
1960 4977 2019 5032 in

425 5072 598 5128 linem
627 5068 814 5126 saeculi
845 5067 1228 5140 perducuntur
1257 5085 1271 5120 :
1300 5082 1449 5122 nunc
1464 5066 1752 5138 permixtae
1781 5066 2022 5139 corpori-

423 5161 548 5231 bus,
581 5158 680 5216 sed
721 5155 1101 5214 voluntatibus
1128 5160 1418 5227 separatae,
1450 5156 1509 5211 in
1556 5155 1649 5210 die
1675 5172 1807 5210 vero
1821 5155 2020 5226 judicii

424 5251 594 5305 etiam
640 5247 966 5321 separandae
1009 5260 1260 5317 corpore.
1302 5245 1510 5300 Omnes
1557 5244 1707 5300 enim
1764 5245 2020 5300 homines

423 5343 677 5394 amantes
703 5335 1024 5409 superbiam
1062 5338 1121 5389 et
1163 5335 1533 5407 temporalem
1577 5334 2018 5391 dominationem

421 5442 550 5484 cum
577 5432 862 5498 vanotypo
873 5432 1146 5498 etpompa
1171 5425 1527 5496 arrogantiae,
1567 5440 1870 5496 omnesque
1898 5424 2015 5494 spi-

421 5514 682 5587 ritusqui
708 5515 846 5570 talia
868 5513 1126 5586 diligunt,
1146 5520 1204 5567 et
1229 5513 1467 5584 gloriam
1487 5530 1649 5569 suam
1669 5513 2015 5584 subjectione

421 5602 714 5664 hominum
723 5608 1000 5678 qumnt,
1010 5600 1184 5658 simul
1201 5603 1592 5659 nnasocietate
1603 5600 1845 5659 devincti
1856 5607 2007 5668 sunt;

2102 3199 2372 3273 mysterio
2400 3197 2799 3272 praenuntiavit
2816 3216 2828 3252 :
2844 3212 2977 3254 nam
2989 3202 3047 3252 et
3062 3202 3200 3268 post
3210 3197 3329 3252 haec
3338 3210 3449 3251 non
3467 3194 3656 3249 cessavit

2102 3289 2443 3361 repullulare
2471 3286 2688 3343 malitia
2726 3302 2829 3359 per
2847 3285 3196 3359 superbiam,
3248 3291 3307 3340 et
3350 3283 3598 3346 libidines,
3616 3284 3657 3334 et

2102 3374 2327 3434 illicitas
2342 3376 2661 3451 impietates
2739 3392 2865 3431 cum
2894 3375 3176 3441 homines,
3197 3373 3417 3429 deserto
3442 3373 3659 3450 Creatore

2103 3484 2225 3534 suo,
2238 3482 2351 3522 non
2364 3467 2546 3522 solum
2562 3465 2630 3520 ad
2652 3470 2968 3520 creaturam
2984 3480 3159 3535 quam
3170 3464 3324 3520 Deus
3349 3460 3576 3517 condidit
3596 3459 3660 3512 la-

2103 3555 2191 3629 psi
2219 3560 2370 3623 sunt,
2396 3559 2463 3611 ut
2488 3571 2590 3626 pro
2617 3554 2734 3610 Deo
2752 3553 3001 3608 colerent
3018 3552 3173 3624 quod
3217 3552 3351 3608 fecit
3384 3548 3544 3608 Deus.
3588 3544 3664 3602 sed

2105 3644 2276 3700 etiam
2304 3644 2377 3700 ad
2421 3659 2593 3717 opera
2618 3659 2891 3698 manuum
2923 3641 3220 3697 hominum
3244 3647 3303 3696 et
3328 3641 3399 3696 ad
3422 3638 3660 3694 fabrorum

2104 3733 2342 3789 articia
2371 3738 2744 3788 curvaverunt
2770 3732 2988 3786 animas
3028 3746 3184 3798 suas,
3232 3730 3330 3785 ubi
3357 3730 3425 3784 de
3453 3727 3552 3782 illis
3571 3730 3666 3780 tur-

2104 3822 2231 3895 pius
2259 3820 2515 3877 diabolus
2544 3827 2601 3876 et
2618 3820 2895 3876 daemonia
2922 3820 3379 3892 triumpharent:
3410 3833 3525 3890 quae
3548 3830 3599 3869 se
3626 3812 3667 3865 in

2102 3910 2310 3968 talibus
2337 3910 2619 3982 gmentis
2632 3910 2855 3965 adorari
2876 3909 3252 3982 venerarique
3275 3908 3544 3969 laetantur,
3564 3903 3669 3958 dum

2105 4016 2325 4056 errores
2344 4016 2474 4056 suos
2492 3999 2754 4054 humanis
2775 3997 3060 4054 erroribus
3083 4002 3348 4070 pascunt.
3362 3997 3546 4068 Neque
3567 3999 3673 4047 tunc

2106 4105 2242 4145 sane
2269 4088 2570 4144 defuerunt
2591 4088 2753 4159 justi,
2779 4087 2897 4160 qui
2918 4086 3229 4142 Dominum
3258 4087 3353 4159 pie
3379 4084 3669 4157 quaererent:

2107 4182 2165 4235 et
2189 4177 2510 4250 superbiam
2527 4176 2735 4232 diaboli
2751 4176 3061 4243 vincerent,
3076 4175 3226 4230 cives
3239 4175 3393 4230 illius
3409 4176 3594 4228 sancte
3617 4168 3675 4222 ci-

2106 4266 2297 4322 vitatis
2321 4283 2460 4338 quos
2489 4264 2640 4336 regis
2667 4265 2755 4321 sui
2780 4265 2993 4320 Christi
3031 4268 3272 4319 ventura
3308 4261 3580 4318 humilitas
3596 4270 3675 4329 per

2110 4354 2373 4427 spiritum
2389 4355 2635 4409 revelata
2661 4354 2897 4420 sanavit,
2931 4370 2998 4407 ex
3027 4352 3237 4425 quibus
3281 4352 3551 4408 Abraham
3574 4347 3673 4418 pius

2112 4449 2170 4500 et
2188 4443 2367 4498 iidelis
2392 4443 2495 4498 Dei
2523 4459 2716 4498 servus
2733 4443 2943 4498 electus
2971 4448 3076 4506 est,
3108 4442 3202 4497 cui
3234 4440 3675 4496 demonstratum?

2111 4537 2528 4588 sacramentum
2542 4531 2667 4587 Filii
2682 4532 2804 4597 Dei,
2838 4538 2905 4587 ut
2917 4536 3148 4603 propter
3176 4530 3542 4586 imitationem
3568 4521 3674 4580 dei

2110 4636 2305 4676 omnes
2332 4621 2526 4676 deles
2539 4620 2789 4676 omnium
2810 4621 3068 4692 gentium
3093 4619 3195 4675 lii
3224 4621 3351 4691 ejus
3378 4613 3674 4672 futuridioe-

2111 4715 2326 4766 rentur.
2358 4710 2438 4765 Ex
2463 4710 2562 4765 illo
2604 4716 2773 4765 natus
2816 4714 2905 4764 est
2921 4709 3163 4781 populus
3193 4725 3230 4764 a
3258 4722 3372 4780 quo
3390 4720 3528 4762 unus
3550 4702 3673 4760 Dens

2109 4814 2275 4854 verus
2299 4799 2578 4854 coleretur
2604 4799 2701 4870 qui
2731 4798 3074 4854 fecitcoelum
3094 4803 3422 4853 etterram:
3454 4808 3569 4849 mm
3591 4804 3673 4845 -

2104 4893 2239 4944 terae
2263 4893 2461 4959 gentes
2481 4888 2795 4943 simulacris
2824 4894 2883 4942 et
2909 4887 3198 4943 daemoniis
3220 4886 3509 4942 servirent.
3537 4881 3593 4936 In
3618 4892 3672 4933 eo

2101 4978 2267 5050 plane
2296 4977 2500 5049 populo
2538 4978 2719 5032 multo
2750 4976 3062 5032 evidentius
3090 4976 3284 5031 futura
3306 4971 3539 5030 Ecclesia
3556 4970 3673 5038 tign-

2101 5071 2227 5122 rata
2255 5072 2363 5121 est:
2399 5070 2522 5120 erat
2541 5066 2692 5121 enim
2709 5065 2789 5120 ibi
2800 5065 3106 5120 multitudo
3127 5063 3392 5129 carnalis,
3426 5076 3539 5134 quia
3561 5070 3669 5130 pro-

2102 5160 2226 5228 pter
2250 5154 2492 5209 visibilia
2510 5155 2780 5210 benecia
2800 5153 3020 5210 colebat
3050 5153 3375 5209 Dominum.
3411 5152 3570 5206 Erant
3592 5158 3669 5199 su-

2101 5250 2218 5300 tem
2248 5243 2325 5298 ibi
2351 5245 2512 5316 pauci
2550 5245 2800 5299 futuram
2848 5243 3103 5316 requiem
3129 5242 3515 5314 cogitantes,et
3535 5232 3668 5290 cele-

2099 5340 2212 5390 stcs
2233 5333 2474 5405 patriam
2496 5334 2880 5405 requirentes;
2910 5333 3115 5404 quibus
3129 5328 3511 5404 prophetando
3536 5336 3663 5379 reve-

2098 5422 2319 5478 labatur
2334 5423 2525 5478 futura
2556 5423 2843 5478 humilitas
2878 5423 2983 5477 Dei
3002 5421 3150 5492 regis
3184 5426 3243 5474 et
3263 5415 3479 5475 Domini
3508 5407 3656 5468 nostri

2097 5514 2230 5568 Iesu
2257 5512 2466 5568 Christi
2498 5531 2510 5566 :
2542 5518 2609 5566 ut
2622 5529 2722 5584 per
2748 5529 2873 5566 eam
2895 5511 3064 5566 {idem
3084 5510 3155 5565 ab
3183 5501 3657 5579 omnisuperbia

2095 5607 2316 5658 tumore
2337 5602 2914 5658 sanarenturorum
2932 5604 3253 5658 motorum
3272 5597 3373 5672 qui
3388 5602 3653 5673 W
