3824 6152
145 289 254 345 1205

939 276 1034 345 DE
1067 273 1624 339 ECCLESIASTICA
1660 273 2093 335 DISCIPLINA.
2136 305 2203 317 —
2241 276 2378 335 LIB.
2421 276 2466 335 Ι.

3204 270 3342 331 1206

140 416 247 480 runt
262 415 481 481 tempore
497 399 839 461 nativitatem
859 399 1106 467 Domini,
1122 415 1235 455 non
1247 398 1433 487 solum
1452 413 1658 465 sermo,
1677 402 2219 487 A/quemadmodum
2248 401 2501 457 videmus
2530 400 2590 461 in
2616 398 2777 457 nobis
2806 416 2817 454 :
2839 397 2939 455 sed
2950 396 3083 471 quia
3097 411 3198 468 per
3219 395 3341 468 Spi-

139 500 214 556 sed
240 496 385 553 etiam
410 493 531 559 vita,
555 496 609 544 et
630 489 909 562 conjugia,
925 494 983 544 et
1007 488 1127 555 ﬁlii,
1153 494 1210 544 et
1230 486 1395 553 facta,
1424 488 1661 560 prophe-

1742 492 1916 549 ritum
1943 496 2201 549 sanctum
2230 491 2379 545 dona
2406 489 2508 545 Dei
2536 488 2742 545 sanctis
2771 486 3113 553 dividuntur,
3130 490 3195 542 ut
3211 500 3340 549 cum

137 590 201 646 tia
214 586 302 641 fuit
317 583 469 654 hujus
487 577 767 651 temporis,
796 595 904 651 quo
916 594 1018 651 per
1036 578 1201 631 ﬁdem
1216 576 1490 651 passionis
1503 576 1660 632 Chri-
1737 580 2203 654 diversa'possint,
2222 596 2336 635 non
2356 584 2549 635 tamen
2566 578 2902 633 discedanta
2922 576 3196 632 charitate
3208 575 3338 631 cha-

138 676 194 732 sti
210 691 263 728 ex
284 668 522 745 gentibus
550 673 921 738 congregatur
959 665 1219 733 Ecclesia,
1253 682 1353 738 per
1380 666 1505 719 illos
1536 682 1660 720 san-

139 770 230 819 ctos
251 757 565 835 patriarchas
593 761 649 810 et
673 756 977 828 pr0phetas
1006 754 1215 809 carnali
1240 755 1446 826 populo
1466 754 1658 822 Israel,

139 850 210 923 qui
224 845 565 923 posteaJudaei
583 844 846 918 appellati
866 848 1016 912 sunt,
1048 849 1105 899 et
1128 843 1367 898 visibilia
1392 842 1665 898 beneﬁcia

136 936 553 1001 ministrabantur,
580 951 701 1007 quae
729 933 1030 989 carnaliter
1057 950 1092 987 a
1119 933 1358 988 Domino
1384 932 1663 987 desidera-

137 1029 242 1084 bant
268 1068 281 1094 ,
351 1032 404 1080 et
453 1023 869 1079 coercitationes
935 1039 1231 1094 pinnarum
1286 1020 1662 1093 corporalium

134 1117 293 1191 quibus
313 1131 407 1187 pro
429 1119 676 1185 tempore
701 1117 1070 1180 terrerentur,
1102 1111 1249 1169 sicut
1283 1127 1478 1166 eorum
1507 1110 1662 1165 duri-

133 1206 207 1261 tiei
230 1201 556 1275 congruebat.
590 1202 660 1257 Et
686 1202 747 1258 in
774 1203 862 1257 his
887 1207 1077 1256 tamen
1105 1200 1365 1257 Omnibus
1394 1200 1665 1274 mysteria

129 1295 355 1369 spiritalia
378 1292 849 1366 signiﬁcabantur,
867 1310 989 1366 quae
1017 1293 1089 1348 ad
1110 1292 1395 1348 Christum
1417 1296 1473 1346 et
1484 1292 1665 1348 Eccle-

131 1388 242 1442 siam
266 1384 555 1457 pertinent:
580 1384 741 1455 cujus
762 1382 1018 1439 Ecclesiae
1040 1382 1293 1437 membra
1310 1388 1473 1439 erant
1491 1381 1665 1437 etiam

126 1475 198 1530 isti
209 1473 380 1540 sancti,
407 1472 656 1543 quamvis
675 1472 734 1526 in
754 1473 856 1526 hac
871 1471 985 1525 vita
1010 1470 1222 1526 fuerint
1248 1476 1554 1542 antequam
1582 1486 1665 1525 se-

128 1562 325 1617 cundum
349 1578 566 1615 carnem
596 1560 855 1616 Christus
878 1560 1152 1615 Dominus
1174 1563 1515 1615 nasceretur.
1539 1560 1665 1630 Ipse

126 1650 244 1704 enim
256 1650 662 1722 unigenitusDei
676 1647 1122 1717 Filius,Verbum
1134 1648 1235 1704 Dei
1245 1648 1667 1720 Patris,aequale

1743 669 1960 739 ritatis;
1993 671 2052 726 in
2083 668 2272 741 digitis
2303 673 2494 724 autem
2522 667 2765 722 maxime
2805 672 3037 739 apparet
3084 664 3339 738 quaedam

1745 760 1940 816 divisio
1967 780 1978 816 :
2002 777 2105 817 nec
2120 764 2312 814 tamen
2334 758 2403 813 ab
2427 758 2644 815 unitate
2664 756 2934 830 praecisio,
2968 756 3081 811 sive
3110 758 3340 828 propter

1746 849 1950 917 ea,sive
1970 854 2200 923 propter
2217 846 2386 902 aliam
2416 862 2828 918 quamcumque
2850 860 3077 900 causam
3098 843 3340 915 Spiritus

1744 944 1969 995 sanctus
1979 939 2293 1012 appellatus
2304 941 2387 993 est
2398 935 2607 1008 digitus
2626 934 2728 990 Dei
2743 954 2755 1002 ;
2769 950 2881 989 non
2897 939 3088 989 tamen
3098 948 3225 990 cum
3234 924 3341 993 hoc

1745 1029 2024 1095 audimus,
2043 1026 2277 1085 humani
2288 1025 2534 1098 corporis
2546 1024 2725 1080 forma
2734 1022 3033 1094 cogitanda
3046 1026 3149 1077 est.
3165 1022 3339 1077 Acce-

1744 1118 1830 1191 pit
1838 1136 1970 1190 ergo
1982 1119 2077 1174 ille
2087 1116 2325 1190 populus
2333 1115 2514 1187 legem
2526 1113 2701 1185 digito
2712 1112 2813 1169 Dei
2822 1112 3088 1185 scriptam
3100 1110 3159 1166 in
3174 1109 3339 1166 tabu-

1745 1210 1815 1269 lis
1833 1228 1968 1269 sane
1989 1208 2320 1283 lapideis,ad
2329 1206 2753 1279 signiﬁcandam
2771 1204 3040 1261 duritiam
3054 1202 3236 1259 cordis
3249 1218 3340 1258 eo-

1745 1316 1871 1357 rum
1899 1300 2048 1374 quod
2076 1301 2261 1371 legem
2308 1312 2421 1353 non
2460 1300 2624 1355 erant
2662 1293 2950 1367 inipleturi
2981 1312 2993 1348 :
3030 1292 3344 1366 corporalia

1746 1392 1951 1463 quippe
1980 1390 2129 1445 dona
2157 1387 2538 1444 desiderantes
2566 1403 2601 1441 a
2627 1385 2888 1452 Domino,
2920 1383 3099 1454 magis
3127 1383 3341 1443 carnali

1745 1481 1947 1535 timore
1978 1495 2148 1551 quam
2174 1476 2414 1549 spiritali
2460 1475 2733 1532 charitate
2770 1471 3128 1540 tenebantur,
3158 1472 3341 1544 legem

1746 1574 1937 1624 autem
1964 1584 2077 1623 non
2106 1567 2304 1638 implet
2325 1581 2439 1623 non
2468 1564 2732 1620 charitas.
2766 1562 2897 1618 Ideo
2926 1561 3122 1616 multis
3151 1578 3342 1617 sacra-

1748 1657 1953 1713 mentis
1995 1640 2304 1711 visibilibus
2350 1652 2567 1711 onerati
2618 1658 2770 1721 sunt,
2819 1667 2930 1725 quo
2982 1650 3170 1707 servili
3201 1651 3341 1722 jugo

126 1744 168 1793 θῒ
197 1743 499 1794 comem“!!!
533 1739 712 1806 Patri:
750 1755 853 1811 Per
901 1739 1049 1810 quOd
1100 1738 1248 1793 facta
1273 1742 1408 1792 sum
1456 1736 1727 1807 omniaaB
1744 1751 2137 1819 premerentur
2163 1744 2223 1799 in
2253 1741 2732 1799 observationibus
2760 1740 3035 1803 ciborum,
3067 1744 3125 1794 et
3150 1740 3213 1794 in
3259 1754 3345 1794 sa-

126 1828 258 1882 bomo
281 1833 497 1901 prapter
525 1844 628 1882 nos
647 1827 827 1883 factus
858 1832 961 1895 est,
994 1832 1061 1881 ut
1079 1827 1250 1881 totius
1268 1826 1522 1882 Ecclesia:
1545 1832 1666 1881 tan-

125 1931 258 1986 quam
283 1913 440 1969 totius
470 1911 719 1986 corporis
749 1918 917 1986 caput
944 1919 1108 1969 esset.
1156 1914 1263 1968 Sed
1310 1913 1461 1968 velut
1511 1918 1663 1968 totus

121 2002 253 2058 homo
271 2004 393 2059 dum
413 2004 679 2071 nascitur,
696 2003 914 2059 etiamsi
929 2019 1158 2058 manum
1170 2003 1226 2057 in
1238 2002 1516 2058 nascendo
1529 2020 1666 2074 prae-

121 2093 287 2162 mittat,
318 2100 497 2150 tamen
514 2095 779 2151 universo
792 2094 1012 2166 corpori
1031 2093 1136 2148 sub
1161 2093 1343 2165 capite
1367 2094 1665 2166 conjuncta

119 2189 254 2257 atque
268 2189 541 2256 compacta
558 2189 649 2240 est
683 2203 696 2238 :
724 2183 1201 2256 quemadmodum
1223 2183 1394 2238 etiam
1408 2182 1664 2239 nonnulli

117 2271 285 2345 inipsis
307 2273 631 2346 patriarchis
652 2273 723 2329 ad
745 2272 1101 2344 hujusipsius
1130 2272 1210 2327 rei
1237 2272 1462 2343 signum
1492 2287 1665 2327 manu

113 2363 358 2434 praemissa
385 2363 499 2418 nati
529 2368 698 2419 sunt:
729 2364 810 2418 ita
831 2379 1026 2418 omnes
1054 2362 1235 2418 sancti
1266 2362 1363 2434 qui
1392 2367 1522 2417 ante
1550 2361 1664 2416 Do-

112 2450 221 2506 mini
240 2452 403 2507 nostri
418 2453 445 2506 J
450 2469 549 2507 esu
567 2451 780 2508 Christi
793 2450 1143 2506 nativitatem
1164 2450 1225 2505 in
1234 2449 1402 2505 terris
1412 2450 1660 2512 fuerunt.

115 2541 325 2613 quamvis
350 2545 476 2595 ante
495 2540 619 2597 nati
650 2541 782 2607 sint,
799 2545 989 2595 tamen
1008 2539 1269 2594 universo
1294 2538 1533 2611 corpori,
1566 2555 1666 2594 cu~

104 2630 275 2701 jusque
287 2629 373 2685 ille
390 2636 557 2704 caput
572 2636 678 2697 est,
692 2629 797 2685 sub
816 2628 997 2700 capite
1022 2629 1388 2685 cohaeserunt.
1420 2628 1668 2700 Populus

113 2733 220 2789 ergo
244 2719 330 2775 ille
369 2721 425 2776 in
463 2721 773 2792 1Egyptum
804 2719 1023 2774 delatus
1051 2718 1277 2773 servivit
1317 2716 1438 2788 regi
1489 2717 1668 2773 duris-

103 2806 220 2862 simo
248 2825 258 2860 :
297 2815 350 2864 et
373 2808 725 2881 gravissimis
754 2807 1038 2863 laboribus
1084 2808 1357 2874 eruditus,
1408 2806 1662 2880 quaesivit

110 2895 424 2954 liberatorem
450 2898 782 2964 Dominum,
800 2902 856 2952 et
874 2897 1078 2953 missus
1103 2901 1188 2952 est
1202 2897 1282 2952 eis
1294 2913 1439 2951 unus
1450 2897 1519 2952 de
1538 2897 1660 2969 ipso

98 2987 270 3057 papulo
304 2991 528 3044 sanctus
539 2987 647 3043 Dei
662 3003 855 3042 servus
866 2988 1105 3058 Moyses,
1131 2987 1226 3058 qui
1245 2985 1305 3043 in
1333 2986 1539 3042 virtute
1560 2985 1662 3040 Dei

1747 1834 1968 1893 criﬁciis
1989 1831 2339 1898 animalium,
2368 1836 2425 1886 et
2455 1829 2581 1886 aliis
2612 1826 3118 1885 innumerabilibus
3162 1846 3175 1881 :
3218 1842 3344 1900 qua:

1745 1930 1934 1980 tamen
1963 1923 2127 1995 signa
2146 1925 2310 1977 erant
2337 1936 2526 1977 rerum
2555 1917 2894 1991 spiritalium
2915 1917 2987 1972 ad
3035 1916 3342 1973 Dominum

1745 2016 1773 2070 J
1780 2031 1938 2071 esum
1958 2012 2247 2068 Christum
2275 2013 2333 2064 et
2351 2009 2423 2065 ad
2438 2006 2741 2063 Ecclesiam
2770 2005 3205 2079 pertinentium:
3221 2021 3345 2078 quae

1745 2106 1880 2158 tunc
1906 2119 1941 2155 a
1969 2099 2161 2172 paucis
2188 2097 2397 2153 sanctis
2427 2101 2484 2151 et
2512 2095 2971 2167 intelligebantur
2998 2094 3069 2151 ad
3096 2094 3344 2149 fructum

1746 2190 1959 2256 salutis,
1968 2194 2025 2244 et
2033 2185 2471 2243 observabantur
2482 2184 2555 2238 ad
2565 2182 2993 2255 congruentiam
3002 2182 3344 2254 temporis.A

1746 2278 2105 2336 multitudine
2134 2293 2264 2332 vero
2302 2273 2612 2331 carnalium
2648 2272 3040 2329 tantummodo
3078 2270 3341 2327 observa-

1744 2369 1969 2435 bantur,
2000 2383 2116 2423 non
2134 2363 2610 2437 intelligebantur.
2642 2363 2753 2419 Per
2779 2361 2957 2418 multa
2972 2360 3161 2433 itaque
3181 2365 3238 2415 et
3250 2376 3343 2415 va-

1744 2458 1830 2513 ria
1849 2458 2012 2529 signa
2040 2470 2230 2511 rerum
2254 2452 2576 2509 futurarum
2604 2467 2744 2524 quas
2771 2452 3003 2520 longum
3026 2454 3113 2505 est
3145 2465 3341 2504 omnes

1747 2560 2207 2610 commemorare,
2240 2547 2298 2597 et
2325 2558 2419 2597 eas
2448 2557 2598 2596 nunc
2627 2540 2685 2595 in
2702 2539 2947 2599 Ecclesia
2962 2538 3215 2593 videmus
3231 2538 3341 2594 im-

1747 2636 1910 2710 pleri,
1930 2634 2231 2709 perductus
2246 2636 2333 2686 est
2342 2631 2434 2686 ille
2450 2630 2690 2703 populus
2713 2628 2785 2687 ad
2800 2634 3011 2684 terram
3023 2626 3344 2700 promissio-

1748 2727 1855 2792 nis,
1914 2723 2010 2780 ubi
2045 2720 2433 2793 temporaliter
2468 2718 2878 2789 carnaliterque
2915 2722 3197 2789 regnaret,
3238 2732 3341 2788 pro

1741 2815 1907 2873 modo
1945 2810 2210 2870 desiderii
2248 2809 2356 2877 sui,
2391 2809 2539 2880 quod
2566 2812 2759 2865 tamen
2784 2822 3025 2878 regnum
3051 2811 3342 2863 terrenum

1741 2904 1904 2977 regni
1933 2900 2201 2975 spiritalis
2219 2897 2525 2970 imaginem
2542 2897 2738 2968 gessit.
2755 2895 2839 2952 Ibi
2850 2895 3203 2950 Hierusalem
3214 2910 3343 2953 con-

1743 2995 1864 3051 dita
1890 2997 1978 3048 est
2022 2988 2399 3045 famosissima
2427 2985 2622 3041 civitas
2653 2985 2775 3052 Dei,
2809 2984 3055 3040 serviens
3084 2983 3145 3039 in
3180 2984 3341 3057 signo

100 3075 281 3146 ωεέηίδ
302 3076 586 3132 miraculis
603 3081 823 3134 terrens
834 3080 968 3130 tunc
984 3073 1217 3149 impiam
1232 3082 1460 3145 gentem
1486 3074 1659 3148 Egy-
1682 3061 1727 3122 C
1741 3084 1931 3139 liberae
1951 3079 2191 3137 civitatis
2202 3094 2325 3150 quae
2340 3073 2581 3132 caelestis
2594 3074 2949 3130 Hierusalem
2960 3072 3343 3146 dicitur,quod

98 3162 524 3234 ptiorum,eduxit
543 3165 677 3220 inde
697 3163 967 3237 populum
988 3163 1088 3219 Dei
1101 3179 1365 3234 permare
1377 3161 1656 3232 Rubrum;

97 3253 173 3310 ubi
191 3254 519 3321 descendens
545 3270 698 3326 aqua
725 3253 873 3307 viam
909 3252 1148 3325 praebuit
1191 3252 1614 3309 transeuntibus
1644 3270 1655 3306 :

94 3340 303 3415 ὣς)Ῥῶ
322 3349 512 3401 autem
527 3361 660 3401 cum
682 3359 778 3399 eos
787 3347 1279 3415 persequerentur,
1295 3341 1659 3399 redeuntibus

90 3430 137 3485 in
155 3449 205 3487 se
232 3422 484 3491 ﬂuctibus
514 3433 763 3489 demersi
792 3432 1050 3487 exstincti
1079 3438 1228 3487 sunt.
1263 3432 1352 3487 Ita
1396 3433 1659 3504 quemad-

89 3519 288 3577 modum
307 3539 406 3595 per
420 3523 703 3579 diluvium
724 3521 885 3593 aquis
894 3526 1049 3576 terra
1062 3526 1304 3593 purgata
1314 3525 1444 3577 esta
1458 3521 1658 3592 nequi-

88 3610 152 3663 tia
174 3617 540 3681 peccatorum,
578 3611 676 3683 qui
705 3616 842 3666 tunc
870 3610 929 3664 in
949 3610 1047 3664 illa
1090 3610 1458 3665 inundatione
1489 3609 1658 3664 deleti

90 3706 201 3767 sunt
216 3701 420 3772 etjusti
451 3706 759 3759 evaserunt
788 3716 889 3771 per
915 3700 1153 3770 lignum.
1187 3698 1277 3754 Sic
1307 3715 1375 3752 ex
1421 3699 1660 3770 tEgyptO

90 3787 251 3843 exiens
280 3792 525 3863 populus
556 3790 660 3845 Dei
688 3806 790 3862 per
818 3805 994 3861 aquas
1032 3788 1141 3843 iter
1176 3788 1407 3855 invenit,
1458 3786 1661 3859 quibus

87 3875 308 3946 ipsorum
354 3879 550 3935 hostes
610 3877 927 3949 consumpti
995 3882 1146 3945 sunt,
1208 3894 1311 3932 nec
1361 3875 1438 3930 ibi
1486 3875 1666 3931 defuit

84 3963 201 4036 ligni
233 3974 679 4024 sacramentum.
720 3968 868 4022 Nam
913 3967 1072 4038 virga
1108 3965 1383 4037 percussit
1419 3966 1660 4038 Moyses,

91 4058 144 4109 ut
160 4055 286 4110 illud
312 4057 659 4113 miraculum
700 4057 878 4111 ﬁeret.
914 4048 1228 4129 Utrumque
1267 4055 1492 4126 signum
1540 4071 1665 4110 san-

88 4142 150 4197 cti
200 4144 484 4218 baptismi,
540 4163 645 4218 per
696 4143 845 4218 quod
887 4145 1078 4199 ﬁdeles
1129 4144 1190 4199 in
1236 4161 1437 4200 novam
1494 4144 1667 4200 vitam

88 4234 357 4291 transeant
410 4254 422 4289 :
464 4240 700 4308 peccata
743 4250 875 4289 vero
914 4250 1109 4289 eorum
1146 4239 1418 4306 tanquam
1456 4232 1668 4289 inimici

84 4321 360 4381 deleantur
388 4331 570 4397 atque
584 4323 920 4379 moriantur.
943 4323 1207 4395 Apertius
1238 4329 1428 4377 autem
1458 4322 1667 4377 Christi

83 4413 248 4480 passio
275 4415 334 4469 in
370 4415 471 4470 illo
517 4414 725 4486 populo
769 4415 1014 4484 ﬁgurata
1056 4418 1161 4474 est,
1197 4428 1325 4468 cum
1364 4411 1509 4484 jussi
1537 4416 1671 4466 sunt

82 4516 225 4557 ovem
251 4505 535 4569 occidere,
566 4508 624 4557 et
649 4502 1008 4569 manducare,
1041 4508 1097 4555 et
1124 4501 1194 4556 de
1234 4501 1508 4572 sanguine
1546 4501 1668 4572 ejus

82 4598 253 4662 postes
271 4612 405 4651 suos
427 4596 660 4666 signare
683 4612 693 4647 :
720 4599 777 4649 et
803 4593 908 4649 hoc
936 4592 1217 4648 celebrare
1246 4592 1398 4646 omni
1436 4608 1583 4646 anno
1614 4596 1672 4646 et

81 4684 349 4754 appellare
355 4684 577 4757 pascha
586 4682 830 4738 Domini.
852 4681 1302 4737 Manifestissime
1313 4681 1519 4753 quippe
1538 4682 1672 4735 Pro-

82 4772 239 4841 pheta
256 4775 327 4829 de
343 4776 633 4832 Domino.)
640 4792 740 4830 esu
754 4774 976 4829 Christo
997 4773 1150 4838 dicit,
1184 4771 1317 4843 quia
1345 4790 1367 4822 ι
1401 4776 1671 4842 tanquam

82 4861 907 4920 ovisadimmolandumductus
932 4867 1019 4917 est
1048 4864 1176 4931 (Isa.
1204 4878 1311 4927 LIII,
1329 4861 1403 4930 7).
1439 4878 1466 4914 »
1500 4860 1673 4929 Cujus

81 4952 347 5022 passionis
373 4959 438 5009 et
467 4952 650 5007 crucis
676 4952 836 5023 signo
884 4951 943 5006 in
978 4949 1160 5007 fronte
1200 4948 1367 5004 hodie
1403 4953 1674 5020 tanquam

80 5036 131 5093 in
155 5047 313 5112 poste
342 5042 665 5114 signandus
694 5047 779 5095 est
799 5039 1172 5105 Christianus,
1196 5053 1501 5106 omnesque
1522 5036 1675 5091 Chri-

79 5129 581 5203 stianisignantur.
598 5130 736 5187 Inde
756 5145 856 5201 per
875 5129 1160 5184 desertum
1190 5126 1428 5198 pepulus
1448 5125 1539 5179 ille
1579 5126 1678 5179 du-

80 5224 191 5275 ctus
203 5226 293 5275 est
304 5237 415 5294 per
430 5220 811 5293 quadraginta
829 5234 1025 5284 annos,
1059 5215 1271 5286 accepit
1294 5215 1465 5268 etiam
1496 5215 1678 5284 legem

79 5308 247 5380 digito
273 5310 383 5366 Dei
418 5309 714 5380 scriptam.
748 5309 869 5373 Quo
908 5306 1132 5362 nomine
1174 5304 1517 5375 signiﬁcatur
1551 5303 1676 5373 Spi-

80 5397 215 5454 ritus
233 5404 503 5466 sanctus,
530 5398 673 5455 sicut
693 5398 751 5454 in
773 5396 1070 5468 Evangelio
1101 5392 1553 5449 manifestissime
1582 5391 1680 5446 de-

1740 3171 1974 3228 verbum
2004 3175 2090 3224 est
2119 3166 2436 3232 Hebraeum,
2471 3167 2529 3219 et
2554 3163 2961 3235 interpretatur
3005 3165 3140 3217 visio
3165 3165 3339 3232 pacis,

1741 3263 1903 3333 cujus
1947 3259 2092 3314 cives
2137 3261 2270 3312 sunt
2304 3269 2497 3310 omnes
2535 3252 2867 3308 sanctiﬁcati
2904 3251 3179 3317 homines,
3243 3250 3340 3324 qui

1740 3350 1987 3415 fuerunt,
2021 3352 2078 3403 et
2101 3345 2199 3419 qui
2230 3348 2383 3411 sunt,
2415 3347 2474 3399 et
2497 3341 2594 3413 qui
2621 3340 2799 3396 futuri
2827 3345 2994 3406 sunt;
3044 3345 3102 3394 et
3146 3355 3342 3396 omnes

1739 3437 2070 3497 sanctificati
2100 3433 2351 3506 spiritus,
2374 3431 2545 3486 etiam
2566 3429 2883 3501 quicunque
2902 3429 2962 3483 in
2978 3427 3211 3483 excelsis
3228 3444 3340 3481 cae-

1740 3529 1921 3587 lorum
1950 3523 2205 3597 partibus
2232 3521 2329 3592 pia
2354 3519 2647 3581 devotione
2668 3515 3060 3587 obtemperant
3081 3516 3218 3581 Deo,
3238 3530 3341 3570 nec

1739 3617 2036 3687 imitantur
2063 3609 2295 3683 impiam
2324 3607 2531 3663 diaboli
2559 3604 2882 3679 superbiam
2912 3610 2970 3659 et
3013 3604 3341 3675 angelorum

1742 3706 1883 3781 ejus.
1896 3702 2078 3773 Hujus
2093 3698 2352 3763 civitatis,
2382 3700 2469 3751 est
2478 3712 2577 3750 rex
2594 3694 2867 3749 Dominus
2880 3694 2908 3747 J
2914 3709 3043 3749 esus
3061 3692 3338 3761 Christus,

1741 3778 1991 3847 Verbum
2017 3788 2119 3853 Dei
2146 3786 2332 3845 Patris
2371 3801 2479 3857 quo
2509 3787 2783 3854 reguntur
2811 3781 3016 3841 summi
3045 3778 3249 3854 angeli,
3285 3784 3347 3837 et

1743 3879 1990 3937 Verbum
2022 3876 2311 3937 hominem
2339 3888 2650 3938 assumens,
2687 3876 2751 3926 ut
2790 3887 2856 3926 eo
2898 3873 3249 3941 regerentur,
3284 3875 3343 3929 et

1746 3967 2018 4035 homines,
2055 3964 2152 4039 qui
2180 3962 2348 4021 simul
2373 3976 2567 4016 omnes
2596 3975 2723 4015 cum
2751 3959 2845 4014 illo
2875 3958 2937 4014 in
2966 3963 3179 4014 aeterna
3205 3974 3343 4030 pace

1743 4055 2087 4129 gaudebunt.
2105 4052 2193 4111 Ad
2208 4051 2380 4122 hujus
2402 4049 2484 4104 rei
2502 4047 3016 4121 praeﬁgurationem
3038 4046 3097 4101 in
3117 4046 3212 4101 illo
3233 4052 3343 4102 ter-

1750 4145 1870 4203 reni
1891 4143 2050 4217 regni
2068 4142 2273 4215 populo
2290 4138 2482 4207 Israel,
2505 4138 2746 4193 maxime
2766 4136 2996 4195 emicuit
3016 4152 3113 4190 rex
3142 4135 3339 4203 David,

1749 4236 1818 4289 de
1841 4235 2002 4306 cujus
2031 4231 2246 4291 semine
2273 4228 2582 4284 secundum
2610 4243 2837 4289 carnem
2853 4224 3342 4281 venitverissimus

1749 4340 1845 4378 rex
1868 4327 2059 4391 noster
2086 4318 2358 4377 Dominus
2384 4318 2413 4373 J
2418 4333 2548 4371 esus
2576 4316 2852 4380 Christus,
2888 4334 2913 4367 «
2940 4314 3036 4385 qui
3064 4318 3150 4368 est
3174 4329 3344 4382 super

1682 4379 1733 4438 Β
1750 4412 1939 4467 omnia
1954 4386 2103 4465 Deus
2120 4406 2446 4465 benedictus
2466 4405 2528 4460 in
2547 4404 2769 4459 saecula.
2784 4423 2805 4459 ι
2825 4379 3070 4458 Multain
3081 4401 3179 4455 illa
3189 4379 3344 4455 terra

1748 4498 2137 4573 promissionis
2161 4501 2325 4573 gesta
2350 4499 2500 4560 sunt,
2530 4494 2588 4547 in
2621 4493 2859 4563 ﬁguram
2883 4489 3105 4545 venturi
3133 4488 3344 4544 Christi
3432 4498 3437 4507 '

1752 4595 1811 4645 et
1836 4588 2112 4652 Ecclesiae,
2147 4603 2269 4657 quae
2296 4584 2357 4638 in
2384 4581 2590 4637 sanctis
2618 4579 2777 4635 libris
2818 4578 3091 4651 paulatim
3133 4576 3344 4651 poteris

1752 4678 1985 4734 discere.
2021 4676 2154 4730 Post
2180 4674 2395 4743 aliquot
2420 4677 2614 4727 tamen
2656 4668 3049 4742 generationes
3100 4666 3346 4722 ostendit

1753 4767 1928 4821 alium
1956 4770 2154 4837 typum
2184 4762 2256 4816 ad
2276 4759 2647 4815 remmaxime
2664 4757 3222 4829 pertinentem.Nam
3251 4771 3346 4810 ca-

1754 4856 1967 4929 ptivata
1996 4860 2077 4907 est
2108 4852 2204 4906 illa
2232 4850 2424 4905 civitas
2455 4855 2510 4904 et
2540 4848 2720 4902 multa
2746 4864 2877 4919 pars
2919 4847 3041 4917 ejus
3086 4846 3255 4901 ducta
3287 4844 3345 4899 in

1756 4942 2141 5017 Babyloniam.
2162 4940 2318 4996 Sicut
2338 4944 2530 4994 autem
2552 4936 2906 4995 Hierusalem
2926 4934 3204 5011 signiﬁcat
3213 4932 3346 4987 civi-

1757 5039 1932 5090 tatem
1954 5031 2391 5101 societatemque
2401 5032 2743 5093 sanctorum,
2762 5025 2840 5080 sic
2855 5023 3160 5095 Babylonia
3180 5021 3351 5093 signi-

1759 5124 1889 5177 ﬁcat
1912 5121 2193 5176 civitatem
2222 5118 2657 5186 societatemque
2695 5114 3035 5186 iniquorum,
3071 5109 3350 5183 quomodo

1759 5212 1963 5275 dicitur
1989 5206 2347 5279 interpretari
2371 5205 2655 5261 Confusio.
2677 5204 2759 5258 De
2775 5201 2975 5274 quibus
2993 5199 3213 5255 duabus
3225 5198 3355 5254 civi-

1760 5301 1970 5356 tatibus
1992 5298 2061 5352 ab
2091 5296 2315 5352 exordio
2342 5294 2566 5366 generis
2595 5291 2825 5348 humani
2858 5306 3035 5362 usque
3075 5289 3135 5343 in
3182 5289 3350 5342 ﬁnem

1763 5389 1967 5455 saeculi,
2000 5386 2276 5460 permixta
2301 5390 2622 5455 temporum
2648 5381 2917 5436 varietate
2932 5376 3287 5434 currentibus
3300 5381 3358 5432 et

78 5489 341 5545 claratur.
366 5490 581 5560 Neque
593 5488 743 5545 enim
762 5488 910 5542 Deus
930 5485 1109 5540 forma
1133 5482 1379 5555 corporis
1409 5481 1682 5536 difﬁnitus
1764 5479 1962 5534 ultimo
1984 5475 2196 5547 judicio
2226 5471 2572 5545 separandis,
2592 5471 2758 5543 paulo
2789 5474 2919 5525 ante
2943 5471 3063 5540 jam
3089 5467 3352 5547 diximus.

81 5583 180 5646 est,
210 5594 317 5651 nec
342 5579 396 5637 si
427 5557 507 5637 in
526 5576 620 5633 illo
653 5576 905 5637 membra
934 5579 991 5632 et
1025 5575 1187 5647 digiti
1225 5570 1508 5642 cogitandi
1554 5576 1686 5629 sunt
1768 5570 1871 5627 Illa
1898 5584 2031 5637 ergo
2062 5564 2351 5636 captivitas
2382 5562 2735 5621 Hierusalem
2760 5559 3018 5628 civitatis,
3052 5564 3109 5635 et
3134 5557 3229 5613 ille
3256 5572 3359 5629 po-
