  <div class='ocr_page' id='page_1' title='image "/cluster/home/n/w/nwhite01/storage/ocr_20150623/112/hvd.32044054759774/609.png"; bbox 0 0 3982 6158; ppageno 0'>
   <div class='ocr_carea' id='block_1_1' title="bbox 501 343 635 402">
    <p class='ocr_par' dir='ltr' id='par_1_1' title="bbox 501 343 635 402">
     <span class='ocr_line' id='line_1_1' title="bbox 501 343 635 402; baseline -0.007 0"><span class='ocrx_word' id='word_1_1' title='bbox 501 343 635 402; x_wconf 72' lang='grc'>1207</span> 
     </span>
    </p>
   </div>
   <div class='ocr_carea' id='block_1_2' title="bbox 1086 335 3172 399">
    <p class='ocr_par' dir='ltr' id='par_1_2' title="bbox 1086 335 3172 399">
     <span class='ocr_line' id='line_1_2' title="bbox 1086 335 3172 399; baseline -0 -1"><span class='ocrx_word' id='word_1_2' title='bbox 1086 342 1149 398; x_wconf 91' lang='grc' dir='ltr'><strong>Β.</strong></span> <span class='ocrx_word' id='word_1_3' title='bbox 1190 339 1464 399; x_wconf 78' lang='lat' dir='ltr'><strong>RABANI</strong></span> <span class='ocrx_word' id='word_1_4' title='bbox 1502 338 1735 397; x_wconf 83' lang='lat' dir='ltr'><strong>MAURI</strong></span> <span class='ocrx_word' id='word_1_5' title='bbox 1772 336 2110 396; x_wconf 79' lang='lat' dir='ltr'>ARCHIEP.</span> <span class='ocrx_word' id='word_1_6' title='bbox 2149 335 2474 395; x_wconf 83' lang='lat' dir='ltr'>MOGUNT.</span> <span class='ocrx_word' id='word_1_7' title='bbox 2516 335 2813 396; x_wconf 84' lang='lat' dir='ltr'>OPERUM</span> <span class='ocrx_word' id='word_1_8' title='bbox 2855 338 3040 397; x_wconf 80' lang='lat' dir='ltr'>PARS</span> <span class='ocrx_word' id='word_1_9' title='bbox 3076 341 3172 398; x_wconf 89' lang='lat' dir='ltr'>III.</span> 
     </span>
    </p>
   </div>
   <div class='ocr_carea' id='block_1_3' title="bbox 3594 347 3704 406">
    <p class='ocr_par' dir='ltr' id='par_1_3' title="bbox 3594 347 3704 406">
     <span class='ocr_line' id='line_1_3' title="bbox 3594 347 3704 406; baseline 0 0"><span class='ocrx_word' id='word_1_10' title='bbox 3594 347 3704 406; x_wconf 73' lang='lat'>1208</span> 
     </span>
    </p>
   </div>
   <div class='ocr_carea' id='block_1_4' title="bbox 495 428 3706 544">
    <p class='ocr_par' dir='ltr' id='par_1_4' title="bbox 495 428 3706 544">
     <span class='ocr_line' id='line_1_4' title="bbox 495 428 3706 544; baseline 0.001 -18"><span class='ocrx_word' id='word_1_11' title='bbox 495 469 662 543; x_wconf 90' lang='lat' dir='ltr'>pulus</span> <span class='ocrx_word' id='word_1_12' title='bbox 690 469 752 526; x_wconf 91' lang='lat' dir='ltr'>in</span> <span class='ocrx_word' id='word_1_13' title='bbox 778 465 1145 544; x_wconf 79' lang='lat' dir='ltr'>Babyloniam</span> <span class='ocrx_word' id='word_1_14' title='bbox 1174 467 1377 524; x_wconf 89' lang='lat' dir='ltr'>ductus</span> <span class='ocrx_word' id='word_1_15' title='bbox 1388 466 1460 523; x_wconf 89' lang='lat' dir='ltr'>ad</span> <span class='ocrx_word' id='word_1_16' title='bbox 1473 466 1799 522; x_wconf 81' lang='lat' dir='ltr'>servitutem</span> <span class='ocrx_word' id='word_1_17' title='bbox 1827 465 1911 520; x_wconf 91' lang='lat' dir='ltr'>ire</span> <span class='ocrx_word' id='word_1_18' title='bbox 1919 464 2086 536; x_wconf 89' lang='lat' dir='ltr'>jube-</span> <span class='ocrx_word' id='word_1_19' title='bbox 2103 428 2153 525; x_wconf 70' lang='grc' dir='ltr'><strong>Ᾰ</strong></span> <span class='ocrx_word' id='word_1_20' title='bbox 2168 463 2491 536; x_wconf 87' lang='lat' dir='ltr'>prophetias</span> <span class='ocrx_word' id='word_1_21' title='bbox 2518 466 2886 538; x_wconf 88' lang='lat' dir='ltr'>prophetatus</span> <span class='ocrx_word' id='word_1_22' title='bbox 2914 472 3001 522; x_wconf 90' lang='lat' dir='ltr'>est</span> <span class='ocrx_word' id='word_1_23' title='bbox 3023 467 3291 537; x_wconf 81' lang='lat' dir='ltr'>Christus,</span> <span class='ocrx_word' id='word_1_24' title='bbox 3322 486 3427 526; x_wconf 89' lang='lat' dir='ltr'>non</span> <span class='ocrx_word' id='word_1_25' title='bbox 3463 471 3626 529; x_wconf 87' lang='lat' dir='ltr'>solum</span> <span class='ocrx_word' id='word_1_26' title='bbox 3650 475 3706 530; x_wconf 83' lang='lat' dir='ltr'>ab</span> 
     </span>
    </p>
   </div>
   <div class='ocr_carea' id='block_1_5' title="bbox 489 552 3708 632">
    <p class='ocr_par' dir='ltr' id='par_1_5' title="bbox 489 552 3708 632">
     <span class='ocr_line' id='line_1_5' title="bbox 489 552 3708 632; baseline 0 -15"><span class='ocrx_word' id='word_1_27' title='bbox 489 565 588 617; x_wconf 84' lang='lat' dir='ltr'>tur</span> <span class='ocrx_word' id='word_1_28' title='bbox 613 576 649 617; x_wconf 87' lang='lat' dir='ltr'>a</span> <span class='ocrx_word' id='word_1_29' title='bbox 674 558 915 616; x_wconf 91' lang='lat' dir='ltr'>Domino</span> <span class='ocrx_word' id='word_1_30' title='bbox 939 574 1042 632; x_wconf 87' lang='lat' dir='ltr'>per</span> <span class='ocrx_word' id='word_1_31' title='bbox 1067 557 1370 615; x_wconf 82' lang='lat' dir='ltr'>Jersmiam</span> <span class='ocrx_word' id='word_1_32' title='bbox 1400 556 1550 612; x_wconf 90' lang='lat' dir='ltr'>illius</span> <span class='ocrx_word' id='word_1_33' title='bbox 1564 555 1835 628; x_wconf 86' lang='lat' dir='ltr'>temporis</span> <span class='ocrx_word' id='word_1_34' title='bbox 1854 553 2090 628; x_wconf 90' lang='lat' dir='ltr'>prophe-</span> <span class='ocrx_word' id='word_1_35' title='bbox 2169 552 2290 625; x_wconf 89' lang='lat' dir='ltr'>ipso</span> <span class='ocrx_word' id='word_1_36' title='bbox 2319 553 2493 608; x_wconf 83' lang='lat' dir='ltr'>David</span> <span class='ocrx_word' id='word_1_37' title='bbox 2523 553 2580 608; x_wconf 94' lang='lat' dir='ltr'>in</span> <span class='ocrx_word' id='word_1_38' title='bbox 2609 554 2752 609; x_wconf 91' lang='lat' dir='ltr'>libro</span> <span class='ocrx_word' id='word_1_39' title='bbox 2768 556 3137 625; x_wconf 89' lang='lat' dir='ltr'>Psalmorum,</span> <span class='ocrx_word' id='word_1_40' title='bbox 3160 559 3257 613; x_wconf 90' lang='lat' dir='ltr'>sed</span> <span class='ocrx_word' id='word_1_41' title='bbox 3284 560 3445 615; x_wconf 89' lang='lat' dir='ltr'>etiam</span> <span class='ocrx_word' id='word_1_42' title='bbox 3472 578 3504 615; x_wconf 92' lang='lat' dir='ltr'>a</span> <span class='ocrx_word' id='word_1_43' title='bbox 3527 563 3708 618; x_wconf 66' lang='lat' dir='ltr'>caeteris</span> 
     </span>
    </p>
   </div>
   <div class='ocr_carea' id='block_1_6' title="bbox 490 642 2091 718">
    <p class='ocr_par' dir='ltr' id='par_1_6' title="bbox 490 642 2091 718">
     <span class='ocr_line' id='line_1_6' title="bbox 490 642 2091 718; baseline -0.006 -13"><span class='ocrx_word' id='word_1_44' title='bbox 490 653 611 705; x_wconf 90' lang='lat' dir='ltr'>tam</span> <span class='ocrx_word' id='word_1_45' title='bbox 642 667 654 702; x_wconf 88' lang='lat'><strong>:</strong></span> <span class='ocrx_word' id='word_1_46' title='bbox 685 654 742 703; x_wconf 93' lang='lat' dir='ltr'>et</span> <span class='ocrx_word' id='word_1_47' title='bbox 768 648 1102 704; x_wconf 84' lang='lat' dir='ltr'>exstiterunt</span> <span class='ocrx_word' id='word_1_48' title='bbox 1126 664 1290 718; x_wconf 89' lang='lat' dir='ltr'>reges</span> <span class='ocrx_word' id='word_1_49' title='bbox 1314 645 1654 718; x_wconf 75' lang='lat' dir='ltr'>Babyloniae,</span> <span class='ocrx_word' id='word_1_50' title='bbox 1670 643 1772 700; x_wconf 87' lang='lat' dir='ltr'>sub</span> <span class='ocrx_word' id='word_1_51' title='bbox 1785 643 1988 716; x_wconf 88' lang='lat' dir='ltr'>quibus</span> <span class='ocrx_word' id='word_1_52' title='bbox 2007 642 2091 697; x_wconf 88' lang='lat' dir='ltr'>illi</span> 
     </span>
    </p>
   </div>
   <div class='ocr_carea' id='block_1_7' title="bbox 491 732 2093 810">
    <p class='ocr_par' dir='ltr' id='par_1_7' title="bbox 491 732 2093 810">
     <span class='ocr_line' id='line_1_7' title="bbox 491 732 2093 810; baseline -0.005 -16"><span class='ocrx_word' id='word_1_53' title='bbox 491 737 826 804; x_wconf 78' lang='lat' dir='ltr'>serviebant,</span> <span class='ocrx_word' id='word_1_54' title='bbox 845 737 941 810; x_wconf 88' lang='lat' dir='ltr'>qui</span> <span class='ocrx_word' id='word_1_55' title='bbox 958 754 1023 793; x_wconf 92' lang='lat' dir='ltr'>ex</span> <span class='ocrx_word' id='word_1_56' title='bbox 1040 737 1242 792; x_wconf 90' lang='lat' dir='ltr'>horum</span> <span class='ocrx_word' id='word_1_57' title='bbox 1272 734 1560 791; x_wconf 83' lang='lat' dir='ltr'>occasione</span> <span class='ocrx_word' id='word_1_58' title='bbox 1580 734 1846 789; x_wconf 84' lang='lat' dir='ltr'>commoti</span> <span class='ocrx_word' id='word_1_59' title='bbox 1868 732 2093 804; x_wconf 91' lang='lat' dir='ltr'>quibus-</span> 
     </span>
    </p>
   </div>
   <div class='ocr_carea' id='block_1_8' title="bbox 491 822 2091 899">
    <p class='ocr_par' dir='ltr' id='par_1_8' title="bbox 491 822 2091 899">
     <span class='ocr_line' id='line_1_8' title="bbox 491 822 2091 899; baseline -0.006 -14"><span class='ocrx_word' id='word_1_60' title='bbox 491 827 625 886; x_wconf 86' lang='lat' dir='ltr'>dam</span> <span class='ocrx_word' id='word_1_61' title='bbox 654 827 938 883; x_wconf 84' lang='lat' dir='ltr'>miraculis</span> <span class='ocrx_word' id='word_1_62' title='bbox 968 830 1386 899; x_wconf 82' lang='lat' dir='ltr'>cognoscerent,</span> <span class='ocrx_word' id='word_1_63' title='bbox 1420 830 1479 879; x_wconf 91' lang='lat' dir='ltr'>et</span> <span class='ocrx_word' id='word_1_64' title='bbox 1505 824 1769 889; x_wconf 89' lang='lat' dir='ltr'>colerent,</span> <span class='ocrx_word' id='word_1_65' title='bbox 1805 828 1862 876; x_wconf 89' lang='lat' dir='ltr'>et</span> <span class='ocrx_word' id='word_1_66' title='bbox 1875 822 1980 877; x_wconf 92' lang='lat' dir='ltr'>coli</span> <span class='ocrx_word' id='word_1_67' title='bbox 1996 823 2091 893; x_wconf 88' lang='lat' dir='ltr'>ju-</span> 
     </span>
    </p>
   </div>
   <div class='ocr_carea' id='block_1_9' title="bbox 492 912 2094 986">
    <p class='ocr_par' dir='ltr' id='par_1_9' title="bbox 492 912 2094 986">
     <span class='ocr_line' id='line_1_9' title="bbox 492 912 2094 986; baseline -0.005 -14"><span class='ocrx_word' id='word_1_68' title='bbox 492 916 693 972; x_wconf 87' lang='lat' dir='ltr'>berent</span> <span class='ocrx_word' id='word_1_69' title='bbox 716 932 896 973; x_wconf 89' lang='lat' dir='ltr'>unum</span> <span class='ocrx_word' id='word_1_70' title='bbox 924 932 1119 971; x_wconf 92' lang='lat' dir='ltr'>verum</span> <span class='ocrx_word' id='word_1_71' title='bbox 1146 915 1345 982; x_wconf 91' lang='lat' dir='ltr'>Deum,</span> <span class='ocrx_word' id='word_1_72' title='bbox 1379 914 1476 986; x_wconf 90' lang='lat' dir='ltr'>qui</span> <span class='ocrx_word' id='word_1_73' title='bbox 1495 912 1745 968; x_wconf 87' lang='lat' dir='ltr'>condidit</span> <span class='ocrx_word' id='word_1_74' title='bbox 1771 912 2094 967; x_wconf 82' lang='lat' dir='ltr'>universam</span> 
     </span>
    </p>
   </div>
   <div class='ocr_carea' id='block_1_10' title="bbox 495 1000 2095 1074">
    <p class='ocr_par' dir='ltr' id='par_1_10' title="bbox 495 1000 2095 1074">
     <span class='ocr_line' id='line_1_10' title="bbox 495 1000 2095 1074; baseline -0.004 -13"><span class='ocrx_word' id='word_1_75' title='bbox 495 1010 834 1062; x_wconf 81' lang='lat' dir='ltr'>creaturam.</span> <span class='ocrx_word' id='word_1_76' title='bbox 858 1004 1006 1060; x_wconf 89' lang='lat' dir='ltr'>Jussi</span> <span class='ocrx_word' id='word_1_77' title='bbox 1026 1009 1157 1060; x_wconf 90' lang='lat' dir='ltr'>sunt</span> <span class='ocrx_word' id='word_1_78' title='bbox 1174 1010 1365 1059; x_wconf 89' lang='lat' dir='ltr'>autem</span> <span class='ocrx_word' id='word_1_79' title='bbox 1387 1008 1444 1058; x_wconf 89' lang='lat' dir='ltr'>et</span> <span class='ocrx_word' id='word_1_80' title='bbox 1460 1019 1622 1057; x_wconf 91' lang='lat' dir='ltr'>orare</span> <span class='ocrx_word' id='word_1_81' title='bbox 1642 1018 1744 1074; x_wconf 90' lang='lat' dir='ltr'>pro</span> <span class='ocrx_word' id='word_1_82' title='bbox 1754 1001 1835 1056; x_wconf 91' lang='lat' dir='ltr'>eis</span> <span class='ocrx_word' id='word_1_83' title='bbox 1847 1017 1881 1055; x_wconf 92' lang='lat' dir='ltr'>a</span> <span class='ocrx_word' id='word_1_84' title='bbox 1891 1000 2095 1072; x_wconf 90' lang='lat' dir='ltr'>quibus</span> 
     </span>
    </p>
   </div>
   <div class='ocr_carea' id='block_1_11' title="bbox 500 1093 2096 1168">
    <p class='ocr_par' dir='ltr' id='par_1_11' title="bbox 500 1093 2096 1168">
     <span class='ocr_line' id='line_1_11' title="bbox 500 1093 2096 1168; baseline -0.004 -17"><span class='ocrx_word' id='word_1_85' title='bbox 500 1096 706 1168; x_wconf 82' lang='lat' dir='ltr'>captivi</span> <span class='ocrx_word' id='word_1_86' title='bbox 733 1093 1092 1161; x_wconf 90' lang='lat' dir='ltr'>tenebantur,</span> <span class='ocrx_word' id='word_1_87' title='bbox 1127 1098 1185 1149; x_wconf 90' lang='lat' dir='ltr'>et</span> <span class='ocrx_word' id='word_1_88' title='bbox 1210 1094 1269 1149; x_wconf 92' lang='lat' dir='ltr'>in</span> <span class='ocrx_word' id='word_1_89' title='bbox 1285 1109 1480 1148; x_wconf 88' lang='lat' dir='ltr'>eorum</span> <span class='ocrx_word' id='word_1_90' title='bbox 1499 1108 1635 1165; x_wconf 86' lang='lat' dir='ltr'>pace</span> <span class='ocrx_word' id='word_1_91' title='bbox 1652 1107 1847 1164; x_wconf 90' lang='lat' dir='ltr'>pacem</span> <span class='ocrx_word' id='word_1_92' title='bbox 1868 1106 2096 1162; x_wconf 91' lang='lat' dir='ltr'>sperare</span> 
     </span>
    </p>
   </div>
   <div class='ocr_carea' id='block_1_12' title="bbox 498 1174 2096 1256">
    <p class='ocr_par' dir='ltr' id='par_1_12' title="bbox 498 1174 2096 1256">
     <span class='ocr_line' id='line_1_12' title="bbox 498 1174 2096 1256; baseline -0.004 -17"><span class='ocrx_word' id='word_1_93' title='bbox 498 1185 569 1239; x_wconf 87' lang='lat' dir='ltr'>ad</span> <span class='ocrx_word' id='word_1_94' title='bbox 588 1182 902 1256; x_wconf 83' lang='lat' dir='ltr'>gignendos</span> <span class='ocrx_word' id='word_1_95' title='bbox 923 1183 1086 1250; x_wconf 93' lang='lat' dir='ltr'>ﬁlios,</span> <span class='ocrx_word' id='word_1_96' title='bbox 1099 1174 1171 1238; x_wconf 21' lang='lat' dir='ltr'>iet</span> <span class='ocrx_word' id='word_1_97' title='bbox 1180 1183 1375 1238; x_wconf 91' lang='lat' dir='ltr'>domos</span> <span class='ocrx_word' id='word_1_98' title='bbox 1390 1181 1826 1247; x_wconf 67' lang='lat' dir='ltr'>aediﬁcandas,et</span> <span class='ocrx_word' id='word_1_99' title='bbox 1836 1180 2096 1252; x_wconf 87' lang='lat' dir='ltr'>plantan-</span> 
     </span>
    </p>
   </div>
   <div class='ocr_carea' id='block_1_13' title="bbox 496 1270 2098 1343">
    <p class='ocr_par' dir='ltr' id='par_1_13' title="bbox 496 1270 2098 1343">
     <span class='ocr_line' id='line_1_13' title="bbox 496 1270 2098 1343; baseline -0.004 -14"><span class='ocrx_word' id='word_1_100' title='bbox 496 1274 600 1329; x_wconf 91' lang='lat' dir='ltr'>dos</span> <span class='ocrx_word' id='word_1_101' title='bbox 626 1273 820 1328; x_wconf 84' lang='lat' dir='ltr'>hortos</span> <span class='ocrx_word' id='word_1_102' title='bbox 846 1278 904 1328; x_wconf 94' lang='lat' dir='ltr'>et</span> <span class='ocrx_word' id='word_1_103' title='bbox 930 1272 1141 1328; x_wconf 90' lang='lat' dir='ltr'>vineas.</span> <span class='ocrx_word' id='word_1_104' title='bbox 1160 1272 1295 1327; x_wconf 89' lang='lat' dir='ltr'>Post</span> <span class='ocrx_word' id='word_1_105' title='bbox 1322 1270 1682 1343; x_wconf 86' lang='lat' dir='ltr'>septuaginta</span> <span class='ocrx_word' id='word_1_106' title='bbox 1709 1274 1899 1325; x_wconf 90' lang='lat' dir='ltr'>autem</span> <span class='ocrx_word' id='word_1_107' title='bbox 1919 1285 2098 1324; x_wconf 91' lang='lat' dir='ltr'>annos</span> 
     </span>
    </p>
   </div>
   <div class='ocr_carea' id='block_1_14' title="bbox 500 1358 2099 1436">
    <p class='ocr_par' dir='ltr' id='par_1_14' title="bbox 500 1358 2099 1436">
     <span class='ocr_line' id='line_1_14' title="bbox 500 1358 2099 1436; baseline -0.003 -19"><span class='ocrx_word' id='word_1_108' title='bbox 500 1362 852 1436; x_wconf 85' lang='lat' dir='ltr'>promittitur</span> <span class='ocrx_word' id='word_1_109' title='bbox 861 1362 942 1417; x_wconf 90' lang='lat' dir='ltr'>eis</span> <span class='ocrx_word' id='word_1_110' title='bbox 961 1362 1032 1417; x_wconf 92' lang='lat' dir='ltr'>ab</span> <span class='ocrx_word' id='word_1_111' title='bbox 1043 1361 1141 1416; x_wconf 90' lang='lat' dir='ltr'>illa</span> <span class='ocrx_word' id='word_1_112' title='bbox 1156 1360 1477 1433; x_wconf 86' lang='lat' dir='ltr'>captivitate</span> <span class='ocrx_word' id='word_1_113' title='bbox 1493 1358 1897 1414; x_wconf 87' lang='lat' dir='ltr'>liberatio.Hoc</span> <span class='ocrx_word' id='word_1_114' title='bbox 1909 1363 2099 1413; x_wconf 90' lang='lat' dir='ltr'>autem</span> 
     </span>
    </p>
   </div>
   <div class='ocr_carea' id='block_1_15' title="bbox 499 1447 2100 1523">
    <p class='ocr_par' dir='ltr' id='par_1_15' title="bbox 499 1447 2100 1523">
     <span class='ocr_line' id='line_1_15' title="bbox 499 1447 2100 1523; baseline -0.004 -16"><span class='ocrx_word' id='word_1_115' title='bbox 499 1456 685 1507; x_wconf 81' lang='lat' dir='ltr'>totum</span> <span class='ocrx_word' id='word_1_116' title='bbox 712 1452 952 1523; x_wconf 88' lang='lat' dir='ltr'>ﬁgurate</span> <span class='ocrx_word' id='word_1_117' title='bbox 981 1450 1263 1521; x_wconf 74' lang='lat' dir='ltr'>significat</span> <span class='ocrx_word' id='word_1_118' title='bbox 1291 1448 1594 1505; x_wconf 89' lang='lat' dir='ltr'>Ecclesiam</span> <span class='ocrx_word' id='word_1_119' title='bbox 1632 1447 1841 1503; x_wconf 86' lang='lat' dir='ltr'>Christi</span> <span class='ocrx_word' id='word_1_120' title='bbox 1876 1447 1936 1503; x_wconf 92' lang='lat' dir='ltr'>in</span> <span class='ocrx_word' id='word_1_121' title='bbox 1983 1463 2100 1501; x_wconf 91' lang='lat' dir='ltr'>om-</span> 
     </span>
    </p>
   </div>
   <div class='ocr_carea' id='block_1_16' title="bbox 2172 642 3709 723">
    <p class='ocr_par' dir='ltr' id='par_1_16' title="bbox 2172 642 3709 723">
     <span class='ocr_line' id='line_1_16' title="bbox 2172 642 3709 723; baseline 0.006 -25"><span class='ocrx_word' id='word_1_122' title='bbox 2172 646 2232 698; x_wconf 87' lang='lat' dir='ltr'>et</span> <span class='ocrx_word' id='word_1_123' title='bbox 2251 642 2470 713; x_wconf 86' lang='lat' dir='ltr'>magnis</span> <span class='ocrx_word' id='word_1_124' title='bbox 2494 649 2551 697; x_wconf 90' lang='lat' dir='ltr'>et</span> <span class='ocrx_word' id='word_1_125' title='bbox 2578 644 2787 698; x_wconf 86' lang='lat' dir='ltr'>sanctis</span> <span class='ocrx_word' id='word_1_126' title='bbox 2814 645 3101 716; x_wconf 80' lang='lat' dir='ltr'>prophetis</span> <span class='ocrx_word' id='word_1_127' title='bbox 3131 664 3305 719; x_wconf 90' lang='lat' dir='ltr'>usque</span> <span class='ocrx_word' id='word_1_128' title='bbox 3327 650 3395 703; x_wconf 89' lang='lat' dir='ltr'>ad</span> <span class='ocrx_word' id='word_1_129' title='bbox 3416 655 3615 723; x_wconf 82' lang='lat' dir='ltr'>tempus</span> <span class='ocrx_word' id='word_1_130' title='bbox 3639 668 3709 707; x_wconf 88' lang='lat' dir='ltr'>ca-</span> 
     </span>
    </p>
   </div>
   <div class='ocr_carea' id='block_1_17' title="bbox 2172 731 3709 809">
    <p class='ocr_par' dir='ltr' id='par_1_17' title="bbox 2172 731 3709 809">
     <span class='ocr_line' id='line_1_17' title="bbox 2172 731 3709 809; baseline 0.007 -25"><span class='ocrx_word' id='word_1_131' title='bbox 2172 731 2445 802; x_wconf 86' lang='lat' dir='ltr'>ptivitatis</span> <span class='ocrx_word' id='word_1_132' title='bbox 2475 732 2534 786; x_wconf 93' lang='lat' dir='ltr'>in</span> <span class='ocrx_word' id='word_1_133' title='bbox 2558 732 2922 805; x_wconf 84' lang='lat' dir='ltr'>Babyloniam</span> <span class='ocrx_word' id='word_1_134' title='bbox 2946 754 2959 801; x_wconf 90' lang='lat'><strong>;</strong></span> <span class='ocrx_word' id='word_1_135' title='bbox 2993 740 3050 790; x_wconf 90' lang='lat' dir='ltr'>et</span> <span class='ocrx_word' id='word_1_136' title='bbox 3070 736 3127 790; x_wconf 89' lang='lat' dir='ltr'>in</span> <span class='ocrx_word' id='word_1_137' title='bbox 3148 736 3269 807; x_wconf 90' lang='lat' dir='ltr'>ipsa</span> <span class='ocrx_word' id='word_1_138' title='bbox 3296 739 3592 809; x_wconf 81' lang='lat' dir='ltr'>captivitate</span> <span class='ocrx_word' id='word_1_139' title='bbox 3612 740 3709 796; x_wconf 86' lang='lat' dir='ltr'>fue-</span> 
     </span>
    </p>
   </div>
   <div class='ocr_carea' id='block_1_18' title="bbox 2173 822 3711 894">
    <p class='ocr_par' dir='ltr' id='par_1_18' title="bbox 2173 822 3711 894">
     <span class='ocr_line' id='line_1_18' title="bbox 2173 822 3711 894; baseline 0.006 -19"><span class='ocrx_word' id='word_1_140' title='bbox 2173 826 2308 875; x_wconf 89' lang='lat' dir='ltr'>runt</span> <span class='ocrx_word' id='word_1_141' title='bbox 2325 822 2629 893; x_wconf 78' lang='lat' dir='ltr'>prophetae,</span> <span class='ocrx_word' id='word_1_142' title='bbox 2650 822 2745 894; x_wconf 91' lang='lat' dir='ltr'>qui</span> <span class='ocrx_word' id='word_1_143' title='bbox 2761 828 3057 879; x_wconf 91' lang='lat' dir='ltr'>venturum</span> <span class='ocrx_word' id='word_1_144' title='bbox 3077 826 3376 881; x_wconf 90' lang='lat' dir='ltr'>Dominum</span> <span class='ocrx_word' id='word_1_145' title='bbox 3390 828 3564 883; x_wconf 80' lang='lat' dir='ltr'>Iesum</span> <span class='ocrx_word' id='word_1_146' title='bbox 3580 829 3711 884; x_wconf 89' lang='lat' dir='ltr'>Chri-</span> 
     </span>
    </p>
   </div>
   <div class='ocr_carea' id='block_1_19' title="bbox 2174 910 3713 989">
    <p class='ocr_par' dir='ltr' id='par_1_19' title="bbox 2174 910 3713 989">
     <span class='ocr_line' id='line_1_19' title="bbox 2174 910 3713 989; baseline 0.006 -26"><span class='ocrx_word' id='word_1_147' title='bbox 2174 914 2327 964; x_wconf 90' lang='lat' dir='ltr'>stum</span> <span class='ocrx_word' id='word_1_148' title='bbox 2354 910 2714 965; x_wconf 86' lang='lat' dir='ltr'>liberatorem</span> <span class='ocrx_word' id='word_1_149' title='bbox 2745 912 2998 968; x_wconf 85' lang='lat' dir='ltr'>omnium</span> <span class='ocrx_word' id='word_1_150' title='bbox 3026 915 3437 985; x_wconf 87' lang='lat' dir='ltr'>prophetarent.</span> <span class='ocrx_word' id='word_1_151' title='bbox 3469 917 3532 972; x_wconf 89' lang='lat' dir='ltr'>Et</span> <span class='ocrx_word' id='word_1_152' title='bbox 3555 925 3713 989; x_wconf 85' lang='lat' dir='ltr'>postea</span> 
     </span>
    </p>
   </div>
   <div class='ocr_carea' id='block_1_20' title="bbox 2177 1002 3716 1075">
    <p class='ocr_par' dir='ltr' id='par_1_20' title="bbox 2177 1002 3716 1075">
     <span class='ocr_line' id='line_1_20' title="bbox 2177 1002 3716 1075; baseline 0.006 -22"><span class='ocrx_word' id='word_1_153' title='bbox 2177 1016 2347 1070; x_wconf 92' lang='lat' dir='ltr'>quam</span> <span class='ocrx_word' id='word_1_154' title='bbox 2374 1002 2646 1072; x_wconf 89' lang='lat' dir='ltr'>templum</span> <span class='ocrx_word' id='word_1_155' title='bbox 2669 1002 2966 1056; x_wconf 88' lang='lat' dir='ltr'>transactis</span> <span class='ocrx_word' id='word_1_156' title='bbox 2987 1005 3342 1075; x_wconf 84' lang='lat' dir='ltr'>septuaginta</span> <span class='ocrx_word' id='word_1_157' title='bbox 3359 1006 3511 1060; x_wconf 87' lang='lat' dir='ltr'>annis</span> <span class='ocrx_word' id='word_1_158' title='bbox 3533 1009 3716 1063; x_wconf 84' lang='lat' dir='ltr'>restitu-</span> 
     </span>
    </p>
   </div>
   <div class='ocr_carea' id='block_1_21' title="bbox 2177 1093 3714 1167">
    <p class='ocr_par' dir='ltr' id='par_1_21' title="bbox 2177 1093 3714 1167">
     <span class='ocr_line' id='line_1_21' title="bbox 2177 1093 3714 1167; baseline 0.006 -25"><span class='ocrx_word' id='word_1_159' title='bbox 2177 1093 2301 1143; x_wconf 92' lang='lat' dir='ltr'>tum</span> <span class='ocrx_word' id='word_1_160' title='bbox 2328 1095 2415 1143; x_wconf 87' lang='lat' dir='ltr'>est</span> <span class='ocrx_word' id='word_1_161' title='bbox 2438 1107 2450 1156; x_wconf 88' lang='lat'><strong>;</strong></span> <span class='ocrx_word' id='word_1_162' title='bbox 2485 1094 2673 1144; x_wconf 89' lang='lat' dir='ltr'>tantas</span> <span class='ocrx_word' id='word_1_163' title='bbox 2700 1107 2993 1161; x_wconf 88' lang='lat' dir='ltr'>pressuras</span> <span class='ocrx_word' id='word_1_164' title='bbox 3016 1098 3073 1146; x_wconf 88' lang='lat' dir='ltr'>et</span> <span class='ocrx_word' id='word_1_165' title='bbox 3100 1094 3441 1149; x_wconf 83' lang='lat' dir='ltr'>calamitates</span> <span class='ocrx_word' id='word_1_166' title='bbox 3474 1112 3505 1147; x_wconf 90' lang='lat' dir='ltr'>a</span> <span class='ocrx_word' id='word_1_167' title='bbox 3532 1097 3714 1167; x_wconf 86' lang='lat' dir='ltr'>regibus</span> 
     </span>
    </p>
   </div>
   <div class='ocr_carea' id='block_1_22' title="bbox 2176 1178 3715 1255">
    <p class='ocr_par' dir='ltr' id='par_1_22' title="bbox 2176 1178 3715 1255">
     <span class='ocr_line' id='line_1_22' title="bbox 2176 1178 3715 1255; baseline 0.005 -23"><span class='ocrx_word' id='word_1_168' title='bbox 2176 1178 2433 1249; x_wconf 86' lang='lat' dir='ltr'>gentium</span> <span class='ocrx_word' id='word_1_169' title='bbox 2453 1178 2631 1234; x_wconf 69' lang='lat' dir='ltr'>Judaei</span> <span class='ocrx_word' id='word_1_170' title='bbox 2653 1179 2902 1252; x_wconf 89' lang='lat' dir='ltr'>perpessi</span> <span class='ocrx_word' id='word_1_171' title='bbox 2936 1187 3087 1249; x_wconf 89' lang='lat' dir='ltr'>sunt,</span> <span class='ocrx_word' id='word_1_172' title='bbox 3131 1187 3197 1236; x_wconf 93' lang='lat' dir='ltr'>ut</span> <span class='ocrx_word' id='word_1_173' title='bbox 3224 1182 3581 1255; x_wconf 85' lang='lat' dir='ltr'>intelligerent</span> <span class='ocrx_word' id='word_1_174' title='bbox 3604 1202 3715 1239; x_wconf 86' lang='lat' dir='ltr'>non-</span> 
     </span>
    </p>
   </div>
   <div class='ocr_carea' id='block_1_23' title="bbox 2179 1266 3716 1343">
    <p class='ocr_par' dir='ltr' id='par_1_23' title="bbox 2179 1266 3716 1343">
     <span class='ocr_line' id='line_1_23' title="bbox 2179 1266 3716 1343; baseline 0.005 -22"><span class='ocrx_word' id='word_1_175' title='bbox 2179 1266 2315 1321; x_wconf 91' lang='lat' dir='ltr'>dum</span> <span class='ocrx_word' id='word_1_176' title='bbox 2346 1268 2563 1323; x_wconf 85' lang='lat' dir='ltr'>venisse</span> <span class='ocrx_word' id='word_1_177' title='bbox 2590 1267 2963 1337; x_wconf 57' lang='lat' dir='ltr'>liberatorem,</span> <span class='ocrx_word' id='word_1_178' title='bbox 2984 1287 3152 1342; x_wconf 89' lang='lat' dir='ltr'>quem</span> <span class='ocrx_word' id='word_1_179' title='bbox 3162 1288 3275 1326; x_wconf 90' lang='lat' dir='ltr'>non</span> <span class='ocrx_word' id='word_1_180' title='bbox 3294 1272 3602 1343; x_wconf 82' lang='lat' dir='ltr'>spiritaliter</span> <span class='ocrx_word' id='word_1_181' title='bbox 3612 1274 3716 1329; x_wconf 88' lang='lat' dir='ltr'>libe-</span> 
     </span>
    </p>
   </div>
   <div class='ocr_carea' id='block_1_24' title="bbox 2180 1356 3717 1432">
    <p class='ocr_par' dir='ltr' id='par_1_24' title="bbox 2180 1356 3717 1432">
     <span class='ocr_line' id='line_1_24' title="bbox 2180 1356 3717 1432; baseline 0.005 -22"><span class='ocrx_word' id='word_1_182' title='bbox 2180 1361 2439 1412; x_wconf 89' lang='lat' dir='ltr'>raturum</span> <span class='ocrx_word' id='word_1_183' title='bbox 2465 1356 2872 1428; x_wconf 89' lang='lat' dir='ltr'>intelligebant,</span> <span class='ocrx_word' id='word_1_184' title='bbox 2902 1359 3001 1414; x_wconf 92' lang='lat' dir='ltr'>sed</span> <span class='ocrx_word' id='word_1_185' title='bbox 3040 1377 3141 1432; x_wconf 91' lang='lat' dir='ltr'>pro</span> <span class='ocrx_word' id='word_1_186' title='bbox 3192 1359 3513 1417; x_wconf 88' lang='lat' dir='ltr'>liberatione</span> <span class='ocrx_word' id='word_1_187' title='bbox 3550 1364 3717 1418; x_wconf 87' lang='lat' dir='ltr'>carnali</span> 
     </span>
    </p>
   </div>
   <div class='ocr_carea' id='block_1_25' title="bbox 2181 1444 3715 1520">
    <p class='ocr_par' dir='ltr' id='par_1_25' title="bbox 2181 1444 3715 1520">
     <span class='ocr_line' id='line_1_25' title="bbox 2181 1444 3715 1520; baseline 0.005 -22"><span class='ocrx_word' id='word_1_188' title='bbox 2181 1444 2595 1501; x_wconf 87' lang='lat' dir='ltr'>desiderabant.</span> <span class='ocrx_word' id='word_1_189' title='bbox 2618 1447 2867 1503; x_wconf 87' lang='lat' dir='ltr'>Peractis</span> <span class='ocrx_word' id='word_1_190' title='bbox 2883 1465 3017 1520; x_wconf 90' lang='lat' dir='ltr'>ergo</span> <span class='ocrx_word' id='word_1_191' title='bbox 3029 1450 3277 1520; x_wconf 88' lang='lat' dir='ltr'>quinque</span> <span class='ocrx_word' id='word_1_192' title='bbox 3297 1450 3541 1506; x_wconf 66' lang='lat' dir='ltr'>aetatibus</span> <span class='ocrx_word' id='word_1_193' title='bbox 3552 1453 3715 1519; x_wconf 59' lang='lat' dir='ltr'>saeculi,</span> 
     </span>
    </p>
   </div>
   <div class='ocr_carea' id='block_1_26' title="bbox 500 1535 3715 1611">
    <p class='ocr_par' dir='ltr' id='par_1_26' title="bbox 500 1535 3715 1611">
     <span class='ocr_line' id='line_1_26' title="bbox 500 1535 3715 1611; baseline -0 -15"><span class='ocrx_word' id='word_1_194' title='bbox 500 1540 667 1597; x_wconf 88' lang='lat' dir='ltr'>nibus</span> <span class='ocrx_word' id='word_1_195' title='bbox 679 1540 888 1596; x_wconf 87' lang='lat' dir='ltr'>sanctis</span> <span class='ocrx_word' id='word_1_196' title='bbox 908 1539 1153 1611; x_wconf 89' lang='lat' dir='ltr'>ejus,qui</span> <span class='ocrx_word' id='word_1_197' title='bbox 1166 1543 1300 1593; x_wconf 90' lang='lat' dir='ltr'>sunt</span> <span class='ocrx_word' id='word_1_198' title='bbox 1311 1537 1821 1593; x_wconf 85' lang='lat' dir='ltr'>civesHierusalem</span> <span class='ocrx_word' id='word_1_199' title='bbox 1835 1535 2095 1602; x_wconf 70' lang='lat' dir='ltr'>cmlestis,</span> <span class='ocrx_word' id='word_1_200' title='bbox 2183 1551 2423 1607; x_wconf 92' lang='lat' dir='ltr'>quarum</span> <span class='ocrx_word' id='word_1_201' title='bbox 2448 1536 2631 1606; x_wconf 89' lang='lat' dir='ltr'>prima</span> <span class='ocrx_word' id='word_1_202' title='bbox 2658 1542 2743 1591; x_wconf 92' lang='lat' dir='ltr'>est</span> <span class='ocrx_word' id='word_1_203' title='bbox 2771 1536 2841 1591; x_wconf 92' lang='lat' dir='ltr'>ab</span> <span class='ocrx_word' id='word_1_204' title='bbox 2871 1538 3031 1592; x_wconf 89' lang='lat' dir='ltr'>initio</span> <span class='ocrx_word' id='word_1_205' title='bbox 3049 1540 3276 1609; x_wconf 87' lang='lat' dir='ltr'>generis</span> <span class='ocrx_word' id='word_1_206' title='bbox 3304 1540 3543 1605; x_wconf 88' lang='lat' dir='ltr'>humani,</span> <span class='ocrx_word' id='word_1_207' title='bbox 3565 1541 3613 1595; x_wconf 91' lang='lat' dir='ltr'>id</span> <span class='ocrx_word' id='word_1_208' title='bbox 3638 1546 3715 1605; x_wconf 84' lang='lat' dir='ltr'>est,</span> 
     </span>
    </p>
   </div>
   <div class='ocr_carea' id='block_1_27' title="bbox 502 1623 3717 1701">
    <p class='ocr_par' dir='ltr' id='par_1_27' title="bbox 502 1623 3717 1701">
     <span class='ocr_line' id='line_1_27' title="bbox 502 1623 3717 1701; baseline -0 -16"><span class='ocrx_word' id='word_1_209' title='bbox 502 1630 838 1685; x_wconf 85' lang='lat' dir='ltr'>servituram</span> <span class='ocrx_word' id='word_1_210' title='bbox 866 1628 971 1684; x_wconf 89' lang='lat' dir='ltr'>sub</span> <span class='ocrx_word' id='word_1_211' title='bbox 999 1627 1225 1699; x_wconf 87' lang='lat' dir='ltr'>regibus</span> <span class='ocrx_word' id='word_1_212' title='bbox 1255 1627 1424 1698; x_wconf 86' lang='lat' dir='ltr'>hujus</span> <span class='ocrx_word' id='word_1_213' title='bbox 1448 1626 1654 1681; x_wconf 64' lang='lat' dir='ltr'>saeculi.</span> <span class='ocrx_word' id='word_1_214' title='bbox 1688 1625 1833 1681; x_wconf 90' lang='lat' dir='ltr'>Dicit</span> <span class='ocrx_word' id='word_1_215' title='bbox 1870 1625 2020 1679; x_wconf 91' lang='lat' dir='ltr'>enim</span> <span class='ocrx_word' id='word_1_216' title='bbox 2045 1628 2104 1679; x_wconf 90' lang='lat' dir='ltr'>et</span> <span class='ocrx_word' id='word_1_217' title='bbox 2184 1623 2445 1678; x_wconf 89' lang='lat' dir='ltr'>abAdam</span> <span class='ocrx_word' id='word_1_218' title='bbox 2462 1624 2557 1695; x_wconf 91' lang='lat' dir='ltr'>qui</span> <span class='ocrx_word' id='word_1_219' title='bbox 2580 1624 2795 1697; x_wconf 91' lang='lat' dir='ltr'>primus</span> <span class='ocrx_word' id='word_1_220' title='bbox 2815 1626 2983 1682; x_wconf 92' lang='lat' dir='ltr'>homo</span> <span class='ocrx_word' id='word_1_221' title='bbox 3005 1626 3184 1683; x_wconf 87' lang='lat' dir='ltr'>factus</span> <span class='ocrx_word' id='word_1_222' title='bbox 3203 1634 3307 1695; x_wconf 91' lang='lat' dir='ltr'>est,</span> <span class='ocrx_word' id='word_1_223' title='bbox 3331 1645 3500 1701; x_wconf 89' lang='lat' dir='ltr'>usque</span> <span class='ocrx_word' id='word_1_224' title='bbox 3526 1630 3586 1684; x_wconf 90' lang='lat' dir='ltr'>ad</span> <span class='ocrx_word' id='word_1_225' title='bbox 3611 1630 3717 1696; x_wconf 83' lang='lat' dir='ltr'>Noe,</span> 
     </span>
    </p>
   </div>
   <div class='ocr_carea' id='block_1_28' title="bbox 505 1712 3722 1791">
    <p class='ocr_par' dir='ltr' id='par_1_28' title="bbox 505 1712 3722 1791">
     <span class='ocr_line' id='line_1_28' title="bbox 505 1712 3722 1791; baseline -0.001 -17"><span class='ocrx_word' id='word_1_226' title='bbox 505 1718 813 1791; x_wconf 91' lang='lat' dir='ltr'>apostolica</span> <span class='ocrx_word' id='word_1_227' title='bbox 840 1717 1097 1773; x_wconf 90' lang='lat' dir='ltr'>doctrina</span> <span class='ocrx_word' id='word_1_228' title='bbox 1123 1722 1190 1772; x_wconf 90' lang='lat' dir='ltr'>ut</span> <span class='ocrx_word' id='word_1_229' title='bbox 1222 1736 1245 1769; x_wconf 83' lang='grc'><strong>‹</strong></span> <span class='ocrx_word' id='word_1_230' title='bbox 1270 1716 1453 1771; x_wconf 91' lang='lat' dir='ltr'>omnis</span> <span class='ocrx_word' id='word_1_231' title='bbox 1467 1716 1657 1771; x_wconf 88' lang='lat' dir='ltr'>anima</span> <span class='ocrx_word' id='word_1_232' title='bbox 1685 1714 2102 1770; x_wconf 89' lang='lat' dir='ltr'>sublimioribus</span> <span class='ocrx_word' id='word_1_233' title='bbox 2125 1764 2165 1791; x_wconf 60' lang='grc' dir='ltr'>ῃ</span> <span class='ocrx_word' id='word_1_234' title='bbox 2185 1713 2281 1784; x_wconf 88' lang='lat' dir='ltr'>qui</span> <span class='ocrx_word' id='word_1_235' title='bbox 2305 1712 2438 1768; x_wconf 91' lang='lat' dir='ltr'>fecit</span> <span class='ocrx_word' id='word_1_236' title='bbox 2465 1730 2652 1768; x_wconf 87' lang='lat' dir='ltr'>arcam</span> <span class='ocrx_word' id='word_1_237' title='bbox 2685 1714 2743 1768; x_wconf 92' lang='lat' dir='ltr'>in</span> <span class='ocrx_word' id='word_1_238' title='bbox 2770 1714 2995 1770; x_wconf 90' lang='lat' dir='ltr'>diluvio.</span> <span class='ocrx_word' id='word_1_239' title='bbox 3026 1717 3162 1771; x_wconf 91' lang='lat' dir='ltr'>lnde</span> <span class='ocrx_word' id='word_1_240' title='bbox 3195 1718 3439 1772; x_wconf 89' lang='lat' dir='ltr'>secunda</span> <span class='ocrx_word' id='word_1_241' title='bbox 3476 1724 3553 1772; x_wconf 89' lang='lat' dir='ltr'>est</span> <span class='ocrx_word' id='word_1_242' title='bbox 3582 1735 3722 1789; x_wconf 88' lang='lat' dir='ltr'>usque</span> 
     </span>
    </p>
   </div>
   <div class='ocr_carea' id='block_1_29' title="bbox 506 1764 3723 1881">
    <p class='ocr_par' dir='ltr' id='par_1_29' title="bbox 506 1764 3723 1881">
     <span class='ocr_line' id='line_1_29' title="bbox 506 1764 3723 1881; baseline -0 -18"><span class='ocrx_word' id='word_1_243' title='bbox 1683 1764 1710 1856; x_wconf 50' lang='grc' dir='ltr'><em>ξ</em></span> <span class='ocrx_word' id='word_1_244' title='bbox 1719 1764 1938 1859; x_wconf 42' lang='lat' dir='ltr'>“etn—</span> <span class='ocrx_word' id='word_1_245' title='bbox 2120 1764 2167 1826; x_wconf 71' lang='grc' dir='ltr'><strong>Β</strong></span> <span class='ocrx_word' id='word_1_246' title='bbox 2185 1764 2908 1875; x_wconf 71' lang='lat' dir='ltr'>pater</span> <span class='ocrx_word' id='word_1_247' title='bbox 2934 1804 3144 1860; x_wconf 90' lang='lat' dir='ltr'>electus</span> <span class='ocrx_word' id='word_1_248' title='bbox 3174 1811 3262 1861; x_wconf 88' lang='lat' dir='ltr'>est</span> <span class='ocrx_word' id='word_1_249' title='bbox 3281 1807 3521 1862; x_wconf 89' lang='lat' dir='ltr'>omnium</span> <span class='ocrx_word' id='word_1_250' title='bbox 3543 1764 3723 1879; x_wconf 43' lang='lat' dir='ltr'>quidzm</span> 
     </span>
    </p>
   </div>
   <div class='ocr_carea' id='block_1_30' title="bbox 507 1892 3724 1965">
    <p class='ocr_par' dir='ltr' id='par_1_30' title="bbox 507 1892 3724 1965">
     <span class='ocr_line' id='line_1_30' title="bbox 507 1892 3724 1965; baseline -0.001 -13"><span class='ocrx_word' id='word_1_251' title='bbox 507 1896 718 1952; x_wconf 90' lang='lat' dir='ltr'>dantur</span> <span class='ocrx_word' id='word_1_252' title='bbox 734 1913 761 1947; x_wconf 88' lang='lat'>«</span> <span class='ocrx_word' id='word_1_253' title='bbox 794 1894 1054 1951; x_wconf 91' lang='lat' dir='ltr'>omnibus</span> <span class='ocrx_word' id='word_1_254' title='bbox 1082 1895 1287 1962; x_wconf 91' lang='lat' dir='ltr'>omnia,</span> <span class='ocrx_word' id='word_1_255' title='bbox 1307 1895 1397 1951; x_wconf 91' lang='lat' dir='ltr'>cui</span> <span class='ocrx_word' id='word_1_256' title='bbox 1406 1893 1683 1949; x_wconf 89' lang='lat' dir='ltr'>tributum</span> <span class='ocrx_word' id='word_1_257' title='bbox 1699 1893 1994 1959; x_wconf 90' lang='lat' dir='ltr'>tributum,</span> <span class='ocrx_word' id='word_1_258' title='bbox 2014 1892 2104 1948; x_wconf 92' lang='lat' dir='ltr'>cui</span> <span class='ocrx_word' id='word_1_259' title='bbox 2183 1892 2460 1963; x_wconf 84' lang='lat' dir='ltr'>gentium,</span> <span class='ocrx_word' id='word_1_260' title='bbox 2481 1908 2603 1964; x_wconf 79' lang='lat' dir='ltr'>quae</span> <span class='ocrx_word' id='word_1_261' title='bbox 2629 1893 2800 1947; x_wconf 88' lang='lat' dir='ltr'>ﬁdem</span> <span class='ocrx_word' id='word_1_262' title='bbox 2813 1893 2989 1965; x_wconf 91' lang='lat' dir='ltr'>ipsius</span> <span class='ocrx_word' id='word_1_263' title='bbox 3001 1894 3381 1962; x_wconf 88' lang='lat' dir='ltr'>imitarentur,</span> <span class='ocrx_word' id='word_1_264' title='bbox 3396 1897 3489 1950; x_wconf 88' lang='lat' dir='ltr'>sed</span> <span class='ocrx_word' id='word_1_265' title='bbox 3506 1902 3665 1951; x_wconf 87' lang='lat' dir='ltr'>tamen</span> <span class='ocrx_word' id='word_1_266' title='bbox 3675 1913 3724 1950; x_wconf 84' lang='lat' dir='ltr'>ex</span> 
     </span>
    </p>
   </div>
   <div class='ocr_carea' id='block_1_31' title="bbox 510 1981 3725 2056">
    <p class='ocr_par' dir='ltr' id='par_1_31' title="bbox 510 1981 3725 2056">
     <span class='ocr_line' id='line_1_31' title="bbox 510 1981 3725 2056; baseline 0.001 -20"><span class='ocrx_word' id='word_1_267' title='bbox 510 1984 747 2055; x_wconf 85' lang='lat' dir='ltr'>vectigal</span> <span class='ocrx_word' id='word_1_268' title='bbox 775 1984 1012 2055; x_wconf 86' lang='lat' dir='ltr'>vectigal</span> <span class='ocrx_word' id='word_1_269' title='bbox 1029 1984 1218 2055; x_wconf 81' lang='lat' dir='ltr'>(Ibz&#39;d.,</span> <span class='ocrx_word' id='word_1_270' title='bbox 1242 2001 1296 2050; x_wconf 89' lang='lat' dir='ltr'>v,</span> <span class='ocrx_word' id='word_1_271' title='bbox 1329 1985 1404 2051; x_wconf 81' lang='lat'>7),</span> <span class='ocrx_word' id='word_1_272' title='bbox 1427 2002 1457 2037; x_wconf 71' lang='lat' dir='ltr'>in</span> <span class='ocrx_word' id='word_1_273' title='bbox 1479 1988 1537 2038; x_wconf 90' lang='lat' dir='ltr'>et</span> <span class='ocrx_word' id='word_1_274' title='bbox 1565 1988 1785 2050; x_wconf 83' lang='lat' dir='ltr'>caetera,</span> <span class='ocrx_word' id='word_1_275' title='bbox 1800 1984 1934 2055; x_wconf 80' lang='lat' dir='ltr'>quae</span> <span class='ocrx_word' id='word_1_276' title='bbox 1954 1983 2105 2037; x_wconf 87' lang='lat' dir='ltr'>salvo</span> <span class='ocrx_word' id='word_1_277' title='bbox 2187 1981 2493 2053; x_wconf 85' lang='lat' dir='ltr'>propagine</span> <span class='ocrx_word' id='word_1_278' title='bbox 2516 1981 2701 2036; x_wconf 90' lang='lat' dir='ltr'>carnis</span> <span class='ocrx_word' id='word_1_279' title='bbox 2733 1999 2846 2038; x_wconf 83' lang='lat' dir='ltr'>suae</span> <span class='ocrx_word' id='word_1_280' title='bbox 2876 1982 3067 2038; x_wconf 79' lang='lat' dir='ltr'>futura</span> <span class='ocrx_word' id='word_1_281' title='bbox 3093 1985 3287 2056; x_wconf 87' lang='lat' dir='ltr'>populi</span> <span class='ocrx_word' id='word_1_282' title='bbox 3315 1986 3609 2040; x_wconf 75' lang='lat' dir='ltr'>Iudaeorum</span> <span class='ocrx_word' id='word_1_283' title='bbox 3626 1990 3725 2039; x_wconf 83' lang='lat' dir='ltr'>ante</span> 
     </span>
    </p>
   </div>
   <div class='ocr_carea' id='block_1_32' title="bbox 507 2072 2108 2144">
    <p class='ocr_par' dir='ltr' id='par_1_32' title="bbox 507 2072 2108 2144">
     <span class='ocr_line' id='line_1_32' title="bbox 507 2072 2108 2144; baseline -0.002 -15"><span class='ocrx_word' id='word_1_284' title='bbox 507 2073 734 2129; x_wconf 92' lang='lat' dir='ltr'>Domini</span> <span class='ocrx_word' id='word_1_285' title='bbox 766 2073 945 2128; x_wconf 87' lang='lat' dir='ltr'>nostri</span> <span class='ocrx_word' id='word_1_286' title='bbox 976 2072 1146 2138; x_wconf 90' lang='lat' dir='ltr'>cultu,</span> <span class='ocrx_word' id='word_1_287' title='bbox 1184 2072 1603 2128; x_wconf 86' lang='lat' dir='ltr'>constitutionis</span> <span class='ocrx_word' id='word_1_288' title='bbox 1626 2073 1887 2127; x_wconf 69' lang='lat' dir='ltr'>humana:</span> <span class='ocrx_word' id='word_1_289' title='bbox 1905 2072 2108 2144; x_wconf 87' lang='lat' dir='ltr'>princi-</span> 
     </span>
    </p>
   </div>
   <div class='ocr_carea' id='block_1_33' title="bbox 510 2160 2110 2235">
    <p class='ocr_par' dir='ltr' id='par_1_33' title="bbox 510 2160 2110 2235">
     <span class='ocr_line' id='line_1_33' title="bbox 510 2160 2110 2235; baseline -0.003 -18"><span class='ocrx_word' id='word_1_290' title='bbox 510 2161 677 2235; x_wconf 89' lang='lat' dir='ltr'>pibus</span> <span class='ocrx_word' id='word_1_291' title='bbox 698 2162 1005 2229; x_wconf 91' lang='lat' dir='ltr'>reddimus,</span> <span class='ocrx_word' id='word_1_292' title='bbox 1036 2162 1260 2234; x_wconf 88' lang='lat' dir='ltr'>quando</span> <span class='ocrx_word' id='word_1_293' title='bbox 1289 2167 1347 2218; x_wconf 92' lang='lat' dir='ltr'>et</span> <span class='ocrx_word' id='word_1_294' title='bbox 1373 2162 1493 2235; x_wconf 89' lang='lat' dir='ltr'>ipse</span> <span class='ocrx_word' id='word_1_295' title='bbox 1520 2162 1794 2217; x_wconf 89' lang='lat' dir='ltr'>Dominus</span> <span class='ocrx_word' id='word_1_296' title='bbox 1839 2165 1905 2216; x_wconf 88' lang='lat' dir='ltr'>ut</span> <span class='ocrx_word' id='word_1_297' title='bbox 1951 2160 2110 2215; x_wconf 92' lang='lat' dir='ltr'>nobis</span> 
     </span>
    </p>
   </div>
   <div class='ocr_carea' id='block_1_34' title="bbox 515 2250 2112 2324">
    <p class='ocr_par' dir='ltr' id='par_1_34' title="bbox 515 2250 2112 2324">
     <span class='ocr_line' id='line_1_34' title="bbox 515 2250 2112 2324; baseline -0.002 -17"><span class='ocrx_word' id='word_1_298' title='bbox 515 2252 685 2323; x_wconf 88' lang='lat' dir='ltr'>hujus</span> <span class='ocrx_word' id='word_1_299' title='bbox 694 2267 845 2307; x_wconf 79' lang='lat' dir='ltr'>sanae</span> <span class='ocrx_word' id='word_1_300' title='bbox 857 2252 1124 2308; x_wconf 68' lang='lat' dir='ltr'>doctrina:</span> <span class='ocrx_word' id='word_1_301' title='bbox 1134 2250 1410 2324; x_wconf 75' lang='lat' dir='ltr'>praeberet</span> <span class='ocrx_word' id='word_1_302' title='bbox 1420 2252 1863 2323; x_wconf 88' lang='lat' dir='ltr'>exemplum,pro</span> <span class='ocrx_word' id='word_1_303' title='bbox 1876 2267 1943 2305; x_wconf 92' lang='lat' dir='ltr'>ea</span> <span class='ocrx_word' id='word_1_304' title='bbox 1950 2255 2112 2322; x_wconf 88' lang='lat' dir='ltr'>parte</span> 
     </span>
    </p>
   </div>
   <div class='ocr_carea' id='block_1_35' title="bbox 512 2340 2113 2412">
    <p class='ocr_par' dir='ltr' id='par_1_35' title="bbox 512 2340 2113 2412">
     <span class='ocr_line' id='line_1_35' title="bbox 512 2340 2113 2412; baseline -0.002 -16"><span class='ocrx_word' id='word_1_305' title='bbox 512 2340 759 2396; x_wconf 85' lang='lat' dir='ltr'>hominis</span> <span class='ocrx_word' id='word_1_306' title='bbox 789 2358 900 2412; x_wconf 90' lang='lat' dir='ltr'>quo</span> <span class='ocrx_word' id='word_1_307' title='bbox 929 2347 1053 2397; x_wconf 90' lang='lat' dir='ltr'>erat</span> <span class='ocrx_word' id='word_1_308' title='bbox 1073 2341 1305 2397; x_wconf 89' lang='lat' dir='ltr'>indutus</span> <span class='ocrx_word' id='word_1_309' title='bbox 1330 2340 1607 2398; x_wconf 85' lang='lat' dir='ltr'>tributum</span> <span class='ocrx_word' id='word_1_310' title='bbox 1634 2341 1847 2395; x_wconf 89' lang='lat' dir='ltr'>solvere</span> <span class='ocrx_word' id='word_1_311' title='bbox 1878 2356 1991 2395; x_wconf 94' lang='lat' dir='ltr'>non</span> <span class='ocrx_word' id='word_1_312' title='bbox 2020 2340 2113 2394; x_wconf 91' lang='lat' dir='ltr'>de-</span> 
     </span>
    </p>
   </div>
   <div class='ocr_carea' id='block_1_36' title="bbox 515 2429 2112 2502">
    <p class='ocr_par' dir='ltr' id='par_1_36' title="bbox 515 2429 2112 2502">
     <span class='ocr_line' id='line_1_36' title="bbox 515 2429 2112 2502; baseline -0.001 -17"><span class='ocrx_word' id='word_1_313' title='bbox 515 2430 779 2502; x_wconf 90' lang='lat' dir='ltr'>dignatus</span> <span class='ocrx_word' id='word_1_314' title='bbox 798 2435 901 2485; x_wconf 90' lang='lat' dir='ltr'>est.</span> <span class='ocrx_word' id='word_1_315' title='bbox 928 2430 1206 2487; x_wconf 86' lang='lat' dir='ltr'>Jubentur</span> <span class='ocrx_word' id='word_1_316' title='bbox 1232 2435 1424 2487; x_wconf 88' lang='lat' dir='ltr'>autem</span> <span class='ocrx_word' id='word_1_317' title='bbox 1451 2430 1625 2485; x_wconf 89' lang='lat' dir='ltr'>etiam</span> <span class='ocrx_word' id='word_1_318' title='bbox 1640 2430 1785 2485; x_wconf 84' lang='lat' dir='ltr'>servi</span> <span class='ocrx_word' id='word_1_319' title='bbox 1810 2429 2112 2484; x_wconf 73' lang='lat' dir='ltr'>Christiani</span> 
     </span>
    </p>
   </div>
   <div class='ocr_carea' id='block_1_37' title="bbox 518 2518 2115 2593">
    <p class='ocr_par' dir='ltr' id='par_1_37' title="bbox 518 2518 2115 2593">
     <span class='ocr_line' id='line_1_37' title="bbox 518 2518 2115 2593; baseline -0.001 -18"><span class='ocrx_word' id='word_1_320' title='bbox 518 2519 717 2575; x_wconf 91' lang='lat' dir='ltr'>etboni</span> <span class='ocrx_word' id='word_1_321' title='bbox 728 2520 923 2575; x_wconf 90' lang='lat' dir='ltr'>ﬁdeles</span> <span class='ocrx_word' id='word_1_322' title='bbox 931 2520 1173 2577; x_wconf 89' lang='lat' dir='ltr'>dominis</span> <span class='ocrx_word' id='word_1_323' title='bbox 1183 2520 1299 2576; x_wconf 90' lang='lat' dir='ltr'>suis</span> <span class='ocrx_word' id='word_1_324' title='bbox 1308 2519 1713 2593; x_wconf 89' lang='lat' dir='ltr'>temporalibus</span> <span class='ocrx_word' id='word_1_325' title='bbox 1724 2518 2115 2593; x_wconf 54' lang='lat' dir='ltr'>aequanimiter</span> 
     </span>
    </p>
   </div>
   <div class='ocr_carea' id='block_1_38' title="bbox 519 2608 2116 2681">
    <p class='ocr_par' dir='ltr' id='par_1_38' title="bbox 519 2608 2116 2681">
     <span class='ocr_line' id='line_1_38' title="bbox 519 2608 2116 2681; baseline -0.001 -16"><span class='ocrx_word' id='word_1_326' title='bbox 519 2610 874 2681; x_wconf 87' lang='lat' dir='ltr'>ﬁdeliterque</span> <span class='ocrx_word' id='word_1_327' title='bbox 894 2610 1103 2664; x_wconf 88' lang='lat' dir='ltr'>servire</span> <span class='ocrx_word' id='word_1_328' title='bbox 1125 2628 1137 2663; x_wconf 91' lang='lat'><strong>:</strong></span> <span class='ocrx_word' id='word_1_329' title='bbox 1154 2626 1293 2681; x_wconf 90' lang='lat' dir='ltr'>quos</span> <span class='ocrx_word' id='word_1_330' title='bbox 1310 2609 1620 2681; x_wconf 87' lang='lat' dir='ltr'>judicaturi</span> <span class='ocrx_word' id='word_1_331' title='bbox 1646 2614 1779 2665; x_wconf 91' lang='lat' dir='ltr'>sunt</span> <span class='ocrx_word' id='word_1_332' title='bbox 1796 2610 1843 2664; x_wconf 89' lang='lat' dir='ltr'>si</span> <span class='ocrx_word' id='word_1_333' title='bbox 1859 2625 2036 2680; x_wconf 89' lang='lat' dir='ltr'>usque</span> <span class='ocrx_word' id='word_1_334' title='bbox 2056 2608 2116 2663; x_wconf 89' lang='lat' dir='ltr'>in</span> 
     </span>
    </p>
   </div>
   <div class='ocr_carea' id='block_1_39' title="bbox 520 2697 2118 2770">
    <p class='ocr_par' dir='ltr' id='par_1_39' title="bbox 520 2697 2118 2770">
     <span class='ocr_line' id='line_1_39' title="bbox 520 2697 2118 2770; baseline 0.001 -18"><span class='ocrx_word' id='word_1_335' title='bbox 520 2699 694 2753; x_wconf 87' lang='lat' dir='ltr'>ﬁnem</span> <span class='ocrx_word' id='word_1_336' title='bbox 721 2697 942 2769; x_wconf 91' lang='lat' dir='ltr'>iniquos</span> <span class='ocrx_word' id='word_1_337' title='bbox 970 2698 1305 2765; x_wconf 90' lang='lat' dir='ltr'>invenerint,</span> <span class='ocrx_word' id='word_1_338' title='bbox 1319 2702 1419 2753; x_wconf 89' lang='lat' dir='ltr'>aut</span> <span class='ocrx_word' id='word_1_339' title='bbox 1446 2715 1573 2753; x_wconf 92' lang='lat' dir='ltr'>cum</span> <span class='ocrx_word' id='word_1_340' title='bbox 1602 2698 1804 2770; x_wconf 89' lang='lat' dir='ltr'>quibus</span> <span class='ocrx_word' id='word_1_341' title='bbox 1828 2698 2118 2770; x_wconf 64' lang='lat' dir='ltr'>aequaliter</span> 
     </span>
    </p>
   </div>
   <div class='ocr_carea' id='block_1_40' title="bbox 522 2783 2118 2856">
    <p class='ocr_par' dir='ltr' id='par_1_40' title="bbox 522 2783 2118 2856">
     <span class='ocr_line' id='line_1_40' title="bbox 522 2783 2118 2856; baseline 0 -17"><span class='ocrx_word' id='word_1_342' title='bbox 522 2783 812 2856; x_wconf 83' lang='lat' dir='ltr'>regnaturi</span> <span class='ocrx_word' id='word_1_343' title='bbox 841 2790 991 2851; x_wconf 90' lang='lat' dir='ltr'>sunt,</span> <span class='ocrx_word' id='word_1_344' title='bbox 1007 2786 1055 2841; x_wconf 90' lang='lat' dir='ltr'>si</span> <span class='ocrx_word' id='word_1_345' title='bbox 1072 2790 1129 2841; x_wconf 89' lang='lat' dir='ltr'>et</span> <span class='ocrx_word' id='word_1_346' title='bbox 1146 2785 1311 2841; x_wconf 90' lang='lat' dir='ltr'>illiad</span> <span class='ocrx_word' id='word_1_347' title='bbox 1338 2802 1533 2842; x_wconf 90' lang='lat' dir='ltr'>verum</span> <span class='ocrx_word' id='word_1_348' title='bbox 1550 2786 1851 2842; x_wconf 89' lang='lat' dir='ltr'>Dominum</span> <span class='ocrx_word' id='word_1_349' title='bbox 1867 2784 2118 2840; x_wconf 90' lang='lat' dir='ltr'>conversi</span> 
     </span>
    </p>
   </div>
   <div class='ocr_carea' id='block_1_41' title="bbox 2190 2068 3728 2141">
    <p class='ocr_par' dir='ltr' id='par_1_41' title="bbox 2190 2068 3728 2141">
     <span class='ocr_line' id='line_1_41' title="bbox 2190 2068 3728 2141; baseline 0.003 -19"><span class='ocrx_word' id='word_1_350' title='bbox 2190 2069 2360 2122; x_wconf 88' lang='lat' dir='ltr'>ﬁdem</span> <span class='ocrx_word' id='word_1_351' title='bbox 2389 2068 2766 2124; x_wconf 88' lang='lat' dir='ltr'>Christianam</span> <span class='ocrx_word' id='word_1_352' title='bbox 2792 2071 3049 2141; x_wconf 89' lang='lat' dir='ltr'>gentium</span> <span class='ocrx_word' id='word_1_353' title='bbox 3078 2088 3229 2127; x_wconf 88' lang='lat' dir='ltr'>unus</span> <span class='ocrx_word' id='word_1_354' title='bbox 3270 2073 3418 2128; x_wconf 92' lang='lat' dir='ltr'>inter</span> <span class='ocrx_word' id='word_1_355' title='bbox 3440 2089 3614 2127; x_wconf 90' lang='lat' dir='ltr'>omnes</span> <span class='ocrx_word' id='word_1_356' title='bbox 3639 2089 3728 2126; x_wconf 88' lang='lat' dir='ltr'>om-</span> 
     </span>
    </p>
   </div>
   <div class='ocr_carea' id='block_1_42' title="bbox 2191 2157 3724 2231">
    <p class='ocr_par' dir='ltr' id='par_1_42' title="bbox 2191 2157 3724 2231">
     <span class='ocr_line' id='line_1_42' title="bbox 2191 2157 3724 2231; baseline 0.001 -19"><span class='ocrx_word' id='word_1_357' title='bbox 2191 2157 2350 2213; x_wconf 90' lang='lat' dir='ltr'>nium</span> <span class='ocrx_word' id='word_1_358' title='bbox 2378 2163 2660 2213; x_wconf 88' lang='lat' dir='ltr'>terrarum</span> <span class='ocrx_word' id='word_1_359' title='bbox 2689 2160 2926 2231; x_wconf 91' lang='lat' dir='ltr'>populos</span> <span class='ocrx_word' id='word_1_360' title='bbox 2956 2177 3129 2215; x_wconf 90' lang='lat' dir='ltr'>unum</span> <span class='ocrx_word' id='word_1_361' title='bbox 3159 2176 3355 2216; x_wconf 87' lang='lat' dir='ltr'>verum</span> <span class='ocrx_word' id='word_1_362' title='bbox 3382 2163 3548 2217; x_wconf 91' lang='lat' dir='ltr'>Deum</span> <span class='ocrx_word' id='word_1_363' title='bbox 3571 2162 3724 2227; x_wconf 85' lang='lat' dir='ltr'>coluit,</span> 
     </span>
    </p>
   </div>
   <div class='ocr_carea' id='block_1_43' title="bbox 2193 2248 3729 2319">
    <p class='ocr_par' dir='ltr' id='par_1_43' title="bbox 2193 2248 3729 2319">
     <span class='ocr_line' id='line_1_43' title="bbox 2193 2248 3729 2319; baseline 0.001 -18"><span class='ocrx_word' id='word_1_364' title='bbox 2193 2263 2260 2301; x_wconf 83' lang='lat' dir='ltr'>ex</span> <span class='ocrx_word' id='word_1_365' title='bbox 2288 2263 2397 2318; x_wconf 91' lang='lat' dir='ltr'>quo</span> <span class='ocrx_word' id='word_1_366' title='bbox 2424 2248 2628 2319; x_wconf 92' lang='lat' dir='ltr'>populo</span> <span class='ocrx_word' id='word_1_367' title='bbox 2659 2248 2916 2303; x_wconf 88' lang='lat' dir='ltr'>Salvator</span> <span class='ocrx_word' id='word_1_368' title='bbox 2943 2249 3203 2305; x_wconf 80' lang='lat' dir='ltr'>Christus</span> <span class='ocrx_word' id='word_1_369' title='bbox 3233 2251 3529 2306; x_wconf 90' lang='lat' dir='ltr'>secundum</span> <span class='ocrx_word' id='word_1_370' title='bbox 3548 2267 3729 2305; x_wconf 88' lang='lat' dir='ltr'>carnem</span> 
     </span>
    </p>
   </div>
   <div class='ocr_carea' id='block_1_44' title="bbox 2191 2335 3732 2396">
    <p class='ocr_par' dir='ltr' id='par_1_44' title="bbox 2191 2335 3732 2396">
     <span class='ocr_line' id='line_1_44' title="bbox 2191 2335 3732 2396; baseline 0.001 -6"><span class='ocrx_word' id='word_1_371' title='bbox 2191 2335 2423 2392; x_wconf 87' lang='lat' dir='ltr'>veniret.</span> <span class='ocrx_word' id='word_1_372' title='bbox 2458 2336 2556 2391; x_wconf 90' lang='lat' dir='ltr'>Isti</span> <span class='ocrx_word' id='word_1_373' title='bbox 2586 2337 2735 2391; x_wconf 90' lang='lat' dir='ltr'>enim</span> <span class='ocrx_word' id='word_1_374' title='bbox 2762 2338 2984 2393; x_wconf 91' lang='lat' dir='ltr'>articuli</span> <span class='ocrx_word' id='word_1_375' title='bbox 3008 2339 3252 2395; x_wconf 86' lang='lat' dir='ltr'>duarum</span> <span class='ocrx_word' id='word_1_376' title='bbox 3283 2346 3503 2396; x_wconf 61' lang='lat' dir='ltr'>aetatum</span> <span class='ocrx_word' id='word_1_377' title='bbox 3528 2340 3732 2394; x_wconf 88' lang='lat' dir='ltr'>eminent</span> 
     </span>
    </p>
   </div>
   <div class='ocr_carea' id='block_1_45' title="bbox 2193 2424 3731 2500">
    <p class='ocr_par' dir='ltr' id='par_1_45' title="bbox 2193 2424 3731 2500">
     <span class='ocr_line' id='line_1_45' title="bbox 2193 2424 3731 2500; baseline 0.003 -22"><span class='ocrx_word' id='word_1_378' title='bbox 2193 2424 2252 2479; x_wconf 92' lang='lat' dir='ltr'>in</span> <span class='ocrx_word' id='word_1_379' title='bbox 2281 2424 2561 2481; x_wconf 90' lang='lat' dir='ltr'>veteribus</span> <span class='ocrx_word' id='word_1_380' title='bbox 2588 2425 2765 2480; x_wconf 91' lang='lat' dir='ltr'>libris.</span> <span class='ocrx_word' id='word_1_381' title='bbox 2797 2427 3163 2500; x_wconf 84' lang='lat' dir='ltr'>Reliquarum</span> <span class='ocrx_word' id='word_1_382' title='bbox 3192 2435 3385 2484; x_wconf 90' lang='lat' dir='ltr'>autem</span> <span class='ocrx_word' id='word_1_383' title='bbox 3405 2430 3563 2484; x_wconf 91' lang='lat' dir='ltr'>trium</span> <span class='ocrx_word' id='word_1_384' title='bbox 3596 2429 3731 2483; x_wconf 88' lang='lat' dir='ltr'>etiam</span> 
     </span>
    </p>
   </div>
   <div class='ocr_carea' id='block_1_46' title="bbox 2196 2514 3733 2590">
    <p class='ocr_par' dir='ltr' id='par_1_46' title="bbox 2196 2514 3733 2590">
     <span class='ocr_line' id='line_1_46' title="bbox 2196 2514 3733 2590; baseline 0.001 -21"><span class='ocrx_word' id='word_1_385' title='bbox 2196 2514 2496 2586; x_wconf 79' lang='lat' dir='ltr'>Evangelia</span> <span class='ocrx_word' id='word_1_386' title='bbox 2520 2515 2898 2583; x_wconf 85' lang='lat' dir='ltr'>declarantur,</span> <span class='ocrx_word' id='word_1_387' title='bbox 2932 2533 3058 2572; x_wconf 91' lang='lat' dir='ltr'>cum</span> <span class='ocrx_word' id='word_1_388' title='bbox 3087 2519 3334 2574; x_wconf 87' lang='lat' dir='ltr'>carnalis</span> <span class='ocrx_word' id='word_1_389' title='bbox 3370 2519 3516 2590; x_wconf 91' lang='lat' dir='ltr'>origo</span> <span class='ocrx_word' id='word_1_390' title='bbox 3555 2516 3733 2572; x_wconf 87' lang='lat' dir='ltr'>Domini</span> 
     </span>
    </p>
   </div>
   <div class='ocr_carea' id='block_1_47' title="bbox 2197 2603 3734 2662">
    <p class='ocr_par' dir='ltr' id='par_1_47' title="bbox 2197 2603 3734 2662">
     <span class='ocr_line' id='line_1_47' title="bbox 2197 2603 3734 2662; baseline 0.001 -4"><span class='ocrx_word' id='word_1_391' title='bbox 2197 2604 2330 2659; x_wconf 83' lang='lat' dir='ltr'>Iesu</span> <span class='ocrx_word' id='word_1_392' title='bbox 2386 2603 2593 2659; x_wconf 87' lang='lat' dir='ltr'>Christi</span> <span class='ocrx_word' id='word_1_393' title='bbox 2637 2612 3128 2661; x_wconf 88' lang='lat' dir='ltr'>commemoratur.</span> <span class='ocrx_word' id='word_1_394' title='bbox 3178 2608 3329 2662; x_wconf 92' lang='lat' dir='ltr'>Nam</span> <span class='ocrx_word' id='word_1_395' title='bbox 3366 2607 3526 2662; x_wconf 81' lang='lat' dir='ltr'>tertia</span> <span class='ocrx_word' id='word_1_396' title='bbox 3576 2612 3649 2661; x_wconf 88' lang='lat' dir='ltr'>est</span> <span class='ocrx_word' id='word_1_397' title='bbox 3682 2603 3734 2659; x_wconf 82' lang='lat' dir='ltr'>ab</span> 
     </span>
    </p>
   </div>
   <div class='ocr_carea' id='block_1_48' title="bbox 2197 2692 3734 2769">
    <p class='ocr_par' dir='ltr' id='par_1_48' title="bbox 2197 2692 3734 2769">
     <span class='ocr_line' id='line_1_48' title="bbox 2197 2692 3734 2769; baseline 0 -22"><span class='ocrx_word' id='word_1_398' title='bbox 2197 2692 2482 2748; x_wconf 84' lang='lat' dir='ltr'>Abraham</span> <span class='ocrx_word' id='word_1_399' title='bbox 2510 2710 2687 2766; x_wconf 89' lang='lat' dir='ltr'>usque</span> <span class='ocrx_word' id='word_1_400' title='bbox 2717 2693 2788 2748; x_wconf 91' lang='lat' dir='ltr'>ad</span> <span class='ocrx_word' id='word_1_401' title='bbox 2818 2694 2994 2749; x_wconf 90' lang='lat' dir='ltr'>David</span> <span class='ocrx_word' id='word_1_402' title='bbox 3025 2712 3221 2767; x_wconf 87' lang='lat' dir='ltr'>regem</span> <span class='ocrx_word' id='word_1_403' title='bbox 3250 2713 3264 2751; x_wconf 91' lang='lat'>:</span> <span class='ocrx_word' id='word_1_404' title='bbox 3299 2702 3494 2769; x_wconf 86' lang='lat' dir='ltr'>quarta</span> <span class='ocrx_word' id='word_1_405' title='bbox 3526 2712 3557 2749; x_wconf 88' lang='lat' dir='ltr'>a</span> <span class='ocrx_word' id='word_1_406' title='bbox 3597 2693 3734 2750; x_wconf 82' lang='lat' dir='ltr'>David</span> 
     </span>
    </p>
   </div>
   <div class='ocr_carea' id='block_1_49' title="bbox 2199 2781 3737 2858">
    <p class='ocr_par' dir='ltr' id='par_1_49' title="bbox 2199 2781 3737 2858">
     <span class='ocr_line' id='line_1_49' title="bbox 2199 2781 3737 2858; baseline 0.001 -21"><span class='ocrx_word' id='word_1_407' title='bbox 2199 2798 2379 2855; x_wconf 90' lang='lat' dir='ltr'>usque</span> <span class='ocrx_word' id='word_1_408' title='bbox 2400 2782 2471 2837; x_wconf 91' lang='lat' dir='ltr'>ad</span> <span class='ocrx_word' id='word_1_409' title='bbox 2492 2782 2648 2837; x_wconf 88' lang='lat' dir='ltr'>illam</span> <span class='ocrx_word' id='word_1_410' title='bbox 2669 2783 3051 2854; x_wconf 87' lang='lat' dir='ltr'>captivitatem</span> <span class='ocrx_word' id='word_1_411' title='bbox 3062 2801 3173 2856; x_wconf 90' lang='lat' dir='ltr'>qua</span> <span class='ocrx_word' id='word_1_412' title='bbox 3183 2786 3424 2858; x_wconf 78' lang='lat' dir='ltr'>papulas</span> <span class='ocrx_word' id='word_1_413' title='bbox 3434 2784 3528 2840; x_wconf 92' lang='lat' dir='ltr'>Dei</span> <span class='ocrx_word' id='word_1_414' title='bbox 3537 2784 3589 2839; x_wconf 90' lang='lat' dir='ltr'>in</span> <span class='ocrx_word' id='word_1_415' title='bbox 3598 2781 3737 2853; x_wconf 80' lang='lat' dir='ltr'>Baby-</span> 
     </span>
    </p>
   </div>
   <div class='ocr_carea' id='block_1_50' title="bbox 524 2871 3737 2947">
    <p class='ocr_par' dir='ltr' id='par_1_50' title="bbox 524 2871 3737 2947">
     <span class='ocr_line' id='line_1_50' title="bbox 524 2871 3737 2947; baseline -0.001 -18"><span class='ocrx_word' id='word_1_416' title='bbox 524 2873 738 2929; x_wconf 84' lang='lat' dir='ltr'>fuerint</span> <span class='ocrx_word' id='word_1_417' title='bbox 771 2891 782 2926; x_wconf 90' lang='lat'><strong>:</strong></span> <span class='ocrx_word' id='word_1_418' title='bbox 813 2872 1073 2929; x_wconf 92' lang='lat' dir='ltr'>omnibus</span> <span class='ocrx_word' id='word_1_419' title='bbox 1097 2878 1291 2930; x_wconf 89' lang='lat' dir='ltr'>tamen</span> <span class='ocrx_word' id='word_1_420' title='bbox 1335 2875 1658 2947; x_wconf 70' lang='lat' dir='ltr'>praecipitur</span> <span class='ocrx_word' id='word_1_421' title='bbox 1685 2876 1893 2930; x_wconf 90' lang='lat' dir='ltr'>servire</span> <span class='ocrx_word' id='word_1_422' title='bbox 1923 2876 2121 2930; x_wconf 86' lang='lat' dir='ltr'>huma—</span> <span class='ocrx_word' id='word_1_423' title='bbox 2200 2871 2411 2926; x_wconf 88' lang='lat' dir='ltr'>Ioniam</span> <span class='ocrx_word' id='word_1_424' title='bbox 2439 2871 2938 2943; x_wconf 84' lang='lat' dir='ltr'>transmigraverat</span> <span class='ocrx_word' id='word_1_425' title='bbox 2962 2890 2973 2922; x_wconf 90' lang='lat'><strong>:</strong></span> <span class='ocrx_word' id='word_1_426' title='bbox 2999 2874 3196 2944; x_wconf 91' lang='lat' dir='ltr'>quinta</span> <span class='ocrx_word' id='word_1_427' title='bbox 3225 2874 3297 2929; x_wconf 88' lang='lat' dir='ltr'>ab</span> <span class='ocrx_word' id='word_1_428' title='bbox 3324 2873 3737 2943; x_wconf 84' lang='lat' dir='ltr'>illatransmigra-</span> 
     </span>
    </p>
   </div>
   <div class='ocr_carea' id='block_1_51' title="bbox 526 2958 3734 3037">
    <p class='ocr_par' dir='ltr' id='par_1_51' title="bbox 526 2958 3734 3037">
     <span class='ocr_line' id='line_1_51' title="bbox 526 2958 3734 3037; baseline -0.002 -20"><span class='ocrx_word' id='word_1_429' title='bbox 526 2961 614 3017; x_wconf 90' lang='lat' dir='ltr'>nis</span> <span class='ocrx_word' id='word_1_430' title='bbox 624 2960 997 3034; x_wconf 89' lang='lat' dir='ltr'>potestatibus</span> <span class='ocrx_word' id='word_1_431' title='bbox 1012 2967 1180 3033; x_wconf 88' lang='lat' dir='ltr'>atque</span> <span class='ocrx_word' id='word_1_432' title='bbox 1188 2964 1451 3031; x_wconf 90' lang='lat' dir='ltr'>terrenis,</span> <span class='ocrx_word' id='word_1_433' title='bbox 1460 2980 1751 3037; x_wconf 90' lang='lat' dir='ltr'>quousque</span> <span class='ocrx_word' id='word_1_434' title='bbox 1762 2968 2121 3037; x_wconf 90' lang='lat' dir='ltr'>posttempus</span> <span class='ocrx_word' id='word_1_435' title='bbox 2202 2961 2355 3015; x_wconf 89' lang='lat' dir='ltr'>tione</span> <span class='ocrx_word' id='word_1_436' title='bbox 2381 2976 2561 3032; x_wconf 90' lang='lat' dir='ltr'>usque</span> <span class='ocrx_word' id='word_1_437' title='bbox 2571 2960 2640 3015; x_wconf 89' lang='lat' dir='ltr'>ad</span> <span class='ocrx_word' id='word_1_438' title='bbox 2654 2961 2954 3017; x_wconf 90' lang='lat' dir='ltr'>adventum</span> <span class='ocrx_word' id='word_1_439' title='bbox 2967 2962 3191 3017; x_wconf 91' lang='lat' dir='ltr'>Domini</span> <span class='ocrx_word' id='word_1_440' title='bbox 3216 2964 3395 3018; x_wconf 88' lang='lat' dir='ltr'>nostri</span> <span class='ocrx_word' id='word_1_441' title='bbox 3415 2964 3537 3018; x_wconf 78' lang='lat' dir='ltr'>Iesu</span> <span class='ocrx_word' id='word_1_442' title='bbox 3552 2958 3734 3017; x_wconf 86' lang='lat' dir='ltr'>Christi.</span> 
     </span>
    </p>
   </div>
   <div class='ocr_carea' id='block_1_52' title="bbox 521 3048 3739 3149">
    <p class='ocr_par' dir='ltr' id='par_1_52' title="bbox 521 3048 3739 3149">
     <span class='ocr_line' id='line_1_52' title="bbox 521 3048 3739 3149; baseline -0.001 -43"><span class='ocrx_word' id='word_1_443' title='bbox 521 3050 1019 3123; x_wconf 72' lang='lat' dir='ltr'>praeﬁnitumquod</span> <span class='ocrx_word' id='word_1_444' title='bbox 1029 3050 1714 3123; x_wconf 86' lang='lat' dir='ltr'>signiﬁcantseptuaginta</span> <span class='ocrx_word' id='word_1_445' title='bbox 1724 3052 1952 3119; x_wconf 90' lang='lat' dir='ltr'>anni,ab</span> <span class='ocrx_word' id='word_1_446' title='bbox 1963 3052 2125 3111; x_wconf 88' lang='lat' dir='ltr'>istius</span> <span class='ocrx_word' id='word_1_447' title='bbox 2141 3085 2187 3149; x_wconf 71' lang='grc' dir='ltr'>ο</span> <span class='ocrx_word' id='word_1_448' title='bbox 2204 3049 2283 3104; x_wconf 81' lang='lat' dir='ltr'>Ex</span> <span class='ocrx_word' id='word_1_449' title='bbox 2298 3051 2471 3121; x_wconf 89' lang='lat' dir='ltr'>&#39;cujus</span> <span class='ocrx_word' id='word_1_450' title='bbox 2497 3050 2740 3105; x_wconf 89' lang='lat' dir='ltr'>adventu</span> <span class='ocrx_word' id='word_1_451' title='bbox 2769 3055 2924 3105; x_wconf 85' lang='lat' dir='ltr'>sexta</span> <span class='ocrx_word' id='word_1_452' title='bbox 2951 3056 3086 3107; x_wconf 65' lang='lat' dir='ltr'>aetas</span> <span class='ocrx_word' id='word_1_453' title='bbox 3114 3052 3324 3123; x_wconf 87' lang='lat' dir='ltr'>agitur,</span> <span class='ocrx_word' id='word_1_454' title='bbox 3359 3057 3423 3107; x_wconf 91' lang='lat' dir='ltr'>ut</span> <span class='ocrx_word' id='word_1_455' title='bbox 3448 3052 3600 3106; x_wconf 86' lang='lat' dir='ltr'>etiam</span> <span class='ocrx_word' id='word_1_456' title='bbox 3615 3048 3739 3147; x_wconf 73' lang='lat' dir='ltr'>spiri-</span> 
     </span>
    </p>
   </div>
   <div class='ocr_carea' id='block_1_53' title="bbox 528 3137 3739 3214">
    <p class='ocr_par' dir='ltr' id='par_1_53' title="bbox 528 3137 3739 3214">
     <span class='ocr_line' id='line_1_53' title="bbox 528 3137 3739 3214; baseline -0.001 -20"><span class='ocrx_word' id='word_1_457' title='bbox 528 3138 716 3194; x_wconf 72' lang='lat' dir='ltr'>saeculi</span> <span class='ocrx_word' id='word_1_458' title='bbox 737 3138 1061 3194; x_wconf 83' lang='lat' dir='ltr'>confusione</span> <span class='ocrx_word' id='word_1_459' title='bbox 1070 3144 1343 3211; x_wconf 89' lang='lat' dir='ltr'>tanquam</span> <span class='ocrx_word' id='word_1_460' title='bbox 1354 3140 1425 3197; x_wconf 91' lang='lat' dir='ltr'>de</span> <span class='ocrx_word' id='word_1_461' title='bbox 1446 3139 1768 3211; x_wconf 85' lang='lat' dir='ltr'>captivitate</span> <span class='ocrx_word' id='word_1_462' title='bbox 1780 3140 2117 3213; x_wconf 84' lang='lat' dir='ltr'>Babyloniae,</span> <span class='ocrx_word' id='word_1_463' title='bbox 2145 3137 2186 3149; x_wconf 77' lang='grc'><strong><em>“</em></strong></span> <span class='ocrx_word' id='word_1_464' title='bbox 2204 3140 2335 3194; x_wconf 85' lang='lat' dir='ltr'>talis</span> <span class='ocrx_word' id='word_1_465' title='bbox 2351 3139 2554 3211; x_wconf 88' lang='lat' dir='ltr'>gratia,</span> <span class='ocrx_word' id='word_1_466' title='bbox 2580 3157 2703 3212; x_wconf 72' lang='lat' dir='ltr'>quae</span> <span class='ocrx_word' id='word_1_467' title='bbox 2722 3140 2915 3212; x_wconf 89' lang='lat' dir='ltr'>paucis</span> <span class='ocrx_word' id='word_1_468' title='bbox 2933 3146 3067 3196; x_wconf 87' lang='lat' dir='ltr'>tunc</span> <span class='ocrx_word' id='word_1_469' title='bbox 3079 3142 3416 3214; x_wconf 88' lang='lat' dir='ltr'>patriarchis</span> <span class='ocrx_word' id='word_1_470' title='bbox 3437 3146 3490 3196; x_wconf 92' lang='lat' dir='ltr'>et</span> <span class='ocrx_word' id='word_1_471' title='bbox 3506 3137 3739 3213; x_wconf 86' lang='lat' dir='ltr'>prophetis</span> 
     </span>
    </p>
   </div>
   <div class='ocr_carea' id='block_1_54' title="bbox 529 3226 3741 3304">
    <p class='ocr_par' dir='ltr' id='par_1_54' title="bbox 529 3226 3741 3304">
     <span class='ocr_line' id='line_1_54' title="bbox 529 3226 3741 3304; baseline -0 -22"><span class='ocrx_word' id='word_1_472' title='bbox 529 3227 677 3283; x_wconf 88' lang='lat' dir='ltr'>sicut</span> <span class='ocrx_word' id='word_1_473' title='bbox 694 3227 1047 3283; x_wconf 88' lang='lat' dir='ltr'>Hierusalem</span> <span class='ocrx_word' id='word_1_474' title='bbox 1071 3228 1342 3284; x_wconf 89' lang='lat' dir='ltr'>liberetur</span> <span class='ocrx_word' id='word_1_475' title='bbox 1369 3229 1631 3285; x_wconf 86' lang='lat' dir='ltr'>Ecclesia.</span> <span class='ocrx_word' id='word_1_476' title='bbox 1647 3229 1727 3285; x_wconf 83' lang='lat' dir='ltr'>Ex</span> <span class='ocrx_word' id='word_1_477' title='bbox 1754 3230 1923 3302; x_wconf 85' lang='lat' dir='ltr'>hujus</span> <span class='ocrx_word' id='word_1_478' title='bbox 1954 3233 2126 3304; x_wconf 89' lang='lat' dir='ltr'>capti-</span> <span class='ocrx_word' id='word_1_479' title='bbox 2207 3232 2344 3283; x_wconf 89' lang='lat' dir='ltr'>nota</span> <span class='ocrx_word' id='word_1_480' title='bbox 2357 3232 2496 3295; x_wconf 89' lang='lat' dir='ltr'>erat,</span> <span class='ocrx_word' id='word_1_481' title='bbox 2524 3229 2979 3285; x_wconf 87' lang='lat' dir='ltr'>manifestaretur</span> <span class='ocrx_word' id='word_1_482' title='bbox 3003 3229 3266 3286; x_wconf 90' lang='lat' dir='ltr'>omnibus</span> <span class='ocrx_word' id='word_1_483' title='bbox 3286 3230 3618 3302; x_wconf 78' lang='lat' dir='ltr'>gentibus,ne</span> <span class='ocrx_word' id='word_1_484' title='bbox 3628 3226 3741 3299; x_wconf 83' lang='lat' dir='ltr'>quis-</span> 
     </span>
    </p>
   </div>
   <div class='ocr_carea' id='block_1_55' title="bbox 531 3314 2127 3391">
    <p class='ocr_par' dir='ltr' id='par_1_55' title="bbox 531 3314 2127 3391">
     <span class='ocr_line' id='line_1_55' title="bbox 531 3314 2127 3391; baseline 0.004 -21"><span class='ocrx_word' id='word_1_485' title='bbox 531 3314 721 3371; x_wconf 88' lang='lat' dir='ltr'>vitatis</span> <span class='ocrx_word' id='word_1_486' title='bbox 750 3317 1040 3372; x_wconf 86' lang='lat' dir='ltr'>occasione</span> <span class='ocrx_word' id='word_1_487' title='bbox 1066 3316 1174 3389; x_wconf 91' lang='lat' dir='ltr'>ipsi</span> <span class='ocrx_word' id='word_1_488' title='bbox 1204 3317 1377 3373; x_wconf 87' lang='lat' dir='ltr'>etiam</span> <span class='ocrx_word' id='word_1_489' title='bbox 1420 3319 1633 3374; x_wconf 90' lang='lat' dir='ltr'>terreni</span> <span class='ocrx_word' id='word_1_490' title='bbox 1678 3335 1858 3391; x_wconf 85' lang='lat' dir='ltr'>reges,</span> <span class='ocrx_word' id='word_1_491' title='bbox 1889 3320 2127 3377; x_wconf 90' lang='lat' dir='ltr'>desertis</span> 
     </span>
    </p>
   </div>
   <div class='ocr_carea' id='block_1_56' title="bbox 528 3402 2126 3480">
    <p class='ocr_par' dir='ltr' id='par_1_56' title="bbox 528 3402 2126 3480">
     <span class='ocr_line' id='line_1_56' title="bbox 528 3402 2126 3480; baseline 0.006 -23"><span class='ocrx_word' id='word_1_492' title='bbox 528 3402 693 3458; x_wconf 89' lang='lat' dir='ltr'>idolis</span> <span class='ocrx_word' id='word_1_493' title='bbox 722 3421 824 3476; x_wconf 92' lang='lat' dir='ltr'>pro</span> <span class='ocrx_word' id='word_1_494' title='bbox 852 3405 1055 3478; x_wconf 90' lang='lat' dir='ltr'>quibus</span> <span class='ocrx_word' id='word_1_495' title='bbox 1073 3406 1556 3480; x_wconf 89' lang='lat' dir='ltr'>persequebantur</span> <span class='ocrx_word' id='word_1_496' title='bbox 1569 3408 1933 3475; x_wconf 90' lang='lat' dir='ltr'>Christianos,</span> <span class='ocrx_word' id='word_1_497' title='bbox 1949 3427 2126 3467; x_wconf 90' lang='lat' dir='ltr'>unum</span> 
     </span>
    </p>
   </div>
   <div class='ocr_carea' id='block_1_57' title="bbox 531 3494 2129 3573">
    <p class='ocr_par' dir='ltr' id='par_1_57' title="bbox 531 3494 2129 3573">
     <span class='ocr_line' id='line_1_57' title="bbox 531 3494 2129 3573; baseline 0.007 -28"><span class='ocrx_word' id='word_1_498' title='bbox 531 3494 932 3549; x_wconf 83' lang='lat' dir='ltr'>verum.Deum</span> <span class='ocrx_word' id='word_1_499' title='bbox 948 3501 1328 3566; x_wconf 91' lang='lat' dir='ltr'>cognoverunt</span> <span class='ocrx_word' id='word_1_500' title='bbox 1346 3501 1402 3551; x_wconf 89' lang='lat' dir='ltr'>et</span> <span class='ocrx_word' id='word_1_501' title='bbox 1414 3497 1607 3552; x_wconf 91' lang='lat' dir='ltr'>colunt</span> <span class='ocrx_word' id='word_1_502' title='bbox 1626 3515 1638 3551; x_wconf 90' lang='lat'><strong>:</strong></span> <span class='ocrx_word' id='word_1_503' title='bbox 1663 3514 1766 3569; x_wconf 92' lang='lat' dir='ltr'>pro</span> <span class='ocrx_word' id='word_1_504' title='bbox 1782 3498 1983 3570; x_wconf 89' lang='lat' dir='ltr'>quibus</span> <span class='ocrx_word' id='word_1_505' title='bbox 1998 3516 2129 3573; x_wconf 85' lang='lat' dir='ltr'>apo—</span> 
     </span>
    </p>
   </div>
   <div class='ocr_carea' id='block_1_58' title="bbox 533 3581 2130 3660">
    <p class='ocr_par' dir='ltr' id='par_1_58' title="bbox 533 3581 2130 3660">
     <span class='ocr_line' id='line_1_58' title="bbox 533 3581 2130 3660; baseline 0.006 -24"><span class='ocrx_word' id='word_1_506' title='bbox 533 3581 711 3637; x_wconf 89' lang='lat' dir='ltr'>stolus</span> <span class='ocrx_word' id='word_1_507' title='bbox 740 3583 950 3639; x_wconf 88' lang='lat' dir='ltr'>Paulus</span> <span class='ocrx_word' id='word_1_508' title='bbox 963 3584 1128 3655; x_wconf 88' lang='lat' dir='ltr'>jubet</span> <span class='ocrx_word' id='word_1_509' title='bbox 1141 3600 1303 3641; x_wconf 90' lang='lat' dir='ltr'>orare</span> <span class='ocrx_word' id='word_1_510' title='bbox 1322 3585 1495 3641; x_wconf 90' lang='lat' dir='ltr'>etiam</span> <span class='ocrx_word' id='word_1_511' title='bbox 1508 3602 1638 3641; x_wconf 91' lang='lat' dir='ltr'>cum</span> <span class='ocrx_word' id='word_1_512' title='bbox 1659 3595 2130 3660; x_wconf 86' lang='lat' dir='ltr'>persequerentur</span> 
     </span>
    </p>
   </div>
   <div class='ocr_carea' id='block_1_59' title="bbox 534 3669 2129 3747">
    <p class='ocr_par' dir='ltr' id='par_1_59' title="bbox 534 3669 2129 3747">
     <span class='ocr_line' id='line_1_59' title="bbox 534 3669 2129 3747; baseline 0.006 -21"><span class='ocrx_word' id='word_1_513' title='bbox 534 3669 839 3727; x_wconf 90' lang='lat' dir='ltr'>Ecclesiam</span> <span class='ocrx_word' id='word_1_514' title='bbox 853 3690 865 3739; x_wconf 92' lang='lat'><strong>;</strong></span> <span class='ocrx_word' id='word_1_515' title='bbox 889 3672 969 3727; x_wconf 90' lang='lat' dir='ltr'>sic</span> <span class='ocrx_word' id='word_1_516' title='bbox 982 3673 1132 3728; x_wconf 90' lang='lat' dir='ltr'>enim</span> <span class='ocrx_word' id='word_1_517' title='bbox 1146 3672 1282 3728; x_wconf 90' lang='lat' dir='ltr'>dicit</span> <span class='ocrx_word' id='word_1_518' title='bbox 1293 3676 1352 3747; x_wconf 92' lang='grc' dir='ltr'>(Ι</span> <span class='ocrx_word' id='word_1_519' title='bbox 1368 3676 1506 3729; x_wconf 76' lang='lat' dir='ltr'>Tim.</span> <span class='ocrx_word' id='word_1_520' title='bbox 1521 3691 1580 3744; x_wconf 66' lang='lat' dir='ltr'>tt,</span> <span class='ocrx_word' id='word_1_521' title='bbox 1604 3675 1653 3744; x_wconf 86' lang='grc'>1)</span> <span class='ocrx_word' id='word_1_522' title='bbox 1674 3691 1688 3732; x_wconf 87' lang='lat'><strong>:</strong></span> <span class='ocrx_word' id='word_1_523' title='bbox 1716 3696 1739 3728; x_wconf 79' lang='grc' dir='ltr'>ι</span> <span class='ocrx_word' id='word_1_524' title='bbox 1765 3675 2009 3733; x_wconf 88' lang='lat' dir='ltr'>Obsecro</span> <span class='ocrx_word' id='word_1_525' title='bbox 2027 3679 2129 3735; x_wconf 90' lang='lat' dir='ltr'>ita-</span> 
     </span>
    </p>
   </div>
   <div class='ocr_carea' id='block_1_60' title="bbox 537 3760 2125 3838">
    <p class='ocr_par' dir='ltr' id='par_1_60' title="bbox 537 3760 2125 3838">
     <span class='ocr_line' id='line_1_60' title="bbox 537 3760 2125 3838; baseline 0.007 -25"><span class='ocrx_word' id='word_1_526' title='bbox 537 3774 647 3830; x_wconf 88' lang='lat' dir='ltr'>que</span> <span class='ocrx_word' id='word_1_527' title='bbox 689 3760 935 3831; x_wconf 92' lang='lat' dir='ltr'>primum</span> <span class='ocrx_word' id='word_1_528' title='bbox 981 3761 1106 3816; x_wconf 89' lang='lat' dir='ltr'>ﬁeri</span> <span class='ocrx_word' id='word_1_529' title='bbox 1152 3762 1591 3834; x_wconf 88' lang='lat' dir='ltr'>deprecationes,</span> <span class='ocrx_word' id='word_1_530' title='bbox 1623 3763 2125 3838; x_wconf 88' lang='lat' dir='ltr'>interpellationes,</span> 
     </span>
    </p>
   </div>
   <div class='ocr_carea' id='block_1_61' title="bbox 535 3847 2130 3924">
    <p class='ocr_par' dir='ltr' id='par_1_61' title="bbox 535 3847 2130 3924">
     <span class='ocr_line' id='line_1_61' title="bbox 535 3847 2130 3924; baseline 0.007 -22"><span class='ocrx_word' id='word_1_531' title='bbox 535 3847 847 3921; x_wconf 90' lang='lat' dir='ltr'>gratiarum</span> <span class='ocrx_word' id='word_1_532' title='bbox 866 3850 1240 3923; x_wconf 88' lang='lat' dir='ltr'>actiones,pro</span> <span class='ocrx_word' id='word_1_533' title='bbox 1260 3852 1611 3924; x_wconf 90' lang='lat' dir='ltr'>regibus,pro</span> <span class='ocrx_word' id='word_1_534' title='bbox 1622 3853 1883 3911; x_wconf 90' lang='lat' dir='ltr'>omnibus</span> <span class='ocrx_word' id='word_1_535' title='bbox 1892 3856 2130 3913; x_wconf 89' lang='lat' dir='ltr'>homini-</span> 
     </span>
    </p>
   </div>
   <div class='ocr_carea' id='block_1_62' title="bbox 538 3935 2131 4011">
    <p class='ocr_par' dir='ltr' id='par_1_62' title="bbox 538 3935 2131 4011">
     <span class='ocr_line' id='line_1_62' title="bbox 538 3935 2131 4011; baseline 0.008 -21"><span class='ocrx_word' id='word_1_536' title='bbox 538 3935 662 4004; x_wconf 90' lang='lat' dir='ltr'>bus,</span> <span class='ocrx_word' id='word_1_537' title='bbox 687 3940 745 3992; x_wconf 89' lang='lat' dir='ltr'>et</span> <span class='ocrx_word' id='word_1_538' title='bbox 754 3937 1014 3994; x_wconf 90' lang='lat' dir='ltr'>omnibus</span> <span class='ocrx_word' id='word_1_539' title='bbox 1027 3939 1123 4011; x_wconf 91' lang='lat' dir='ltr'>qui</span> <span class='ocrx_word' id='word_1_540' title='bbox 1134 3940 1194 3993; x_wconf 93' lang='lat' dir='ltr'>in</span> <span class='ocrx_word' id='word_1_541' title='bbox 1205 3939 1550 3996; x_wconf 87' lang='lat' dir='ltr'>sublimitate</span> <span class='ocrx_word' id='word_1_542' title='bbox 1562 3948 1712 4011; x_wconf 90' lang='lat' dir='ltr'>sunt,</span> <span class='ocrx_word' id='word_1_543' title='bbox 1732 3948 1797 3999; x_wconf 90' lang='lat' dir='ltr'>ut</span> <span class='ocrx_word' id='word_1_544' title='bbox 1807 3960 2063 4001; x_wconf 87' lang='lat' dir='ltr'>securam</span> <span class='ocrx_word' id='word_1_545' title='bbox 2074 3952 2131 4003; x_wconf 92' lang='lat' dir='ltr'>et</span> 
     </span>
    </p>
   </div>
   <div class='ocr_carea' id='block_1_63' title="bbox 538 4026 2132 4104">
    <p class='ocr_par' dir='ltr' id='par_1_63' title="bbox 538 4026 2132 4104">
     <span class='ocr_line' id='line_1_63' title="bbox 538 4026 2132 4104; baseline 0.008 -24"><span class='ocrx_word' id='word_1_546' title='bbox 538 4026 904 4098; x_wconf 84' lang='lat' dir='ltr'>tranquillam</span> <span class='ocrx_word' id='word_1_547' title='bbox 917 4028 1089 4083; x_wconf 88' lang='lat' dir='ltr'>vitam</span> <span class='ocrx_word' id='word_1_548' title='bbox 1103 4044 1337 4100; x_wconf 84' lang='lat' dir='ltr'>agamus</span> <span class='ocrx_word' id='word_1_549' title='bbox 1353 4044 1481 4084; x_wconf 93' lang='lat' dir='ltr'>cum</span> <span class='ocrx_word' id='word_1_550' title='bbox 1496 4031 1649 4086; x_wconf 91' lang='lat' dir='ltr'>omni</span> <span class='ocrx_word' id='word_1_551' title='bbox 1664 4032 1873 4104; x_wconf 89' lang='lat' dir='ltr'>pietate</span> <span class='ocrx_word' id='word_1_552' title='bbox 1886 4039 1944 4089; x_wconf 89' lang='lat' dir='ltr'>et</span> <span class='ocrx_word' id='word_1_553' title='bbox 1952 4036 2132 4092; x_wconf 87' lang='lat' dir='ltr'>chari-</span> 
     </span>
    </p>
   </div>
   <div class='ocr_carea' id='block_1_64' title="bbox 539 4116 2132 4195">
    <p class='ocr_par' dir='ltr' id='par_1_64' title="bbox 539 4116 2132 4195">
     <span class='ocr_line' id='line_1_64' title="bbox 539 4116 2132 4195; baseline 0.008 -27"><span class='ocrx_word' id='word_1_554' title='bbox 539 4119 676 4168; x_wconf 88' lang='lat' dir='ltr'>tate.</span> <span class='ocrx_word' id='word_1_555' title='bbox 686 4135 713 4165; x_wconf 81' lang='grc'><strong>»</strong></span> <span class='ocrx_word' id='word_1_556' title='bbox 726 4116 923 4186; x_wconf 87' lang='lat' dir='ltr'>Itaque</span> <span class='ocrx_word' id='word_1_557' title='bbox 937 4132 1038 4188; x_wconf 89' lang='lat' dir='ltr'>per</span> <span class='ocrx_word' id='word_1_558' title='bbox 1056 4117 1207 4188; x_wconf 90' lang='lat' dir='ltr'>ipsos</span> <span class='ocrx_word' id='word_1_559' title='bbox 1222 4117 1356 4172; x_wconf 90' lang='lat' dir='ltr'>data</span> <span class='ocrx_word' id='word_1_560' title='bbox 1364 4123 1451 4173; x_wconf 88' lang='lat' dir='ltr'>est</span> <span class='ocrx_word' id='word_1_561' title='bbox 1459 4135 1567 4190; x_wconf 86' lang='lat' dir='ltr'>pax</span> <span class='ocrx_word' id='word_1_562' title='bbox 1588 4120 1861 4189; x_wconf 60' lang='lat' dir='ltr'>Ecclesia,</span> <span class='ocrx_word' id='word_1_563' title='bbox 1880 4126 2132 4195; x_wconf 89' lang='lat' dir='ltr'>quamvis</span> 
     </span>
    </p>
   </div>
   <div class='ocr_carea' id='block_1_65' title="bbox 539 4204 2135 4287">
    <p class='ocr_par' dir='ltr' id='par_1_65' title="bbox 539 4204 2135 4287">
     <span class='ocr_line' id='line_1_65' title="bbox 539 4204 2135 4287; baseline 0.009 -31"><span class='ocrx_word' id='word_1_564' title='bbox 539 4204 867 4275; x_wconf 77' lang='lat' dir='ltr'>temporalis</span> <span class='ocrx_word' id='word_1_565' title='bbox 876 4204 1255 4277; x_wconf 87' lang='lat' dir='ltr'>tranquillitas</span> <span class='ocrx_word' id='word_1_566' title='bbox 1272 4208 1541 4280; x_wconf 87' lang='lat' dir='ltr'>temporis</span> <span class='ocrx_word' id='word_1_567' title='bbox 1556 4209 1626 4263; x_wconf 89' lang='lat' dir='ltr'>ad</span> <span class='ocrx_word' id='word_1_568' title='bbox 1648 4210 2005 4269; x_wconf 69' lang='lat' dir='ltr'>aediﬁcandas</span> <span class='ocrx_word' id='word_1_569' title='bbox 2025 4215 2135 4287; x_wconf 86' lang='lat' dir='ltr'>spi-</span> 
     </span>
    </p>
   </div>
   <div class='ocr_carea' id='block_1_66' title="bbox 541 4289 1962 4368">
    <p class='ocr_par' dir='ltr' id='par_1_66' title="bbox 541 4289 1962 4368">
     <span class='ocr_line' id='line_1_66' title="bbox 541 4289 1962 4368; baseline 0.007 -23"><span class='ocrx_word' id='word_1_570' title='bbox 541 4289 783 4347; x_wconf 82' lang='lat' dir='ltr'>ritaliter</span> <span class='ocrx_word' id='word_1_571' title='bbox 798 4293 1012 4361; x_wconf 88' lang='lat' dir='ltr'>domos,</span> <span class='ocrx_word' id='word_1_572' title='bbox 1030 4300 1088 4349; x_wconf 91' lang='lat' dir='ltr'>et</span> <span class='ocrx_word' id='word_1_573' title='bbox 1106 4296 1443 4368; x_wconf 90' lang='lat' dir='ltr'>plantandos</span> <span class='ocrx_word' id='word_1_574' title='bbox 1464 4297 1657 4353; x_wconf 88' lang='lat' dir='ltr'>hortos</span> <span class='ocrx_word' id='word_1_575' title='bbox 1676 4303 1734 4354; x_wconf 91' lang='lat' dir='ltr'>et</span> <span class='ocrx_word' id='word_1_576' title='bbox 1752 4299 1962 4356; x_wconf 89' lang='lat' dir='ltr'>vineas.</span> 
     </span>
    </p>
   </div>
   <div class='ocr_carea' id='block_1_67' title="bbox 2210 3314 3741 3390">
    <p class='ocr_par' dir='ltr' id='par_1_67' title="bbox 2210 3314 3741 3390">
     <span class='ocr_line' id='line_1_67' title="bbox 2210 3314 3741 3390; baseline -0.003 -18"><span class='ocrx_word' id='word_1_577' title='bbox 2210 3333 2380 3390; x_wconf 89' lang='lat' dir='ltr'>quam</span> <span class='ocrx_word' id='word_1_578' title='bbox 2420 3317 2724 3373; x_wconf 90' lang='lat' dir='ltr'>Dominum</span> <span class='ocrx_word' id='word_1_579' title='bbox 2766 3318 2872 3373; x_wconf 89' lang='lat' dir='ltr'>nisi</span> <span class='ocrx_word' id='word_1_580' title='bbox 2918 3319 3097 3389; x_wconf 87' lang='lat' dir='ltr'>gratis</span> <span class='ocrx_word' id='word_1_581' title='bbox 3141 3320 3373 3387; x_wconf 85' lang='lat' dir='ltr'>coleret,</span> <span class='ocrx_word' id='word_1_582' title='bbox 3405 3334 3512 3374; x_wconf 91' lang='lat' dir='ltr'>non</span> <span class='ocrx_word' id='word_1_583' title='bbox 3551 3314 3741 3371; x_wconf 85' lang='lat' dir='ltr'>visibilia</span> 
     </span>
    </p>
   </div>
   <div class='ocr_carea' id='block_1_68' title="bbox 2209 3406 3739 3480">
    <p class='ocr_par' dir='ltr' id='par_1_68' title="bbox 2209 3406 3739 3480">
     <span class='ocr_line' id='line_1_68' title="bbox 2209 3406 3739 3480; baseline -0.004 -18"><span class='ocrx_word' id='word_1_584' title='bbox 2209 3406 2441 3479; x_wconf 81' lang='lat' dir='ltr'>praemia</span> <span class='ocrx_word' id='word_1_585' title='bbox 2463 3407 2747 3462; x_wconf 89' lang='lat' dir='ltr'>servitutis</span> <span class='ocrx_word' id='word_1_586' title='bbox 2765 3423 2879 3463; x_wconf 80' lang='lat' dir='ltr'>suae</span> <span class='ocrx_word' id='word_1_587' title='bbox 2896 3412 2952 3462; x_wconf 88' lang='lat' dir='ltr'>et</span> <span class='ocrx_word' id='word_1_588' title='bbox 2980 3409 3277 3480; x_wconf 63' lang='lat' dir='ltr'>praesentis</span> <span class='ocrx_word' id='word_1_589' title='bbox 3307 3409 3429 3464; x_wconf 69' lang='lat' dir='ltr'>vitm</span> <span class='ocrx_word' id='word_1_590' title='bbox 3451 3406 3739 3465; x_wconf 84' lang='lat' dir='ltr'>felicitatem,</span> 
     </span>
    </p>
   </div>
   <div class='ocr_carea' id='block_1_69' title="bbox 2209 3496 3739 3570">
    <p class='ocr_par' dir='ltr' id='par_1_69' title="bbox 2209 3496 3739 3570">
     <span class='ocr_line' id='line_1_69' title="bbox 2209 3496 3739 3570; baseline -0.003 -21"><span class='ocrx_word' id='word_1_591' title='bbox 2209 3496 2307 3551; x_wconf 89' lang='lat' dir='ltr'>sed</span> <span class='ocrx_word' id='word_1_592' title='bbox 2335 3496 2512 3551; x_wconf 92' lang='lat' dir='ltr'>solam</span> <span class='ocrx_word' id='word_1_593' title='bbox 2528 3496 2700 3551; x_wconf 88' lang='lat' dir='ltr'>vitam</span> <span class='ocrx_word' id='word_1_594' title='bbox 2719 3502 3006 3561; x_wconf 64' lang='lat' dir='ltr'>aeternam,</span> <span class='ocrx_word' id='word_1_595' title='bbox 3022 3498 3078 3551; x_wconf 92' lang='lat' dir='ltr'>in</span> <span class='ocrx_word' id='word_1_596' title='bbox 3098 3514 3210 3569; x_wconf 89' lang='lat' dir='ltr'>qua</span> <span class='ocrx_word' id='word_1_597' title='bbox 3231 3499 3355 3570; x_wconf 91' lang='lat' dir='ltr'>ipso</span> <span class='ocrx_word' id='word_1_598' title='bbox 3368 3498 3481 3552; x_wconf 77' lang='lat' dir='ltr'>Dec</span> <span class='ocrx_word' id='word_1_599' title='bbox 3493 3496 3739 3556; x_wconf 84' lang='lat' dir='ltr'>frueretur,</span> 
     </span>
    </p>
   </div>
   <div class='ocr_carea' id='block_1_70' title="bbox 2210 3585 3743 3654">
    <p class='ocr_par' dir='ltr' id='par_1_70' title="bbox 2210 3585 3743 3654">
     <span class='ocr_line' id='line_1_70' title="bbox 2210 3585 3743 3654; baseline -0.003 -14"><span class='ocrx_word' id='word_1_600' title='bbox 2210 3585 2280 3640; x_wconf 90' lang='lat' dir='ltr'>ab</span> <span class='ocrx_word' id='word_1_601' title='bbox 2306 3585 2402 3640; x_wconf 93' lang='lat' dir='ltr'>illo</span> <span class='ocrx_word' id='word_1_602' title='bbox 2422 3585 2747 3640; x_wconf 89' lang='lat' dir='ltr'>desiderans</span> <span class='ocrx_word' id='word_1_603' title='bbox 2774 3605 2787 3654; x_wconf 89' lang='lat'><strong>;</strong></span> <span class='ocrx_word' id='word_1_604' title='bbox 2815 3592 2881 3641; x_wconf 90' lang='lat' dir='ltr'>ut</span> <span class='ocrx_word' id='word_1_605' title='bbox 2897 3586 3001 3641; x_wconf 85' lang='lat' dir='ltr'>hac</span> <span class='ocrx_word' id='word_1_606' title='bbox 3019 3592 3175 3641; x_wconf 86' lang='lat' dir='ltr'>sexta</span> <span class='ocrx_word' id='word_1_607' title='bbox 3193 3592 3363 3642; x_wconf 75' lang='lat' dir='ltr'>aetate</span> <span class='ocrx_word' id='word_1_608' title='bbox 3385 3602 3534 3641; x_wconf 88' lang='lat' dir='ltr'>mens</span> <span class='ocrx_word' id='word_1_609' title='bbox 3545 3585 3743 3638; x_wconf 84' lang='lat' dir='ltr'>humana</span> 
     </span>
    </p>
   </div>
   <div class='ocr_carea' id='block_1_71' title="bbox 2207 3672 3743 3746">
    <p class='ocr_par' dir='ltr' id='par_1_71' title="bbox 2207 3672 3743 3746">
     <span class='ocr_line' id='line_1_71' title="bbox 2207 3672 3743 3746; baseline -0.005 -17"><span class='ocrx_word' id='word_1_610' title='bbox 2207 3680 2507 3730; x_wconf 86' lang='lat' dir='ltr'>renovetur</span> <span class='ocrx_word' id='word_1_611' title='bbox 2537 3675 2609 3729; x_wconf 85' lang='lat' dir='ltr'>ad</span> <span class='ocrx_word' id='word_1_612' title='bbox 2634 3675 2939 3746; x_wconf 84' lang='lat' dir='ltr'>imaginem</span> <span class='ocrx_word' id='word_1_613' title='bbox 2966 3676 3087 3742; x_wconf 90' lang='lat' dir='ltr'>Dei,</span> <span class='ocrx_word' id='word_1_614' title='bbox 3118 3675 3270 3731; x_wconf 86' lang='lat' dir='ltr'>sicut</span> <span class='ocrx_word' id='word_1_615' title='bbox 3301 3682 3455 3732; x_wconf 86' lang='lat' dir='ltr'>sexta</span> <span class='ocrx_word' id='word_1_616' title='bbox 3499 3674 3579 3728; x_wconf 90' lang='lat' dir='ltr'>die</span> <span class='ocrx_word' id='word_1_617' title='bbox 3613 3672 3743 3725; x_wconf 86' lang='lat' dir='ltr'>homo</span> 
     </span>
    </p>
   </div>
   <div class='ocr_carea' id='block_1_72' title="bbox 2210 3759 3745 3835">
    <p class='ocr_par' dir='ltr' id='par_1_72' title="bbox 2210 3759 3745 3835">
     <span class='ocr_line' id='line_1_72' title="bbox 2210 3759 3745 3835; baseline -0.004 -18"><span class='ocrx_word' id='word_1_618' title='bbox 2210 3764 2388 3820; x_wconf 88' lang='lat' dir='ltr'>factus</span> <span class='ocrx_word' id='word_1_619' title='bbox 2416 3769 2503 3819; x_wconf 90' lang='lat' dir='ltr'>est</span> <span class='ocrx_word' id='word_1_620' title='bbox 2530 3764 2601 3818; x_wconf 89' lang='lat' dir='ltr'>ad</span> <span class='ocrx_word' id='word_1_621' title='bbox 2620 3764 2923 3835; x_wconf 86' lang='lat' dir='ltr'>imaginem</span> <span class='ocrx_word' id='word_1_622' title='bbox 2952 3764 3074 3819; x_wconf 91' lang='lat' dir='ltr'>Dei.</span> <span class='ocrx_word' id='word_1_623' title='bbox 3111 3766 3273 3820; x_wconf 87' lang='lat' dir='ltr'>Tunc</span> <span class='ocrx_word' id='word_1_624' title='bbox 3300 3765 3447 3819; x_wconf 91' lang='lat' dir='ltr'>enim</span> <span class='ocrx_word' id='word_1_625' title='bbox 3477 3770 3529 3818; x_wconf 92' lang='lat' dir='ltr'>et</span> <span class='ocrx_word' id='word_1_626' title='bbox 3560 3763 3635 3816; x_wconf 86' lang='lat' dir='ltr'>lex</span> <span class='ocrx_word' id='word_1_627' title='bbox 3670 3759 3745 3813; x_wconf 85' lang='lat' dir='ltr'>im-</span> 
     </span>
    </p>
   </div>
   <div class='ocr_carea' id='block_1_73' title="bbox 2211 3844 3743 3926">
    <p class='ocr_par' dir='ltr' id='par_1_73' title="bbox 2211 3844 3743 3926">
     <span class='ocr_line' id='line_1_73' title="bbox 2211 3844 3743 3926; baseline -0.003 -19"><span class='ocrx_word' id='word_1_628' title='bbox 2211 3854 2415 3925; x_wconf 87' lang='lat' dir='ltr'>pletur,</span> <span class='ocrx_word' id='word_1_629' title='bbox 2446 3853 2581 3907; x_wconf 91' lang='lat' dir='ltr'>dum</span> <span class='ocrx_word' id='word_1_630' title='bbox 2608 3870 2721 3907; x_wconf 92' lang='lat' dir='ltr'>non</span> <span class='ocrx_word' id='word_1_631' title='bbox 2740 3853 3047 3925; x_wconf 87' lang='lat' dir='ltr'>cupiditate</span> <span class='ocrx_word' id='word_1_632' title='bbox 3065 3870 3257 3909; x_wconf 89' lang='lat' dir='ltr'>rerum</span> <span class='ocrx_word' id='word_1_633' title='bbox 3275 3852 3657 3926; x_wconf 89' lang='lat' dir='ltr'>temporalium,</span> <span class='ocrx_word' id='word_1_634' title='bbox 3672 3844 3743 3900; x_wconf 79' lang='lat' dir='ltr'>sed</span> 
     </span>
    </p>
   </div>
   <div class='ocr_carea' id='block_1_74' title="bbox 2212 3941 3745 4014">
    <p class='ocr_par' dir='ltr' id='par_1_74' title="bbox 2212 3941 3745 4014">
     <span class='ocr_line' id='line_1_74' title="bbox 2212 3941 3745 4014; baseline -0.005 -18"><span class='ocrx_word' id='word_1_635' title='bbox 2212 3941 2485 3996; x_wconf 88' lang='lat' dir='ltr'>charitate</span> <span class='ocrx_word' id='word_1_636' title='bbox 2513 3941 2664 3995; x_wconf 91' lang='lat' dir='ltr'>illius</span> <span class='ocrx_word' id='word_1_637' title='bbox 2694 3958 2790 4013; x_wconf 81' lang='lat' dir='ltr'>qui</span> <span class='ocrx_word' id='word_1_638' title='bbox 2821 3942 3104 4014; x_wconf 73' lang='lat' dir='ltr'>praecepit,</span> <span class='ocrx_word' id='word_1_639' title='bbox 3129 3944 3277 3998; x_wconf 86' lang='lat' dir='ltr'>ﬁunt</span> <span class='ocrx_word' id='word_1_640' title='bbox 3306 3954 3627 4014; x_wconf 80' lang='lat' dir='ltr'>quaecunque</span> <span class='ocrx_word' id='word_1_641' title='bbox 3640 3950 3745 4008; x_wconf 76' lang='lat' dir='ltr'>prte-</span> 
     </span>
    </p>
   </div>
   <div class='ocr_carea' id='block_1_75' title="bbox 2212 4022 3747 4102">
    <p class='ocr_par' dir='ltr' id='par_1_75' title="bbox 2212 4022 3747 4102">
     <span class='ocr_line' id='line_1_75' title="bbox 2212 4022 3747 4102; baseline -0.004 -17"><span class='ocrx_word' id='word_1_642' title='bbox 2212 4030 2378 4102; x_wconf 91' lang='lat' dir='ltr'>cepit.</span> <span class='ocrx_word' id='word_1_643' title='bbox 2410 4030 2548 4095; x_wconf 89' lang='lat' dir='ltr'>Quis</span> <span class='ocrx_word' id='word_1_644' title='bbox 2576 4035 2766 4087; x_wconf 89' lang='lat' dir='ltr'>autem</span> <span class='ocrx_word' id='word_1_645' title='bbox 2793 4046 2905 4085; x_wconf 92' lang='lat' dir='ltr'>non</span> <span class='ocrx_word' id='word_1_646' title='bbox 2955 4032 3250 4087; x_wconf 87' lang='lat' dir='ltr'>redamare</span> <span class='ocrx_word' id='word_1_647' title='bbox 3305 4032 3516 4086; x_wconf 68' lang='lat' dir='ltr'>aﬁectet</span> <span class='ocrx_word' id='word_1_648' title='bbox 3550 4022 3747 4099; x_wconf 87' lang='lat' dir='ltr'>justissi-</span> 
     </span>
    </p>
   </div>
   <div class='ocr_carea' id='block_1_76' title="bbox 2213 4110 3746 4191">
    <p class='ocr_par' dir='ltr' id='par_1_76' title="bbox 2213 4110 3746 4191">
     <span class='ocr_line' id='line_1_76' title="bbox 2213 4110 3746 4191; baseline -0.005 -17"><span class='ocrx_word' id='word_1_649' title='bbox 2213 4136 2369 4175; x_wconf 90' lang='lat' dir='ltr'>mum</span> <span class='ocrx_word' id='word_1_650' title='bbox 2399 4125 2457 4175; x_wconf 88' lang='lat' dir='ltr'>et</span> <span class='ocrx_word' id='word_1_651' title='bbox 2483 4119 3069 4175; x_wconf 86' lang='lat' dir='ltr'>misericordissimum</span> <span class='ocrx_word' id='word_1_652' title='bbox 3098 4121 3420 4187; x_wconf 87' lang='lat' dir='ltr'>Dominum,</span> <span class='ocrx_word' id='word_1_653' title='bbox 3450 4117 3538 4191; x_wconf 92' lang='lat' dir='ltr'>qui</span> <span class='ocrx_word' id='word_1_654' title='bbox 3551 4110 3746 4190; x_wconf 86' lang='lat' dir='ltr'>priorsic</span> 
     </span>
    </p>
   </div>
   <div class='ocr_carea' id='block_1_77' title="bbox 2214 4208 3746 4282">
    <p class='ocr_par' dir='ltr' id='par_1_77' title="bbox 2214 4208 3746 4282">
     <span class='ocr_line' id='line_1_77' title="bbox 2214 4208 3746 4282; baseline -0.003 -19"><span class='ocrx_word' id='word_1_655' title='bbox 2214 4208 2423 4263; x_wconf 88' lang='lat' dir='ltr'>amavit</span> <span class='ocrx_word' id='word_1_656' title='bbox 2431 4209 2776 4280; x_wconf 87' lang='lat' dir='ltr'>justissimos</span> <span class='ocrx_word' id='word_1_657' title='bbox 2796 4214 2854 4264; x_wconf 91' lang='lat' dir='ltr'>et</span> <span class='ocrx_word' id='word_1_658' title='bbox 2869 4209 3299 4282; x_wconf 88' lang='lat' dir='ltr'>superbissimos</span> <span class='ocrx_word' id='word_1_659' title='bbox 3310 4208 3566 4273; x_wconf 87' lang='lat' dir='ltr'>homines,</span> <span class='ocrx_word' id='word_1_660' title='bbox 3577 4210 3631 4260; x_wconf 88' lang='lat' dir='ltr'>ut</span> <span class='ocrx_word' id='word_1_661' title='bbox 3646 4215 3746 4275; x_wconf 85' lang='lat' dir='ltr'>pro-</span> 
     </span>
    </p>
   </div>
   <div class='ocr_carea' id='block_1_78' title="bbox 2216 4293 3746 4371">
    <p class='ocr_par' dir='ltr' id='par_1_78' title="bbox 2216 4293 3746 4371">
     <span class='ocr_line' id='line_1_78' title="bbox 2216 4293 3746 4371; baseline -0.007 -18"><span class='ocrx_word' id='word_1_662' title='bbox 2216 4304 2342 4371; x_wconf 89' lang='lat' dir='ltr'>pter</span> <span class='ocrx_word' id='word_1_663' title='bbox 2362 4315 2457 4353; x_wconf 90' lang='lat' dir='ltr'>eos</span> <span class='ocrx_word' id='word_1_664' title='bbox 2476 4298 2729 4353; x_wconf 88' lang='lat' dir='ltr'>mitteret</span> <span class='ocrx_word' id='word_1_665' title='bbox 2745 4298 2973 4353; x_wconf 90' lang='lat' dir='ltr'>unicum</span> <span class='ocrx_word' id='word_1_666' title='bbox 2995 4299 3222 4365; x_wconf 88' lang='lat' dir='ltr'>Filium,</span> <span class='ocrx_word' id='word_1_667' title='bbox 3238 4314 3507 4371; x_wconf 90' lang='lat' dir='ltr'>perquem</span> <span class='ocrx_word' id='word_1_668' title='bbox 3516 4293 3630 4349; x_wconf 87' lang='lat' dir='ltr'>fecit</span> <span class='ocrx_word' id='word_1_669' title='bbox 3652 4304 3746 4345; x_wconf 88' lang='lat' dir='ltr'>om-</span> 
     </span>
    </p>
   </div>
   <div class='ocr_carea' id='block_1_79' title="bbox 612 4380 3746 4460">
    <p class='ocr_par' dir='ltr' id='par_1_79' title="bbox 612 4380 3746 4460">
     <span class='ocr_line' id='line_1_79' title="bbox 612 4380 3746 4460; baseline -0.001 -24"><span class='ocrx_word' id='word_1_670' title='bbox 612 4398 638 4436; x_wconf 82' lang='grc'><strong><em>‹</em></strong></span> <span class='ocrx_word' id='word_1_671' title='bbox 657 4381 802 4437; x_wconf 91' lang='lat' dir='ltr'>Nam</span> <span class='ocrx_word' id='word_1_672' title='bbox 814 4386 872 4437; x_wconf 91' lang='lat' dir='ltr'>et</span> <span class='ocrx_word' id='word_1_673' title='bbox 883 4399 1007 4438; x_wconf 88' lang='lat' dir='ltr'>ecce</span> <span class='ocrx_word' id='word_1_674' title='bbox 1017 4389 1074 4439; x_wconf 90' lang='lat' dir='ltr'>te</span> <span class='ocrx_word' id='word_1_675' title='bbox 1085 4384 1251 4439; x_wconf 91' lang='lat' dir='ltr'>modo</span> <span class='ocrx_word' id='word_1_676' title='bbox 1263 4401 1364 4457; x_wconf 88' lang='lat' dir='ltr'>per</span> <span class='ocrx_word' id='word_1_677' title='bbox 1376 4385 1548 4441; x_wconf 91' lang='lat' dir='ltr'>istum</span> <span class='ocrx_word' id='word_1_678' title='bbox 1561 4403 1877 4445; x_wconf 88' lang='lat' dir='ltr'>sermonem</span> <span class='ocrx_word' id='word_1_679' title='bbox 1900 4392 2198 4460; x_wconf 72' lang='lat' dir='ltr'>aediﬁca-D</span> <span class='ocrx_word' id='word_1_680' title='bbox 2216 4388 2308 4442; x_wconf 89' lang='lat' dir='ltr'>nia</span> <span class='ocrx_word' id='word_1_681' title='bbox 2335 4405 2346 4440; x_wconf 90' lang='lat'>:</span> <span class='ocrx_word' id='word_1_682' title='bbox 2362 4387 2458 4458; x_wconf 91' lang='lat' dir='ltr'>qui</span> <span class='ocrx_word' id='word_1_683' title='bbox 2470 4403 2583 4442; x_wconf 93' lang='lat' dir='ltr'>non</span> <span class='ocrx_word' id='word_1_684' title='bbox 2601 4387 2689 4442; x_wconf 91' lang='lat' dir='ltr'>sui</span> <span class='ocrx_word' id='word_1_685' title='bbox 2712 4386 3150 4451; x_wconf 88' lang='lat' dir='ltr'>mutatione,sed</span> <span class='ocrx_word' id='word_1_686' title='bbox 3164 4387 3408 4443; x_wconf 89' lang='lat' dir='ltr'>hominis</span> <span class='ocrx_word' id='word_1_687' title='bbox 3423 4380 3746 4453; x_wconf 80' lang='lat' dir='ltr'>assumptione</span> 
     </span>
    </p>
   </div>
   <div class='ocr_carea' id='block_1_80' title="bbox 543 4473 2135 4548">
    <p class='ocr_par' dir='ltr' id='par_1_80' title="bbox 543 4473 2135 4548">
     <span class='ocr_line' id='line_1_80' title="bbox 543 4473 2135 4548; baseline 0.012 -26"><span class='ocrx_word' id='word_1_688' title='bbox 543 4489 566 4521; x_wconf 76' lang='grc' dir='ltr'>ι</span> <span class='ocrx_word' id='word_1_689' title='bbox 582 4486 709 4526; x_wconf 92' lang='lat' dir='ltr'>mus</span> <span class='ocrx_word' id='word_1_690' title='bbox 724 4476 895 4543; x_wconf 90' lang='lat' dir='ltr'>atque</span> <span class='ocrx_word' id='word_1_691' title='bbox 906 4473 1227 4547; x_wconf 88' lang='lat' dir='ltr'>plantamus</span> <span class='ocrx_word' id='word_1_692' title='bbox 1246 4492 1257 4528; x_wconf 91' lang='lat'><strong><em>:</em></strong></span> <span class='ocrx_word' id='word_1_693' title='bbox 1281 4473 1384 4529; x_wconf 82' lang='lat' dir='ltr'>»Et</span> <span class='ocrx_word' id='word_1_694' title='bbox 1392 4474 1497 4530; x_wconf 89' lang='lat' dir='ltr'>hoc</span> <span class='ocrx_word' id='word_1_695' title='bbox 1512 4477 1575 4529; x_wconf 90' lang='lat' dir='ltr'>ﬁt</span> <span class='ocrx_word' id='word_1_696' title='bbox 1597 4493 1699 4548; x_wconf 92' lang='lat' dir='ltr'>per</span> <span class='ocrx_word' id='word_1_697' title='bbox 1722 4482 1904 4534; x_wconf 89' lang='lat' dir='ltr'>totum</span> <span class='ocrx_word' id='word_1_698' title='bbox 1943 4482 2135 4542; x_wconf 87' lang='lat' dir='ltr'>orbem</span> 
     </span>
    </p>
   </div>
   <div class='ocr_carea' id='block_1_81' title="bbox 537 4562 2133 4634">
    <p class='ocr_par' dir='ltr' id='par_1_81' title="bbox 537 4562 2133 4634">
     <span class='ocr_line' id='line_1_81' title="bbox 537 4562 2133 4634; baseline 0.01 -20"><span class='ocrx_word' id='word_1_699' title='bbox 537 4562 819 4634; x_wconf 73' lang='lat' dir='ltr'>terrarum</span> <span class='ocrx_word' id='word_1_700' title='bbox 831 4578 957 4616; x_wconf 91' lang='lat' dir='ltr'>cum</span> <span class='ocrx_word' id='word_1_701' title='bbox 978 4578 1115 4633; x_wconf 90' lang='lat' dir='ltr'>pace</span> <span class='ocrx_word' id='word_1_702' title='bbox 1138 4579 1333 4634; x_wconf 86' lang='lat' dir='ltr'>regum</span> <span class='ocrx_word' id='word_1_703' title='bbox 1351 4563 1974 4634; x_wconf 87' lang='lat' dir='ltr'>Christianorum,sicut</span> <span class='ocrx_word' id='word_1_704' title='bbox 1983 4572 2133 4630; x_wconf 91' lang='lat' dir='ltr'>idem</span> 
     </span>
    </p>
   </div>
   <div class='ocr_carea' id='block_1_82' title="bbox 538 4626 2132 4724">
    <p class='ocr_par' dir='ltr' id='par_1_82' title="bbox 538 4626 2132 4724">
     <span class='ocr_line' id='line_1_82' title="bbox 538 4626 2132 4724; baseline 0.009 -22"><span class='ocrx_word' id='word_1_705' title='bbox 538 4626 674 4702; x_wconf 65' lang='lat' dir='ltr'>dicit</span> <span class='ocrx_word' id='word_1_706' title='bbox 695 4626 998 4720; x_wconf 77' lang='lat' dir='ltr'>Apostolus</span> <span class='ocrx_word' id='word_1_707' title='bbox 1026 4668 1038 4704; x_wconf 78' lang='grc' dir='ltr'>ε</span> <span class='ocrx_word' id='word_1_708' title='bbox 1076 4670 1103 4704; x_wconf 87' lang='grc'>‹‹</span> <span class='ocrx_word' id='word_1_709' title='bbox 1145 4626 1248 4708; x_wconf 68' lang='lat' dir='ltr'>Dei</span> <span class='ocrx_word' id='word_1_710' title='bbox 1279 4653 1640 4724; x_wconf 72' lang='lat' dir='ltr'>agricultura,</span> <span class='ocrx_word' id='word_1_711' title='bbox 1690 4626 1818 4711; x_wconf 29' lang='lat' dir='ltr'>Dei.</span> <span class='ocrx_word' id='word_1_712' title='bbox 1838 4626 2132 4718; x_wconf 65' lang='lat' dir='ltr'>aedificatio</span> 
     </span>
    </p>
   </div>
   <div class='ocr_carea' id='block_1_83' title="bbox 539 4736 2131 4821">
    <p class='ocr_par' dir='ltr' id='par_1_83' title="bbox 539 4736 2131 4821">
     <span class='ocr_line' id='line_1_83' title="bbox 539 4736 2131 4821; baseline 0.01 -31"><span class='ocrx_word' id='word_1_713' title='bbox 539 4736 675 4791; x_wconf 88' lang='lat' dir='ltr'>estis</span> <span class='ocrx_word' id='word_1_714' title='bbox 706 4738 758 4804; x_wconf 88' lang='grc' dir='ltr'>(Ι</span> <span class='ocrx_word' id='word_1_715' title='bbox 780 4737 901 4792; x_wconf 78' lang='lat' dir='ltr'>Cor.</span> <span class='ocrx_word' id='word_1_716' title='bbox 935 4755 1011 4807; x_wconf 84' lang='grc' dir='ltr'>ιιι,</span> <span class='ocrx_word' id='word_1_717' title='bbox 1039 4737 1114 4811; x_wconf 87' lang='lat'>9).</span> <span class='ocrx_word' id='word_1_718' title='bbox 1133 4759 1156 4792; x_wconf 78' lang='grc' dir='ltr'><strong>ι</strong></span> <span class='ocrx_word' id='word_1_719' title='bbox 1178 4740 1249 4797; x_wconf 92' lang='lat' dir='ltr'>Et</span> <span class='ocrx_word' id='word_1_720' title='bbox 1268 4746 1396 4813; x_wconf 90' lang='lat' dir='ltr'>post</span> <span class='ocrx_word' id='word_1_721' title='bbox 1422 4758 1599 4799; x_wconf 91' lang='lat' dir='ltr'>annos</span> <span class='ocrx_word' id='word_1_722' title='bbox 1646 4744 1873 4815; x_wconf 87' lang='lat' dir='ltr'>quidem</span> <span class='ocrx_word' id='word_1_723' title='bbox 1904 4754 2131 4821; x_wconf 89' lang='lat' dir='ltr'>septua-</span> 
     </span>
    </p>
   </div>
   <div class='ocr_carea' id='block_1_84' title="bbox 534 4823 2132 4902">
    <p class='ocr_par' dir='ltr' id='par_1_84' title="bbox 534 4823 2132 4902">
     <span class='ocr_line' id='line_1_84' title="bbox 534 4823 2132 4902; baseline 0.011 -24"><span class='ocrx_word' id='word_1_724' title='bbox 534 4823 713 4894; x_wconf 86' lang='lat' dir='ltr'>ginta,</span> <span class='ocrx_word' id='word_1_725' title='bbox 730 4841 869 4897; x_wconf 90' lang='lat' dir='ltr'>quos</span> <span class='ocrx_word' id='word_1_726' title='bbox 898 4828 1131 4899; x_wconf 84' lang='lat' dir='ltr'>mystice</span> <span class='ocrx_word' id='word_1_727' title='bbox 1157 4830 1591 4902; x_wconf 87' lang='lat' dir='ltr'>prophetaverat</span> <span class='ocrx_word' id='word_1_728' title='bbox 1605 4833 1875 4890; x_wconf 88' lang='lat' dir='ltr'>Jeremias</span> <span class='ocrx_word' id='word_1_729' title='bbox 1884 4841 1949 4891; x_wconf 89' lang='lat' dir='ltr'>ut</span> <span class='ocrx_word' id='word_1_730' title='bbox 1960 4838 2132 4895; x_wconf 87' lang='lat' dir='ltr'>ﬁnem</span> 
     </span>
    </p>
   </div>
   <div class='ocr_carea' id='block_1_85' title="bbox 535 4917 2131 4995">
    <p class='ocr_par' dir='ltr' id='par_1_85' title="bbox 535 4917 2131 4995">
     <span class='ocr_line' id='line_1_85' title="bbox 535 4917 2131 4995; baseline 0.01 -28"><span class='ocrx_word' id='word_1_731' title='bbox 535 4918 854 4985; x_wconf 83' lang='lat' dir='ltr'>temporum</span> <span class='ocrx_word' id='word_1_732' title='bbox 880 4917 1284 4988; x_wconf 65' lang='lat' dir='ltr'>praeﬁguraret,</span> <span class='ocrx_word' id='word_1_733' title='bbox 1312 4924 1505 4975; x_wconf 91' lang='lat' dir='ltr'>tamen</span> <span class='ocrx_word' id='word_1_734' title='bbox 1532 4926 1597 4976; x_wconf 92' lang='lat' dir='ltr'>ut</span> <span class='ocrx_word' id='word_1_735' title='bbox 1624 4920 1749 4994; x_wconf 90' lang='lat' dir='ltr'>ipsa</span> <span class='ocrx_word' id='word_1_736' title='bbox 1775 4925 1957 4995; x_wconf 85' lang='lat' dir='ltr'>ﬁgura</span> <span class='ocrx_word' id='word_1_737' title='bbox 1983 4927 2131 4984; x_wconf 91' lang='lat' dir='ltr'>inte-</span> 
     </span>
    </p>
   </div>
   <div class='ocr_carea' id='block_1_86' title="bbox 534 5003 2133 5074">
    <p class='ocr_par' dir='ltr' id='par_1_86' title="bbox 534 5003 2133 5074">
     <span class='ocr_line' id='line_1_86' title="bbox 534 5003 2133 5074; baseline 0.009 -16"><span class='ocrx_word' id='word_1_738' title='bbox 534 5008 816 5074; x_wconf 86' lang='lat' dir='ltr'>graretur,</span> <span class='ocrx_word' id='word_1_739' title='bbox 832 5003 977 5060; x_wconf 79' lang='lat' dir='ltr'>facta</span> <span class='ocrx_word' id='word_1_740' title='bbox 989 5011 1076 5061; x_wconf 89' lang='lat' dir='ltr'>est</span> <span class='ocrx_word' id='word_1_741' title='bbox 1087 5007 1144 5061; x_wconf 94' lang='lat' dir='ltr'>in</span> <span class='ocrx_word' id='word_1_742' title='bbox 1156 5007 1510 5063; x_wconf 87' lang='lat' dir='ltr'>Hierusalem</span> <span class='ocrx_word' id='word_1_743' title='bbox 1522 5009 1803 5067; x_wconf 87' lang='lat' dir='ltr'>restitutio</span> <span class='ocrx_word' id='word_1_744' title='bbox 1816 5014 2133 5072; x_wconf 81' lang='lat' dir='ltr'>aediﬁcatio-</span> 
     </span>
    </p>
   </div>
   <div class='ocr_carea' id='block_1_87' title="bbox 533 5092 2129 5173">
    <p class='ocr_par' dir='ltr' id='par_1_87' title="bbox 533 5092 2129 5173">
     <span class='ocr_line' id='line_1_87' title="bbox 533 5092 2129 5173; baseline 0.009 -27"><span class='ocrx_word' id='word_1_745' title='bbox 533 5092 622 5147; x_wconf 90' lang='lat' dir='ltr'>nis</span> <span class='ocrx_word' id='word_1_746' title='bbox 640 5093 838 5166; x_wconf 90' lang='lat' dir='ltr'>templi</span> <span class='ocrx_word' id='word_1_747' title='bbox 858 5093 987 5162; x_wconf 89' lang='lat' dir='ltr'>Dei;</span> <span class='ocrx_word' id='word_1_748' title='bbox 1011 5094 1110 5150; x_wconf 89' lang='lat' dir='ltr'>sed</span> <span class='ocrx_word' id='word_1_749' title='bbox 1121 5095 1254 5167; x_wconf 89' lang='lat' dir='ltr'>quia</span> <span class='ocrx_word' id='word_1_750' title='bbox 1271 5101 1455 5153; x_wconf 90' lang='lat' dir='ltr'>totum</span> <span class='ocrx_word' id='word_1_751' title='bbox 1470 5099 1707 5170; x_wconf 83' lang='lat' dir='ltr'>ﬁgurate</span> <span class='ocrx_word' id='word_1_752' title='bbox 1723 5102 2129 5173; x_wconf 88' lang='lat' dir='ltr'>agebatur,non</span> 
     </span>
    </p>
   </div>
   <div class='ocr_carea' id='block_1_88' title="bbox 534 5183 2133 5265">
    <p class='ocr_par' dir='ltr' id='par_1_88' title="bbox 534 5183 2133 5265">
     <span class='ocr_line' id='line_1_88' title="bbox 534 5183 2133 5265; baseline 0.009 -29"><span class='ocrx_word' id='word_1_753' title='bbox 534 5186 658 5237; x_wconf 90' lang='lat' dir='ltr'>erat</span> <span class='ocrx_word' id='word_1_754' title='bbox 675 5184 841 5237; x_wconf 90' lang='lat' dir='ltr'>ﬁrma</span> <span class='ocrx_word' id='word_1_755' title='bbox 868 5200 974 5257; x_wconf 88' lang='lat' dir='ltr'>pax</span> <span class='ocrx_word' id='word_1_756' title='bbox 1003 5200 1067 5239; x_wconf 92' lang='lat' dir='ltr'>ac</span> <span class='ocrx_word' id='word_1_757' title='bbox 1095 5183 1325 5241; x_wconf 89' lang='lat' dir='ltr'>libertas</span> <span class='ocrx_word' id='word_1_758' title='bbox 1354 5188 1575 5243; x_wconf 90' lang='lat' dir='ltr'>reddita</span> <span class='ocrx_word' id='word_1_759' title='bbox 1601 5189 1828 5245; x_wconf 77' lang='lat' dir='ltr'>Iudaeis.</span> <span class='ocrx_word' id='word_1_760' title='bbox 1874 5193 2069 5265; x_wconf 86' lang='lat' dir='ltr'>Itaque</span> <span class='ocrx_word' id='word_1_761' title='bbox 2098 5212 2133 5250; x_wconf 90' lang='lat' dir='ltr'>a</span> 
     </span>
    </p>
   </div>
   <div class='ocr_carea' id='block_1_89' title="bbox 534 5269 2130 5348">
    <p class='ocr_par' dir='ltr' id='par_1_89' title="bbox 534 5269 2130 5348">
     <span class='ocr_line' id='line_1_89' title="bbox 534 5269 2130 5348; baseline 0.008 -23"><span class='ocrx_word' id='word_1_762' title='bbox 534 5269 801 5328; x_wconf 82' lang='lat' dir='ltr'>Romanis</span> <span class='ocrx_word' id='word_1_763' title='bbox 831 5278 1028 5345; x_wconf 89' lang='lat' dir='ltr'>postea</span> <span class='ocrx_word' id='word_1_764' title='bbox 1052 5274 1184 5331; x_wconf 92' lang='lat' dir='ltr'>victi</span> <span class='ocrx_word' id='word_1_765' title='bbox 1212 5281 1344 5332; x_wconf 91' lang='lat' dir='ltr'>sunt</span> <span class='ocrx_word' id='word_1_766' title='bbox 1372 5281 1430 5332; x_wconf 89' lang='lat' dir='ltr'>et</span> <span class='ocrx_word' id='word_1_767' title='bbox 1454 5277 1740 5334; x_wconf 86' lang='lat' dir='ltr'>tributarii</span> <span class='ocrx_word' id='word_1_768' title='bbox 1762 5280 1911 5348; x_wconf 89' lang='lat' dir='ltr'>facti,</span> <span class='ocrx_word' id='word_1_769' title='bbox 1940 5297 2005 5336; x_wconf 85' lang='lat' dir='ltr'>ex</span> <span class='ocrx_word' id='word_1_770' title='bbox 2033 5283 2130 5339; x_wconf 92' lang='lat' dir='ltr'>illo</span> 
     </span>
    </p>
   </div>
   <div class='ocr_carea' id='block_1_90' title="bbox 534 5366 2131 5444">
    <p class='ocr_par' dir='ltr' id='par_1_90' title="bbox 534 5366 2131 5444">
     <span class='ocr_line' id='line_1_90' title="bbox 534 5366 2131 5444; baseline 0.009 -32"><span class='ocrx_word' id='word_1_771' title='bbox 534 5373 668 5414; x_wconf 88' lang='lat' dir='ltr'>sane</span> <span class='ocrx_word' id='word_1_772' title='bbox 695 5366 950 5434; x_wconf 91' lang='lat' dir='ltr'>tempore</span> <span class='ocrx_word' id='word_1_773' title='bbox 980 5380 1047 5418; x_wconf 87' lang='lat' dir='ltr'>ex</span> <span class='ocrx_word' id='word_1_774' title='bbox 1076 5379 1187 5437; x_wconf 86' lang='lat' dir='ltr'>quo</span> <span class='ocrx_word' id='word_1_775' title='bbox 1217 5369 1428 5421; x_wconf 82' lang='lat' dir='ltr'>terram</span> <span class='ocrx_word' id='word_1_776' title='bbox 1476 5368 1862 5439; x_wconf 87' lang='lat' dir='ltr'>promissionis</span> <span class='ocrx_word' id='word_1_777' title='bbox 1906 5387 2131 5444; x_wconf 85' lang='lat' dir='ltr'>accepe-</span> 
     </span>
    </p>
   </div>
   <div class='ocr_carea' id='block_1_91' title="bbox 534 5444 2130 5532">
    <p class='ocr_par' dir='ltr' id='par_1_91' title="bbox 534 5444 2130 5532">
     <span class='ocr_line' id='line_1_91' title="bbox 534 5444 2130 5532; baseline 0.011 -32"><span class='ocrx_word' id='word_1_778' title='bbox 534 5453 685 5515; x_wconf 88' lang='lat' dir='ltr'>runt,</span> <span class='ocrx_word' id='word_1_779' title='bbox 700 5455 759 5504; x_wconf 93' lang='lat' dir='ltr'>et</span> <span class='ocrx_word' id='word_1_780' title='bbox 776 5467 938 5523; x_wconf 89' lang='lat' dir='ltr'>reges</span> <span class='ocrx_word' id='word_1_781' title='bbox 956 5452 1163 5510; x_wconf 86' lang='lat' dir='ltr'>habere</span> <span class='ocrx_word' id='word_1_782' title='bbox 1184 5444 1474 5528; x_wconf 70' lang='lat' dir='ltr'>cmperunt</span> <span class='ocrx_word' id='word_1_783' title='bbox 1496 5476 1508 5511; x_wconf 85' lang='lat'><strong>:</strong></span> <span class='ocrx_word' id='word_1_784' title='bbox 1532 5474 1602 5512; x_wconf 92' lang='lat' dir='ltr'>ne</span> <span class='ocrx_word' id='word_1_785' title='bbox 1621 5458 1680 5513; x_wconf 92' lang='lat' dir='ltr'>in</span> <span class='ocrx_word' id='word_1_786' title='bbox 1715 5458 1903 5531; x_wconf 88' lang='lat' dir='ltr'>aliquo</span> <span class='ocrx_word' id='word_1_787' title='bbox 1930 5476 2130 5532; x_wconf 88' lang='lat' dir='ltr'>regum</span> 
     </span>
    </p>
   </div>
   <div class='ocr_carea' id='block_1_92' title="bbox 534 5542 2138 5620">
    <p class='ocr_par' dir='ltr' id='par_1_92' title="bbox 534 5542 2138 5620">
     <span class='ocr_line' id='line_1_92' title="bbox 534 5542 2138 5620; baseline 0.011 -31"><span class='ocrx_word' id='word_1_788' title='bbox 534 5550 767 5592; x_wconf 88' lang='lat' dir='ltr'>suorum</span> <span class='ocrx_word' id='word_1_789' title='bbox 782 5542 1122 5614; x_wconf 89' lang='lat' dir='ltr'>completum</span> <span class='ocrx_word' id='word_1_790' title='bbox 1142 5560 1263 5600; x_wconf 89' lang='lat' dir='ltr'>esse</span> <span class='ocrx_word' id='word_1_791' title='bbox 1285 5546 1697 5603; x_wconf 89' lang='lat' dir='ltr'>arbitrarentur</span> <span class='ocrx_word' id='word_1_792' title='bbox 1717 5550 1866 5620; x_wconf 87' lang='lat' dir='ltr'>quod</span> <span class='ocrx_word' id='word_1_793' title='bbox 1904 5549 1985 5605; x_wconf 87' lang='lat' dir='ltr'>eis</span> <span class='ocrx_word' id='word_1_794' title='bbox 2003 5550 2138 5606; x_wconf 89' lang='lat' dir='ltr'>libe-</span> 
     </span>
    </p>
   </div>
   <div class='ocr_carea' id='block_1_93' title="bbox 533 5627 2132 5714">
    <p class='ocr_par' dir='ltr' id='par_1_93' title="bbox 533 5627 2132 5714">
     <span class='ocr_line' id='line_1_93' title="bbox 533 5627 2132 5714; baseline 0.008 -29"><span class='ocrx_word' id='word_1_795' title='bbox 533 5628 687 5685; x_wconf 84' lang='lat' dir='ltr'>rator</span> <span class='ocrx_word' id='word_1_796' title='bbox 714 5627 968 5687; x_wconf 85' lang='lat' dir='ltr'>Christus</span> <span class='ocrx_word' id='word_1_797' title='bbox 992 5633 1441 5707; x_wconf 81' lang='lat' dir='ltr'>promittebatur.</span> <span class='ocrx_word' id='word_1_798' title='bbox 1473 5637 1737 5714; x_wconf 82' lang='lat' dir='ltr'>Apertius</span> <span class='ocrx_word' id='word_1_799' title='bbox 1779 5656 1880 5711; x_wconf 90' lang='lat' dir='ltr'>per</span> <span class='ocrx_word' id='word_1_800' title='bbox 1926 5638 2132 5697; x_wconf 86' lang='lat' dir='ltr'>multas</span> 
     </span>
    </p>
   </div>
   <div class='ocr_carea' id='block_1_94' title="bbox 2217 4467 3745 4541">
    <p class='ocr_par' dir='ltr' id='par_1_94' title="bbox 2217 4467 3745 4541">
     <span class='ocr_line' id='line_1_94' title="bbox 2217 4467 3745 4541; baseline -0.007 -11"><span class='ocrx_word' id='word_1_801' title='bbox 2217 4477 2384 4531; x_wconf 87' lang='lat' dir='ltr'>homo</span> <span class='ocrx_word' id='word_1_802' title='bbox 2414 4475 2590 4531; x_wconf 87' lang='lat' dir='ltr'>factus</span> <span class='ocrx_word' id='word_1_803' title='bbox 2628 4493 2740 4531; x_wconf 90' lang='lat' dir='ltr'>non</span> <span class='ocrx_word' id='word_1_804' title='bbox 2769 4477 2949 4531; x_wconf 92' lang='lat' dir='ltr'>solum</span> <span class='ocrx_word' id='word_1_805' title='bbox 2976 4493 3104 4531; x_wconf 92' lang='lat' dir='ltr'>cum</span> <span class='ocrx_word' id='word_1_806' title='bbox 3134 4478 3216 4531; x_wconf 89' lang='lat' dir='ltr'>eis</span> <span class='ocrx_word' id='word_1_807' title='bbox 3243 4477 3441 4541; x_wconf 91' lang='lat' dir='ltr'>vivere,</span> <span class='ocrx_word' id='word_1_808' title='bbox 3480 4471 3568 4527; x_wconf 89' lang='lat' dir='ltr'>sed</span> <span class='ocrx_word' id='word_1_809' title='bbox 3612 4467 3745 4524; x_wconf 85' lang='lat' dir='ltr'>etiam</span> 
     </span>
    </p>
   </div>
   <div class='ocr_carea' id='block_1_95' title="bbox 2216 4562 3746 4638">
    <p class='ocr_par' dir='ltr' id='par_1_95' title="bbox 2216 4562 3746 4638">
     <span class='ocr_line' id='line_1_95' title="bbox 2216 4562 3746 4638; baseline -0.005 -18"><span class='ocrx_word' id='word_1_810' title='bbox 2216 4582 2318 4637; x_wconf 93' lang='lat' dir='ltr'>pro</span> <span class='ocrx_word' id='word_1_811' title='bbox 2346 4566 2427 4620; x_wconf 91' lang='lat' dir='ltr'>eis</span> <span class='ocrx_word' id='word_1_812' title='bbox 2451 4570 2508 4621; x_wconf 92' lang='lat' dir='ltr'>et</span> <span class='ocrx_word' id='word_1_813' title='bbox 2532 4565 2601 4620; x_wconf 90' lang='lat' dir='ltr'>ab</span> <span class='ocrx_word' id='word_1_814' title='bbox 2633 4565 2714 4619; x_wconf 92' lang='lat' dir='ltr'>eis</span> <span class='ocrx_word' id='word_1_815' title='bbox 2734 4571 2922 4637; x_wconf 89' lang='lat' dir='ltr'>posset</span> <span class='ocrx_word' id='word_1_816' title='bbox 2950 4565 3161 4621; x_wconf 85' lang='lat' dir='ltr'>occidi?</span> <span class='ocrx_word' id='word_1_817' title='bbox 3188 4567 3383 4638; x_wconf 84' lang='lat' dir='ltr'>Itaque.</span> <span class='ocrx_word' id='word_1_818' title='bbox 3407 4578 3591 4619; x_wconf 86' lang='lat' dir='ltr'>novum</span> <span class='ocrx_word' id='word_1_819' title='bbox 3609 4562 3746 4613; x_wconf 74' lang='lat' dir='ltr'>testa-</span> 
     </span>
    </p>
   </div>
   <div class='ocr_carea' id='block_1_96' title="bbox 2215 4648 3745 4727">
    <p class='ocr_par' dir='ltr' id='par_1_96' title="bbox 2215 4648 3745 4727">
     <span class='ocr_line' id='line_1_96' title="bbox 2215 4648 3745 4727; baseline -0.005 -19"><span class='ocrx_word' id='word_1_820' title='bbox 2215 4660 2468 4710; x_wconf 88' lang='lat' dir='ltr'>mentum</span> <span class='ocrx_word' id='word_1_821' title='bbox 2491 4655 2833 4710; x_wconf 83' lang='lat' dir='ltr'>haereditatis</span> <span class='ocrx_word' id='word_1_822' title='bbox 2843 4655 3199 4727; x_wconf 68' lang='lat' dir='ltr'>sempiternae</span> <span class='ocrx_word' id='word_1_823' title='bbox 3208 4648 3650 4715; x_wconf 84' lang='lat' dir='ltr'>manifestabat,in</span> <span class='ocrx_word' id='word_1_824' title='bbox 3661 4657 3745 4716; x_wconf 84' lang='lat' dir='ltr'>quo</span> 
     </span>
    </p>
   </div>
   <div class='ocr_carea' id='block_1_97' title="bbox 2215 4737 3740 4816">
    <p class='ocr_par' dir='ltr' id='par_1_97' title="bbox 2215 4737 3740 4816">
     <span class='ocr_line' id='line_1_97' title="bbox 2215 4737 3740 4816; baseline -0.002 -18"><span class='ocrx_word' id='word_1_825' title='bbox 2215 4749 2513 4799; x_wconf 89' lang='lat' dir='ltr'>renovatus</span> <span class='ocrx_word' id='word_1_826' title='bbox 2530 4745 2698 4799; x_wconf 89' lang='lat' dir='ltr'>homo</span> <span class='ocrx_word' id='word_1_827' title='bbox 2717 4760 2819 4815; x_wconf 89' lang='lat' dir='ltr'>per</span> <span class='ocrx_word' id='word_1_828' title='bbox 2829 4744 3072 4816; x_wconf 87' lang='lat' dir='ltr'>gratiam</span> <span class='ocrx_word' id='word_1_829' title='bbox 3084 4745 3185 4799; x_wconf 93' lang='lat' dir='ltr'>Dei</span> <span class='ocrx_word' id='word_1_830' title='bbox 3197 4749 3388 4815; x_wconf 86' lang='lat' dir='ltr'>ageret</span> <span class='ocrx_word' id='word_1_831' title='bbox 3397 4757 3580 4797; x_wconf 82' lang='lat' dir='ltr'>novam</span> <span class='ocrx_word' id='word_1_832' title='bbox 3588 4737 3740 4795; x_wconf 57' lang='lat' dir='ltr'>vitam,</span> 
     </span>
    </p>
   </div>
   <div class='ocr_carea' id='block_1_98' title="bbox 2214 4820 3745 4906">
    <p class='ocr_par' dir='ltr' id='par_1_98' title="bbox 2214 4820 3745 4906">
     <span class='ocr_line' id='line_1_98' title="bbox 2214 4820 3745 4906; baseline -0.008 -16"><span class='ocrx_word' id='word_1_833' title='bbox 2214 4834 2318 4889; x_wconf 91' lang='lat' dir='ltr'>hoc</span> <span class='ocrx_word' id='word_1_834' title='bbox 2347 4838 2448 4901; x_wconf 85' lang='lat' dir='ltr'>est,</span> <span class='ocrx_word' id='word_1_835' title='bbox 2478 4833 2789 4906; x_wconf 89' lang='lat' dir='ltr'>spiritalem</span> <span class='ocrx_word' id='word_1_836' title='bbox 2820 4834 3011 4899; x_wconf 89' lang='lat' dir='ltr'>vitam,</span> <span class='ocrx_word' id='word_1_837' title='bbox 3042 4840 3108 4888; x_wconf 90' lang='lat' dir='ltr'>ut</span> <span class='ocrx_word' id='word_1_838' title='bbox 3135 4838 3293 4889; x_wconf 89' lang='lat' dir='ltr'>vetus</span> <span class='ocrx_word' id='word_1_839' title='bbox 3321 4830 3616 4887; x_wconf 89' lang='lat' dir='ltr'>ostenderet</span> <span class='ocrx_word' id='word_1_840' title='bbox 3653 4820 3745 4894; x_wconf 51' lang='lat' dir='ltr'>pri.</span> 
     </span>
    </p>
   </div>
   <div class='ocr_carea' id='block_1_99' title="bbox 2214 4919 3742 4995">
    <p class='ocr_par' dir='ltr' id='par_1_99' title="bbox 2214 4919 3742 4995">
     <span class='ocr_line' id='line_1_99' title="bbox 2214 4919 3742 4995; baseline -0.005 -18"><span class='ocrx_word' id='word_1_841' title='bbox 2214 4937 2368 4977; x_wconf 90' lang='lat' dir='ltr'>mum</span> <span class='ocrx_word' id='word_1_842' title='bbox 2395 4922 2456 4977; x_wconf 94' lang='lat' dir='ltr'>in</span> <span class='ocrx_word' id='word_1_843' title='bbox 2485 4938 2595 4994; x_wconf 91' lang='lat' dir='ltr'>quo</span> <span class='ocrx_word' id='word_1_844' title='bbox 2624 4922 2863 4977; x_wconf 90' lang='lat' dir='ltr'>carnalis</span> <span class='ocrx_word' id='word_1_845' title='bbox 2892 4923 3134 4995; x_wconf 86' lang='lat' dir='ltr'>populus</span> <span class='ocrx_word' id='word_1_846' title='bbox 3164 4939 3333 4994; x_wconf 86' lang='lat' dir='ltr'>agens</span> <span class='ocrx_word' id='word_1_847' title='bbox 3374 4919 3631 4975; x_wconf 89' lang='lat' dir='ltr'>hominem</span> <span class='ocrx_word' id='word_1_848' title='bbox 3670 4924 3742 4963; x_wconf 62' lang='grc' dir='ltr'>γε·</span> 
     </span>
    </p>
   </div>
   <div class='ocr_carea' id='block_1_100' title="bbox 2211 5000 3741 5084">
    <p class='ocr_par' dir='ltr' id='par_1_100' title="bbox 2211 5000 3741 5084">
     <span class='ocr_line' id='line_1_100' title="bbox 2211 5000 3741 5084; baseline 0 -17"><span class='ocrx_word' id='word_1_849' title='bbox 2211 5017 2389 5067; x_wconf 89' lang='lat' dir='ltr'>terem</span> <span class='ocrx_word' id='word_1_850' title='bbox 2420 5010 2663 5084; x_wconf 85' lang='lat' dir='ltr'>exceptis</span> <span class='ocrx_word' id='word_1_851' title='bbox 2691 5013 2883 5084; x_wconf 88' lang='lat' dir='ltr'>paucis</span> <span class='ocrx_word' id='word_1_852' title='bbox 2911 5012 3352 5083; x_wconf 89' lang='lat' dir='ltr'>intelligentibus</span> <span class='ocrx_word' id='word_1_853' title='bbox 3380 5000 3741 5081; x_wconf 67' lang='lat' dir='ltr'>patriarchisaet</span> 
     </span>
    </p>
   </div>
   <div class='ocr_carea' id='block_1_101' title="bbox 2213 5088 3741 5174">
    <p class='ocr_par' dir='ltr' id='par_1_101' title="bbox 2213 5088 3741 5174">
     <span class='ocr_line' id='line_1_101' title="bbox 2213 5088 3741 5174; baseline -0.012 -17"><span class='ocrx_word' id='word_1_854' title='bbox 2213 5102 2518 5174; x_wconf 85' lang='lat' dir='ltr'>prophetis,</span> <span class='ocrx_word' id='word_1_855' title='bbox 2554 5107 2611 5157; x_wconf 89' lang='lat' dir='ltr'>et</span> <span class='ocrx_word' id='word_1_856' title='bbox 2631 5102 2917 5157; x_wconf 90' lang='lat' dir='ltr'>nonnullis</span> <span class='ocrx_word' id='word_1_857' title='bbox 2934 5101 3236 5155; x_wconf 88' lang='lat' dir='ltr'>latentibus</span> <span class='ocrx_word' id='word_1_858' title='bbox 3258 5098 3473 5163; x_wconf 88' lang='lat' dir='ltr'>sanctis,</span> <span class='ocrx_word' id='word_1_859' title='bbox 3495 5088 3741 5149; x_wconf 83' lang='lat' dir='ltr'>carnaliter</span> 
     </span>
    </p>
   </div>
   <div class='ocr_carea' id='block_1_102' title="bbox 2212 5179 3736 5273">
    <p class='ocr_par' dir='ltr' id='par_1_102' title="bbox 2212 5179 3736 5273">
     <span class='ocr_line' id='line_1_102' title="bbox 2212 5179 3736 5273; baseline -0.005 -29"><span class='ocrx_word' id='word_1_860' title='bbox 2212 5192 2401 5247; x_wconf 86' lang='lat' dir='ltr'>vivens</span> <span class='ocrx_word' id='word_1_861' title='bbox 2424 5191 2669 5247; x_wconf 88' lang='lat' dir='ltr'>carnalia</span> <span class='ocrx_word' id='word_1_862' title='bbox 2700 5190 2931 5263; x_wconf 66' lang='lat' dir='ltr'>praemia</span> <span class='ocrx_word' id='word_1_863' title='bbox 2959 5189 3309 5245; x_wconf 87' lang='lat' dir='ltr'>desiderabat</span> <span class='ocrx_word' id='word_1_864' title='bbox 3335 5205 3370 5243; x_wconf 89' lang='lat' dir='ltr'>a</span> <span class='ocrx_word' id='word_1_865' title='bbox 3396 5185 3613 5242; x_wconf 90' lang='lat' dir='ltr'>Domino</span> 
     </span>
    </p>
   </div>
   <div class='ocr_carea' id='block_1_103' title="bbox 2212 5270 3738 5353">
    <p class='ocr_par' dir='ltr' id='par_1_103' title="bbox 2212 5270 3738 5353">
     <span class='ocr_line' id='line_1_103' title="bbox 2212 5270 3738 5353; baseline -0.009 -17"><span class='ocrx_word' id='word_1_866' title='bbox 2212 5287 2270 5336; x_wconf 84' lang='lat' dir='ltr'>et</span> <span class='ocrx_word' id='word_1_867' title='bbox 2297 5281 2357 5336; x_wconf 90' lang='lat' dir='ltr'>in</span> <span class='ocrx_word' id='word_1_868' title='bbox 2380 5282 2562 5353; x_wconf 88' lang='lat' dir='ltr'>ﬁgura</span> <span class='ocrx_word' id='word_1_869' title='bbox 2587 5280 2926 5353; x_wconf 87' lang='lat' dir='ltr'>spiritalium</span> <span class='ocrx_word' id='word_1_870' title='bbox 2953 5279 3229 5335; x_wconf 86' lang='lat' dir='ltr'>bonorum</span> <span class='ocrx_word' id='word_1_871' title='bbox 3255 5273 3559 5348; x_wconf 88' lang='lat' dir='ltr'>accipiebat.</span> <span class='ocrx_word' id='word_1_872' title='bbox 3580 5270 3738 5325; x_wconf 75' lang='lat' dir='ltr'>Omnia</span> 
     </span>
    </p>
   </div>
   <div class='ocr_carea' id='block_1_104' title="bbox 2211 5355 3736 5441">
    <p class='ocr_par' dir='ltr' id='par_1_104' title="bbox 2211 5355 3736 5441">
     <span class='ocr_line' id='line_1_104' title="bbox 2211 5355 3736 5441; baseline -0.009 -17"><span class='ocrx_word' id='word_1_873' title='bbox 2211 5387 2344 5440; x_wconf 86' lang='lat' dir='ltr'>ergo</span> <span class='ocrx_word' id='word_1_874' title='bbox 2374 5370 2521 5424; x_wconf 90' lang='lat' dir='ltr'>bona</span> <span class='ocrx_word' id='word_1_875' title='bbox 2548 5376 2773 5425; x_wconf 87' lang='lat' dir='ltr'>terrena</span> <span class='ocrx_word' id='word_1_876' title='bbox 2800 5369 3137 5441; x_wconf 85' lang='lat' dir='ltr'>contempsit</span> <span class='ocrx_word' id='word_1_877' title='bbox 3156 5370 3317 5423; x_wconf 87' lang='lat' dir='ltr'>homo</span> <span class='ocrx_word' id='word_1_878' title='bbox 3333 5367 3499 5420; x_wconf 79' lang='lat' dir='ltr'>factus</span> <span class='ocrx_word' id='word_1_879' title='bbox 3518 5355 3736 5415; x_wconf 75' lang='lat' dir='ltr'>Dominus</span> 
     </span>
    </p>
   </div>
   <div class='ocr_carea' id='block_1_105' title="bbox 2211 5446 3733 5525">
    <p class='ocr_par' dir='ltr' id='par_1_105' title="bbox 2211 5446 3733 5525">
     <span class='ocr_line' id='line_1_105' title="bbox 2211 5446 3733 5525; baseline -0.012 -11"><span class='ocrx_word' id='word_1_880' title='bbox 2211 5459 2485 5525; x_wconf 87' lang='lat' dir='ltr'>Christus,</span> <span class='ocrx_word' id='word_1_881' title='bbox 2513 5465 2577 5515; x_wconf 94' lang='lat' dir='ltr'>ut</span> <span class='ocrx_word' id='word_1_882' title='bbox 2604 5458 3012 5513; x_wconf 89' lang='lat' dir='ltr'>contemnenda</span> <span class='ocrx_word' id='word_1_883' title='bbox 3024 5459 3359 5512; x_wconf 88' lang='lat' dir='ltr'>monstraret</span> <span class='ocrx_word' id='word_1_884' title='bbox 3380 5446 3733 5522; x_wconf 82' lang='lat' dir='ltr'>;et.omniater-</span> 
     </span>
    </p>
   </div>
   <div class='ocr_carea' id='block_1_106' title="bbox 2220 5532 3730 5620">
    <p class='ocr_par' dir='ltr' id='par_1_106' title="bbox 2220 5532 3730 5620">
     <span class='ocr_line' id='line_1_106' title="bbox 2220 5532 3730 5620; baseline -0.007 -18"><span class='ocrx_word' id='word_1_885' title='bbox 2220 5565 2353 5604; x_wconf 90' lang='lat' dir='ltr'>rena</span> <span class='ocrx_word' id='word_1_886' title='bbox 2385 5549 2535 5603; x_wconf 90' lang='lat' dir='ltr'>mala</span> <span class='ocrx_word' id='word_1_887' title='bbox 2573 5548 2859 5617; x_wconf 89' lang='lat' dir='ltr'>sustinuit,</span> <span class='ocrx_word' id='word_1_888' title='bbox 2895 5565 3017 5620; x_wconf 70' lang='lat' dir='ltr'>quae</span> <span class='ocrx_word' id='word_1_889' title='bbox 3047 5544 3367 5603; x_wconf 89' lang='lat' dir='ltr'>sustinenda</span> <span class='ocrx_word' id='word_1_890' title='bbox 3393 5532 3730 5620; x_wconf 47' lang='lat' dir='ltr'>praecipiebﬂf</span> 
     </span>
    </p>
   </div>
   <div class='ocr_carea' id='block_1_107' title="bbox 2217 5615 3731 5715">
    <p class='ocr_par' dir='ltr' id='par_1_107' title="bbox 2217 5615 3731 5715">
     <span class='ocr_line' id='line_1_107' title="bbox 2217 5615 3731 5715; baseline -0.016 -17"><span class='ocrx_word' id='word_1_891' title='bbox 2217 5644 2280 5698; x_wconf 90' lang='lat' dir='ltr'>ut</span> <span class='ocrx_word' id='word_1_892' title='bbox 2306 5654 2487 5715; x_wconf 88' lang='lat' dir='ltr'>neque</span> <span class='ocrx_word' id='word_1_893' title='bbox 2516 5639 2573 5694; x_wconf 90' lang='lat' dir='ltr'>in</span> <span class='ocrx_word' id='word_1_894' title='bbox 2599 5638 2710 5695; x_wconf 88' lang='lat' dir='ltr'>illis</span> <span class='ocrx_word' id='word_1_895' title='bbox 2737 5615 3084 5713; x_wconf 70' lang='lat' dir='ltr'>quzeremtur</span> <span class='ocrx_word' id='word_1_896' title='bbox 3103 5636 3349 5703; x_wconf 80' lang='lat' dir='ltr'>felicitas,</span> <span class='ocrx_word' id='word_1_897' title='bbox 3380 5643 3543 5705; x_wconf 88' lang='lat' dir='ltr'>neque</span> <span class='ocrx_word' id='word_1_898' title='bbox 3572 5624 3621 5680; x_wconf 90' lang='lat' dir='ltr'>in</span> <span class='ocrx_word' id='word_1_899' title='bbox 3637 5615 3731 5676; x_wconf 79' lang='lat' dir='ltr'>istis</span> 
     </span>
    </p>
   </div>
  </div>
