3824 6152
177 323 304 383 1209

1041 327 1134 381 DE
1171 326 1726 385 ECCLESIASTICA
1763 327 2194 384 DISCIPLINA.
2239 360 2304 368 —
2345 329 2480 384 LIB.
2524 331 2568 384 Ι.

3310 335 3442 392 1210

169 448 456 506 infelicitas
481 449 799 505 timeretur.
816 451 996 505 Natus
1027 450 1176 505 enim
1210 452 1278 505 de
1307 456 1489 506 matre
1512 459 1614 518 est,
1631 469 1754 524 quae
1771 454 1822 513 Α
1838 453 2004 506 Petro
2029 451 2233 506 umbra
2261 453 2385 522 ejus
2403 452 2658 523 tetigerit
2685 459 2742 508 et
2770 457 3161 512 resurrexerit.
3187 459 3295 514 Sed
3313 477 3442 515 cum

171 539 418 613 quamvis
439 555 473 592 a
496 538 616 594 viro
633 539 845 594 intacta
863 539 1180 610 conceperit
1199 556 1532 612 semperque
1549 541 1764 596 intacta

171 627 556 701 permanserit,
585 627 741 699 virgo
766 629 1102 700 concipiens,
1143 628 1298 698 virgo
1329 629 1573 699 pariens,
1605 631 1762 701 virgo

170 716 625 783 moriens,tamen
635 717 791 771 fabro
800 718 1137 790 desponsata
1145 722 1516 783 erat,omnem
1526 721 1762 791 typhum

169 805 724 862 carnalisnobilitatis
756 807 1052 872 exstinxit;
1079 811 1245 860 natus
1257 806 1428 860 etiam
1459 808 1517 862 in
1540 810 1764 864 civitate

168 895 606 966 Bethleem,quae
634 897 785 950 inter
812 913 1006 950 omnes
1023 899 1228 954 Judzem
1257 899 1512 953 civitates
1531 899 1612 953 ita
1643 905 1766 955 erat

166 983 362 1054 exigua
382 988 451 1037 ut
469 983 748 1054 hodieque
766 984 896 1039 villa
916 987 1247 1056 appelletur,
1263 989 1445 1042 noluit
1459 989 1763 1060 quidquam

165 1075 228 1129 de
254 1074 597 1145 cujusquam
609 1079 849 1129 terrenae
869 1074 1110 1130 civitatis
1138 1077 1482 1131 sublimitate
1511 1078 1761 1147 gloriari.

166 1163 386 1234 Pauper
414 1161 588 1216 etiam
617 1161 797 1216 factus
838 1167 942 1229 est,
1000 1164 1161 1233 cujus
1206 1170 1340 1218 sunt
1369 1165 1556 1219 omnia
1583 1172 1640 1221 et
1666 1184 1766 1238 per

165 1267 332 1322 quem
353 1256 547 1306 creata
572 1256 707 1305 sunt.
741 1269 752 1302 :
800 1269 870 1304 ne
901 1251 1197 1324 quisquam
1220 1265 1347 1308 cum
1383 1254 1442 1307 in
1485 1271 1612 1309 eum
1643 1273 1765 1310 cre-

165 1339 341 1404 deret,
369 1340 441 1392 de
469 1340 712 1395 terrenis
729 1341 938 1394 divitiis
959 1342 1196 1396 auderet
1217 1343 1422 1396 extolli.
1457 1344 1652 1398 Noluit
1670 1363 1768 1400 rex

165 1427 228 1482 ab
240 1427 573 1484 hominibus
593 1429 747 1483 fieri:
771 1429 904 1501 quia
918 1430 1254 1486 humilitatis
1273 1433 1604 1488 ostendebat
1623 1435 1768 1488 viam

166 1516 406 1582 miseris,
444 1534 584 1588 quos
603 1517 674 1572 ab
703 1533 770 1572 eo
799 1518 1067 1590 superbia
1095 1528 1472 1591 separaverat,
1515 1525 1767 1594 quamvis

165 1605 574 1680 sempiternum
586 1609 636 1678 ej
642 1623 710 1661 us
720 1623 895 1678 regnu
903 1623 957 1663 m
969 1609 1228 1664 universa
1239 1617 1494 1665 creatura
1505 1617 1762 1668 testetur.

1844 541 2099 594 viderent
2113 540 2294 594 Judaei
2316 546 2478 596 tanta
2499 543 2658 613 signa
2687 545 2808 598 ﬁeri
2833 546 2890 600 in
2921 548 3043 617 ejus
3059 548 3440 620 nomine,par—

1845 629 1944 682 tim
1975 647 2074 700 per
2094 629 2380 696 invidiam,
2406 632 2611 702 partim
2640 650 2740 704 per
2764 651 3010 689 errorem
3023 637 3438 708 eruciﬁxerunt,

1846 719 1941 772 alii
1974 719 2179 772 irritati
2198 725 2331 773 sunt
2349 720 2418 772 ad
2450 723 2862 792 persequendos
2890 726 3280 794 praedicatores
3319 729 3442 798 ejus

1846 808 2245 878 apostolos,alii
2266 825 2394 863 vero
2409 809 2649 880 idipsum
2671 813 2912 882 amplius
2935 813 3278 869 admirantes
3291 817 3439 886 quod

1847 897 1906 961 in
1921 899 2043 966 ejus
2063 898 2286 950 nomine
2299 915 2464 968 quem
2479 900 2648 952 veluti
2669 917 2770 954 ase
2786 918 3113 972 oppressum
3129 911 3186 957 et
3196 905 3441 959 vinctum

1849 985 2109 1050 riserunt,
2133 993 2294 1040 tanta
2315 987 2584 1042 miracula
2605 990 2824 1047 ﬁerent.
2853 992 3173 1061 paenitendo
3189 995 3439 1048 conversi

1847 1075 2204 1128 crediderunt
2233 1075 2291 1129 in
2311 1093 2438 1130 eum
2461 1077 2638 1130 millia
2651 1079 2989 1133 Judaeorum.
3007 1082 3132 1135 Non
3155 1085 3442 1154 erantjam

1845 1163 1926 1217 illi
1939 1164 2272 1235 temporalia
2289 1164 2559 1220 beneﬁcia
2569 1171 2968 1240 terrenumque
2977 1187 3214 1241 regnum
3230 1173 3444 1226 deside-

1851 1258 2040 1307 rantes
2068 1270 2100 1306 a
2126 1254 2260 1320 Deo,
2294 1271 2395 1308 nec
2425 1255 2760 1325 promissum
2791 1275 2980 1329 regem
3013 1261 3299 1314 Christum
3318 1279 3441 1315 car-

1850 1341 2056 1396 naliter
2074 1349 2479 1414 exspectantes,
2507 1345 2602 1397 sed
2635 1345 3032 1402 immortaliter
3061 1349 3442 1420 intelligentes

1851 1436 1909 1485 et
1922 1431 2220 1502 diligentes
2251 1449 2379 1486 eum
2414 1433 2512 1502 qui
2539 1450 2640 1504 pro
2670 1434 2806 1505 ipsis
2837 1436 2906 1489 ab
2940 1437 3074 1508 ipsis
3102 1443 3260 1493 tanta
3291 1457 3441 1492 mor-

1849 1519 2040 1574 taliter
2067 1521 2302 1590 pertulit
2335 1540 2346 1574 :
2380 1527 2436 1575 et
2461 1521 2540 1576 eis
2569 1539 2746 1594 usque
2773 1525 2842 1578 ad
2864 1525 2950 1580 sui
2990 1527 3279 1596 sanguinis
3303 1528 3444 1601 effu-

1849 1609 2061 1663 sionem
2091 1602 2319 1680 peccata
2347 1611 2657 1678 donavit,et
2676 1613 3154 1669 immortalitatem
3177 1633 3210 1669 a
3237 1633 3296 1670 se
3319 1634 3444 1688 spe-

167 1695 432 1762 Esurivit,
451 1696 548 1768 qui
574 1712 770 1751 omnes
785 1697 965 1768 pascit
983 1715 996 1750 :
1023 1697 1216 1765 sitivit,
1250 1716 1350 1771 per
1368 1717 1534 1771 quem
1545 1708 1770 1756 creatur
1787 1772 1820 1774 _
1849 1698 2083 1752 randam
2105 1704 2161 1753 et
2179 1699 2610 1755 desiderandam
2629 1704 2880 1774 exemplo
2893 1721 3006 1758 suae
3021 1705 3446 1762 resurrectionis

165 1783 350 1839 omnis
363 1789 549 1856 potus,
566 1790 625 1838 et
643 1785 739 1856 qui
763 1785 1094 1856 spiritaliter
1116 1788 1278 1859 panis
1302 1795 1386 1843 est
1401 1791 1770 1846 esurientium
1786 1772 1834 1832 Β
1851 1787 2116 1842 ostendit.
2162 1789 2357 1859 Itaque
2383 1790 2501 1860 jam
2534 1791 2737 1845 veteris
2767 1772 3010 1847 hominis
3051 1799 3276 1848 terrena
3297 1795 3445 1850 desi-

165 1873 406 1944 fonsque
451 1873 766 1930 sitientium
803 1891 814 1926 :
849 1875 919 1929 ab
955 1875 1158 1931 itinere
1215 1879 1471 1932 terrestri
1502 1879 1771 1950 fatigatus

167 1968 264 2029 est,
301 1963 405 2032 qui
429 1962 676 2035 seipsum
708 1962 867 2018 nobis
895 1963 1028 2019 fecit
1065 1965 1212 2020 viam
1261 1967 1319 2021 in
1350 1967 1570 2021 caelum.
1605 1969 1773 2024 Velut

165 2050 524 2107 obmutuitet
532 2051 827 2108 obsurduit
836 2070 1024 2108 coram
1037 2055 1476 2110 conviciantibus
1486 2073 1588 2128 per
1604 2074 1772 2128 quem

165 2147 363 2196 mutus
384 2141 604 2195 locutus
627 2147 713 2196 est
737 2147 794 2196 et
813 2143 1017 2198 surdus
1039 2143 1270 2198 audivit.
1306 2144 1539 2201 Vinctus
1561 2152 1646 2202 est
1677 2147 1771 2218 qui

165 2229 231 2284 de
257 2229 670 2285 inﬁrmitatum
712 2231 947 2286 vinculis
997 2233 1178 2300 solvit,
1216 2234 1532 2304 ﬂagellatus
1559 2241 1645 2288 est
1675 2236 1770 2307 qui

165 2319 428 2375 omnium
464 2319 723 2374 dolorum
769 2321 994 2390 ﬂagella
1019 2322 1090 2376 de
1127 2322 1418 2376 hominum
1446 2323 1772 2394 corporibus

167 2407 404 2480 expulit.
431 2409 742 2463 Cruciﬁxus
772 2415 875 2476 est,
898 2410 993 2480 qui
1011 2411 1294 2466 cruciatus
1323 2415 1543 2466 nostros
1570 2413 1766 2468 ﬁnivit.

165 2497 428 2552 Mortuus
447 2502 552 2562 est,
585 2497 684 2570 qui
705 2504 958 2552 mortuos
974 2499 1279 2554 suscitavit.
1307 2501 1414 2554 Sed
1447 2506 1504 2554 et
1519 2517 1771 2556 resurre-

168 2585 251 2641 xit
279 2602 580 2656 nunquam
623 2587 950 2653 moriturus,
1009 2604 1080 2642 ne
1126 2587 1196 2642 ab
1227 2589 1326 2642 illo
1369 2589 1666 2662 quisquam
1694 2591 1773 2644 sic

167 2673 416 2729 disceret
433 2681 676 2730 mortem
699 2681 1074 2742 contemnere,
1105 2677 1265 2748 quasi
1294 2693 1586 2749 nunquam
1607 2679 1774 2733 mori-

167 2767 356 2818 turus.
391 2763 529 2819 Inde
557 2765 903 2820 confirmatis
931 2765 1216 2838 discipulis
1256 2773 1617 2822 conversatus
1647 2785 1772 2822 cum

169 2853 250 2908 eis
275 2853 661 2924 quadraginta
673 2853 888 2921 diebus,
909 2854 1119 2910 eisdem
1136 2855 1518 2927 spectantibus
1527 2857 1778 2911 ascendit

167 2940 479 2996 incaelum:
505 2947 564 2997 et
583 2943 876 3014 completis
896 2960 928 2998 a
949 2945 1355 2998 resurrectione
1365 2945 1778 3016 quinquaginta

167 3029 374 3085 diebus
391 3031 548 3085 misit
559 3031 640 3086 eis
651 3032 924 3103 Spiritum
952 3039 1228 3088 sanctum.
1269 3032 1612 3088 Promiserat
1627 3035 1774 3088 enim

167 3135 272 3192 per
288 3135 464 3190 quem
476 3119 681 3175 diffusa
691 3121 966 3176 charitate
979 3121 1038 3176 in
1053 3121 1315 3177 cordibus
1325 3138 1540 3189 eorum,
1567 3140 1678 3178 non
1692 3139 1778 3178 so-

167 3208 292 3264 lum
305 3209 430 3264 sine
443 3209 735 3276 onere,sed
751 3211 919 3266 etiam
931 3227 1058 3266 cum
1065 3211 1418 3282 jucunditate
1430 3218 1657 3282 possent
1667 3212 1777 3266 im-

169 3299 332 3370 plere
345 3299 683 3370 legem,quae
695 3297 829 3355 data
847 3300 1148 3355 estJudaais
1168 3299 1225 3354 in
1241 3300 1433 3354 decem
1464 3301 1772 3372 praeceptis,

169 3386 325 3458 quod
340 3387 631 3458 appellant
657 3388 1004 3459 decalogum.
1027 3389 1161 3454 Quae
1181 3405 1377 3444 rursus
1398 3390 1469 3443 ad
1491 3390 1601 3443 duo
1636 3390 1778 3444 redi-

165 3479 410 3545 guntur,
444 3481 510 3530 ut
538 3475 839 3547 diligamus
863 3477 1165 3532 Dominum
1201 3497 1224 3529 ‹
1247 3494 1312 3531 ex
1349 3483 1466 3534 toto
1495 3478 1680 3542 corde,
1715 3496 1781 3532 ex

166 3569 298 3620 tota
317 3563 530 3632 anima,
550 3571 609 3620 et
626 3582 691 3620 ex
709 3571 829 3621 tota
851 3571 1058 3634 mente;
1079 3572 1136 3622 et
1151 3566 1452 3637 diligamus
1463 3567 1780 3638 proximum

168 3654 325 3709 sicut
369 3651 764 3727 nosmetipsos.
801 3672 829 3708 ι
861 3657 1007 3711 Nam
1037 3657 1096 3711 in
1126 3656 1216 3710 his
1245 3655 1462 3710 duobus
1491 3658 1783 3728 praeceptis

169 3747 360 3798 totam
385 3743 570 3814 legem
600 3744 844 3815 pendere
856 3750 913 3800 et
939 3745 1240 3818 prephetas
1270 3745 1389 3816 ipse
1413 3745 1686 3800 Dominus
1726 3752 1784 3799 et

168 3832 321 3888 dixit
347 3832 409 3886 in
433 3831 750 3902 Evangelio,
769 3839 824 3887 et
841 3850 943 3888 suo
965 3833 1781 3904 manifestavitexemplo.Nam

171 3927 232 3977 et
258 3921 512 3994 populus
525 3921 700 3976 Israel
725 3938 790 3976 ex
805 3922 895 3976 die
915 3939 1025 3994 quo
1047 3923 1292 3994 primum
1315 3924 1523 3994 pascha
1549 3922 1607 3977 in
1638 3923 1782 3977 ima-

167 4009 310 4082 gine
327 4008 707 4077 celebrarunt,
731 4027 889 4066 ovem
920 4011 1234 4067 occidentes
1259 4018 1317 4066 et
1356 4012 1778 4080 manducantes,

171 4099 636 4170 cujussanguine
662 4106 848 4172 postes
878 4117 1074 4156 eorum
1103 4102 1172 4155 ad
1185 4101 1382 4156 salutis
1401 4102 1639 4156 tutelam
1663 4102 1783 4172 jam

169 4187 396 4259 signati
407 4193 541 4242 sunt
557 4206 570 4255 ;
585 4205 652 4242 ex
662 4187 784 4260 ipso
801 4205 934 4260 ergo
947 4189 1036 4244 die
1049 4188 1547 4261 quinquagesimus
1558 4189 1676 4244 dies
1685 4189 1786 4242 im-

167 4277 372 4350 pletus
393 4283 498 4343 est,
535 4283 595 4332 et
609 4278 791 4348 legem
821 4284 1154 4351 acceperunt
1175 4279 1438 4351 scriptam
1471 4278 1647 4349 digito
1661 4279 1782 4332 Dei.

166 4367 307 4432 Quo
328 4366 560 4421 nomine
584 4368 704 4438 jam
735 4367 979 4423 diximus
1003 4367 1308 4440 signiﬁcari
1342 4369 1614 4440 Spiritum
1653 4385 1784 4422 san-

1852 1877 2008 1931 deria
2035 1878 2457 1944 mortiﬁcantes,
2499 1885 2556 1934 et
2602 1880 2870 1951 spiritalis
2899 1883 3027 1936 vitae
3055 1883 3303 1938 novitate
3345 1885 3446 1939 ﬂa-

1850 1973 2098 2036 grantes,
2143 1967 2287 2020 sicut
2333 1975 2676 2039 praeceperat
2711 1971 2767 2024 in
2807 1971 3105 2042 Evangelio
3152 1973 3443 2042 Dominus,

1852 2055 2166 2110 vendebant
2195 2056 2386 2110 omnia
2415 2073 2539 2127 quae
2583 2058 2882 2124 habebant,
2927 2065 2984 2114 et
3029 2053 3445 2132 pretiafrerum

1853 2161 2085 2199 suarum
2116 2150 2245 2199 ante
2271 2145 2441 2216 pedes
2485 2147 2866 2217 apostolorum
2899 2149 3202 2220 ponebant,
3248 2155 3310 2204 ut
3339 2150 3445 2221 ipsi

1853 2227 2257 2283 distribuerent
2281 2229 2582 2300 unicuique
2611 2231 2757 2286 sicut
2787 2232 2989 2304 cuique
3021 2249 3160 2304 Opus
3189 2239 3327 2299 erat,
3363 2234 3445 2286 vi-

1853 2323 2154 2389 ventesque
2174 2317 2233 2372 in
2265 2319 2584 2373 Christiana
2611 2320 2908 2374 dilectione
2941 2323 3308 2389 concorditer,
3332 2339 3446 2377 non

1853 2407 2113 2461 dicebant
2129 2407 2342 2477 aliquid
2363 2424 2550 2475 suum,
2568 2409 2666 2463 sed
2687 2413 2850 2464 erant
2867 2409 2976 2464 illis
2993 2411 3183 2465 omnia
3201 2429 3447 2466 commu-

1855 2495 1965 2562 nia,
1991 2501 2049 2549 et
2074 2513 2169 2551 cor
2196 2511 2372 2550 unum
2402 2497 2459 2550 in
2481 2497 2782 2553 Dominum
2815 2500 2951 2567 (Act.
2986 2517 3058 2566 ιγ,
3086 2499 3198 2570 34).
3230 2501 3446 2556 Deinde

1855 2585 2030 2639 etiam
2043 2585 2149 2656 ipsi
2171 2601 2205 2640 a
2221 2586 2427 2640 Judaeis
2447 2587 2766 2642 carnalibus
2785 2588 2995 2643 civibus
3009 2589 3191 2644 carnis
3202 2607 3316 2646 suae
3326 2607 3448 2661 per-

1855 2675 2200 2729 secutionem
2221 2675 2370 2746 passi
2390 2681 2560 2747 atque
2571 2676 2809 2748 dispersi
2825 2683 2959 2732 sunt
2983 2697 2994 2732 :
3012 2683 3078 2732 ut
3095 2679 3264 2733 latius
3293 2679 3449 2733 Chri-

1855 2769 1975 2818 stus
2005 2780 2105 2834 per
2133 2780 2328 2819 eorum
2349 2765 2756 2836 dispersionem
2785 2767 3203 2838 praedicaretur,
3237 2774 3293 2822 et
3322 2767 3448 2821 imi-

1855 2856 2115 2906 tarentur
2143 2852 2316 2906 etiam
2337 2853 2444 2924 ipsi
2465 2854 2798 2925 patientiam
2815 2855 3040 2910 Domini
3063 2855 3180 2910 sui:
3207 2856 3340 2926 quia
3355 2856 3449 2926 qui

1857 2957 1952 2995 eos
1983 2946 2308 2998 mansuetus
2339 2959 2536 3014 passus
2573 2933 2776 3013 fuerat,
2811 2945 3221 2999 mansuefactos
3251 2961 3352 3016 pro
3390 2962 3450 2999 se

1852 3029 2088 3101 jubebat
2133 3031 2268 3102 pati.
2332 3033 2408 3086 Ex
2448 3033 2585 3104 ipsis
2632 3039 2952 3088 sanctorum
3004 3032 3452 3105 persecutoribus

1857 3119 2044 3174 fuerat
2071 3121 2241 3175 etiam
2254 3123 2538 3192 apostolus
2567 3123 2790 3190 Paulus,
2813 3127 2870 3176 et
2897 3121 2956 3176 in
2975 3122 3321 3177 Christianos
3339 3139 3454 3177 ma-

1859 3207 2006 3263 xime
2029 3209 2306 3276 saaviebat,
2340 3212 2437 3266 sed
2468 3217 2664 3282 postea
2692 3213 2926 3266 credens
2957 3216 3015 3266 et
3053 3212 3339 3282 apostolus
3368 3211 3452 3266 fa-

1860 3303 1983 3352 ctus
2013 3299 2216 3352 missus
2232 3305 2318 3353 est
2335 3303 2400 3354 ut
2423 3300 2688 3369 gentibus
2717 3301 3077 3372 Evangelium
3090 3301 3448 3372 praedicaret:

1859 3387 2116 3458 graviora
2129 3405 2424 3460 perpessus
2445 3406 2545 3460 pro
2567 3390 2792 3444 nomine
2815 3389 3022 3444 Christi
3052 3406 3221 3460 quam
3249 3389 3458 3444 fecerat

1863 3480 2058 3531 contra
2085 3492 2293 3530 nomen
2335 3477 2560 3531 Christi.
2596 3478 2868 3531 Ecclesias
2890 3483 3079 3532 autem
3110 3478 3456 3532 constituens

1863 3581 1966 3638 per
1992 3581 2188 3619 omnes
2215 3571 2412 3635 gentes
2441 3582 2552 3636 quo
2591 3567 2945 3635 evangelium
2988 3565 3320 3632 seminabat,
3355 3565 3457 3620 im-

1865 3671 2033 3726 pense
2048 3653 2406 3725 praecipiebat
2423 3660 2488 3708 ut
2507 3655 2772 3726 quoniam
2791 3655 2896 3726 ipsi
2919 3671 2984 3710 ex
3007 3655 3281 3709 idolorum
3303 3655 3456 3709 cultu

1863 3743 2220 3798 vehementes
2240 3743 2312 3796 ad
2333 3760 2505 3798 unam
2527 3743 2830 3798 Dominum
2851 3743 3144 3798 colendum
3164 3743 3332 3797 rudes
3344 3759 3457 3799 non

1864 3831 2022 3886 facile
2044 3837 2303 3902 poterant
2331 3831 2499 3886 rebus
2527 3833 2644 3886 suis
2672 3832 2910 3888 venditis
2939 3839 2993 3886 et
3011 3831 3324 3886 distributis
3339 3849 3458 3886 ser-

1865 3921 1979 3974 vire
2009 3921 2142 3988 Deo,
2177 3920 2486 3976 oblationes
2533 3921 2778 3976 facerent
2832 3922 2890 3976 in
2931 3937 3206 3994 pauperes
3234 3925 3458 3976 sancto-

1866 4027 1990 4064 rum
2023 4011 2117 4081 qui
2140 4015 2304 4064 erant
2329 4010 2386 4064 in
2416 4010 2663 4065 ecclesiis
2689 4010 2846 4066 Judae
2878 4028 3000 4082 quae
3027 4011 3248 4066 Christo
3277 4009 3459 4066 credi-

1867 4100 2082 4155 derant.
2116 4101 2203 4154 lta
2229 4099 2353 4154 illos
2395 4105 2665 4171 tanquam
2699 4100 2927 4168 milites,
2959 4101 3085 4155 illos
3113 4106 3301 4156 autem
3331 4107 3461 4156 tan-

1869 4205 2036 4259 quam
2057 4188 2454 4260 stipendiarios
2477 4189 2844 4262 provinciales
2874 4191 3180 4262 apostolica
3209 4189 3462 4245 doctrina

1867 4278 2178 4346 constituit,
2195 4278 2449 4334 inserens
2467 4279 2547 4356 eis
2559 4279 2847 4334 Christum
2862 4280 3014 4334 velut
3025 4279 3268 4352 lapidem
3289 4295 3462 4348 angu-

1867 4367 2216 4432 larem,sicut
2236 4384 2336 4438 per
2355 4369 2688 4440 prophetam
2702 4368 3112 4439 praenuntiatus
3133 4367 3338 4432 erat,in
3351 4382 3460 4438 quo

167 4455 648 4527 ctumzsicutpost
658 4453 883 4511 Domini
895 4457 1213 4528 passionem
1227 4463 1285 4512 et
1296 4457 1782 4526 resurrectionem,
1799 4449 1847 4507 D
1866 4456 2030 4510 ambo
2061 4456 2221 4528 quasi
2254 4457 2496 4527 parietes
2519 4457 2589 4510 de
2609 4457 2826 4511 diverso
2855 4455 3237 4522 venientes,de
3253 4455 3461 4510 Judaeis

166 4545 334 4618 quod
348 4551 436 4598 est
447 4561 646 4600 verum
657 4545 886 4616 pascha,
903 4545 1368 4618 quinquagesimo
1381 4547 1470 4602 die
1485 4547 1603 4619 ipse
1615 4547 1787 4619 Spiri-

164 4639 273 4690 tus
285 4639 516 4689 sanctus
527 4635 813 4706 discipulis
829 4635 1034 4690 missus
1047 4641 1134 4691 est
1148 4654 1158 4689 :
1184 4652 1298 4691 non
1308 4636 1427 4706 jam
1449 4636 1686 4708 lapideis
1698 4642 1786 4691 ta-

168 4722 330 4778 bulis
340 4723 513 4778 corda
524 4723 665 4778 dura
677 4724 1119 4796 signiﬁcans,sed
1135 4741 1261 4780 cum
1273 4729 1463 4780 essent
1471 4743 1584 4780 uno
1596 4725 1656 4780 in
1666 4726 1785 4781 loco

167 4811 510 4883 congregati
525 4812 582 4867 in
603 4815 726 4884 ipsa
736 4814 1110 4879 Hierusalem,
1149 4834 1166 4864 ι
1191 4815 1392 4868 Factus
1415 4815 1696 4869 estsubito
1713 4816 1782 4870 de

167 4901 322 4956 coelo
343 4917 516 4956 sonus
546 4902 705 4974 quasi
750 4901 994 4958 ferretur
1021 4904 1190 4957 ﬂatus
1217 4903 1536 4970 vehemens,
1570 4908 1627 4958 et
1653 4903 1783 4958 visae

167 4995 319 5046 sunt
346 4990 462 5044 illis
474 4991 680 5061 linguae
706 4991 895 5047 divisae
923 4992 1082 5062 quasi
1102 4991 1267 5063 ignis,
1284 4997 1342 5048 et
1359 4996 1650 5064 coeperunt
1680 4993 1783 5047 lin-

167 5081 311 5152 guis
333 5079 509 5151 loqui,
535 5079 615 5134 ita
634 5085 698 5134 ut
721 5097 916 5135 omnes
947 5081 1042 5152 qui
1063 5082 1134 5136 ad
1171 5081 1295 5137 illos
1322 5087 1592 5137 venerant
1621 5097 1783 5136 suam

169 5171 440 5242 linguam
466 5169 702 5241 quisque
727 5176 1088 5241 cognosceret
1102 5172 1233 5239 (Act.
1253 5188 1306 5236 η,
1339 5168 1416 5238 2).
1453 5190 1478 5223 ››
1511 5171 1596 5224 Ad
1627 5170 1784 5224 illam

172 5260 338 5315 enim
368 5259 650 5315 civitatem
671 5277 736 5316 ex
767 5259 1028 5315 omnibus
1055 5259 1224 5314 terris
1255 5258 1657 5315 conveniebant
1685 5261 1785 5314 Ju-

169 5349 290 5405 daei
320 5365 654 5422 quacunque
680 5349 918 5421 dispersi
955 5355 1134 5415 erant,
1183 5354 1240 5403 et
1288 5349 1534 5403 diversas
1565 5349 1785 5420 linguas

165 5439 442 5512 gentium
470 5439 816 5494 diversarum
839 5438 1169 5494 didicerant.
1203 5438 1416 5494 Deinde
1437 5455 1564 5493 cum
1581 5443 1703 5492 tota
1723 5439 1785 5492 ﬁ-

169 5529 352 5586 ducia
381 5528 663 5584 Christum
695 5529 1064 5602 praedicantes
1107 5529 1166 5583 in
1196 5529 1319 5599 ejus
1349 5529 1575 5582 nomine
1605 5528 1785 5583 multa

171 5619 352 5691 signa
359 5617 653 5687 faciebant,
661 5617 741 5676 ita
752 5624 818 5676 ut
833 5619 1135 5693 quemdam
1149 5623 1438 5676 mortuum
1453 5624 1782 5676 transeunte

1868 4544 2124 4600 videlicet
2152 4551 2320 4616 atque
2341 4544 2603 4614 gentibus
2632 4561 2905 4615 germana
2925 4543 3200 4598 charitate
3229 4544 3458 4615 copula-

1868 4640 2081 4690 rentur.
2127 4634 2234 4691 Sed
2256 4639 2451 4704 postea
2462 4634 2744 4704 graviores
2772 4639 2830 4686 et
2856 4633 3164 4688 crebriores
3197 4649 3461 4706 persecu-

1866 4724 2048 4779 tiones
2073 4740 2138 4776 ex
2169 4723 2470 4778 incredulis
2493 4722 2753 4794 gentibus
2772 4723 3038 4777 adversus
3053 4723 3262 4778 Christi
3280 4723 3463 4778 Eccle-

1864 4813 2007 4866 siam
2034 4817 2414 4880 surrexerunt,
2449 4817 2507 4866 et
2562 4811 2903 4884 implebatur
2947 4812 3006 4866 in
3045 4812 3164 4868 dies
3210 4811 3462 4882 singulos

1864 4901 2094 4957 verbum
2115 4901 2339 4956 Domini
2369 4901 2719 4973 praedicentis
2747 4919 2756 4953 :
2806 4919 2834 4954 ί(
2865 4901 3002 4956 Ecce
3035 4917 3136 4972 ego
3175 4901 3338 4954 mitto
3365 4916 3463 4954 vos

1864 4992 2016 5046 velut
2043 5008 2172 5046 oves
2187 4991 2245 5045 in
2276 4991 2462 5046 medio
2480 4992 2740 5062 luporum
2760 4991 2974 5058 (Matth.
2997 5007 3054 5054 x,
3086 4989 3202 5058 16).
3238 4989 3348 5044 Sed
3367 4989 3464 5042 illa

1866 5081 1994 5136 vitis
2025 5098 2148 5151 quae
2173 5097 2274 5152 per
2301 5078 2492 5135 orbem
2520 5084 2802 5133 terrarum
2827 5079 2974 5133 sicut
2992 5077 3062 5132 de
3082 5078 3178 5132 illa
3217 5078 3463 5150 prophe-

1868 5174 2051 5226 tatum
2101 5175 2158 5224 et
2187 5169 2256 5223 ab
2287 5170 2408 5241 ipso
2438 5169 2676 5224 Domino
2710 5167 3148 5240 praenuntiatum
3173 5171 3310 5232 erat,
3343 5166 3463 5221 fru-

1867 5265 2091 5314 ctuosos
2120 5257 2379 5330 palmites
2411 5257 2776 5323 diﬂundebat,
2809 5261 2968 5312 tanto
3000 5255 3314 5328 pullulabat
3339 5272 3462 5310 am-

1867 5350 2032 5422 plius,
2064 5354 2274 5421 quanto
2303 5347 2560 5402 uberiore
2590 5351 2905 5418 martyrum
2944 5345 3216 5416 sanguine
3247 5345 3468 5417 rigaba~

1867 5444 1979 5494 tur.
2012 5437 2223 5504 Quibus
2254 5454 2354 5510 per
2383 5453 2577 5492 omnes
2606 5443 2788 5492 terras
2835 5433 3326 5490 innumerabiliter
3363 5453 3464 5507 pro

1866 5529 1995 5584 ﬁdei
2024 5527 2259 5583 veritate
2287 5523 2656 5582 morientibus
2694 5526 2866 5582 etiam
2901 5524 3025 5599 ipsa
3070 5525 3466 5598 persequentia

1864 5634 2037 5690 regna
2065 5621 2372 5686 cesserunt,
2399 5622 2456 5674 et
2472 5617 2543 5673 ad
2571 5616 2862 5674 Christum
2892 5615 3344 5689 cognoscendum
3372 5620 3463 5671 at-
