3982 6158
498 292 628 348 1211

1087 295 1148 350 Β.
1192 293 1464 350 RABANI
1515 293 1747 350 MAURI
1783 293 2120 352 ARCHIER
2160 295 2485 353 MOGUNT.
2528 294 2825 352 OPERUM
2860 294 3045 352 PARS
3083 295 3180 352 III.

3586 303 3698 360 1212

493 433 603 489 que
634 419 1033 484 venerandum,
1067 419 1246 474 fracta
1274 420 1549 492 superbiae
1579 421 1810 488 cervice,
1827 424 2264 488 conversaAhis
2301 428 2628 480 mereantur
2650 427 2750 478 aut
2787 423 3278 479 commutationem
3302 425 3520 484 celestis
3554 428 3701 487 ineor-

493 513 642 562 sunt.
667 507 979 578 Oportebat
1009 514 1198 564 autem
1227 514 1291 564 ut
1303 510 1500 564 eadem
1521 510 1647 565 vitis
1668 510 1815 566 sicut
1838 529 1872 565 a
1905 512 2092 566 Domi-

493 612 567 672 no
625 595 934 652 identidem
986 597 1314 668 predictum
1344 605 1468 653 erat
1496 605 1810 670 putaretur,
1846 605 1904 654 et
1931 619 1996 655 ex
2025 617 2092 656 ea

491 684 932 756 preciderentur
947 686 1298 742 infructuosa
1312 695 1614 754 sarmenta,
1635 689 1836 760 quibus
1851 690 2090 745 hereses

493 778 552 828 et
578 774 882 830 schismata
910 792 1010 846 per
1039 776 1159 830 loca
1189 775 1334 830 facta
1354 783 1503 841 sunt,
1523 775 1626 831 sub
1639 778 1846 832 Christi
1864 779 2091 834 nomine

492 878 606 918 non
628 861 806 934 ipsius
832 864 1091 934 gloriam,
1126 866 1223 919 sed
1245 882 1406 920 suam
1431 867 1821 937 querentium,
1837 885 1938 939 per
1957 885 2092 940 quo—

491 967 621 1006 rum
639 952 948 1007 adversitas
976 955 1156 1024 magis
1199 955 1489 1026 magisque
1522 961 1876 1011 exerceretur
1903 957 2090 1012 Eccle-

493 1039 596 1107 sia,
631 1047 689 1094 et
725 1039 1061 1113 probaretur
1115 1049 1283 1114 atque
1331 1043 1712 1098 illustraretur
1748 1050 1806 1099 et
1839 1047 2094 1101 doctrina

496 1129 620 1200 ejus
649 1136 706 1184 et
735 1130 1028 1202 patientia.
1062 1132 1266 1187 Omnia
1281 1150 1414 1203 ergo
1443 1134 1578 1198 hec,
1605 1133 1749 1188 sicut
1774 1140 1930 1190 tanto
1961 1142 2092 1190 ante

491 1218 758 1289 predicta
771 1220 1031 1290 legimus,
1057 1221 1136 1276 sic
1158 1228 1216 1277 et
1234 1222 1381 1276 facta
1407 1222 1813 1291 cog-xoscimus,
1831 1229 1889 1277 et
1901 1239 2092 1294 quem-

493 1307 800 1363 admodum
821 1309 989 1381 primi
1027 1310 1356 1377 Christiani,
1387 1311 1520 1381 quia
1545 1312 1794 1367 nondum
1821 1311 1931 1366 ista
1958 1330 2090 1384 pro-

494 1396 711 1451 venisse
737 1397 1019 1466 videbant,
1064 1399 1351 1454 miraculis
1396 1399 1768 1454 monebantur
1806 1406 1869 1454 ut
1896 1402 2088 1456 crede-

494 1491 624 1540 rent
655 1504 666 1540 :
693 1487 773 1542 sic
790 1503 892 1541 nos
915 1487 1048 1559 quia
1063 1489 1253 1542 omnia
1273 1489 1382 1542 ista
1402 1488 1482 1543 ita
1503 1490 1780 1560 completa
1799 1495 1949 1558 sunt,
1980 1491 2090 1544 sic-

445 1607 450 1612 -
491 1579 558 1628 ut
584 1590 650 1628 ea
678 1574 739 1630 in
769 1575 925 1630 libris
957 1577 1193 1646 legimus
1221 1577 1316 1648 qui
1337 1578 1501 1648 longe
1522 1583 1825 1650 antequam
1845 1579 1962 1634 hec
1979 1579 2088 1634 im-

496 1663 791 1734 plerentur
815 1665 1116 1735 conscripti
1165 1672 1315 1732 sunt,
1363 1667 1459 1721 ubi
1490 1667 1680 1722 omnia
1707 1667 1899 1722 futura
1928 1669 2088 1723 dice-

2175 513 2454 584 ruptionis
2501 529 2602 584 pro
2659 511 2876 566 meritis
2927 511 3168 582 pietatis,
3199 519 3297 568 aut
3337 517 3700 587 corruptibilem

2172 602 2420 672 corporis
2464 600 2841 655 conditionem
2871 617 2971 672 pro
3015 601 3228 656 meritis
3257 601 3544 673 iniquitatis
3573 623 3586 658 :
3611 623 3702 662 non

2173 707 2296 762 que
2329 696 2509 744 morte
2539 690 2789 744 salvatur
2819 705 2830 740 τ
2884 689 2982 744 sed
3012 706 3135 760 que
3164 691 3442 746 materiam
3467 693 3704 750 doloribus

2171 779 2529 851 sempiternis
2587 777 2850 850 prebeat.
2903 778 3057 849 Fuge
3095 795 3229 848 ergo
3279 796 3376 850 per
3411 780 3703 837 immobilem

2171 869 2358 936 fidem,
2389 874 2446 922 et
2474 883 2659 923 mores
2692 866 2886 934 bonos,
2916 867 3066 938 fuge,
3099 868 3293 935 frater,
3331 869 3425 924 illa
3446 874 3700 939 tumente,

2173 957 2269 1013 ubi
2279 974 2381 1014 nec
2402 962 2644 1012 tortores
2655 957 2938 1021 deficiunt,
2955 973 3058 1011 nec
3075 956 3210 1012 torti
3221 957 3706 1030 moriuntur-ﬁnibus

2174 1046 2296 1102 sine
2318 1047 2429 1101 ﬁne
2459 1062 2610 1101 mors
2633 1050 2719 1100 est
2737 1061 2851 1100 non
2874 1061 3037 1116 posse
3067 1046 3126 1100 in
3154 1045 3478 1102 cruciatibus
3498 1049 3636 1103 mori.
3655 1049 3707 1104 Et

2175 1135 2470 1190 exardesce
2501 1151 2694 1190 amore
2721 1137 2891 1206 atque
2941 1133 3217 1190 desiderio
3261 1134 3593 1206 sempiternae
3609 1137 3706 1192 vita

2171 1229 2512 1292 sanctorum,
2545 1223 2642 1280 ubi
2669 1240 2770 1278 nec
2802 1239 3039 1294 Operose
3074 1224 3184 1278 erit
3205 1223 3366 1291 actio,
3398 1240 3494 1280 nec
3527 1225 3708 1296 requies

2172 1313 2488 1381 desidiosa;
2523 1315 2646 1368 laus
2679 1313 2790 1367 erit
2829 1311 2928 1368 Dei
2952 1313 3072 1367 sine
3097 1312 3340 1379 fastidio,
3372 1313 3486 1368 sine
3509 1313 3704 1380 defectu,

2171 1403 2390 1458 nullum
2419 1403 2478 1457 in
2509 1402 2698 1458 animo
2729 1401 2978 1469 tedium,
3005 1401 3194 1456 nullus
3223 1401 3378 1456 labor
3402 1401 3459 1457 in
3483 1418 3704 1475 corpore;

2173 1492 2329 1546 nulla
2357 1491 2689 1563 indigentia,
2722 1507 2825 1546 nec
2854 1496 2954 1544 tua
3000 1491 3090 1545 cui
3137 1489 3429 1546 subvenire
3455 1491 3706 1559 desideres,

2169 1597 2273 1635 nec
2311 1580 2548 1652 proximi
2604 1579 2694 1634 cui
2747 1577 3042 1634 subvenire
3093 1578 3370 1646 festines;
3427 1596 3598 1634 omne
3633 1579 3708 1636 de-

2169 1669 2306 1724 licie
2356 1670 2506 1724 Deus
2555 1669 2705 1724 erit:
2769 1673 2825 1723 et
2867 1667 3103 1722 societas
3154 1674 3361 1724 sancte
3396 1668 3628 1736 civitatis,
3665 1669 3711 1724 in

492 1749 718 1818 bantur,
765 1758 822 1807 et
867 1754 1166 1824 presentia
1190 1755 1308 1825 jam
1339 1755 1616 1824 videntur,
1649 1757 1990 1812 ediﬁcamur
2018 1759 2087 1812 ad
2107 1745 2283 1826 Billo,
2311 1766 2368 1814 et
2397 1759 2466 1813 de
2503 1759 2599 1814 illo
2629 1758 2916 1830 sapienter
2946 1756 3222 1830 beateque
3249 1757 3494 1812 viventis.
3533 1757 3710 1814 Eﬁicie-

492 1839 683 1908 ﬁdem,
708 1846 772 1896 ut
792 1841 961 1896 etiam
989 1843 1086 1898 illa
1119 1860 1240 1914 que
1271 1849 1487 1898 restant
1515 1846 1855 1901 sustinentes
1875 1853 1932 1902 et
1959 1864 2088 1919 per-

495 1933 818 1984 severantes
836 1933 894 1984 in
909 1931 1167 1998 Domino,
1199 1933 1320 1987 sine
1352 1933 1701 1990 dubitatione
1715 1941 1952 1990 ventura
1967 1954 2088 1991 cre-

489 2017 707 2072 damus.
715 2018 1002 2090 Siquidem
1013 2021 1194 2076 adhuc
1205 2022 1592 2078 tribulationes
1600 2024 1802 2078 future
1813 2024 1869 2079 in
1881 2025 2089 2080 eisdem

491 2105 715 2178 scriptis
738 2107 1024 2179 leguntur,
1057 2111 1235 2183 etipsi
1257 2111 1487 2167 ultimus
1497 2113 1844 2184 judiciidies,
1869 2114 2089 2169 ubiom-

489 2210 590 2252 nes
618 2195 762 2251 cives
783 2197 1075 2254 ambarum
1113 2199 1340 2255 illarum
1375 2201 1667 2256 civitatum
1705 2203 1944 2274 receptis
1973 2220 2089 2258 cor-

487 2284 718 2356 poribus
738 2289 1046 2343 surrecturi
1079 2295 1228 2356 sunt,
1260 2295 1318 2345 et
1346 2290 1625 2346 rationem
1653 2291 1778 2346 vite
1819 2309 1934 2348 sue
1959 2297 2090 2348 ante

489 2373 738 2430 tribunal
757 2376 965 2430 Christi
989 2377 1196 2447 judicis
1217 2379 1509 2434 reddituri.
1525 2380 1726 2435 Veniet
1739 2381 1891 2435 enim
1919 2381 2089 2436 etiam

499 2461 558 2518 in
588 2463 844 2520 claritate
854 2467 1166 2536 potestatis,
1191 2467 1287 2538 qui
1307 2467 1465 2539 prius
1487 2467 1544 2522 in
1564 2469 1880 2524 humilitate
1895 2470 2089 2524 huma-

427 2566 438 2576 '
493 2551 688 2607 nitatis
717 2553 906 2609 venire
933 2555 1198 2625 dignatus
1225 2561 1329 2622 est,
1361 2562 1420 2612 et
1437 2573 1632 2612 omnes
1661 2557 1782 2630 pios
1809 2557 1880 2612 ab
1900 2559 2088 2630 impiis

490 2640 840 2711 segregabit:
867 2659 980 2698 non
1000 2649 1220 2699 tantum
1244 2645 1325 2699 eis
1354 2645 1450 2716 qui
1477 2646 1536 2700 in
1567 2663 1698 2701 eum
1725 2647 1952 2702 credere
1965 2665 2088 2702 om-

487 2727 622 2784 nino
653 2730 974 2798 noluerunt,
1008 2733 1106 2787 sed
1139 2733 1309 2788 etiam
1340 2735 1420 2789 eis
1450 2735 1544 2807 qui
1574 2735 1783 2792 frustra
1815 2742 1874 2790 et
1901 2736 2090 2792 infru-

2169 1866 2298 1904 mur
2319 1849 2466 1903 enim
2490 1849 2634 1903 sicut
2646 1846 2716 1902 ab
2734 1847 2830 1901 illo
2843 1847 3183 1918 promissum
3201 1863 3488 1918 speramus
3500 1853 3552 1901 et
3561 1863 3714 1918 exspe-

2171 1943 2406 2001 ctamus,
2441 1937 2683 2008 equales
2726 1935 2941 2006 angelis
2983 1935 3086 1990 Dei
3137 1951 3148 1987 :
3193 1940 3254 1990 et
3286 1951 3413 1990 cum
3433 1935 3513 1991 eis
3543 1935 3715 2006 pariter

2171 2026 2268 2080 illa
2287 2026 2562 2082 Trinitate
2593 2025 2948 2097 perfruamur
2980 2025 3102 2094 jam
3131 2040 3238 2095 per
3276 2023 3530 2095 speciem,
3553 2023 3604 2078 in
3628 2040 3718 2095 qua

2170 2130 2319 2170 nunc
2348 2131 2450 2186 per
2477 2115 2647 2170 ﬁdem
2687 2112 3063 2168 ambulamus.
3097 2111 3395 2168 Credimus
3423 2111 3560 2168 enim
3600 2111 3716 2183 quod

2170 2220 2283 2258 non
2301 2203 2576 2271 videmus,
2592 2207 2658 2258 ut
2671 2201 2808 2274 ipsis
2820 2201 3036 2256 meritis
3058 2200 3190 2255 ﬁdei
3205 2201 3376 2256 etiam
3403 2201 3576 2256 videre
3597 2200 3718 2272 quod

2171 2293 2452 2348 credimus
2497 2297 2554 2347 et
2603 2292 2880 2347 inherere
2924 2305 3269 2356 mereamur,
3302 2296 3366 2345 ut
3390 2289 3718 2361 aequalitatem

2170 2381 2355 2436 Patris
2374 2386 2432 2436 et
2452 2380 2599 2446 Filii,
2639 2386 2697 2434 et
2723 2379 2968 2452 Spiritus
2995 2377 3200 2445 sancti,
3239 2383 3299 2434 et
3330 2377 3500 2450 ipsius
3523 2376 3722 2432 Trinita-

2170 2470 2243 2525 tis
2259 2470 2554 2526 unitatem.
2583 2467 2875 2534 Quomodo
2894 2468 3009 2522 sint
3028 2467 3145 2522 hec
3163 2467 3286 2522 tria
3301 2483 3446 2523 unus
3462 2467 3613 2533 Deus,
3633 2481 3722 2520 non

2164 2560 2285 2630 jam
2316 2558 2498 2616 verbis
2537 2558 2666 2613 fidei
2706 2563 2764 2614 et
2809 2557 3190 2630 strepentibus
3247 2555 3472 2630 syllabis
3497 2570 3720 2629 persone-

2169 2665 2296 2704 mus
2327 2668 2338 2702 :
2369 2649 2468 2703 sed
2489 2646 2959 2719 contemplatione
2977 2645 3292 2720 purissima
3303 2651 3360 2702 et
3377 2644 3721 2702 ardentissima

2167 2736 2228 2792 in
2267 2737 2363 2792 illo
2391 2737 2616 2792 silentio
2646 2735 2992 2792 sorbeamus.
3034 2736 3169 2791 Hec
3215 2739 3346 2792 tene
3381 2736 3486 2789 ﬁxa
3508 2733 3562 2790 in
3583 2732 3720 2790 corde

491 2821 683 2874 ctuose
702 2819 1063 2875 crediderunt
1089 2821 1149 2876 in
1169 2838 1335 2889 eum;
1371 2823 1482 2878 illis
1501 2825 1736 2880 daturus
1751 2842 1988 2896 regnum
2003 2843 2086 2882 se-
2167 2831 2285 2894 tuo,
2317 2832 2375 2880 et
2417 2825 2613 2880 invoca
2637 2825 2940 2880 Dominum
2969 2824 3058 2880 cui
3087 2824 3294 2892 credis,
3346 2829 3411 2880 ut
3437 2829 3642 2878 tueatur
3673 2827 3718 2876 te

495 2921 623 2960 cum
637 2913 913 2963 aeternum
929 2927 940 2962 :
956 2909 1066 2964 illis
1086 2915 1278 2965 autem
1289 2929 1512 2983 penam
1533 2920 1802 2970 aeternam
1816 2931 1944 2969 cum
1969 2915 2086 2970 dia—
2165 2915 2430 2970 adversus
2458 2913 2799 2969 tentationes
2820 2913 3060 2982 diaboli;
3095 2918 3157 2968 et
3175 2918 3299 2968 esto
3313 2917 3522 2977 cautus,
3551 2925 3614 2965 ne
3635 2907 3716 2964 tibi

497 2993 654 3062 bolo;
670 2996 767 3050 sed
788 2996 932 3052 sicut
953 2999 1170 3054 nullum
1197 3001 1468 3070 gaudium
1485 3019 1673 3058 rerum
1688 3005 2085 3076 temporalium
2104 3061 2143 3076 Α
2167 3003 2391 3058 aliunde
2406 3002 2686 3058 hostisille
2696 3001 3169 3074 subrepat,quiad
3181 3001 3445 3058 solatium
3454 2999 3718 3055 maleolen-

491 3098 560 3140 ex
586 3061 776 3155 aliqua
804 3091 964 3156 parte
1008 3061 1421 3160 similevpotest
1447 3090 1685 3146 inveniri
1713 3061 1920 3163 gatidio
1959 3093 2083 3148 vite
2101 3061 2146 3124 Ο
2161 3091 2444 3146 tissimum
2471 3090 2848 3147 damnationis
2990 3061 3119 3145 cum
3140 3089 3348 3163 quibus
3365 3086 3717 3144 damneturin-

485 3176 708 3228 eterne
730 3189 900 3244 quam
936 3175 1114 3230 sancti
1143 3178 1425 3248 accepturi
1454 3185 1605 3246 sunt,
1636 3180 1718 3234 ita
1745 3179 1932 3234 nullus
1952 3197 2080 3235 cru-
2165 3180 2356 3252 quirit.
2413 3181 2539 3236 Non
2568 3180 2721 3235 enim
2776 3195 2878 3251 per
2922 3195 3018 3234 eos
3043 3178 3196 3234 solos
3241 3179 3339 3251 qui
3379 3177 3718 3234 Christianam

487 3259 668 3314 ciatus
727 3263 1123 3334 temporalium
1177 3281 1468 3338 poenarum
1512 3274 1698 3338 potest
1725 3269 2080 3341 sempiternis
2162 3287 2369 3324 nomen
2421 3269 2677 3336 oderunt,
2711 3275 2770 3324 et
2811 3268 3002 3324 dolent
3049 3283 3114 3322 eo
3163 3267 3396 3322 nomine
3430 3269 3717 3337 occupatum

484 3347 810 3421 iniquorum
836 3351 1176 3408 cruciatibus
1197 3356 1532 3427 comparari.
2161 3375 2284 3412 esse
2313 3357 2505 3412 orbem
2545 3362 2845 3422 terrarum,
2887 3361 2945 3411 et
2980 3355 3165 3412 adhuc
3213 3355 3526 3412 simulacris
3560 3359 3611 3410 et
3633 3353 3719 3408 de

555 3438 770 3510 Itaque,
803 3440 997 3506 frater,
1029 3444 1303 3498 conﬁrma
1341 3444 1582 3516 teipsum
1622 3445 1678 3499 in
1700 3447 1822 3516 ejus
1853 3447 2079 3502 nomine
2163 3447 2482 3502 moniorum
2509 3445 2926 3502 curiositatibus
2968 3444 3179 3500 servire
3220 3444 3552 3509 desiderant,
3580 3441 3720 3498 audet

482 3530 653 3598 atque
673 3527 955 3600 adjutorio
985 3531 1074 3586 cui
1105 3532 1305 3598 credis;
1338 3534 1604 3589 adversus
1633 3534 1854 3605 linguas
1883 3552 2078 3591 eorum
2160 3536 2254 3590 ille
2281 3541 2500 3590 tentare
2543 3535 2933 3600 Christianos;
2991 3534 3090 3589 sed
3138 3533 3316 3589 etiam
3361 3550 3462 3605 per
3494 3549 3582 3588 eos
3606 3546 3718 3602 quos

481 3615 577 3686 qui
607 3617 776 3672 ﬁdem
811 3624 1063 3674 nostram
1090 3619 1349 3688 irrident,
1383 3623 1452 3678 de
1483 3622 1684 3694 quibus
1711 3623 1970 3680 diabolus
1996 3642 2079 3679 se-
2160 3625 2328 3697 paulo
2353 3629 2483 3680 ante
2505 3623 3092 3692 commemoravimus,
3123 3623 3196 3678 de
3233 3623 3452 3679 unitate
3478 3619 3714 3682 Eccleie,

440 3704 737 3761 eductoria
789 3707 957 3763 verba
1000 3709 1266 3782 loquitur,
1303 3711 1540 3768 maxime
1599 3713 1788 3768 volens
1843 3713 2078 3771 irridere
2158 3715 2310 3770 velut
2322 3719 2523 3785 putata
2541 3713 2672 3779 vite,
2693 3713 2979 3783 praecisos,
2999 3711 3095 3782 qui
3111 3711 3365 3767 heretici
3393 3711 3478 3766 vel
3496 3709 3720 3765 schisma-

479 3792 650 3850 ﬁdem
679 3797 1126 3852 resurrectionis.
1162 3799 1272 3854 Sed
1299 3816 1364 3854 ex
1392 3806 1448 3856 te
1477 3801 1598 3872 ipso
1627 3802 1792 3856 crede
1819 3801 2076 3858 futurum
2157 3802 2253 3856 tici
2285 3803 2566 3868 dicuntur,
2601 3805 2838 3856 conatur
2877 3801 3051 3856 etiam
3090 3800 3150 3854 id
3193 3801 3424 3872 quidem
3450 3797 3717 3854 interdum.

480 3886 538 3937 te
559 3899 680 3937 esse
710 3901 840 3940 cum
888 3885 1113 3954 futuris,
1157 3889 1380 3959 quando
1411 3906 1540 3944 cum
1578 3895 1709 3944 ante
1737 3907 1850 3945 non
1879 3891 2071 3958 fueris,
2159 3891 2268 3947 Sed
2295 3896 2483 3945 tamen
2495 3890 2552 3944 id
2567 3889 2738 3945 etiam
2759 3890 3062 3962 aliquando
3083 3895 3328 3945 conatur
3339 3895 3400 3945 et
3422 3886 3718 3962 perJudeos

481 3985 631 4028 nunc
659 3988 781 4027 esse
809 3977 866 4027 te
894 3975 1068 4028 vides.
1105 3975 1208 4030 Ubi
1231 3977 1381 4031 enim
1412 3984 1534 4033 erat
1559 3979 1667 4034 ista
1694 3980 1870 4034 moles
1881 3997 2075 4052 corpo-
2155 3985 2375 4036 tentare
2402 3984 2572 4052 atque
2600 3979 2884 4034 seducere.
2917 3979 3027 4034 Sed
3053 3979 3300 4034 maxime
3319 3977 3613 4032 cavendum
3629 3977 3716 4039 est,

480 4059 560 4116 ris
577 4060 680 4126 tui,
709 4065 766 4114 et
784 4061 894 4116 ista
913 4059 1094 4117 forma
1119 4064 1614 4138 membrorumque
1643 4084 1916 4139 compago
1943 4077 2073 4125 ante
2154 4083 2224 4122 ne
2247 4084 2348 4139 per
2375 4066 2633 4122 homines
2663 4067 2759 4138 qui
2790 4072 2926 4122 sunt
2953 4067 3013 4121 in
3038 4065 3163 4138 ipsa
3190 4065 3464 4122 catholica
3483 4061 3714 4124 Ecclesia,

479 4150 1232 4222 paucosannos,priusquam
1243 4157 1427 4221 natus,
1452 4155 1536 4208 vel
1551 4155 1724 4210 etiam
1745 4157 2073 4229 priusquam
2156 4172 2295 4227 quos
2322 4157 2475 4211 velut
2515 4156 2737 4228 paleam
2775 4171 2952 4227 usque
2995 4155 3066 4209 ad
3102 4160 3332 4227 tempus
3377 4148 3717 4209 ventilationis

479 4236 747 4293 inmatris
763 4243 924 4293 utero
946 4246 1245 4313 conceptus
1271 4242 1456 4297 esses?
1479 4241 1581 4297 Ubi
1595 4249 1718 4298 erat
1730 4245 1847 4300 hec
1873 4247 2066 4314 moles,
2154 4261 2269 4300 sue
2317 4245 2576 4311 sustinet,
2633 4243 3015 4316 unusquisque
3051 4248 3309 4300 tentetur
3335 4247 3396 4298 et
3419 4240 3714 4312 decipiatur.

479 4330 534 4382 et
549 4325 668 4382 hec
684 4331 903 4383 statura
915 4329 1165 4400 corporis
1180 4330 1304 4385 tui?
1333 4331 1532 4388 Nonne
1563 4333 1632 4387 de
1646 4335 1875 4389 occultis
1903 4336 2129 4407 hujus“
2161 4335 2465 4407 Propterea
2493 4333 2643 4388 enim
2669 4334 2820 4389 Deus
2846 4333 3066 4405 patiens
3093 4332 3255 4388 estin
3282 4333 3430 4400 illos,
3459 4334 3522 4386 ut
3544 4334 3598 4384 et
3613 4341 3718 4382 suo-

479 4421 753 4473 creature
768 4417 998 4473 secretis
1027 4418 1264 4474 Domino
1291 4420 1406 4474 Deo
1427 4420 1780 4476 invisibiliter
1797 4417 2134 4480 formante”
2154 4439 2282 4478 rum
2297 4423 2602 4477 electorum
2631 4423 2802 4476 ﬁdem
2830 4427 3002 4493 atque
3019 4421 3380 4492 prudentiam
3399 4436 3500 4493 per
3520 4417 3716 4472 illorum

477 4505 818 4575 processitin
833 4507 1035 4573 lucem,
1063 4508 1342 4579 certisque
1371 4515 1602 4564 etatum
1624 4509 1985 4568 incrementis
2012 4513 2074 4568 in
2156 4511 2577 4584 perversitatem
2598 4511 2904 4566 exercendo
2935 4510 3248 4566 conﬁrmet.
3283 4510 3356 4564 Et
3383 4508 3511 4580 quia
3537 4507 3600 4560 de
3623 4519 3714 4560 nu-

477 4592 647 4652 istam
668 4595 1117 4665 magnitudinem
1147 4597 1499 4668 formamque
1508 4599 1784 4655 surrexit?
1804 4601 2072 4673 Nunquid
2153 4617 2308 4655 mero
2328 4615 2524 4656 eorum
2553 4599 2717 4656 multi
2747 4598 3068 4673 proﬁciunt,
3093 4603 3150 4653 et
3165 4597 3241 4652 ad
3263 4597 3592 4670 placendum
3615 4593 3712 4648 Deo

477 4698 611 4754 ergo
641 4682 866 4739 difficile
895 4690 980 4740 est
995 4685 1132 4753 Deo,
1167 4687 1262 4757 qui
1285 4685 1456 4741 etiam
1477 4703 1713 4760 aggeres
1741 4688 1977 4746 nubium
2007 4709 2072 4746 ex
2153 4689 2403 4745 miserati
2429 4690 2648 4746 animas
2677 4705 2810 4744 suas
2827 4703 3033 4761 magno
3073 4687 3292 4760 impetu
3318 4686 3710 4741 convertuntur.

478 4771 694 4827 occulto
737 4772 798 4826 in
826 4780 1112 4829 momento
1159 4776 1458 4842 contrahit,
1494 4782 1553 4830 et
1594 4778 1844 4849 contegit
1869 4779 2072 4835 celum
2153 4779 2280 4834 Non
2311 4779 2461 4834 enim
2489 4795 2682 4834 omnes
2710 4777 2816 4832 sibi
2835 4793 2937 4850 per
2957 4775 3296 4848 patientiam
3336 4774 3440 4829 Dei
3466 4767 3712 4828 thesauri-

473 4860 536 4917 in
555 4861 671 4916 ictu
697 4863 985 4934 temporis,
1017 4863 1251 4918 reddere
1271 4864 1440 4919 istam
1473 4867 1845 4937 quantitatem
1873 4884 2072 4940 corpo-
2153 4872 2284 4922 zant
2300 4867 2444 4924 iram
2469 4867 2530 4922 in
2559 4867 2648 4922 die
2675 4867 2772 4922 ire
2791 4866 2933 4939 justi
2973 4865 3172 4936 judicii
3220 4865 3364 4936 ejus.
3401 4862 3506 4918 Sed
3535 4857 3713 4918 multos

475 4951 556 5006 ris
584 4951 668 5006 tui
695 4951 843 5006 sicut
863 4958 1002 5019 erat,
1039 4953 1135 5024 qui
1175 4969 1301 5008 eam
1343 4954 1526 5008 facere
1573 4955 1758 5026 potuit
1784 4955 1932 5012 sicut
1959 4973 2072 5012 non
2153 4957 2352 5014 eadem
2380 4956 2780 5028 omnipotentis
2807 4954 3084 5028 patientia
3113 4953 3372 5026 perducit
3397 4952 3469 5006 ad
3495 4947 3712 5004 saluber-

476 5041 633 5096 erat?
663 5041 840 5097 Crede
865 5057 998 5112 ergo
1025 5041 1246 5096 fortiter
1289 5046 1347 5096 et
1375 5042 1701 5097 inconcusse
1733 5044 1866 5116 quia
1884 5047 2071 5100 omnia
2153 5045 2361 5100 rimum
2389 5045 2734 5116 paenitentiae
2761 5045 3011 5099 dolorem
3044 5061 3056 5096 :
3093 5041 3241 5115 quod
3261 5041 3440 5097 donec
3467 5041 3568 5096 ﬁat.
3584 5049 3711 5092 exer-

479 5146 601 5200 que
613 5130 874 5186 videntur
902 5130 1063 5202 quasi
1073 5131 1362 5204 pereundo
1375 5131 1637 5187 humanis
1662 5133 1836 5189 oculis
1855 5135 2073 5219 subtrp-
2155 5139 2314 5190 cetur
2341 5151 2442 5206 per
2470 5151 2566 5190 eos
2603 5135 2828 5190 illorum
2873 5133 2968 5205 qui
2989 5134 3112 5205 jam
3138 5137 3350 5187 rectam
3379 5130 3516 5219 viain
3539 5129 3712 5219 iungent

477 5218 581 5285 hit,
604 5220 757 5274 salva
773 5226 831 5274 et
857 5220 1080 5292 integra
1105 5225 1241 5276 sunt
1263 5220 1681 5293 omnipotentie
1703 5222 1834 5288 Dei;
1880 5225 1975 5294 qui
2005 5214 2072 5278 ea
2151 5240 2265 5278 non
2284 5224 2467 5280 solum
2486 5223 2808 5289 tolerantia,
2823 5223 2924 5278 sed
2935 5223 3107 5278 etiam
3131 5214 3710 5276 misericordiaMultos

483 5321 610 5360 cum
635 5308 874 5362 voluerit
901 5307 1022 5363 sine
1065 5309 1183 5365 ulla
1209 5325 1369 5365 mora
1397 5313 1456 5365 et
1482 5309 1812 5366 difﬁcultate
1848 5328 2071 5384 repara.
2153 5329 2286 5383 ergo
2306 5313 2526 5368 visurus
2555 5329 2614 5368 es
2634 5312 2901 5379 ebriosos,
2937 5328 3152 5378 avaros,
3183 5309 3553 5372 fraudatores,
3579 5304 3707 5358 alea-

481 5392 579 5458 bit,
612 5412 679 5448 ea
733 5397 1006 5452 duntaxat
1047 5415 1171 5469 que
1203 5398 1436 5470 justitie
1468 5399 1563 5469 jus
1604 5399 1921 5470 reparanda
1949 5417 2070 5454 esse
2152 5408 2322 5468 tores,
2383 5402 2688 5468 adulteros,
2744 5401 3127 5466 fornicatores,
3182 5397 3430 5454 remedia
3470 5392 3708 5462 sacrilega

474 5482 710 5554 judicat,
743 5491 808 5537 ut
829 5484 887 5538 in
910 5486 996 5540 his
1025 5487 1350 5558 corporibus
1381 5488 1888 5544 reddanthomines
1902 5489 2071 5545 facto—
2153 5490 2258 5546 sibi
2277 5491 2590 5563 alligantes,
2613 5490 3108 5561 precantatoribus
3137 5495 3193 5546 et
3217 5483 3615 5544 mathematicis
3635 5477 3706 5533 vel

482 5588 612 5633 rum
642 5587 873 5630 suorum
893 5575 1189 5643 rationem,
1221 5575 1279 5630 in
1304 5575 1506 5648 quibus
1529 5593 1597 5634 ea
1623 5578 1896 5647 iecerunt,
1929 5585 1987 5634 et
2011 5579 2072 5635 in
2154 5571 3700 5655 quarumlibetimpiarumartiumdivinatoribusdeditos;
