3982 6158
239 321 375 378 15213

1109 321 1202 376 DE
1243 321 1796 380 ECCLESIASTICA
1833 325 2264 386 DISCIPLINA.
2309 363 2372 372 —
2415 333 2549 387 LIB.
2593 333 2637 387 Ι.

3374 335 3506 392 1214

233 445 730 501 animadversurus
759 443 928 496 etiam
987 445 1136 514 quod
1192 445 1300 500 illm
1342 447 1521 502 turbae
1565 448 1837 520 impleant
1854 454 1898 510 Λ
1915 470 2010 522 jus
2039 454 2136 508 illa
2165 473 2254 510 res
2283 457 2710 513 similitudinem
2741 465 2905 530 gerit.
2941 460 3154 517 Deinde
3197 461 3512 517 monendus

233 535 497 590 ecclesias
523 551 624 606 per
674 534 792 587 dies
841 533 1010 586 festos
1066 534 1534 604 Christianorum,
1572 555 1694 609 quae
1733 540 1834 592 im-

231 625 389 698 plent
419 629 475 677 et
507 624 730 676 theatra
762 639 862 693 per
899 623 1018 676 dies
1047 624 1324 678 solemnes
1355 643 1700 696 paganorum
1737 647 1748 680 :
1779 634 1835 680 et

231 713 350 768 haec
378 711 615 765 videndo
643 711 713 764 ad
757 710 1092 764 imitandum
1123 713 1448 768 tentaberis.
1487 716 1554 768 Et
1592 716 1724 785 quid
1747 716 1833 768 di-

231 802 397 856 cam?
425 799 655 854 Videbis
689 801 840 870 quod
874 801 1040 853 etiam
1074 817 1221 854 nunc
1255 803 1374 871 jam
1417 804 1609 874 utique
1646 806 1794 858 nosti
1818 820 1843 857 :'

232 907 344 946 non
367 890 518 944 enim
549 889 728 943 nescis
759 889 964 942 multos
997 891 1090 960 qui
1117 893 1475 961 appellantur
1503 893 1826 959 Christiani,

230 981 348 1034 haec
371 979 560 1033 omnia
588 980 738 1032 mala
764 979 988 1049 operari
1017 996 1139 1049 qua:
1170 980 1412 1035 breviter
1435 998 1833 1036 commemora-

229 1070 302 1122 vi.
329 1069 399 1123 Et
430 1069 730 1139 aliquando
770 1067 1007 1121 fortasse
1046 1069 1307 1138 graviora
1353 1070 1536 1124 facere
1579 1071 1834 1125 homines

231 1174 346 1213 non
364 1158 608 1228 ignoras,
643 1173 781 1227 quos
802 1157 947 1210 nosti
972 1157 1242 1228 appellari
1273 1159 1639 1213 Christianos.
1657 1159 1766 1211 Sed
1788 1159 1834 1212 si

227 1247 335 1301 hoc
367 1247 559 1301 animo
606 1245 802 1298 venisti
858 1253 915 1298 ξιξ
979 1247 1140 1316 quasi
1197 1264 1424 1302 securus
1475 1249 1613 1302 talia
1643 1247 1830 1313 facias,

231 1335 475 1389 multum
491 1352 645 1388 erras
671 1353 681 1387 :
720 1351 821 1389 nec
850 1335 950 1388 tibi
973 1336 1223 1406 proderit
1251 1353 1455 1391 nomen
1480 1337 1687 1390 Christi
1708 1354 1834 1390 cum

229 1424 466 1495 coeperit
492 1424 584 1478 ille
615 1424 1242 1493 severissimejudicare
1265 1426 1356 1496 qui
1389 1427 1542 1497 prius
1573 1426 1836 1496 dignatus

228 1518 319 1568 est
349 1513 862 1567 misericordissima
892 1511 1209 1566 sub\enire.
1244 1515 1506 1569 Przedixit
1539 1515 1690 1568 enim
1727 1515 1868 1568 ista-

228 1609 292 1657 et
323 1607 405 1656 ait
433 1603 487 1656 in
518 1602 814 1670 Evangelio
847 1621 858 1654 :
894 1620 918 1653 ιι
953 1603 1075 1656 Non
1127 1603 1310 1657 omnis
1353 1604 1446 1674 qui
1483 1605 1618 1658 dicit
1647 1605 1782 1657 mihi
1819 1621 1831 1660 :

226 1690 488 1752 Domine,
508 1691 762 1757 Domine,
785 1689 1016 1748 intrabit
1035 1691 1094 1745 in
1113 1708 1349 1761 regnum
1376 1694 1662 1760 cmlorum,
1677 1693 1774 1746 sed
1788 1693 1835 1748 is

1918 549 2002 596 est
2031 561 2094 596 ex
2125 545 2228 598 hac
2252 547 2559 613 occasione,
2592 553 2657 602 ut
2683 549 2731 602 si
2762 549 2893 620 quid
2925 551 3095 604 etiam
3122 551 3181 604 in
3209 550 3513 623 Scripturis

1917 632 2107 686 audiat
2141 635 2286 704 quod
2308 637 2609 690 carnaliter
2629 643 2807 703 sonat,
2833 639 3002 693 etiam
3025 640 3070 692 si
3093 656 3206 694 non
3223 638 3506 709 intelligit.

1917 722 2107 775 credat
2152 727 2343 778 tamen
2388 725 2626 796 spiritali
2657 727 2866 798 aliquid
2913 728 3216 797 signiﬁcari
3255 727 3402 800 quod
3441 727 3511 781 ad

1916 816 2137 864 sanctos
2191 829 2374 866 mores
2419 814 2778 885 futuramque
2828 817 2996 870 vitam
3047 817 3343 888 pertineat.
3395 817 3513 872 Hoc

1915 904 2102 953 autem
2136 899 2213 954 ita
2239 900 2482 956 breviter
2511 904 2676 957 discit
2707 923 2717 956 :
2755 910 2819 958 ut
2847 905 3117 976 quidquid
3167 906 3408 961 audierit
3446 921 3509 960 ex

1915 987 2071 1042 libris
2087 989 2380 1044 Canonicis
2410 992 2557 1061 quod
2588 993 2656 1046 ad
2687 993 3043 1048 dilectionem
3073 994 3423 1059 aeternitatis,
3457 999 3511 1048 et

1917 1077 2188 1142 veritatis,
2223 1085 2279 1132 et
2310 1080 2642 1147 sanctitatis,
2681 1087 2738 1135 et
2768 1081 3123 1137 dilectionem
3153 1083 3387 1154 proximi
3419 1099 3508 1137 re-

1917 1166 2061 1221 ferre
2090 1183 2201 1222 non
2243 1169 2434 1239 possit,
2489 1171 2726 1240 ﬁgurate
2773 1172 2984 1226 dictum
3014 1173 3100 1226 vel
3127 1177 3348 1244 gestum
3389 1189 3509 1226 esse

1917 1257 2150 1310 credat:
2187 1263 2354 1330 atque
2382 1258 2463 1312 ita
2509 1267 2741 1314 conetur
2786 1261 3098 1331 intelligere
3142 1267 3206 1318 ut
3254 1263 3325 1316 ad
3355 1262 3506 1318 illam

1915 1347 2219 1416 genuinam
2240 1347 2448 1403 referat
2463 1349 2839 1415 dilectionem,
2865 1351 2942 1404 ita
2952 1367 3089 1405 sane
3110 1357 3174 1406 ut
3191 1350 3506 1423 proximum

1918 1452 2030 1489 non
2060 1437 2362 1491 carnaliter
2404 1437 2700 1508 intelligat,
2735 1439 2832 1493 sed
2873 1457 3094 1494 omnem
3141 1441 3236 1512 qui
3275 1457 3402 1495 cum
3443 1457 3509 1495 eo

1919 1525 1978 1578 in
1999 1525 2095 1578 illa
2124 1531 2316 1580 sancta
2346 1527 2568 1581 civitate
2587 1533 2772 1598 potest
2791 1545 2930 1596 esse,
2947 1529 3062 1584 sive
3085 1530 3354 1599 jam,sive
3375 1545 3510 1584 non-

1918 1613 2053 1666 dum
2083 1620 2370 1684 appareat,
2395 1621 2451 1669 et
2477 1622 2542 1670 ut
2568 1617 2636 1670 de
2657 1617 2864 1672 nullius
2893 1617 3136 1672 hominis
3166 1617 3510 1672 correctione

1917 1702 2193 1774 desperet,
2227 1721 2392 1773 quem
2421 1706 2694 1775 patientia
2721 1707 2820 1760 Dei
2862 1706 3008 1761 videt
3056 1709 3273 1762 vivere:
3306 1723 3419 1761 non
3439 1706 3510 1760 ob

229 1780 327 1852 qui
356 1779 489 1834 facit
516 1779 862 1833 voluntatem
889 1781 1072 1834 Patris
1104 1781 1234 1834 mei.
1273 1782 1434 1835 Multi
1481 1782 1667 1835 dicent
1696 1781 1834 1838 mihi
1852 1771 2086 1859 Βειιίιίά⁷
2119 1771 2264 1846 sicui
2291 1771 2590 1865 Αροέιοιυε
2617 1795 2697 1848 ait
2721 1795 2896 1866 (ῃοηι,
2926 1813 2978 1861 η’
3013 1796 3211 1865 “misi
3241 1801 3306 1850 ut
3331 1794 3510 1850 addu-

227 1868 290 1923 in
316 1867 414 1922 illa
443 1867 532 1922 die
566 1886 577 1920 :
610 1868 864 1932 Domine,
895 1869 1152 1934 Domine,
1185 1871 1242 1922 in
1279 1871 1504 1924 nomine
1548 1876 1648 1924 tuo
1680 1887 1836 1926 man-

228 1957 556 2011 ducavimus
583 1965 641 2010 et
668 1957 1138 2018 bibimus(.lla£lh.
1167 1976 1255 2025 vn,
1290 1960 1364 2028 ‘2).
1401 1978 1423 2010 ι
1455 1959 1730 2014 Omnibus
1750 1977 1834 2014 er-

226 2063 302 2118 go
332 2047 428 2118 qui
456 2049 516 2100 in
543 2045 750 2100 talibus
781 2047 1042 2118 operibus
1057 2053 1416 2118 perseverant
1444 2049 1732 2103 damnatio
1765 2052 1831 2102 fi-

228 2135 318 2190 nis
347 2142 451 2189 est.
487 2137 628 2192 Cum
659 2153 791 2204 ergo
807 2137 1010 2190 videris
1035 2139 1239 2191 multos
1270 2155 1380 2191 non
1406 2139 1589 2192 solum
1621 2139 1737 2193 haec
1757 2138 1834 2192 fa-

228 2241 375 2290 cere,
411 2225 508 2279 sed
541 2226 708 2279 etiam
735 2226 1032 2280 defendere
1061 2231 1228 2296 atque
1253 2227 1508 2289 suadere,
1530 2233 1660 2281 tene
1692 2233 1746 2281 te
1765 2227 1834 2281 ad

227 2315 414 2384 legem
444 2315 564 2380 Dei,
585 2321 640 2367 et
660 2331 769 2368 non
791 2315 1044 2385 sequaris
1068 2316 1523 2386 praevaricatores
1547 2317 1688 2386 ejus.
1707 2317 1831 2370 Non

229 2403 383 2457 enim
412 2403 719 2458 secundum
745 2404 969 2458 illorum
1003 2422 1250 2470 sensum,
1285 2406 1380 2458 sed
1421 2407 1728 2459 secundum
1763 2405 1832 2458 il-

228 2491 344 2544 lius
377 2490 668 2546 veritatem
691 2491 1051 2562 judicaberis.
1088 2495 1442 2563 Conjungere
1487 2493 1646 2548 bonis
1695 2511 1834 2565 quos

228 2580 390 2634 vides
411 2597 600 2635 amare
619 2586 806 2635 tecum
828 2598 1018 2652 regem
1039 2587 1220 2636 tuum.
1246 2583 1452 2637 Multos
1472 2583 1622 2637 enim
1649 2583 1837 2637 inven-

233 2675 400 2723 turus
428 2688 487 2723 es
519 2687 530 2722 :
566 2670 614 2724 si
644 2677 700 2723 et
725 2677 789 2724 tu
819 2672 951 2724 talis
972 2688 1092 2725 esse
1121 2672 1373 2742 coeperis.
1395 2673 1538 2726 Nam
1564 2672 1610 2726 si
1630 2672 1688 2726 in
1711 2690 1836 2744 spe-

233 2759 471 2812 ctaculis
495 2776 620 2813 cum
649 2759 760 2812 illis
789 2776 910 2814 esse
936 2760 1215 2831 cupiebas,
1249 2767 1305 2814 et
1329 2762 1408 2815 eis
1439 2761 1711 2815 inhaerere
1741 2761 1837 2832 qui

233 2855 427 2902 tecum
460 2849 542 2902 vel
564 2849 840 2918 aurigam,
867 2850 952 2902 vel
991 2855 1334 2917 venatorem,
1359 2851 1444 2903 vel
1474 2850 1718 2921 aliquam
1749 2851 1838 2904 hi-

239 2937 514 2990 strionem
537 2938 705 2992 simul
736 2939 1029 2994 amabant:
1065 2945 1274 3010 quanto
1288 2939 1466 3009 magis
1485 2947 1537 2993 te
1559 2940 1837 2993 delectare

236 3024 408 3079 debet
424 3043 618 3080 eorum
639 3028 956 3098 conjunctio
970 3027 1064 3098 qui
1093 3033 1281 3082 tecum
1303 3035 1496 3082 amant
1511 3029 1833 3094 Dominum,

1913 1887 2075 1937 catur
2101 1883 2169 1937 ad
2200 1883 2604 1954 paenitentiam.

2093 2011 2366 2075 Quomodo
2395 2011 2518 2077 quis
2549 2011 2781 2062 breviter
2808 2011 3226 2068 catechizandus
3246 2013 3336 2063 sit.

1986 2134 2176 2204 (Aug.)
2205 2132 2262 2187 Si
2293 2137 2482 2187 autem
2511 2133 2712 2203 longus
2749 2131 2854 2189 tibi
2897 2132 3117 2188 videtur
3157 2149 3276 2188 esse
3303 2147 3506 2198 sermo,

1918 2239 2028 2292 quo
2059 2227 2328 2294 tanquam
2360 2229 2691 2293 praesentem
2721 2223 2918 2276 rudem
2938 2223 3223 2277 hominem
3253 2222 3508 2286 instruxi,

1917 2311 2046 2365 licet
2076 2327 2143 2365 ea
2170 2311 2273 2365 tibi
2319 2312 2504 2366 dicere
2545 2311 2786 2377 brevius,
2819 2312 3130 2383 longiorem
3169 2317 3360 2366 tamen
3391 2325 3512 2366 esse

1918 2400 2122 2454 debere
2145 2417 2256 2454 non
2286 2407 2422 2474 puto
2457 2419 2467 2454 :
2502 2417 2827 2472 quanquam
2847 2401 3088 2456 multum
3117 2401 3354 2459 interest
3380 2399 3513 2472 quid

1917 2506 2007 2543 res
2039 2489 2178 2560 ipsa,
2205 2507 2331 2544 cum
2361 2491 2567 2561 agitur,
2610 2495 2854 2557 moneat,
2905 2496 2963 2546 et
3011 2490 3144 2561 quid
3191 2489 3512 2545 auditorum

1921 2579 2218 2650 praesentia
2250 2595 2361 2633 non
2411 2579 2589 2634 solum
2647 2579 2812 2644 ferre,
2845 2580 2940 2634 sed
2988 2579 3160 2634 etiam
3197 2577 3514 2632 desiderare

1920 2685 1979 2721 se
2009 2669 2285 2722 ostendat.
2333 2669 2475 2721 Cum
2526 2672 2715 2723 autem
2763 2667 3048 2722 celeritate
3097 2683 3236 2738 opus
3265 2671 3368 2733 est,
3390 2665 3517 2720 vide

1922 2773 2089 2828 quam
2119 2757 2279 2812 facile
2307 2757 2569 2828 explicari
2598 2762 2718 2812 tota
2747 2774 2836 2812 res
2857 2757 3050 2828 possit.
3074 2756 3184 2810 Fac
3210 2771 3408 2810 rursus
3423 2755 3518 2808 ad-

1922 2863 2042 2900 esse
2065 2847 2311 2916 aliquem
2337 2846 2432 2917 qui
2461 2846 2592 2900 velit
2621 2863 2743 2900 esse
2772 2845 3143 2912 Christianus,
3176 2861 3309 2915 ergo
3345 2848 3402 2898 et
3427 2843 3517 2898 in-

1921 2941 2288 3005 terrogatum,
2320 2935 2457 2990 illud
2489 2936 2637 3007 quod
2667 2935 2928 3008 superius
2959 2933 3313 3006 respondisse
3327 2938 3518 2987 osten-

1921 3042 2016 3078 sus
2045 3031 2172 3079 est:
2215 3025 2348 3096 quia
2392 3031 2450 3079 et
2497 3025 2544 3080 si
2585 3041 2698 3080 non
2746 3025 2851 3080 hoc
2897 3024 3216 3096 respondet,
3247 3023 3351 3078 hoc
3387 3037 3516 3076 eum

233 3115 308 3168 de
337 3132 450 3186 quo
471 3131 760 3187 nunquam
789 3117 1080 3172 erubescet
1108 3123 1328 3172 amator
1357 3119 1480 3188 ejus
1519 3135 1530 3170 :
1565 3118 1699 3188 quia
1727 3135 1838 3171 non
1863 3091 2261 3185 CIrespondere
2291 3115 2550 3170 debuisse
2578 3115 2878 3169 dicendum
2906 3118 3009 3168 est.
3043 3112 3255 3168 Deinde
3283 3113 3388 3166 hoc
3402 3127 3519 3165 mo-

231 3205 421 3258 solum
471 3205 587 3276 ipse
637 3221 749 3260 non
797 3213 980 3277 potest
1009 3207 1173 3272 vinci,
1210 3207 1306 3261 sed
1351 3207 1523 3260 etiam
1544 3206 1839 3260 dilectores

232 3307 371 3347 suos
401 3295 597 3348 reddet
621 3295 875 3362 invictos,
895 3312 996 3350 nec
1024 3302 1214 3350 tamen
1237 3297 1408 3350 etiam
1439 3296 1493 3349 in
1525 3295 1659 3366 ipsis
1679 3295 1838 3349 bonis

231 3383 335 3454 qui
367 3388 422 3434 te
453 3383 534 3436 vel
562 3385 884 3453 prazcedunt
911 3385 994 3438 vel
1025 3383 1126 3438 tibi
1158 3384 1500 3438 comitantur
1546 3384 1613 3436 ad
1645 3385 1838 3438 Domi-

233 3488 378 3526 num
413 3472 680 3526 collocare
700 3489 857 3543 spem
885 3479 1042 3528 tuam
1074 3473 1242 3526 debes
1275 3492 1286 3526 :
1323 3474 1454 3544 quia
1475 3489 1576 3526 nec
1591 3473 1840 3544 inteipso

230 3560 410 3614 debes
441 3567 933 3633 quantumcunque
963 3562 1279 3633 profeceris,
1305 3563 1400 3616 sed
1424 3563 1480 3616 in
1505 3562 1600 3615 illo
1631 3561 1724 3632 qui
1747 3579 1842 3616 eos

231 3655 294 3703 et
327 3655 384 3702 te
409 3650 768 3719 justiﬁcando
821 3652 961 3705 tales
1011 3651 1162 3705 facit.
1197 3653 1436 3706 Securus
1477 3669 1534 3704 es
1585 3651 1734 3704 enim
1772 3651 1840 3704 de

231 3739 376 3802 Deo,
419 3739 548 3808 quia
587 3756 698 3793 non
746 3746 998 3794 mutatur
1029 3760 1039 3793 :
1076 3742 1145 3794 de
1179 3741 1403 3794 homine
1448 3746 1638 3794 autem
1677 3757 1842 3794 nemo

231 3827 551 3898 prudenter
579 3845 804 3883 securus
833 3835 934 3882 est.
967 3830 1074 3883 Sed
1103 3830 1150 3883 si
1177 3829 1300 3883 illos
1331 3829 1425 3901 qui
1445 3830 1692 3884 nondum
1702 3829 1843 3900 justi

232 3921 390 3982 sunt,
426 3934 618 3972 amare
649 3918 934 3984 debemus,
953 3924 1017 3972 ut
1039 3919 1177 3972 sint:
1204 3926 1413 3989 quanto
1436 3919 1726 3973 ardentius
1747 3918 1842 3989 qui

227 4007 353 4077 jam
386 4011 521 4060 sunt
553 4008 776 4061 amandi
805 4013 954 4061 sunt.
991 4008 1098 4062 Sed
1133 4008 1282 4061 aliud
1315 4015 1398 4061 est
1419 4009 1652 4077 diligere
1667 4008 1843 4062 homi-

233 4112 393 4159 nem,
429 4095 579 4149 aliud
609 4113 764 4168 spem
797 4114 1003 4168 ponere
1031 4097 1090 4151 in
1122 4097 1347 4150 homine
1371 4115 1381 4150 :
1406 4103 1740 4168 tantumque
1761 4097 1844 4151 in-

235 4189 424 4238 terest
447 4189 514 4239 ut
541 4185 679 4239 illud
709 4186 857 4240 Deus
901 4186 1116 4256 jubeat,
1149 4187 1253 4240 hoc
1301 4185 1627 4257 prohibeat;
1661 4187 1708 4240 si
1740 4202 1842 4241 au-

233 4281 356 4328 tem
391 4273 608 4344 aliquas
637 4275 721 4328 vel
753 4275 1164 4340 insultationes,
1197 4276 1283 4328 vel
1312 4275 1704 4330 tribulationes
1741 4292 1843 4346 pro

1922 3205 1992 3257 do
2022 3209 2222 3258 caetera
2249 3205 2611 3258 contexenda.
2643 3204 2808 3269 Vere,
2841 3203 3035 3269 frater,
3078 3203 3176 3256 illa
3217 3217 3425 3272 magna
3461 3206 3521 3255 et

1923 3309 2054 3347 vera
2096 3293 2384 3348 beatitudo
2416 3300 2518 3359 est,
2563 3310 2684 3364 quae
2727 3294 2784 3347 in
2827 3293 3017 3347 futuro
3061 3291 3262 3346 saeculo
3309 3289 3519 3345 sanctis

1921 3383 2288 3454 promittitur.
2321 3383 2524 3436 Omnia
2552 3398 2682 3436 vero
2711 3380 2952 3436 visibilia
2977 3385 3294 3444 transeunt,
3311 3386 3368 3434 et
3396 3395 3518 3434 om-

1922 3472 2010 3525 nis
2025 3472 2193 3540 hujus
2215 3471 2400 3525 saeculi
2421 3487 2625 3542 pompa
2645 3475 2702 3524 et
2719 3470 2932 3524 delicia:
2946 3475 3003 3523 et
3033 3469 3329 3524 curiositas
3341 3469 3517 3522 inter-

1924 3560 2103 3625 ibunt,
2119 3565 2176 3612 et
2197 3575 2386 3614 secum
2408 3560 2478 3613 ad
2499 3560 2791 3613 interitum
2811 3559 3046 3613 trahunt
3069 3564 3348 3613 amatores
3363 3573 3515 3625 suos,

1924 3668 1958 3704 a
1987 3666 2096 3720 quo
2117 3649 2369 3713 interitu,
2399 3649 2502 3702 hoc
2526 3653 2628 3706 est.
2647 3647 2823 3719 poenis
2851 3647 3227 3720 sempiternis,
3257 3648 3408 3702 Deus
3419 3645 3520 3700 mi-

1924 3739 2161 3793 sericors
2211 3738 2397 3791 volens
2444 3737 2701 3792 homines
2742 3736 2998 3802 liberare,
3035 3737 3082 3790 si
3119 3737 3224 3790 sibi
3271 3735 3376 3808 ipsi
3405 3751 3518 3790 non

1925 3829 2038 3882 sint
2057 3811 2349 3883 inimici'et
2391 3842 2502 3880 non
2535 3826 2803 3881 resistant
2833 3825 3230 3881 misericordiae
3249 3824 3518 3880 creatoris

1925 3917 2030 3980 sui,
2053 3916 2204 3970 misit
2222 3915 2577 3987 unigenitum
2589 3915 2793 3970 Filium
2823 3931 3008 3981 suum,
3026 3915 3131 3969 hoc
3143 3919 3246 3980 est,
3271 3913 3518 3970 Verbum

1924 4023 2088 4062 suum
2118 4006 2330 4077 aequale
2360 4005 2466 4060 sibi
2491 4022 2592 4077 per
2620 4005 2767 4076 quod
2800 4003 3050 4059 condidit
3075 4005 3284 4059 omnia.
3301 4004 3370 4059 Et
3397 4020 3518 4058 ma-

1925 4113 2064 4152 nens
2093 4096 2318 4167 quidem
2339 4095 2395 4149 in
2417 4095 2708 4149 divinitate
2737 4111 2840 4150 sua
2868 4099 2926 4149 et
2953 4110 3066 4149 non
3086 4095 3520 4150 recedensaPa-

1925 4191 2030 4253 tre,
2062 4201 2164 4240 nec
2191 4185 2250 4239 in
2271 4184 2460 4256 aliquo
2479 4189 2750 4252 mutatus,
2774 4185 3110 4239 assumendo
3133 4189 3326 4242 tamen
3345 4184 3524 4238 homi-

1925 4292 2054 4330 nem
2079 4281 2136 4329 et
2165 4275 2223 4330 in
2246 4291 2413 4329 carne
2435 4274 2660 4329 mortali
2679 4273 3002 4329 hominibus
3029 4274 3351 4345 apparendo
3370 4272 3523 4326 venit

233 4363 474 4416 nomine
499 4363 706 4416 Christi
735 4381 950 4434 passus,
985 4380 1100 4418 non
1127 4364 1394 4418 defeceris
1434 4381 1468 4418 a
1513 4365 1640 4429 fide,
1672 4381 1774 4418 nec
1811 4381 1904 4436 an
1925 4366 1996 4420 ad
2021 4364 2308 4420 homines:
2333 4371 2397 4418 ut
2416 4363 2886 4436 quemadmodum
2907 4380 3008 4435 per
3021 4379 3198 4417 unum
3212 4361 3516 4428 hominem,

234 4451 390 4505 bona
419 4452 532 4506 vita
559 4453 880 4519 deviaveris,
917 4455 1188 4523 majorem
1237 4453 1552 4507 mercedem
1591 4425 1908 4524 acceptu-D
1926 4455 2021 4524 qui
2045 4455 2261 4524 primus
2289 4453 2470 4508 factus
2498 4459 2601 4520 est,
2625 4453 2682 4508 id
2713 4457 2799 4508 est
2822 4453 3022 4518 Adam,
3048 4468 3198 4505 mors
3215 4450 3444 4505 intravit
3462 4449 3521 4504 in

233 4558 337 4595 rus
366 4557 447 4594 es.
473 4541 579 4604 Qui
610 4548 799 4596 autem
849 4541 906 4595 in
946 4541 1034 4596 his
1087 4543 1358 4596 cesserint
1397 4541 1636 4609 diabolo,
1672 4543 1841 4597 etiam
1922 4560 2102 4614 genus
2131 4544 2460 4608 humanum,
2497 4543 2630 4614 quia
2657 4541 2939 4597 consensit
2963 4539 3187 4595 mulieri
3209 4556 3322 4594 suae.
3352 4539 3520 4594 sedu-

232 4630 515 4684 minorem
547 4629 823 4701 perdunt:
858 4631 956 4685 sed
1002 4631 1232 4684 humilis
1285 4636 1404 4686 esto
1451 4631 1567 4685 Deo
1599 4650 1610 4684 :
1637 4637 1704 4687 ut
1729 4649 1842 4686 non
1923 4639 2024 4687 οδω
2055 4649 2088 4687 a
2116 4632 2356 4696 diabolo,
2377 4637 2441 4686 ut
2468 4638 2806 4704 praeceptum
2829 4631 2929 4686 Dei
2950 4630 3518 4701 transgrederentur:

229 4726 288 4774 te
308 4719 607 4790 permittat
633 4706 840 4774 tentari
871 4720 1022 4776 ultra
1048 4721 1194 4774 vires
1219 4726 1365 4773 tuas.
1923 4722 2002 4776 sic
2028 4739 2129 4792 per
2156 4737 2330 4776 unum
2361 4719 2667 4787 hominem,
2692 4721 2787 4792 qui
2817 4720 2989 4774 etiam
3031 4721 3181 4776 Deus
3210 4725 3297 4774 est
3327 4719 3428 4774 Dei
3457 4720 3520 4774 ﬁ-

307 4809 411 4862 His
431 4808 610 4873 dictis,
635 4809 1070 4880 interrogandus
1090 4815 1176 4863 est
1199 4827 1270 4864 an
1301 4809 1417 4864 haec
1437 4809 1647 4874 credat,
1672 4815 1840 4879 atque
1923 4812 2048 4875 lius,
2084 4812 2112 4864 J
2117 4825 2276 4864 esum
2296 4809 2582 4864 Christum
2611 4809 2810 4864 deletis
2831 4808 3091 4864 omnibus
3119 4809 3361 4882 peccatis
3380 4825 3520 4880 prae-

230 4897 530 4952 observare
561 4898 857 4952 desideret.
883 4899 1040 4962 Quod
1071 4915 1198 4952 cum
1231 4899 1600 4970 responderit,
1639 4899 1838 4952 solem-
1918 4899 2118 4965 teritis,
2147 4899 2439 4954 credentes
2465 4898 2524 4952 in
2567 4915 2697 4954 eum
2737 4898 3021 4953 omnes’in
3048 4897 3220 4952 vitam
3249 4903 3515 4952 aeternam

230 4987 383 5040 niter
408 4987 604 5057 utique
636 4987 944 5057 signandus
970 4993 1056 5041 est
1089 5005 1102 5042 :
1149 4993 1205 5041 et
1242 4988 1498 5043 Ecclesiae
1539 5005 1694 5042 more
1723 4992 1835 5040 tra-

229 5075 491 5129 ctandus.
529 5076 610 5130 De
639 5083 992 5131 sacramento
1022 5093 1156 5130 sane
1187 5078 1334 5148 quod
1357 5076 1587 5148 accepit,
1617 5093 1743 5131 cum
1783 5076 1832 5131 ei

229 5163 372 5218 bene
403 5166 862 5219 commendatum
882 5166 1071 5231 fuerit,
1086 5166 1374 5236 signacula
1394 5166 1621 5236 quidem
1642 5182 1831 5220 rerum

223 5252 544 5308 divinarum
596 5271 717 5308 esse
766 5255 1025 5322 visibilia,
1059 5256 1156 5309 sed
1188 5273 1276 5310 res
1324 5256 1473 5326 ipsas
1527 5255 1832 5309 invisibiles

223 5343 286 5396 in
321 5343 403 5396 eis
432 5343 699 5396 honorari
725 5361 734 5395 :
760 5360 863 5397 nec
892 5343 996 5398 sibi
1029 5344 1341 5398 habendam
1366 5361 1484 5397 esse
1523 5343 1621 5396 illa
1651 5344 1832 5413 specie

223 5429 677 5486 benedictionem
711 5433 1133 5498 sanctiﬁcatam,
1163 5433 1636 5504 quemadmodum
1667 5432 1832 5486 habe-

223 5521 323 5574 tul'
343 5521 402 5574 in
433 5537 537 5574 usu
567 5520 846 5590 quolibet:
873 5523 1170 5576 dicendum
1204 5523 1374 5576 etiam
1402 5522 1534 5592 quid
1555 5521 1833 5591 signiﬁcet

223 5615 286 5664 et
313 5625 502 5664 sermo
532 5609 626 5663 ille
647 5626 815 5680 quem
846 5611 1081 5680 audivit,
1101 5612 1234 5685 quid
1263 5612 1322 5668 in
1351 5612 1445 5666 illo
1476 5611 1722 5678 condiat,
1739 5627 1831 5666 cu-

1918 4989 2370 5058 ingrederentur.
2393 4987 2597 5043 Omnia
2631 4987 2782 5042 enim
2816 5004 2938 5059 quae
2965 5003 3114 5044 nunc
3139 4987 3294 5042 vides
3323 4987 3383 5041 in
3411 4987 3516 5041 Ec-

1915 5078 2086 5132 clesia
2115 5077 2214 5132 Dei
2247 5083 2305 5131 et
2333 5077 2435 5132 sub
2465 5076 2674 5132 Christi
2705 5077 2933 5132 nomine
2968 5093 3070 5148 per
3106 5081 3291 5131 totum
3321 5075 3516 5130 orbem

1914 5174 2195 5222 terrarum
2235 5167 2378 5238 geri,
2409 5172 2539 5220 ante
2581 5167 2784 5221 saecula
2822 5167 2942 5237 jam
2991 5165 3258 5237 praedicta
3283 5170 3435 5232 sunt,
3459 5169 3518 5219 et

1915 5258 2060 5312 sicut
2085 5257 2342 5328 legimus,
2357 5255 2438 5311 ita
2467 5261 2524 5310 et
2550 5255 2802 5310 videmus
2826 5274 2838 5321 ;
2867 5259 2927 5310 et
2951 5255 3083 5309 inde
3096 5253 3438 5309 aediﬁcamur
3456 5254 3516 5308 in

1916 5347 2107 5412 fidem,
2139 5347 2350 5400 factum
2405 5350 2490 5399 est
2533 5343 2834 5415 aliquando
2885 5343 3157 5399 diluvium
3202 5359 3302 5414 per
3337 5348 3515 5398 totam

1916 5441 2126 5490 terram
2157 5440 2220 5488 ut
2259 5439 2577 5505 peccatores
2603 5434 2945 5498 delerentur,
2980 5440 3036 5488 et
3080 5439 3270 5488 tamen
3307 5432 3388 5486 illi
3419 5431 3514 5503 qui

1914 5529 2212 5580 evaserunt
2235 5523 2292 5577 in
2311 5541 2439 5578 arca
2471 5529 2885 5578 sacramentum
2914 5523 3115 5577 futurae
3147 5521 3400 5577 Ecclesiae
3421 5520 3515 5576 de-

1915 5612 2322 5679 monstrabant,
2355 5628 2478 5683 quae
2502 5628 2650 5668 nunc
2689 5613 2751 5670 in
2788 5610 3051 5669 fluctibus
3092 5611 3277 5668 saeculi
3313 5614 3509 5678 natat;
