3982 6158
458 284 616 342 ’1215
1099 289 1161 343 Β.
1195 289 1468 344 RABANI
1497 289 1728 346 MAURI
1753 289 2081 346 ARCHIEP:

2162 291 2446 347 [OGUNT.
2481 288 2781 346 OPERUM
2809 287 2993 343 PARS
3022 287 3122 343 III.
3593 286 3726 343 1216

477 415 536 465 et
561 427 663 483 per
685 410 900 482 lignum
929 412 1109 467 crucis
1147 414 1356 469 Christi
1385 432 1419 470 a
1448 413 1832 468 submersione
1857 415 2065 470 libera-
2085 416 2242 476 Aeos
2272 416 2368 487 qui
2399 403 2557 470 extra
2591 413 2896 470 Ecclesiam
2930 417 3081 477 sunt,
3107 411 3223 466 sive
3254 410 3477 482 pagani,
3508 408 3620 466 sive
3642 411 3731 467 Ju-

477 516 623 554 mur.
663 501 998 556 Praedictum
1045 508 1131 557 est
1174 503 1412 560 Abrahae
1445 503 1594 558 fideli
1629 520 1788 558 servo
1819 505 1939 570 Dei,
1972 505 2071 560 uni
2152 505 2276 572 dmi,
2310 505 2423 559 sive
2454 503 2721 568 haeretici,
2757 519 2870 556 non
2898 508 2956 556 te
3010 500 3188 555 hostis
3235 501 3330 555 ille
3373 501 3617 567 seducet,
3648 501 3732 556 sed

475 588 708 654 homini,
735 591 881 660 quod
911 591 980 646 de
1006 591 1102 646 illo
1149 599 1297 646 esset
1343 593 1581 664 populus
1623 592 1938 648 nasciturus
1977 595 2073 665 qui
2154 593 2325 647 etiam
2353 610 2492 664 quos
2521 593 2639 664 ipse
2683 592 2741 646 in
2778 589 3021 646 Ecclesia
3059 589 3344 644 Catholica
3371 589 3576 644 videris
3605 590 3733 644 male

475 677 685 733 coleret
713 695 889 734 unum
919 681 1097 734 Deum
1128 681 1275 736 inter
1303 687 1530 736 caeteras
1549 687 1746 752 gentes
1773 699 1896 753 qua:
1925 683 2074 736 idola
2155 683 2421 749 viventes,
2450 688 2550 736 aut
2593 679 2979 736 immoderatis
3025 678 3406 750 voluptatibus
3435 678 3657 746 ventris,
3687 685 3735 732 et

477 766 763 822 colebant:
790 774 846 823 et
861 770 1050 824 omnia
1071 787 1193 842 quae
1213 771 1296 825 illi
1324 772 1530 842 populo
1560 777 1794 826 ventura
1811 772 2076 842 praedicta
2155 772 2418 844 gutturis,
2451 776 2549 826 aut
2567 769 2896 842 impudicos,
2921 775 3021 824 aut
3047 767 3201 823 vanis
3229 767 3643 822 curiositatibus
3661 769 3731 822 vel

476 863 628 923 sunt,
663 857 742 912 sic
760 865 1067 914 evenerunt
1105 865 1168 913 ut
1197 861 1458 932 praedicta
1505 866 1654 914 sunt.
1703 861 2076 932 Prophetatus
2159 859 2366 915 illicitis
2397 860 2634 927 deditos,
2669 859 2783 914 sive
2830 851 3291 930 spectaculorum,
3322 858 3437 912 sive
3476 857 3734 912 remedio-

478 951 564 1000 est
592 946 652 1000 in
676 947 774 1000 illo
801 949 1008 1018 populo
1041 949 1212 1003 etiam
1246 951 1501 1004 Christus
1529 967 1624 1004 rex
1652 951 1907 1006 omnium
1942 968 2073 1006 san-
2157 966 2284 1004 rum
2312 955 2412 1004 aut
2440 949 2849 1005 divinationum
2875 947 3294 1012 diabolicarum,
3328 947 3442 1002 sive
3470 946 3532 1002 in
3554 963 3734 1018 pompa

479 1040 700 1090 ctorum
731 1041 786 1089 et
815 1036 964 1092 Deus
993 1043 1258 1092 venturus
1291 1056 1356 1092 ex
1387 1039 1599 1092 semine
1617 1039 1793 1110 ipsius
1814 1039 2068 1107 Abrahae,
2157 1043 2214 1092 et
2236 1039 2409 1111 typho
2431 1039 2678 1094 avaritia
2707 1043 2876 1109 atque
2895 1036 3187 1109 superbiae,
3211 1036 3325 1090 sive
3342 1037 3400 1090 in
3421 1036 3616 1106 aliqua
3639 1035 3737 1090 vita

479 1125 787 1179 secundum
815 1142 1042 1180 carnem
1072 1145 1242 1198 quam
1281 1129 1602 1200 assumpsit,
1636 1134 1698 1183 ut
1739 1145 1932 1184 omnes
1971 1129 2072 1184 ﬁlii
2155 1144 2325 1198 quam
2353 1128 2440 1182 lex
2471 1127 2704 1183 damnat
2743 1134 2800 1182 et
2847 1126 3027 1198 punit,
3061 1143 3174 1180 non
3203 1141 3296 1180 eos
3339 1125 3584 1180 imiteris
3613 1144 3624 1178 :
3652 1125 3734 1179 sed

480 1219 668 1268 essent
693 1214 950 1281 Abrahae,
986 1216 1082 1286 qui
1111 1218 1280 1270 fidem
1309 1219 1430 1287 ejus
1474 1218 1865 1285 imitarentur;
1908 1223 1964 1272 et
1993 1218 2072 1274 sic
2153 1217 2339 1288 potius
2366 1217 2728 1288 conjungaris
2758 1215 2919 1270 bonis
2967 1233 3106 1287 quos
3134 1216 3541 1270 inventuruses
3576 1213 3734 1278 facile,

480 1307 567 1356 est
609 1302 817 1358 factum
851 1323 861 1357 :
892 1309 1058 1359 natus
1098 1312 1184 1360 est
1223 1307 1480 1360 Christus
1525 1307 1594 1360 de
1643 1307 1821 1362 Maria
1856 1307 2072 1378 virgine
2153 1305 2200 1360 si
2227 1312 2285 1360 et
2298 1313 2362 1360 tu
2390 1307 2521 1361 talis
2552 1306 2747 1372 fueris,
2783 1310 2846 1360 ut
2866 1305 3035 1360 simul
3062 1304 3258 1359 colatis
3288 1309 3346 1359 et
3369 1303 3618 1374 diligatis
3642 1303 3736 1358 Do-

482 1407 604 1462 quze
634 1409 700 1446 ex
724 1393 821 1447 illo
848 1411 1054 1466 genere
1084 1395 1216 1460 fuit;
1249 1395 1577 1466 praedictum
1605 1401 1690 1450 est
1709 1414 1810 1466 per
1830 1398 2072 1468 pr0phe-
2154 1394 2372 1450 minum
2398 1395 2575 1466 gratis
2601 1414 2613 1448 :
2647 1395 2781 1466 quia
2805 1401 2990 1449 totum
3038 1394 3332 1466 praemium
3362 1398 3623 1449 nostrum
3639 1391 3739 1464 ipse

479 1485 568 1534 tas
595 1482 744 1552 quod
771 1483 831 1537 in
859 1500 1021 1538 cruce
1051 1501 1320 1555 passurus
1358 1491 1506 1538 esset
1544 1485 1614 1539 ab
1643 1485 1840 1540 eodem
1869 1487 2073 1558 populo
2155 1485 2282 1550 erit,
2311 1489 2376 1540 ut
2403 1485 2462 1539 in
2482 1484 2579 1539 illa
2607 1489 2818 1539 aeterna
2857 1483 2972 1538 vita
3000 1483 3249 1538 bonitate
3277 1483 3400 1553 ejus
3435 1487 3496 1536 et
3521 1481 3741 1554 pulchri-

481 1570 823 1638 Judeeorum,
853 1572 922 1626 de
949 1575 1109 1644 cujus
1151 1591 1356 1643 genere
1379 1575 1684 1629 secundum
1733 1591 1960 1629 carnem
1988 1593 2076 1630 ve-
2155 1574 2350 1628 tudine
2385 1574 2761 1645 perfruamur.
2797 1573 2906 1628 Sed
2938 1573 3213 1626 amandus
3237 1577 3340 1639 est,
3359 1587 3476 1626 non
3503 1570 3740 1626 sicutali-

484 1657 692 1726 niebat,
731 1665 786 1714 et
821 1661 901 1714 sic
933 1669 1017 1716 est
1051 1662 1290 1730 factum;
1323 1664 1684 1735 praedicatum
1714 1669 1798 1718 est
1818 1665 1964 1736 quod
1993 1682 2078 1720 re-
2158 1662 2292 1733 quid
2315 1663 2464 1733 quod
2486 1661 2706 1717 videtur
2721 1661 2914 1727 oculis,
2929 1661 3028 1716 sed
3047 1662 3192 1715 sicut
3216 1665 3444 1714 amatur
3460 1659 3736 1732 sapientia,

452 1779 456 1781 »
482 1755 837 1804 surrecturus
856 1757 1024 1806 esset:
1053 1753 1376 1820 resurrexit,
1392 1759 1450 1807 ct
1476 1753 1783 1808 secundum
1802 1753 1924 1826 ipsa
1943 1771 2079 1824 prse-
2099 1737 2144 1795 Β
2159 1756 2217 1808 et
2241 1752 2464 1818 veritas,
2496 1756 2555 1806 et
2581 1751 2868 1818 sanctitas,
2901 1756 2959 1805 et
2978 1749 3220 1822 justitia,
3245 1754 3302 1804 et
3335 1747 3605 1814 charitas,
3629 1752 3679 1802 et
3699 1746 3740 1800 si

482 1836 630 1891 dicta
659 1839 1059 1910 prophetarum
1089 1841 1339 1895 ascendit
1361 1841 1420 1896 in
1445 1843 1666 1908 coelum,
1710 1849 1767 1896 et
1791 1843 2078 1914 discipulis
2160 1840 2294 1912 quid
2343 1840 2495 1894 aliud
2544 1841 2656 1894 tale
2715 1839 2938 1905 dicitur,
2970 1855 3085 1892 non
3113 1837 3593 1909 quemadmodum
3627 1839 3740 1891 sunt

481 1925 598 1980 suis
645 1927 916 1998 Spiritum
964 1935 1219 1985 sanctum
1257 1930 1426 1984 misit.
1473 1931 1804 1986 Praedicnum
1843 1938 1928 1986 est
1966 1949 2078 1986 non

482 2014 664 2068 solum
693 2033 726 2069 a
752 2018 1058 2089 prophetis,
1088 2020 1185 2074 sed
1209 2019 1380 2073 etiam
1422 2019 1491 2073 ab
1523 2021 1643 2091 ipso
1674 2021 1913 2075 Domino
1943 2023 2077 2075 Jesu

484 2103 724 2171 Christo,
761 2108 908 2176 quod
947 2108 1192 2162 Ecclesia
1221 2109 1343 2179 ejus
1369 2123 1487 2180 'per
1521 2109 1843 2164 universum
1884 2109 2077 2164 orbem

483 2197 764 2249 terrarum
795 2202 943 2250 esset
971 2197 1181 2264 futura,
1201 2215 1301 2269 per
1326 2204 1648 2253 sanctorum
1674 2199 2080 2270 martyriapas-

485 2282 782 2355 sionesque
815 2285 1220 2342 disseminata:
1253 2294 1309 2342 et
1334 2293 1470 2342 tunc
1496 2288 1825 2359 przedictum
1857 2288 2080 2360 quando

483 2372 668 2427 adhuc
697 2390 902 2430 nomen
932 2377 1055 2446 ejus
1083 2381 1141 2430 et
1187 2375 1398 2431 latebat
1423 2383 1640 2447 gentes,
1675 2383 1732 2431 et
1759 2375 1856 2430 ubi
1883 2383 2082 2431 notum

485 2466 606 2516 erat
635 2462 1008 2520 irridebatur:
1053 2470 1110 2519 et
1135 2470 1326 2520 tamen
1369 2466 1428 2520 in
1461 2465 1762 2520 virtutibus
1791 2467 2083 2520 miraculo-

485 2567 612 2606 rum
635 2553 774 2622 ejus,
801 2553 914 2608 sive
937 2571 1040 2625 per
1069 2572 1128 2608 se
1158 2555 1294 2626 ipse,
1328 2555 1441 2610 sive
1471 2571 1594 2626 quae
1621 2573 1721 2626 per
1738 2572 1927 2610 servos
1951 2572 2082 2610 suos

483 2639 632 2698 fecit.
667 2641 802 2696 dum
831 2644 1244 2698 annuntiantur
1273 2645 1390 2699 haec
1418 2649 1476 2698 et
1505 2645 1829 2709 creduntur,
1859 2646 1981 2715 jam
2007 2645 2084 2700 vi-

485 2729 683 2782 demus
711 2731 859 2802 quod
889 2733 1216 2802 praedictum
1245 2739 1330 2786 est
1355 2749 1476 2788 esse
1499 2735 1858 2806 completum,
1894 2751 2085 2806 reges-

485 2833 592 2887 que
624 2817 773 2888 ipsos
793 2825 956 2874 terra;
988 2821 1083 2890 qui
1099 2827 1267 2876 antea
1295 2822 1778 2894 persequebantur
1807 2823 2082 2878 Christia-

486 2923 588 2961 nos
603 2908 723 2976 jam
747 2909 956 2963 Christi
985 2911 1198 2964 nomini
1224 2911 1588 2982 subjugatos;
1631 2913 1960 2984 praedictum
1998 2918 2085 2966 est

2158 1930 2268 1984 ista
2289 1929 2347 1984 in
2378 1929 2716 1996 hominibus,
2748 1929 2846 1983 sed
2877 1927 3351 2000 quemadmodum
3386 1932 3524 1982 sunt
3553 1927 3610 1982 in
3638 1927 3742 1998 ipso

2159 2017 2311 2072 fonte
2341 2016 2778 2088 incorruptibilis
2825 2022 2882 2070 et
2922 2013 3398 2070 incommutabilis
3439 2014 3738 2086 sapientiae.

2161 2107 2530 2180 Quoscunque
2561 2123 2694 2178 ergo
2729 2106 2935 2162 videris
2982 2106 3098 2161 haec
3139 2121 3330 2160 amare
3383 2103 3498 2158 illis
3534 2105 3746 2174 conjuno

2158 2213 2312 2268 gere,
2345 2203 2410 2252 ut
2438 2214 2538 2269 per
2567 2196 2872 2258 Christum,
2893 2197 2989 2268 qui
3022 2196 3191 2250 homo
3221 2194 3399 2250 factus
3426 2199 3516 2249 est
3533 2198 3599 2249 ut
3617 2199 3748 2248 esset

2162 2287 2440 2342 mediator
2457 2287 2558 2342 Dei
2589 2291 2646 2341 et
2674 2285 2988 2352 hominum,
3012 2283 3384 2340 reconcilieris
3423 2283 3562 2338 Deo.
3579 2282 3748 2336 Homi-

2163 2393 2262 2430 nes
2311 2392 2600 2447 perversos
2655 2375 2826 2432 etiam
2858 2374 3100 2447 parietes
3153 2373 3202 2428 si
3246 2373 3461 2428 intrent
3497 2372 3745 2436 ecclesiae,

2163 2481 2276 2520 non
2305 2481 2400 2520 eos
2428 2464 2718 2520 arbitreris
2759 2465 3068 2519 intraturos
3117 2461 3177 2516 in
3205 2479 3445 2534 regnum
3473 2462 3744 2524 caelorum,

2165 2555 2299 2626 quia
2315 2570 2418 2608 suo
2446 2559 2702 2625 tempore
2731 2552 3160 2626 separabantur,
3178 2552 3230 2607 si
3255 2567 3316 2607 se
3342 2551 3404 2606 in
3427 2551 3631 2606 melius
3649 2566 3748 2605 non

2165 2643 2632 2699 commutaverint
2655 2643 2928 2698 homines.
2963 2643 3108 2713 Ergo
3127 2640 3303 2696 bonos
3321 2640 3569 2706 imitare,
3587 2639 3748 2694 malos

2165 2732 2346 2787 tolera
2377 2751 2388 2786 :
2415 2749 2608 2788 omnes
2649 2750 2795 2800 ama,
2827 2731 3095 2804 quoniam
3133 2730 3313 2786 nescis
3340 2729 3478 2802 quid
3523 2745 3644 2785 cras
3677 2727 3746 2782 fu-

2165 2826 2328 2876 turus
2357 2821 2432 2875 sit
2477 2822 2574 2892 qui
2630 2821 2796 2876 hodie
2841 2821 3023 2876 malus
3051 2825 3180 2875 est:
3227 2836 3332 2874 nec
3377 2835 3574 2874 eorum
3610 2833 3746 2872 ames

2165 2909 2524 2981 injustitiam,
2557 2911 2656 2966 sed
2707 2911 2858 2984 ipsos
2895 2911 3022 2965 ideo
3071 2926 3203 2964 ama
3229 2915 3294 2964 ut
3337 2907 3746 2980 apprehendant

485 2995 658 3049 etiam
687 2997 834 3068 quod
865 2998 1169 3054 schismata
1211 3005 1268 3054 et
1312 3001 1550 3056 haereses
1579 3018 1646 3056 ex
1689 3003 1812 3071 ejus
1840 3001 2084 3056 Ecclesia
2103 3055 2142 3072 Λ
2159 2999 2442 3070 justitiam
2475 3017 2486 3052 :
2529 3000 2662 3072 quia
2703 3017 2814 3054 non
2842 2999 3023 3054 solum
3053 2998 3276 3054 dilectio
3303 2997 3408 3052 Dei
3433 2996 3596 3052 nobis
3624 3013 3744 3068 pm-

486 3088 675 3138 essent
702 3085 952 3154 exiturae,
985 3093 1041 3141 et
1060 3088 1162 3142 sub
1193 3090 1314 3158 ejus
1341 3089 1566 3144 nomine
1590 3107 1690 3160 per
1708 3091 1830 3145 loca
1847 3091 1944 3145 ubi
1959 3108 2082 3162 pos—
2100 3085 2143 3116 υ
2163 3095 2326 3161 cepta
2353 3094 2458 3156 est,
2489 3089 2586 3144 sed
2608 3089 2778 3144 etiam
2800 3088 3025 3144 dilectio
3047 3087 3306 3160 proximi,
3327 3086 3387 3142 in
3409 3085 3613 3158 quibus
3625 3085 3744 3140 duo-

485 3178 626 3239 sent,
662 3191 842 3242 suam,
875 3193 988 3231 non
1019 3177 1245 3244 Christi,
1275 3179 1513 3248 gloriam
1545 3179 1866 3250 quaesitura,
1890 3185 1945 3234 et
1973 3180 2081 3234 ista
2162 3176 2268 3232 bus
2296 3178 2590 3250 praeceptis
2615 3183 2738 3234 tota
2777 3179 2864 3232 lex
2908 3177 3117 3249 pendet
3144 3181 3203 3230 et
3237 3177 3525 3249 prophetae
3557 3190 3743 3246 :quam

484 3263 760 3334 completa
787 3269 936 3319 sunt.
970 3267 1236 3338 Nunquid
1267 3284 1400 3338 ergo
1430 3267 1528 3322 illa
1563 3285 1686 3338 quae
1715 3273 1931 3323 restant
1967 3285 2078 3324 non
2163 3283 2275 3321 non
2305 3267 2504 3339 implet
2528 3268 2638 3322 nisi
2660 3268 2756 3340 qui
2786 3268 2996 3322 donum
3019 3265 3300 3337 acceperit
3338 3265 3608 3336 Spiritum
3635 3280 3743 3318 san-

484 3357 618 3406 sunt
645 3358 880 3408 ventura
907 3355 1307 3410 ?Manifestum
1335 3363 1422 3410 est
1451 3357 1584 3426 quia
1623 3358 1770 3412 sicut
1799 3357 1910 3411 ista
1936 3375 2078 3430 prze-
2163 3361 2332 3424 ctum,
2356 3357 2511 3414 Patri
2541 3363 2599 3412 et
2624 3357 2766 3412 Filio
2787 3356 2982 3428 utique
3007 3355 3279 3427 aequalem
3313 3373 3324 3407 :
3359 3353 3494 3426 quia
3513 3353 3630 3426 ipsa
3640 3352 3742 3407 Tri-

483 3439 636 3496 dicta
654 3449 947 3510 venerunt,
967 3444 1045 3498 sic
1075 3445 1245 3500 etiam
1265 3445 1364 3500 illa
1380 3451 1616 3501 ventura
1637 3451 1796 3501 sunt:
1825 3464 2082 3518 quaecun-
2165 3445 2311 3500 nitas
2333 3446 2482 3500 Deus
2510 3452 2614 3512 est,
2648 3446 2708 3500 in
2737 3462 2848 3516 quo
2878 3446 2994 3499 Deo
3023 3461 3150 3516 spes
3169 3443 3354 3499 omnis
3377 3443 3634 3515 ponenda
3648 3447 3736 3496 est.

485 3545 593 3602 que
609 3532 890 3601 justorum
921 3533 1312 3589 tribulationes
1339 3535 1520 3589 adhuc
1560 3540 1792 3600 restant,
1827 3541 1882 3590 et
1926 3537 2082 3606 judi-
2165 3536 2229 3588 In
2261 3535 2487 3590 homine
2515 3551 2630 3589 non
2668 3540 2755 3589 est
2784 3533 3044 3607 ponenda
3084 3533 3491 3606 qualiscunque
3527 3532 3617 3586 ille
3639 3531 3741 3584 fue-

484 3619 554 3673 cii
584 3620 704 3676 dies
732 3621 828 3692 qui
849 3623 1132 3694 separabit
1161 3640 1355 3678 omnes
1386 3623 1586 3696 impios
1629 3643 1662 3680 a
1695 3625 1864 3696 justis
1909 3625 1966 3680 in
1997 3642 2080 3679 re-
2161 3624 2278 3678 rit:
2313 3624 2466 3678 aliud
2495 3629 2582 3678 est
2609 3624 2761 3678 enim
2806 3624 2901 3678 ille
2945 3641 2980 3678 a
3030 3639 3140 3694 quo
3178 3622 3574 3694 justiﬁcamur,
3603 3618 3738 3674 aliud

485 3711 831 3765 surrectione
851 3718 1230 3780 mortuorum;
1265 3719 1323 3768 et
1343 3730 1455 3768 non
1477 3715 1660 3768 solum
1688 3730 1782 3768 eos
1814 3714 1908 3785 qui
1949 3719 2082 3769 sunt
2161 3711 2243 3766 illi
2271 3729 2399 3767 cum
2430 3712 2632 3784 quibus
2647 3713 3044 3783 justificamur.
3075 3711 3200 3766 Non
3227 3715 3420 3765 autem
3451 3709 3623 3764 solum
3645 3724 3736 3779 per

483 3803 640 3852 extra
667 3800 986 3868 Ecclesiam,
1019 3803 1117 3856 sed
1149 3803 1321 3857 etiam
1351 3803 1528 3874 ipsius
1571 3803 1824 3858 Ecclesiae
1843 3863 1849 3870 _
1868 3804 2074 3874 paleas,
2164 3801 2498 3879 cupiditates
2520 3801 2776 3856 diabolus
2802 3805 3002 3867 tentat,
3047 3801 3147 3855 sed
3175 3799 3349 3854 etiam
3377 3816 3478 3871 per
3511 3804 3731 3854 terrores

484 3904 622 3959 quas
649 3894 868 3960 oportet
909 3907 1088 3962 usque
1141 3892 1212 3946 ad
1253 3892 1612 3946 novissimam
1658 3893 2080 3948 ventilationem
2161 3889 2610 3958 insultationum,
2646 3895 2704 3945 et
2726 3891 3002 3956 dolorum,
3033 3895 3090 3944 et
3117 3889 3293 3962 ipsius
3339 3887 3552 3943 mortis.
3583 3886 3730 3952 Quid-

483 3977 890 4047 patientissime
919 3979 1166 4047 sufferat,
1196 3981 1266 4034 ad
1296 3981 1484 4050 ignem
1525 3981 1778 4036 debitum
1823 3999 2080 4054 segrega-
2161 3980 2296 4051 quid
2323 3984 2512 4034 autem
2539 3981 2708 4035 homo
2732 3997 2930 4052 passus
2973 3979 3143 4034 fuerit
3181 3981 3284 4050 pro
3327 3978 3552 4034 nomine
3593 3975 3729 4032 Chric

483 4063 584 4118 bit.
617 4065 724 4129 Qui
771 4071 962 4120 autem
989 4067 1237 4136 irrident
1276 4069 1765 4136 resurrectionem,
1815 4077 2078 4141 putantes
2159 4069 2252 4135 sti,
2281 4075 2337 4124 et
2365 4086 2466 4140 pro
2511 4087 2609 4141 spe
2633 4069 2759 4124 vitae
2813 4073 3034 4123 aeternae
3081 4073 3139 4122 et
3189 4083 3524 4138 permanens
3551 4066 3726 4120 tolera-

484 4154 634 4224 quod
661 4169 790 4208 caro
813 4155 923 4208 ista
972 4155 1104 4226 quia
1131 4157 1401 4227 putrescit
1428 4175 1720 4229 resurgere
1741 4176 1850 4213 non
1869 4165 2072 4230 potest,
2158 4157 2317 4223 verit,
2350 4159 2532 4228 major
2559 4157 2610 4212 ei
2630 4173 2844 4212 merces
2873 4156 3116 4212 dabitur.
3132 4155 3294 4221 Quod
3322 4155 3370 4210 si
3395 4153 3726 4210 cesseritdia-

484 4242 556 4297 ad
576 4243 916 4314 pmnasinea
936 4246 1304 4300 resurrecturi
1325 4252 1474 4313 sunt,
1492 4253 1548 4301 et
1560 4248 1908 4302 ostendeteis
1928 4249 2078 4302 Deus
2158 4245 2306 4302 bolo:
2335 4262 2463 4300 cum
2491 4245 2586 4300 illo
2611 4244 2988 4300 damnabitur.
3017 4245 3126 4301 Sed
3155 4261 3328 4317 opera
3359 4241 3725 4299 misericordia

483 4330 616 4402 quia
643 4332 738 4402 qui
768 4333 953 4404 potuit
997 4333 1113 4388 haec
1154 4350 1387 4406 corpora
1427 4335 1608 4390 facere
1655 4341 1957 4408 antequam
1997 4354 2141 4433 es-D
2159 4350 2287 4388 cum
2316 4334 2410 4405 pia
2437 4334 2754 4390 humilitate
2808 4335 3115 4406 impetrant
3169 4351 3204 4389 a
3247 4335 3508 4400 Domino,
3537 4339 3596 4388 ut
3627 4346 3722 4386 non

443 4475 450 4482 ,
487 4427 629 4486 sent,
654 4426 840 4492 potest
867 4439 933 4476 ea
960 4422 1018 4477 in
1048 4429 1335 4478 momento
1365 4426 1663 4480 restituere
1692 4425 1836 4480 sicut
1875 4432 2070 4480 erant:
2094 4422 2138 4433 ”
2159 4423 2451 4495 permittat
2477 4440 2666 4479 servos
2694 4441 2825 4479 suos
2851 4423 3059 4480 tentari
3086 4424 3386 4495 plusquam
3415 4426 3638 4496 possunt
3650 4435 3726 4474 su-

483 4526 678 4564 omnes
707 4517 898 4566 autem
943 4511 1137 4566 ﬁdeles
1166 4515 1454 4584 regnaturi
1483 4531 1612 4570 cum
1634 4515 1856 4569 Christo
1889 4515 1969 4568 ita
1988 4532 2079 4568 re-
2159 4512 2386 4567 stinere.

484 4605 719 4668 surgent
733 4599 793 4652 in
817 4600 1013 4655 eodem
1040 4618 1292 4674 corpore,
1322 4609 1386 4657 ut
1413 4603 1584 4658 etiam
1613 4604 1944 4658 commutari
1967 4621 2079 4658 me-
2230 4602 2378 4655 Nam
2409 4599 2675 4672 quoniam
2702 4601 2772 4656 de
2793 4601 2896 4656 hoc
2917 4600 3012 4672 qui
3026 4601 3098 4656 ad
3119 4601 3289 4656 ﬁdem
3310 4601 3519 4658 Christi
3534 4617 3590 4655 se
3606 4597 3724 4653 velle

484 4691 718 4742 reantur
747 4689 817 4742 ad
847 4689 1324 4762 incorruptionem
1362 4693 1694 4763 angelicam,
1731 4697 1794 4747 ut
1844 4694 1985 4748 fiant
2011 4710 2080 4749 ae-
2160 4690 2349 4744 venire
2402 4693 2642 4744 testatus
2683 4695 2788 4756 est,
2849 4690 3130 4760 quomodo
3194 4689 3532 4747 imbuendus
3573 4689 3638 4743 sit
3674 4686 3722 4739 in

486 4777 680 4848 quales
707 4779 922 4847 angelis
941 4779 1062 4845 Dei,
1093 4779 1235 4835 sicut
1257 4781 1530 4836 Dominus
1551 4782 1670 4853 ipse
1695 4782 1987 4853 promisit:
2023 4789 2080 4836 et
2159 4778 2493 4850 praecedenti
2523 4795 2798 4846 sermone,
2830 4777 2930 4846 ita,
2961 4783 3026 4832 ut
3052 4794 3198 4845 reor,
3227 4779 3368 4834 satis
3407 4779 3608 4834 dictum
3633 4778 3719 4828 est

483 4867 718 4924 laudent
747 4883 876 4922 eum
905 4867 1027 4922 sine
1057 4869 1245 4941 aliquo
1280 4870 1516 4938 defectu,
1551 4876 1608 4925 et
1635 4871 1756 4926 sine
1785 4871 1973 4942 aliquo
2001 4872 2080 4926 fa-
2161 4868 2323 4922 Nunc
2351 4866 2629 4938 quomodo
2659 4867 2778 4938 ipse
2823 4867 2894 4922 ad
2937 4867 3260 4922 catechismi
3301 4866 3548 4924 ordinem
3577 4866 3724 4920 intro-

484 4957 651 5012 stidio
681 4973 903 5029 semper
925 4956 1168 5013 viventes
1198 4975 1326 5013 cum
1353 4959 1448 5014 illo
1478 4965 1535 5014 et
1563 4961 1632 5014 de
1673 4960 1788 5026 illo,
1820 4977 1948 5016 cum
1977 4961 2079 5015 tali
2160 4957 2398 5012 ducatur
2421 4961 2486 5012 ut
2508 4957 2944 5013 catechumenus
2972 4959 3090 5021 ﬁat,
3122 4963 3180 5012 et
3207 4957 3288 5012 sic
3319 4958 3392 5013 ad
3415 4955 3722 5030 baptismum

483 5047 690 5117 gaudio
711 5051 768 5102 et
792 5045 1138 5101 beatitudine
1159 5049 1310 5118 quali
1339 5065 1440 5103 nec
1455 5049 1584 5114 dici,
1617 5065 1721 5104 nec
1749 5049 1986 5120 cogitari
2007 5048 2076 5104 ab
2161 5047 2371 5102 Christi
2387 5052 2445 5101 et
2471 5051 2823 5102 sacramenta
2849 5047 3036 5102 divina
3060 5047 3420 5120 perpicienda
3447 5047 3718 5120 perveniat,

486 5135 710 5192 homine
741 5141 942 5208 potest.
2163 5135 2418 5208 sequenti
2447 5152 2722 5203 sermone,
2758 5142 2926 5208 prout
2950 5134 3224 5192 Dominus
3247 5137 3484 5203 dederit,
3521 5137 3721 5190 demon-

555 5227 639 5281 Tu
667 5227 858 5296 itaque
894 5225 1126 5281 credens
1163 5244 1293 5282 cave
1321 5227 1680 5296 tentationes,
1723 5229 1855 5300 quia
1893 5228 2082 5282 diabo-
2163 5225 2486 5288 strabimus.

487 5313 572 5368 lus
601 5314 801 5384 qumrit
821 5315 916 5386 qui
964 5332 1154 5371 secum
1201 5322 1476 5390 pereant:
1509 5321 1575 5373 ut
1601 5334 1713 5374 non
1763 5318 1943 5373 solum
1982 5333 2082 5388 per

1395 5515 2850 5561 ...μην-Μή*-
