3982 6158
274 286 400 342 1217

1115 282 1208 337 DE
1246 282 1799 338 ECCLESIASTICA
1836 279 2264 336 DISCIPLINA.
2311 309 2374 319 —-
2416 278 2550 333 LIB.
2597 277 2664 332 II.

3388 273 3525 330 1218

1469 514 1761 588 LIBER
1811 511 2317 587 SECUNDUS

942 681 1052 744 DE
1096 679 1640 744 CATECHISMO
1682 680 1789 744 ET
1831 677 2432 744 SACRAMENTIS
2475 673 2833 739 DIVINIS.

329 941 420 1008 (De
440 941 578 994 Inst.
613 940 776 1005 Clem,
802 941 840 993 ι.
871 956 910 1003 1,
945 957 990 994 c.
1024 935 1138 1009 26.)
1171 939 1622 994 Catechumenus
1660 944 1848 992 autem
1867 936 2109 998 AJudaei
2142 935 2494 1003 erubescunt,
2510 937 2629 1006 ejus
2644 935 2869 990 nomine
2884 953 2985 990 nos
3005 935 3284 990 credimus
3297 937 3524 1006 muniri,

258 1029 460 1084 dicitur
480 1045 581 1101 pro
611 1044 677 1082 eo
707 1028 857 1100 quod
905 1028 1088 1082 adhuc
1135 1028 1446 1082 doctrinam
1497 1027 1626 1082 ﬁdei
1674 1027 1848 1094 audit,

257 1118 491 1174 necdum
517 1124 728 1184 tamen,
749 1122 855 1172 etc.
887 1118 1054 1186 Usque
1081 1119 1156 1172 ad
1183 1119 1349 1186 ﬁnem
1381 1120 1596 1186 capitis.

323 1207 467 1272 Quia
491 1223 605 1261 non
629 1206 853 1262 obsistit
870 1205 1273 1278 omnipotentis
1294 1207 1394 1262 Dei
1414 1207 1613 1277 gratiae
1636 1203 1851 1260 naturae

253 1297 552 1352 inﬁrmitas
563 1297 846 1352 humanae.

321 1385 586 1454 Quamvis
640 1387 792 1440 enim
845 1385 1063 1458 parvuli
1110 1401 1210 1457 pro
1257 1389 1421 1439 aetate
1476 1399 1588 1438 non
1620 1389 1853 1455 possunt

252 1474 563 1546 intelligere
601 1475 780 1548 ipsam
824 1474 1305 1530 conversationem
1353 1473 1423 1528 ad
1451 1474 1631 1528 Deum
1677 1477 1846 1543 atque

254 1564 660 1630 credulitatem,
717 1564 999 1619 credimus
1045 1569 1238 1618 tamen
1269 1579 1364 1616 eos
1412 1563 1482 1616 ad
1512 1562 1690 1616 Deum
1721 1577 1849 1614 con-

253 1654 388 1708 verti
417 1657 648 1726 propter
684 1652 1062 1708 conversionis
1107 1657 1541 1716 sacramentum,
1596 1655 1652 1704 et
1680 1650 1848 1704 ﬁdem

252 1742 458 1797 habere
483 1749 713 1816 propter
742 1743 871 1798 ﬁdei
901 1747 1340 1808 sacramentum,
1367 1740 1512 1794 sicut
1530 1739 1768 1809 legimus
1789 1739 1846 1792 in

250 1831 551 1902 Augustini
597 1832 848 1904 Epistola
880 1832 951 1886 ad
995 1830 1348 1886 Bonifacium
1399 1829 1720 1901 episc0pum
1777 1828 1847 1882 de

249 1921 496 1993 parvulis
527 1921 928 1992 requirentem,
963 1919 1056 1974 ubi
1086 1919 1222 1974 dicit
1259 1919 1400 1990 (ipsa
1445 1922 1734 1989 responsio
1777 1917 1847 1971 ad

249 2009 682 2066 celebrationem
702 2009 1041 2065 sacramenti
1061 2009 1343 2080 pertinet),
1367 2007 1516 2062 sicut
1530 2007 1599 2061 de
1617 2007 1736 2078 ipso
1749 2006 1849 2060 ba-

248 2100 458 2172 ptismo
488 2100 788 2172 Apostolus
813 2119 826 2154 :
855 2120 876 2150 ι
912 2097 1258 2170 Consepulti,
1292 2097 1495 2169 inquit,
1516 2113 1708 2150 sumus
1720 2112 1848 2151 cum

1934 1031 2103 1097 atque
2137 1025 2260 1079 ideo
2309 1025 2366 1079 in
2396 1026 2577 1080 fronte
2611 1025 2833 1094 signum
2865 1025 3099 1078 facimus
3129 1025 3223 1079 ubi
3252 1026 3412 1080 sedes
3441 1043 3529 1080 ve-

1933 1115 2212 1169 recundiae
2234 1121 2338 1179 est,
2373 1115 2535 1168 sicuti
2561 1116 2678 1185 jam
2711 1115 2969 1181 diximus,
3006 1120 3062 1168 et
3089 1131 3200 1169 non
3231 1115 3340 1173 alio
3367 1117 3528 1186 signo

1934 1205 2224 1274 signamus
2261 1204 2369 1257 nisi
2401 1203 2559 1273 signo
2585 1204 2782 1269 crucis,
2824 1204 2957 1274 quia
2980 1204 3250 1258 Dominus
3279 1205 3338 1259 in
3359 1222 3527 1260 carne

1934 1297 2100 1346 natus
2131 1292 2390 1346 vexillum
2421 1293 2598 1346 crucis
2630 1309 2740 1362 quo
2771 1309 3001 1346 suorum
3039 1293 3250 1347 frontes
3278 1293 3528 1363 signaret

1934 1381 2141 1446 attulit,
2176 1387 2239 1435 ut
2264 1381 2579 1435 destrueret
2609 1381 2804 1434 mortis
2851 1381 3169 1452 imperium,
3204 1389 3260 1436 et
3287 1399 3388 1453 per
3415 1383 3526 1438 tale

1934 1469 2157 1541 signum
2177 1475 2539 1539 recognoscat
2565 1470 2848 1524 contraria
2875 1475 3121 1541 potestas
3149 1471 3526 1544 principatum

1930 1576 1989 1613 se
2020 1560 2252 1630 perdere
2303 1559 2355 1612 in
2411 1560 2533 1614 istis
2562 1577 2701 1630 quos
2740 1560 2888 1614 Deus
2919 1559 3132 1614 vocavit
3173 1560 3242 1614 ad
3283 1563 3526 1632 gratiam

1929 1647 2214 1720 baptismi.

2002 1738 2146 1792 Illud
2197 1738 2366 1791 etiam
2417 1737 2640 1807 signum
2669 1739 2882 1794 faciunt
2924 1740 2982 1793 in
3024 1739 3302 1794 frontibus
3331 1757 3527 1796 eorum

1929 1827 2260 1899 presbyteri,
2303 1827 2539 1892 accoliti,
2573 1828 2801 1899 patrini,
2833 1829 2916 1882 vel
2947 1829 3222 1883 matrinze.
3257 1830 3529 1885 Intiman-

1929 1917 2064 1970 dum
2087 1922 2170 1970 est
2191 1933 2321 1985 ergo
2342 1921 2511 1986 atque
2527 1917 2933 1972 instantissime
2957 1918 3376 1989 praedicandum
3391 1919 3529 1991 ipsis

1929 2005 2168 2077 patrinis
2211 2005 2295 2059 vel
2340 2005 2598 2060 matrinis
2649 2007 2796 2077 quod
2849 2008 3206 2078 ﬁdejussores
3248 2015 3381 2063 sunt
3407 2009 3530 2064 illo-

1930 2111 2057 2148 rum
2085 2111 2224 2165 quos
2279 2095 2591 2165 suscipiunt
2617 2095 2684 2149 de
2719 2094 3072 2167 baptismate,
3107 2103 3163 2151 et
3195 2114 3294 2168 pro
3325 2098 3527 2169 quibus

255 2189 483 2244 Christo
526 2205 629 2262 per
673 2187 1017 2260 baptismum
1068 2187 1127 2242 in
1177 2191 1358 2241 morte
1403 2187 1574 2254 (Rom.
1615 2202 1688 2251 vi,
1721 2185 1792 2254 4).
1819 2202 1900 2262 »_
1932 2184 2164 2255 professi
2193 2189 2342 2249 sunt,
2367 2183 2498 2254 quia
2529 2185 2598 2237 de
2614 2185 2748 2256 ipsis
2768 2185 3042 2240 reddituri
3063 2191 3198 2240 sunt
3223 2187 3339 2240 Deo
3359 2187 3528 2242 ratio-

246 2278 369 2333 Non
398 2278 488 2333 ait
515 2259 864 2351 sepulturam
893 2275 1460 2349 signiﬁcabimus,sed
1495 2290 1722 2346 prorsus
1741 2274 1839 2340 ait,
1864 2259 1911 2319 Β
1928 2288 2078 2338 nem,
2109 2277 2299 2327 utrum
2333 2273 2500 2328 ﬁdem
2531 2273 2736 2328 Christi
2765 2274 2844 2327 eis
2885 2280 2942 2328 et
2975 2291 3165 2329 veram
3194 2275 3525 2346 religionem

250 2384 276 2422 ι
305 2368 625 2440 consepulti
653 2384 868 2434 sumus,
896 2386 920 2420 ι
953 2371 1369 2422 sacramentum
1400 2380 1534 2435 ergo
1561 2369 1734 2418 tanta;
1763 2362 1845 2416 rei

246 2473 357 2512 non
387 2457 505 2512 nisi
533 2457 784 2529 ejusdem
827 2457 909 2510 rei
938 2455 1205 2510 vocabulo
1251 2452 1614 2525 nuncupavit.
1649 2453 1845 2523 Itaque

247 2547 566 2620 parvulum,
619 2547 725 2601 etsi
768 2545 1020 2601 nondum
1061 2544 1198 2599 ﬁdes
1237 2543 1337 2598 illa
1382 2559 1505 2614 quae
1531 2542 1590 2596 in
1619 2541 1846 2596 creden-

248 2636 390 2692 tium
421 2637 714 2691 voluntate
759 2634 1034 2700 consistit,
1069 2635 1190 2705 jam
1245 2638 1438 2687 tamen
1486 2630 1662 2702 ipsius
1717 2629 1849 2684 ﬁdei

249 2731 668 2781 sacramentum
717 2725 940 2779 ﬁdelem
1002 2722 1152 2778 facit.
1231 2722 1376 2777 Nam
1431 2720 1576 2775 sicut
1623 2719 1850 2774 credere

247 2815 685 2887 respondeatur,
716 2814 798 2868 ita
825 2813 998 2869 etiam
1027 2812 1220 2867 ﬁdeles
1247 2814 1550 2866 vocantur:
1587 2826 1698 2864 non
1730 2825 1849 2862 rem

247 2904 429 2976 ipsam
465 2910 655 2959 mente
692 2903 1012 2968 annuendo,
1065 2901 1162 2956 sed
1189 2899 1365 2972 ipsius
1403 2899 1481 2953 rei
1529 2915 1849 2953 sacramen-

247 2999 366 3050 tum
386 2993 770 3067 percipiendo.
797 2993 939 3048 Cum
968 2995 1157 3046 autem
1179 3005 1376 3060 sapere
1404 2989 1571 3043 homo
1598 2988 1846 3059 coeperit,

249 3101 359 3138 non
381 3083 528 3138 illud
549 3087 963 3138 sacramentum
1006 3079 1230 3152 repetit,
1258 3079 1355 3132 sed
1387 3077 1671 3148 intelligit,
1705 3078 1850 3147 ejus-

249 3189 355 3245 que
403 3171 686 3227 voluntati
742 3187 987 3226 consona
1039 3169 1210 3224 etiam
1252 3168 1540 3223 voluntate
1569 3165 1851 3237 coaptabi-

247 3269 359 3317 tur.
390 3262 518 3316 Hoc
545 3259 795 3333 quandiu
825 3276 939 3314 non
966 3263 1171 3331 potest,
1202 3255 1408 3312 valebit
1435 3260 1849 3311 sacramentum

245 3351 316 3406 ad
361 3353 493 3422 ejus
538 3350 780 3405 tutelam
829 3349 1096 3404 adversus
1161 3346 1471 3400 contrarias
1523 3349 1846 3417 potestates,

244 3446 302 3494 et
326 3445 562 3494 tantum
589 3438 815 3504 valebit,
849 3443 914 3492 ut
940 3437 988 3492 si
1029 3441 1158 3490 ante
1207 3434 1438 3505 majoris
1475 3434 1656 3489 aetatis
1685 3449 1850 3487 usum

245 3545 310 3584 ex
338 3529 451 3584 hac
502 3527 617 3583 vita
662 3526 1040 3599 emigraverit,
1083 3542 1186 3596 per
1213 3524 1398 3596 ipsum
1435 3527 1848 3578 sacramentum

243 3617 655 3674 commendans
688 3616 944 3672 Ecclesiae
971 3615 1324 3680 charitatem,
1355 3612 1426 3667 ab
1462 3613 1560 3666 illa
1587 3613 1848 3666 condem-

244 3708 481 3763 natione
507 3723 629 3778 qua;
660 3722 760 3778 per
786 3722 963 3760 unum
1011 3703 1243 3758 intravit
1270 3703 1329 3757 in
1361 3702 1658 3767 mundum,
1697 3699 1854 3754 Chri-

242 3798 430 3852 stiano
452 3794 1108 3868 adjutorioliberetur.In
1126 3791 1395 3848 scrutinio
1415 3791 1621 3863 quippe
1643 3789 1852 3844 facien-

241 3887 380 3942 dum
411 3892 508 3942 est
539 3884 763 3957 signum
807 3884 988 3939 crucis
1029 3899 1200 3954 super
1237 3897 1440 3954 pueros
1469 3880 1583 3934 sive
1613 3880 1845 3952 puellas,

241 3977 389 4032 sicut
434 3975 758 4030 invenimus
805 3973 1076 4044 scriptum
1125 3972 1184 4026 in
1232 3971 1487 4026 Romano
1534 3969 1746 4035 ordine,
1795 3974 1852 4022 et

238 4080 506 4138 genuum
534 4064 696 4119 ﬂeno
718 4063 787 4118 ad
810 4063 1144 4129 orationem,
1168 4067 1224 4115 et
1253 4060 1591 4115 insinuanda
1609 4063 1695 4113 est
1723 4075 1850 4112 ora-

239 4156 318 4212 tio
339 4153 645 4211 Dominica
665 4151 902 4224 patrinis
921 4156 978 4206 et
997 4150 1274 4217 matrinis,
1310 4155 1373 4204 ut
1394 4153 1452 4203 et
1469 4148 1577 4220 ipsi
1593 4147 1852 4202 similiter

239 4245 462 4300 faciant
487 4242 576 4297 his
597 4259 737 4314 quos
755 4241 1070 4313 suscepturi
1099 4244 1232 4295 sunt
1251 4256 1284 4294 a
1303 4255 1461 4293 sacro
1491 4236 1847 4309 baptismate.

241 4334 530 4391 Similiter
547 4331 946 4386 insinuandum
969 4335 1054 4385 est
1063 4329 1400 4402 symbolum,
1426 4327 1573 4398 quod
1585 4325 1643 4380 in
1661 4326 1855 4396 lingua

241 4430 450 4480 nostra
482 4422 721 4476 vertitur
747 4419 970 4491 signum
987 4419 1074 4474 vel
1095 4417 1358 4488 cognitio.
1396 4415 1632 4481 Quando
1653 4414 1862 4468 divide-

241 4513 465 4569 bantur
527 4510 764 4583 apostoli
813 4525 914 4581 per
964 4513 1149 4563 totum
1205 4503 1397 4561 orbe‘m
1450 4503 1858 4575 praedicationis

244 4620 445 4670 causa,
500 4601 776 4655 dederunt
824 4597 962 4652 illud
990 4597 1216 4668 signum
1245 4593 1675 4666 praedicationis,
1710 4598 1775 4646 ut
1808 4593 1856 4646 si

247 4691 382 4766 quis
431 4689 576 4744 talia
618 4687 981 4742 conﬁteretur
1025 4683 1214 4755 qualia
1249 4681 1324 4736 ibi
1354 4681 1639 4746 dicuntur,
1674 4679 1857 4749 cogni-

247 4783 479 4837 tionem
511 4779 671 4832 daret
715 4794 773 4831 se
801 4792 836 4829 a
864 4773 1070 4830 Christi
1095 4771 1361 4844 apostolis
1390 4770 1504 4825 sive
1525 4787 1560 4823 a
1583 4786 1858 4824 successo-

247 4870 417 4927 ribus
453 4883 648 4923 eorum
678 4864 954 4920 didicisse.
987 4864 1132 4917 Nam
1169 4861 1229 4916 in
1257 4860 1442 4914 fronte
1471 4859 1595 4914 ideo
1626 4859 1859 4913 facimus

249 4961 513 5034 signum,
537 4956 670 5028 quia
696 4954 856 5010 sedes
883 4951 1230 5007 verecundiae
1250 4950 1309 5004 in
1329 4949 1513 5004 fronte
1542 4949 1684 5003 solet
1714 4965 1854 5014 esse,

250 5049 545 5122 siquidem
579 5045 755 5100 Judaei
785 5043 1123 5098 erubescunt
1149 5040 1374 5094 credere
1400 5039 1455 5092 in
1503 5039 1664 5092 illum
1691 5054 1858 5108 quem

249 5143 480 5196 norunt
505 5135 850 5200 cruciﬁxum,
872 5138 937 5188 ut
963 5131 1170 5186 Paulus
1194 5129 1477 5201 apostolus
1507 5127 1658 5181 dicit.
1689 5146 1712 5178 «
1743 5128 1858 5181 Nos

249 5235 459 5285 autem
504 5223 872 5298 praedicamus
925 5219 1212 5276 Christum
1259 5218 1605 5284 cruciﬁxum,
1650 5215 1858 5271 Judaeis

247 5318 496 5392 quidem
539 5314 884 5380 scandalum,
917 5316 1022 5366 etc.
1063 5310 1124 5380 (I
1147 5310 1268 5365 Cor.
1300 5324 1336 5376 1,
1369 5306 1457 5373 93)
1498 5325 1510 5373 ;
1551 5327 1572 5358 ι
1607 5306 1703 5360 sed
1759 5321 1860 5359 nos

245 5407 546 5466 credimus
594 5419 694 5478 per
721 5402 1050 5458 cruciﬁxum
1077 5397 1299 5454 salvari.
1334 5397 1412 5452 De
1442 5396 1603 5467 cujus
1633 5394 1860 5449 nomine

1927 2379 2054 2417 cum
2085 2362 2156 2416 ad
2187 2367 2408 2416 aetatem
2440 2363 2850 2433 intelligibilem
2881 2364 3239 2435 pervenerint
3268 2365 3523 2420 insinua-

1927 2451 2126 2518 verint,
2155 2469 2228 2507 an
2257 2468 2388 2507 non.

2379 2563 2448 2614 De
2469 2561 2849 2614 cateclu'zandi
2869 2562 3082 2614 ordine.

2007 2668 2095 2728 (De
2141 2667 2277 2720 Inst.
2319 2669 2472 2730 ctera,
2516 2669 2553 2720 ι.
2607 2680 2645 2728 ι,
2681 2685 2726 2718 ιτ.
2784 2665 2896 2735 ‘27.)
2953 2667 3346 2722 Catechizandi
3372 2669 3524 2724 enim

1933 2755 2070 2810 ordo
2087 2754 2180 2808 hic
2199 2760 2301 2808 est.
2317 2755 2570 2808 Primum
2600 2755 2982 2824 interrogatur
2999 2772 3269 2827 paganus,
3293 2757 3340 2811 si
3369 2757 3526 2812 abre-

1931 2844 2158 2898 nuntiat
2183 2843 2422 2910 diabolo,
2453 2850 2556 2898 etc.
2591 2861 2601 2896 :
2640 2861 2805 2912 usque
2835 2847 2906 2898 ad
2935 2847 3100 2912 ﬁnem
3130 2849 3342 2914 capitis.

2004 2933 2247 3004 Ungitur
2274 2940 2332 2987 et
2359 2932 2508 2986 inter
2538 2933 2793 3003 scapulas
2813 2933 2881 2986 de
2896 2935 3094 2988 eodem
3115 2935 3258 3001 oleo,
3281 2939 3346 2988 ut
3362 2935 3526 2990 undi-

1934 3039 2040 3094 que
2071 3022 2378 3088 muniatur,
2411 3027 2468 3076 et
2511 3022 2581 3077 ad
2619 3021 2766 3076 bona
2796 3039 2966 3094 opera
3002 3022 3258 3078 facienda
3285 3041 3388 3095 per
3418 3024 3526 3080 Dei

1929 3111 2172 3182 gratiam
2196 3111 2510 3166 roboretur.

2001 3203 2161 3269 (Ibid.
2195 3203 2294 3254 sub
2322 3205 2508 3268 ﬁnem,
2559 3217 2604 3253 c.
2638 3200 2751 3270 25.)
2783 3201 2914 3255 Ideo
2944 3201 3096 3256 enim
3133 3206 3264 3256 ante
3319 3201 3526 3274 baptis-

1933 3305 2086 3342 mum
2119 3287 2440 3342 catechismi
2468 3287 2635 3342 debet
2652 3288 2957 3358 praevenire
2982 3289 3228 3343 ofﬁcium
3255 3307 3267 3343 :
3301 3294 3366 3344 ut
3397 3289 3525 3344 ﬁdei

1932 3379 2178 3448 primum
2209 3377 2642 3432 catechumenus
2671 3377 2910 3447 accipiat
2937 3377 3342 3446 rudimentum,
3373 3385 3431 3432 et
3447 3379 3526 3433 sic

1927 3467 2062 3544 jam'
2085 3472 2315 3536 paratus
2342 3467 2412 3520 ad
2441 3465 2944 3536 baptismiaccedat
2963 3467 3262 3520 lavacrum.
3297 3469 3441 3521 Nam
3469 3468 3526 3522 in

1873 3581 1916 3640 Ο
1933 3554 2230 3624 Evangelio
2264 3555 2567 3608 secundum
2615 3554 2938 3608 Matthteum
2967 3555 3172 3624 legitur
3200 3556 3347 3625 quod
3405 3563 3530 3626 post

1935 3644 2402 3698 resurrectionem
2442 3644 2716 3697 Dominus
2743 3643 3009 3713 apostolis
3040 3645 3369 3714 praecepc.lt
3403 3664 3426 3696 «
3467 3651 3530 3699 ut

1934 3732 2229 3788 innomine
2256 3734 2456 3798 Putris,
2483 3738 2540 3786 et
2561 3732 2706 3798 Filii,
2727 3738 2783 3785 et
2801 3731 3042 3802 Spiritus
3069 3732 3248 3786 sancti
3265 3733 3530 3788 docerent

1935 3828 1992 3877 et
2017 3822 2368 3893 baptizarent
2398 3839 2592 3875 omnes
2623 3827 2820 3892 gentes
2857 3822 3068 3882 (Matth.
3121 3837 3304 3887 xxvm,
3347 3822 3455 3891 'l9),
3498 3841 3526 3876 ι

1931 3911 1986 3966 id
2009 3917 2095 3966 est
2114 3912 2271 3982 prius
2292 3911 2460 3965 ﬁdem
2501 3911 2613 3964 illis
2642 3910 3014 3978 insinuarent,
3049 3915 3106 3964 et
3134 3910 3215 3964 sic
3239 3911 3531 3966 credentes

1931 4001 1990 4054 in
2018 4000 2410 4054 remissionem
2457 4005 2817 4070 peccatorum
2853 3998 3220 4076 baptizarent.
3267 3999 3411 4055 Hinc
3446 4006 3534 4056 est

1933 4090 2084 4160 quod
2105 4089 2410 4144 secundum
2429 4089 2680 4143 Marcum
2711 4089 2859 4143 idem
2887 4089 3160 4144 Dominus
3187 4089 3395 4160 legitur
3409 4107 3534 4161 pro-

1935 4179 2186 4250 posuisse
2219 4179 2386 4233 liJem
2417 4177 2760 4249 baptismati,
2785 4195 2911 4232 cum
2935 4178 3016 4232 ita
3035 4178 3198 4232 dixit:
3229 4197 3252 4231 ε
3273 4178 3381 4242 Qui
3409 4195 3531 4233 ere-

1935 4268 2142 4322 diderit
2181 4274 2237 4322 et
2273 4267 2585 4338 baptizatus
2623 4268 2806 4334 fuerit,
2857 4268 3043 4322 salvus
3071 4267 3180 4336 erit
3214 4285 3225 4320 :
3264 4267 3359 4337 qui
3402 4283 3530 4322 vero

1941 4374 2053 4411 non
2097 4356 2416 4422 crediderit,
2476 4356 2939 4410 condemnabitur
2985 4356 3178 4425 (Marc.
3212 4371 3324 4418 xw,
3361 4354 3470 4425 16).
3497 4373 3529 4410 ι)

1941 4446 2011 4500 Et
2038 4448 2250 4500 Joanne
2273 4451 2417 4500 teste
2452 4446 2612 4516 prius
2643 4466 2663 4495 ε
2697 4446 2816 4516 ipse
2845 4447 3007 4500 Jesus
3035 4445 3163 4499 caeci
3191 4444 3312 4498 nati
3341 4445 3531 4500 oculos

1939 4535 2060 4589 luto
2081 4553 2146 4589 ex
2167 4540 2330 4606 sputo
2352 4535 2497 4588 facto
2514 4535 2886 4605 superlinivit,
2907 4539 2965 4588 et
2981 4535 3061 4588 sic
3075 4533 3146 4588 ad
3175 4549 3350 4604 aquas
3383 4533 3533 4589 Siloe

1939 4624 2095 4678 misit
2134 4623 2307 4694 (Joan.
2343 4625 2438 4688 ιχ.)
2505 4641 2530 4675 »
2580 4623 2723 4687 Quia
2764 4623 2920 4694 prius
2964 4622 3130 4678 debet
3168 4621 3536 4693 baptizandus

1941 4713 2049 4766 ﬁde
2089 4712 2490 4766 incarnationis
2543 4712 2753 4767 Christi
2790 4713 3013 4780 instrui,
3045 4717 3101 4766 et
3123 4711 3203 4766 sic
3231 4711 3300 4765 ad
3327 4711 3537 4782 baptis-

1941 4819 2096 4856 mum
2112 4803 2230 4872 jam
2252 4801 2512 4858 credulus
2539 4801 2761 4856 admitti
2787 4820 2797 4854 :
2833 4809 2898 4856 ut
2917 4803 3056 4855 sciat
3081 4801 3241 4870 cujus
3256 4801 3455 4870 gratia;
3475 4800 3535 4856 in

1875 4903 1923 4962 D
1941 4909 2007 4948 eo
2023 4897 2109 4947 est
2135 4891 2412 4962 particeps
2437 4897 2496 4946 et
2520 4891 2610 4945 cui
2626 4893 2743 4961 jam
2775 4891 2994 4944 debitor
3021 4891 3120 4944 ﬁat
3136 4889 3534 4960 deinceps.Sed
3635 4919 3643 4925 -

1942 4981 2075 5054 quia
2102 4981 2237 5046 haec,
2269 4987 2334 5034 ut
2378 4981 2638 5044 diximus,
2675 4980 2974 5052 praevenire
3005 4977 3210 5033 debent
3235 4977 3539 5048 baptisma-

1941 5070 2015 5124 tis
2041 5069 2305 5136 ofﬁcium,
2341 5075 2516 5124 restat
2555 5076 2618 5122 ut
2639 5070 2882 5140 primum
2903 5069 2970 5123 de
3005 5067 3140 5138 ipsis
3165 5067 3533 5122 sacramentis

1941 5159 2196 5214 Ecclesiae
2225 5176 2540 5213 sermonem
2571 5158 2856 5212 faciamus.

2359 5278 2426 5329 [)0
2450 5281 2808 5330 sacramentis
2842 5275 3050 5328 divinis
3077 5283 3120 5325 ι.

2017 5393 2196 5461 (Ib-Id,
2223 5409 2269 5446 ε.
2303 5389 2398 5448 24ε
2425 5392 2555 5446 Isid.
2593 5391 2958 5461 Etym.)Sunt
2977 5393 3166 5445 autem
3187 5393 3538 5446 sacramenta

323 5527 352 5597 ξι
385 5514 619 5597 Agitde
635 5511 1014 5597 sacramentis
1042 5509 1153 5565 illis
1191 5507 1466 5564 duntaxat
1493 5502 1549 5558 in
1581 5501 1782 5575 quibus
1827 5502 1994 5556 homo
2031 5497 2382 5556 Christianus
2411 5497 2667 5564 efﬁcitur,
2700 5498 2862 5554 sicuti
2895 5499 3008 5569 ipse
3039 5501 3237 5553 auctor
3254 5497 3400 5553 infra
3424 5503 3534 5554 tes-

244 5593 420 5644 tatur
449 5584 607 5642 initio
635 5584 764 5640 libri
790 5598 874 5638 III.
