3892 6150
483 200 610 259 1219
1068 203 1126 256 Β.
1171 199 1440 256 RABANI
1482 198 1710 254 MAURI
1761 198 2093 252 ARClllEP.
2139 199 2460 254 MOGUNT.
2506 200 2800 256 OPERUM
2839 199 3020 254 PARS
3057 199 3151 252 III.
3573 201 3676 258 1'2'20

475 324 802 396 baptismus,
835 331 892 378 et
918 325 1179 391 chrisma,
1212 339 1412 394 corpus
1451 327 1507 375 et
1549 322 1795 392 sanguis,
1828 340 1948 392 qua:
1998 321 2066 376 ob
2090 325 2129 384 Α
2150 330 2260 388 tur,
2295 331 2352 377 et
2379 330 2528 378 certe
2555 325 2740 389 homo,
2774 325 2868 395 qui
2898 324 2969 380 ad
2997 323 3299 392 imaginem
3325 329 3514 378 sancta:
3538 325 3680 380 Trini-

473 413 529 468 id
549 420 902 468 sacramenta
925 413 1206 478 dicuntur,
1231 411 1362 482 quia
1393 410 1496 464 sub
1527 417 1852 478 tegumento
1881 427 2070 481 corpo-
2155 412 2286 464 tatis
2316 413 2573 468 conditus
2605 420 2706 478 est,
2739 431 2838 484 per
2884 412 3286 466 invocationem
3321 419 3509 466 sanctae
3533 413 3680 468 Trini-

473 503 678 556 ralium
698 520 885 556 rerum
902 503 1078 556 virtus
1099 501 1286 556 divina
1305 500 1572 554 secretius
1593 501 1833 553 salutem
1851 517 2070 554 eoruin-
2153 503 2286 556 tatis
2317 501 2385 554 ad
2419 503 2673 556 eaundem
2693 509 2994 556 renovatur
3025 500 3343 570 imaginem,
3375 505 3428 554 et
3445 501 3532 571 qui
3554 503 3681 556 tertio

475 592 603 646 dem
646 597 1126 646 sacramentorum
1173 595 1458 661 operatur.
1501 589 1660 642 Unde
1693 593 1748 642 et
1775 607 1808 642 a
1837 589 2064 642 secretis
2151 592 2331 661 gradu
2363 593 2594 663 peccati,
2644 591 2700 645 id
2725 597 2828 656 est,
2863 607 3133 644 consensu
3169 588 3365 642 cecidit
3392 589 3447 642 in
3470 597 3681 656 mortem,

474 681 774 735 virtutibus
802 681 887 734 vel
915 681 1088 734 sacris
1115 683 1468 734 sacramenta
1495 677 1775 743 dicuntur,
1799 693 1918 748 qua:
1941 678 2064 730 ideo
2148 681 2316 734 tertio
2345 682 2592 734 elevatus
2621 682 2688 735 de
2720 681 2871 734 fonte
2897 697 2997 751 per
3017 679 3259 750 gratiam
3291 687 3528 750 resurget
3551 681 3609 733 ad
3632 682 3690 734 vi'

475 770 758 824 fructuose
779 787 950 840 penes
979 769 1279 824 Ecclesiam
1309 769 1471 832 ﬁunt,
1509 767 1639 838 quia
1671 773 1898 820 sanctus
1925 767 1982 819 in
2003 783 2071 820 ea
2152 774 2289 822 tam.
2318 771 2507 822 Potest
2538 775 2594 823 et
2613 771 2731 823 haec
2761 770 2908 823 trina
2942 768 3146 822 mersio
3174 768 3488 821 triduanam
3507 769 3684 822 Domini

477 876 712 913 manens
741 859 986 930 Spiritus
1015 858 1278 914 eumdem
1315 862 1795 912 sacramentorum
1835 857 2076 909 latenter
2155 858 2504 928 sepulturam
2535 859 2877 930 signiﬁcare:
2910 859 3152 913 maxime
3181 873 3308 910 cum
3341 855 3481 910 dicat
3499 857 3686 927 Aposto-

479 953 746 1020 Operatur
771 948 1050 1014 effectum,
1083 947 1230 1002 unde
1259 963 1357 1001 seu
1384 963 1485 1018 per
1513 945 1688 1000 bonos
1715 963 1812 999 seu
1842 961 1942 1016 per
1961 961 2076 997 ma-
2157 947 2243 1000 lus
2266 964 2276 998 :
2303 947 2632 1020 Quicunque
2668 949 2933 1019 baptizati
2954 963 3147 1002 sumus
3171 947 3230 1000 in
3259 946 3474 1000 Christo
3500 947 3625 1012 Jesu,
3643 947 3688 1000 in

479 1037 562 1091 los
583 1037 872 1091 ministros
902 1036 1054 1090 intra
1071 1036 1372 1091 Ecclesiam
1397 1035 1496 1089 Dei
1515 1034 1943 1105 dispensentur;
1975 1051 2077 1086 nec
2159 1041 2339 1089 morte
2355 1037 2528 1106 ipsius
2543 1036 2810 1108 baptizati
2833 1053 3047 1102 sumus,
3064 1035 3375 1105 consepulti
3395 1034 3691 1089 enimsumus

481 1126 758 1184 bonorum
791 1125 1006 1182 meritis
1033 1125 1481 1196 dispensatorum
1519 1123 1931 1195 ampliﬁcantur
1959 1123 2074 1175 hzec
2156 1142 2286 1178 cum
2313 1126 2408 1179 illo
2439 1143 2540 1197 per
2567 1125 2906 1197 baptismum
2945 1126 3004 1178 in
3050 1129 3316 1190 mortem,
3367 1129 3427 1176 ut
3470 1123 3692 1194 quomodo

481 1215 646 1281 dona,
676 1232 776 1269 nec
806 1215 1084 1269 malorum
1125 1219 1512 1278 attenuantur,
1555 1236 1573 1258 ι
1611 1213 1743 1283 quia
1766 1229 1948 1282 neque
1981 1211 2074 1282 qui
2155 1215 2399 1268 surrexit
2427 1215 2682 1269 Christus
2711 1234 2744 1268 a
2773 1214 3009 1268 mortuis
3047 1230 3147 1284 per
3176 1212 3414 1284 gloriam
3441 1211 3611 1272 Patris,
3635 1211 3696 1266 ita

484 1303 706 1375 plantat
737 1309 824 1358 est
855 1303 1086 1374 aliquid,
1118 1319 1298 1373 neque
1330 1302 1424 1373 qui
1454 1301 1628 1372 rigat;
1655 1303 1752 1355 sed
1787 1301 1882 1371 qui
1903 1301 2078 1354 incre—
2159 1308 2216 1357 et
2245 1321 2346 1357 nos
2393 1304 2452 1357 in
2493 1305 2738 1359 novitate
2769 1304 2893 1357 vita;
2923 1299 3313 1356 ambulemus:
3348 1301 3394 1354 si
3423 1301 3557 1354 enim
3579 1317 3696 1354 com-

485 1399 738 1450 mentum
779 1393 894 1460 dat,
927 1393 1076 1447 Deus
1109 1394 1160 1459 (Ι
1186 1393 1308 1447 Cor.
1342 1407 1414 1456 In,
1454 1392 1533 1458 7);
1567 1411 1592 1442 ιι
1625 1391 1774 1444 unde
1803 1395 1862 1444 et
1889 1390 2079 1444 Graece
2161 1393 2398 1464 plantati
2427 1392 2558 1447 facti
2588 1409 2783 1447 sumus
2805 1390 3159 1446 similitudini
3192 1389 3388 1443 mortis
3414 1389 3541 1460 ejus,
3569 1388 3695 1442 simul

485 1481 819 1554 mysterium
839 1481 1063 1548 dicitur,
1085 1481 1230 1553 quod
1251 1485 1525 1535 secretam
1543 1486 1600 1534 et
1613 1479 1959 1536 reconditam
1986 1478 2081 1531 ha-
2163 1487 2218 1536 et
2247 1482 2672 1536 resurrectionis
2699 1481 2928 1548 erimus,
2962 1486 3066 1534 etc.
3104 1480 3346 1550 Oportet
3364 1495 3489 1548 ergo
3513 1495 3618 1532 cum
3638 1477 3696 1531 in-

485 1570 618 1626 beat
646 1571 1063 1643 repositionem.
2162 1571 2449 1626 vocatione
2480 1577 2684 1626 sanctae
2713 1571 3007 1626 Trinitatis
3041 1568 3146 1622 sub
3183 1568 3338 1622 trina
3360 1567 3605 1620 mersionc
3631 1567 3700 1618 Lis.-

951 1696 1024 1749 οε
1056 1696 1397 1762 baptisma“,
1421 1696 1617 1762 ofﬂa-0.
2106 1645 2151 1705 Β
2168 1660 2440 1732 ptismum
2460 1660 2674 1725 conﬁci,
2693 1666 2758 1714 ut
2772 1658 3079 1712 secundum
3101 1672 3470 1728 personarum
3495 1652 3701 1709 dilleren-

1118 1711 1397 1763 pmmam
1421 1711 1617 1762 amoto.
2170 1711 2202 1756 ι,
2236 1711 2248 1712 ί
2995 1711 3001 1712 ί
3101 1711 3120 1728 ι

2163 1753 2303 1800 tiam
2335 1755 2663 1819 mysterium
2692 1747 2954 1818 baptismi
2995 1746 3334 1810 celebretur,
3367 1749 3423 1798 et
3449 1743 3697 1797 secundum

559 1839 744 1904 (_Ibid.,
783 1855 828 1892 c.
879 1837 992 1910 ‘25).
1036 1837 1288 1892 Primum
1337 1843 1526 1891 autem
1558 1839 1969 1890 sacramentum
1999 1839 2086 1887 est
2165 1837 2440 1891 unitatem
2466 1837 2790 1892 substantiae
2813 1854 2987 1891 unum
3017 1835 3277 1906 baptima
3298 1837 3410 1888 ﬁat.
3443 1832 3582 1888 Unde
3604 1832 3705 1885 dicit

487 1928 817 2000 liaptismus,
835 1927 969 1998 quia
989 1933 1292 1998 antequam
1312 1931 1505 1980 sancto
1525 1925 1826 1979 chrismate
1842 1929 2088 1994 ungatur
2167 1928 2468 1998 Apostolus
2499 1948 2512 1982 :
2552 1948 2576 1979 «
2611 1929 2766 1982 Unus
2795 1925 3083 1991 Dominus,
3120 1942 3242 1979 una
3278 1924 3432 1989 ﬁdes,
3464 1936 3612 1976 unum
3634 1917 3706 1971 ba-

490 2017 690 2087 aliquis
719 2021 820 2071 aut
851 2017 1098 2088 corporis
1141 2021 1199 2070 et
1242 2015 1530 2085 sanguinis
1568 2013 1776 2068 Christi
1807 2013 2084 2084 particeps
2169 2019 2392 2088 ptisma.
2431 2039 2454 2069 ι)
2489 2024 2594 2072 etc.
2629 2019 2811 2086 (Eplw.
2848 2033 2914 2082 iv,
2950 2017 3024 2084 5.)
3057 2016 3370 2085 Postquam
3401 2011 3538 2066 enim
3567 2025 3710 2064 ascen-

481 2106 711 2176 ,existat,
727 2121 888 2168 sacra
906 2105 1330 2176 regeneratione
1343 2103 1574 2176 purgari
1594 2103 1776 2168 debet,
1791 2120 1855 2156 ac
1883 2102 2084 2156 deinde
2167 2106 2316 2160 derit
2336 2105 2647 2176 baptizatus
2675 2105 2744 2159 de
2767 2104 2940 2169 fonte,
2959 2103 3158 2157 statim
3183 2101 3440 2171 signatur
3457 2101 3509 2154 in
3529 2096 3704 2154 cerebro

492 2195 564 2248 ad
602 2198 804 2249 caetera
848 2193 955 2248 rite
1002 2193 1284 2248 accedere.
1319 2193 1640 2264 Baptismus
1670 2193 1878 2256 Graece,
1910 2189 2084 2244 latine
2167 2210 2202 2247 a
2231 2187 2555 2264 presbytero
2586 2211 2713 2247 cum
2743 2179 2900 2246 sacro
2939 2191 3267 2253 chrismate,
3303 2195 3554 2260 sequente
3579 2186 3704 2241 simul

492 2283 688 2338 tinctio
715 2283 1156 2355 interpretatur;
1191 2299 1314 2354 quae
1335 2299 1447 2338 non
1466 2287 1689 2336 tantum
1709 2280 1780 2334 ob
1813 2281 1918 2334 hoc
1939 2279 2086 2350 quod
2171 2289 2228 2335 et
2256 2283 2527 2342 oratione,
2593 2290 2657 2337 ut
2709 2283 2864 2353 regni
2915 2281 3127 2336 Christi
3177 2279 3456 2352 particeps
3493 2279 3592 2336 ﬁat,
3625 2281 3712 2328 ets

494 2374 662 2428 homo
691 2372 751 2428 in
779 2387 987 2444 aquam
1017 2372 1291 2442 mergitur
1343 2370 1537 2426 tinctio
1565 2370 1790 2436 dicitur,
1823 2369 1920 2422 sed
1959 2367 2092 2438 quia
2173 2370 2399 2428 Christo
2423 2369 2773 2425 Christianus
2793 2369 2969 2442 possit
2991 2369 3196 2423 vocari.
3221 2369 3497 2440 Scriptum
3519 2371 3592 2420 est
3615 2363 3710 2418 etin

495 2461 697 2533 spiritu
733 2461 930 2532 gratiae
982 2460 1055 2514 ibi
1111 2461 1170 2514 in
1199 2460 1400 2514 melius
1438 2460 1791 2522 immutatur,
1833 2463 1890 2512 et
1926 2458 2089 2526 longe
2176 2459 2472 2530 Evangelio
2493 2461 2609 2512 ita:
2654 2480 2674 2510 ι
2711 2459 3036 2530 Baptizatus
3063 2463 3263 2512 autem
3288 2459 3445 2512 Jesus
3482 2452 3711 2508 confestim

497 2551 650 2604 aliud
673 2566 842 2621 quam
865 2555 989 2604 erat
1002 2549 1260 2604 efficitur.
1285 2549 1535 2602 Primum
1557 2549 1812 2602 homines
1829 2546 1957 2600 fmdi
1973 2562 2091 2599 era-
2171 2549 2423 2605 ascendit
2438 2549 2507 2602 de
2521 2566 2686 2620 aqua,
2715 2555 2771 2602 et
2789 2565 2915 2602 ecce
2936 2547 3114 2619 aperti
3149 2553 3288 2602 sunt
3307 2546 3357 2600 ei
3384 2545 3516 2613 cuali,
3548 2550 3596 2597 et
3611 2541 3708 2595 \idit

497 2655 623 2694 mus
651 2638 1006 2693 deformitate
1049 2642 1423 2709 peccatorum,
1457 2638 1514 2691 in
1533 2637 1654 2708 ipsa
1674 2636 1944 2691 tinctione
1964 2635 2089 2707 pul-
2174 2639 2446 2709 Spiritum
2476 2636 2576 2692 Dei
2607 2637 3033 2691 descendentem
3067 2636 3218 2690 sicut
3244 2634 3563 2696 columbam,
3587 2636 3632 2684 et
3652 2646 3714 2684 ve-

643 2726 918 2790 eﬂicimur
938 2726 1292 2781 dealbatione
1307 2727 1597 2780 virtutum.
1619 2727 1775 2780 Unde
1794 2732 1850 2780 et
1869 2725 1926 2779 in
1949 2726 2089 2780 Can-
2147 2728 2418 2790 _nientem
2465 2743 2634 2798 super
2660 2743 2720 2779 se
2769 2727 2981 2794 (Matth.
3021 2741 3097 2780 ιιι.
3166 2722 3276 2792 16.)
3307 2743 3332 2777 ιι
3366 2725 3505 2777 Bene
3533 2719 3708 2792 quidem

500 2815 627 2870 ticis
692 2815 956 2870 scribitur
1020 2815 1362 2890 canticorum
1397 2834 1407 2868 :
1458 2836 1479 2864 ι
1515 2817 1650 2880 Quae
1689 2821 1777 2869 est
1818 2815 1925 2869 ista
1965 2830 2088 2884 quae
2170 2817 2450 2888 baptismo
2477 2817 2839 2870 continuatur
2866 2814 3190 2868 chrismatis
3209 2813 3414 2878 unctio,
3444 2812 3564 2882 quia
3588 2807 3714 2878 Spiri-

494 2904 757 2960 ascendit
797 2905 954 2976 quasi
998 2905 1257 2960 dealbata
1299 2905 1480 2974 (Cant.
1514 2922 1608 2970 vn,
1633 2909 1802 2974 juxta
1845 2904 2027 2968 LXX)?
2059 2921 2085 2954 »
2109 2913 2264 2976 ntus
2305 2910 2531 2960 sanctus
2561 2905 2656 2976 qui
2697 2923 2798 2976 per
2837 2903 2974 2959 illud
2999 2905 3253 2958 chrisma
3283 2919 3395 2958 suae
3421 2895 3615 2953 virtutis
3645 2895 3714 2949 ad-

499 2993 674 3063 Cujus
695 2961 1032 3064 mysterium
1054 3010 1166 3047 non
1187 2961 1349 3048 aliter
1370 2993 1477 3048 nisi
1500 2961 1608 3047 sub,
1626 2961 1916 3046 'i‘rinitatis
1947 2991 2089 3045 desi-
2103 2961 2153 3026 0
2168 2997 2437 3052 mixtione
2469 2961 2780 3050 sanctiﬁcat
2807 2994 3118 3060 credentes,
3157 2993 3436 3064 baptizato
3473 2991 3499 3044 J
3504 3005 3604 3051 esu,
3629 2991 3710 3038 sta-

495 3082 782 3152 gnatione.
815 3081 870 3136 id
894 3088 996 3136 est.
1031 3083 1234 3147 Patris,
1269 3088 1325 3136 et
1367 3081 1510 3148 Filii,
1544 3088 1602 3135 et
1630 3081 1872 3152 Spiritus
1914 3081 2090 3134 sancti
2171 3087 2275 3140 tim
2290 3103 2460 3158 super
2495 3085 2654 3139 illum
2673 3085 2731 3138 in
2752 3083 3022 3138 columbae
3043 3083 3241 3154 specie
3263 3077 3553 3136 descendit.
3583 3075 3714 3144 Cujus

497 3171 816 3242 cognitione
835 3171 1168 3242 completur,
1191 3171 1411 3225 dicente
1436 3171 1674 3225 Domino
1687 3171 1757 3224 ad
1779 3171 2086 3240 apostolos:
2173 3177 2430 3230 videlicet
2457 3183 2654 3248 typum
2680 3173 2994 3247 proferebat
3012 3173 3280 3227 columba
3301 3173 3393 3226 illa
3413 3187 3524 3241 quae
3542 3168 3591 3222 in
3613 3165 3716 3218 dilu-

504 3280 525 3311 ε
552 3261 656 3327 Ite,
677 3259 873 3315 docete
893 3259 1664 3332 omnesgentes,baptizantes
1677 3277 1770 3314 eos
1791 3259 1848 3312 in
1865 3259 2092 3313 nomine
2173 3267 2261 3320 vio
2293 3267 2358 3320 ad
2385 3284 2571 3321 arcam
2596 3265 2898 3336 reportavit.
2925 3280 3153 3317 ramum
3185 3264 3342 3316 oliva:
3367 3257 3637 3313 virentibus
3657 3253 3712 3306 fo-

499 3349 700 3416 Patris,
717 3349 932 3416 etFilii,
953 3350 1898 3422 etSpiritussanctiuilatth.xxviii,
1924 3347 2026 3416 19),
2062 3366 2088 3401 ιι
2173 3356 2281 3419 liis,
2331 3356 2653 3426 signiﬁcans
2702 3355 2894 3425 utique
2945 3353 3092 3424 quod
3147 3353 3393 3424 Spiritus
3420 3353 3618 3404 sanctus
3637 3361 3709 3415 per

499 3438 656 3493 Sicut
682 3438 834 3493 enim
861 3439 920 3492 in
953 3439 1134 3494 tribus
1153 3439 1391 3494 testibus
1419 3445 1532 3494 Stat
1551 3456 1715 3494 omne
1744 3437 1993 3502 verbm",
2015 3437 2092 3492 ita
2174 3443 2492 3500 chrismatis
2505 3444 2846 3512 unctionem,
2861 3444 2919 3497 in
2939 3442 3286 3514 baptismate
3306 3441 3534 3494 virorem
3551 3434 3712 3489 confert

497 3535 911 3584 sacramentum
925 3531 1509 3585 conﬁrmatternarius
1521 3547 1787 3585 numerus
1801 3529 2093 3583 nominum
2176 3535 2435 3589 ﬁdelibus
2473 3533 2711 3588 cmlestis
2734 3534 2959 3605 gratiae:
2999 3532 3096 3586 sed
3130 3533 3204 3586 de
3233 3533 3338 3585 hoc
3361 3528 3564 3602 plenius
3589 3524 3633 3578 in
3656 3537 3719 3576 se-

497 3617 1002 3682 divinorumﬂuod
1021 3624 1212 3673 autem
1233 3635 1334 3690 per
1348 3635 1555 3690 aquam
1575 3617 1886 3689 baptismus
1902 3618 2088 3681 datur.
2175 3624 2477 3696 quentibus
2497 3623 3034 3692 dicemus.Legimus
3050 3628 3106 3674 et
3121 3622 3181 3675 in
3193 3621 3369 3690 gestis
3382 3620 3592 3674 Patrum
3610 3609 3716 3683 quod

499 3707 618 3762 hec
655 3707 798 3762 ratio
826 3712 945 3762 θεῖε
975 3707 1150 3762 vomit
1172 3709 1325 3762 enim
1367 3709 1636 3762 Dominus
1670 3713 1734 3762 lit
1761 3725 1850 3762 res
1879 3707 1976 3760 illa
2004 3707 2092 3760 in-
2175 3716 2458 3787 Sylvester
2487 3716 2640 3784 Papa
2669 3713 2726 3767 in
2759 3713 3001 3766 Ecclesia
3030 3712 3292 3766 Romana
3321 3703 3653 3764 constituerit,
3673 3704 3716 3752 ut

498 3795 731 3852 visibilis
750 3813 852 3868 per
867 3797 1291 3866 congruentiam
1313 3803 1370 3850 et
1390 3799 1699 3868 profectum
1718 3797 2090 3851 inrontrecta-
2173 3807 2318 3860 sicut
2344 3811 2592 3876 potestas
2620 3809 2678 3857 et
2706 3803 3056 3876 privilegium
3071 3803 3227 3872 apud
3249 3801 3430 3856 solum
3455 3796 3716 3868 episcopum

498 3885 608 3940 bile
631 3891 690 3940 et
707 3887 986 3940 invisibile
1001 3886 1422 3957 impenderetur
1441 3887 1780 3941 elementum
1807 3905 1816 3939 :
1856 3905 1881 3940 α
1913 3888 2095 3956 Super
2173 3875 2410 3960 commit,
2447 3891 2595 3963 quod
2617 3875 2838 3945 sacrth
2868 3889 3112 3945 chrisma
3141 3891 3265 3962 ipse
3296 3885 3558 3951 conﬁciat,
3586 3888 3633 3936 et
3651 3878 3718 3931 ba-

499 3975 650 4048 quod
678 3975 848 4029 etiam
877 3975 936 4028 in
977 3975 1249 4046 principio
1278 3975 1562 4030 ferebatur
1589 3977 1830 4046 Spiritus
1867 3980 2094 4030 sanctus
2176 3985 2447 4056 ptizatum
2478 3999 2578 4054 per
2605 3997 2805 4035 manus
2848 3979 3274 4051 impositionem
3313 3994 3439 4032 cum
3471 3976 3576 4046 ipso
3609 3968 3719 4023 chri-

478 4065 649 4134 -(Gen.
681 4067 735 4132 ι).
769 4084 792 4115 ι
828 4065 972 4118 Nam
985 4065 1132 4118 sicut
1157 4063 1342 4119 oleu‘m
1364 4065 1608 4119 naturali
1630 4066 1874 4136 pondere
1905 4081 2094 4134 :zuper-
2175 4080 2356 4129 smate
2385 4072 2676 4142 consigth
2704 4076 2932 4142 propter
2968 4070 3292 4124 haeretica".
3320 4066 3640 4122 suasionem:
3665 4058 3720 4110 ita

483 4153 677 4208 —fertur
705 4154 860 4208 omni
883 4154 1106 4226 liquori,
1146 4155 1225 4208 ita
1253 4155 1311 4207 in
1337 4155 1609 4226 principio
1638 4155 2020 4226 superferrbat

2180 4163 2470 4235 presbyter
2498 4161 2694 4216 eodem
2716 4159 3016 4214 chrismate
3039 4157 3204 4212 liniat
3233 4150 3717 4228 baptizatum,lotum

501 4243 742 4316 Spiritus
771 4248 998 4298 sanctus
1030 4244 1210 4315 aquis.
1247 4244 1404 4300 Sicut
1439 4262 1586 4316 aqua
1615 4251 1820 4316 purgat
1849 4245 2093 4300 exterius
2113 4271 2241 4346 Dex
2270 4269 2434 4323 aqua,
2461 4257 2690 4322 propter
2718 4249 3063 4303 occasionem.
3093 4247 3367 4302 transitus
3397 4243 3594 4307 mortis,
3619 4237 3720 4310 quia

485 4350 722 4406 ὀωῬυεν
737 4334 1068 4388 italatenter
1095 4335 1218 4404 eius
1239 4335 1506 4405 mysterio
1536 4351 1638 4406 Pel‘
1657 4335 1928 4405 Spiritur-I
1960 4351 2092 4388 Sim-
2115 4334 2157 4346 "
2173 4343 2445 4415 scriptum
2465 4345 2550 4396 est
2565 4339 2917 4410 inApostolo:
2940 4339 3050 4392 Vos
3062 4338 3497 4402 autem,fratres,
3519 4334 3570 4386 in
3589 4344 3718 4386 carne

501 4427 656 4478 ctum
683 4422 1014 4494 purificatur
1043 4429 1102 4477 et
1136 4423 1377 4477 animus.
1412 4423 1586 4494 Cujus
1617 4425 1985 4480 sanctificatio
2016 4424 2094 4478 ita
2177 4450 2288 4488 non
2310 4431 2463 4497 estis,
2487 4430 2584 4486 sed
2620 4430 2678 4484 in
2701 4429 2934 4499 Spiritu,
2970 4429 3015 4481 si
3039 4436 3232 4482 tamen
3275 4426 3508 4498 Spiritus
3537 4419 3622 4476 Dei
3646 4417 3719 4469 ha-

485 4518 620 4567 ;est:
647 4512 900 4568 invocato
929 4513 1078 4567 enim
1108 4513 1244 4580 Deo,
1275 4514 1566 4568 descendit
1596 4513 1837 4584 Spiritus
1869 4519 2094 4568 sanctus
2175 4521 2318 4576 bitat
2341 4521 2398 4574 in
2425 4519 2606 4586 vobis;
2639 4518 2686 4572 si
2715 4519 2840 4595 quis
2869 4523 3056 4572 autem
3101 4517 3372 4588 Spiritum
3422 4510 3606 4568 Christi
3632 4520 3718 4560 non

485 4600 574 4654 .de
589 4600 836 4666 cmlis~,et
864 4601 1154 4656 medicatis
1183 4601 1342 4672 aquis
1357 4602 1668 4656 sanctiﬁcat
1694 4619 1788 4656 eas
1809 4603 1874 4656 de
1899 4608 2098 4657 semet-
2179 4611 2366 4676 habet,
2383 4609 2474 4662 hic
2503 4624 2616 4664 non
2639 4613 2725 4661 est
2757 4609 2896 4678 ejus,
2925 4611 3030 4660 etc.
3059 4608 3138 4660 Ac
3175 4606 3376 4660 deinde
3406 4601 3623 4675 profecto
3647 4609 3720 4666 pa-

503 4689 710 4760 ipso,et
745 4689 1030 4760 accipiunt
1045 4689 1158 4744 vim
1186 4691 1551 4762 purgationis,
1590 4696 1652 4744 ut
1697 4691 1752 4745 in
1779 4691 1859 4746 eis
1891 4709 2017 4746 caro
2042 4697 2098 4747 et
2177 4705 2262 4754 tet
2290 4697 2420 4770 quia
2449 4697 2764 4768 quicunque
2785 4711 2898 4749 non
2927 4701 3012 4747 est
3043 4694 3270 4760 Christi,
3297 4691 3450 4762 regni
3478 4688 3556 4743 sui
3584 4681 3717 4757 parti-

498 4779 696 4833 anima
712 4777 928 4832 delictis
949 4777 1242 4848 inquinata
1261 4779 1579 4832 mundetur.
1612 4780 1926 4850 Utrumque
1945 4782 2096 4836 enim
2178 4805 2306 4860 ceps
2328 4787 2446 4842 ﬁeri
2476 4786 2691 4856 nequit.
2707 4786 2837 4840 Ideo
2855 4784 3232 4860 necessarium
3258 4787 3343 4837 est
3369 4787 3430 4836 ut
3439 4777 3608 4834 statim
3624 4786 3717 4825 suc-

505 4866 839 4941 baptizando
872 4883 1100 4922 necesse
1135 4874 1220 4922 est
1268 4867 1542 4934 adhiberi»
1577 4874 1633 4922 et
1659 4868 1921 4940 ΙκἰΡῑίειὶὶί
1954 4871 2098 4926 Ῑωά-
2179 4883 2439 4934 curratur
2479 4875 2758 4947 baptizata
2813 4890 2939 4928 cum
2987 4873 3308 4928 chrismatis
3347 4869 3587 4925 unctione
3624 4881 3632 4915 :
3667 4864 3715 4912 ut

469 4987 476 4996 '
502 4973 682 5024 Otum,
701 4963 758 5012 et
777 4955 1017 5028 Spiritus
1035 4956 1212 5010 εθηοῖί
1232 4956 1522 5028 Ρυτὲδῐίοῖ
1545 4957 1678 5027 quia
1695 4957 1777 5011 ait
1805 4959 2090 5016 salvator:
2181 4968 2420 5040 Spiritus
2439 4971 2664 5022 sanctus
2682 4963 3164 5036 participationem
3185 4962 3452 5032 accipiens
3485 4955 3665 5011 ahenus
3687 4962 3712 4998 3

511 5068 536 5101 ι
554 5047 689 5103 νΝἱεί
707 5046 833 5118 quis
863 5051 1092 5100 renatus
1113 5045 1284 5100 fuerit
1313 5063 1377 5099 ex
1399 5063 1547 5117 aqua
1574 5052 1632 5099 et
1659 5046 1867 5116 Spiritu
1905 5053 2095 5106 sancto
2181 5059 2401 5114 Christo
2430 5073 2543 5111 non
2573 5055 2792 5109 existat.

509 5157 623 5196 non
651 5144 836 5210 potest
863 5139 1098 5193 introire
1125 5139 1183 5192 in
1213 5156 1448 5210 regnum
1489 5140 1589 5194 Dei
1620 5141 1798 5206 (Joan.
1835 5158 1888 5206 ιιι
1942 5143 2015 5212 5).
2067 5163 2092 5198 υ
2253 5149 2434 5214 (Ibid,
2471 5163 2514 5200 ο.
2547 5143 2812 5214 29.)Post
2839 5143 3181 5214 baptismum
3201 5156 3332 5210 ergo
3352 5136 3573 5196 traditur
3589 5123 3709 5183 Chri-

583 5232 674 5297 (De
702 5232 837 5284 Inst.
861 5233 1013 5294 cler.,
1050 5247 1086 5297 ι,
1131 5247 1176 5283 c.
1202 5228 1312 5298 28).
1342 5231 1594 5302 Denique
1623 5237 1920 5302 postquam
1951 5239 2097 5289 cate-
2179 5239 2360 5292 stiano
2378 5235 2544 5290 vestis
2561 5235 2814 5299 candida,
2833 5233 2984 5305 quod
3003 5217 3705 5303 significatinnocentiam,“

511 5317 706 5372 chismi
729 5318 970 5372 ofﬁcium
989 5319 1229 5390 pleniter
1247 5321 2094 5390 peragitur:consecraturions,
2182 5327 2486 5400 puritatem
2517 5324 2912 5390 Christianam,
2965 5338 3135 5394 quam
3182 5324 3304 5392 post
3343 5317 3542 5371 ablutas
3563 5306 3703 5404 varias

512 5412 569 5460 et
591 5407 862 5478 adipsum
886 5408 1224 5478 baptismum
1258 5411 1689 5464 catechumenus
1709 5409 1938 5478 accolit,
1960 5417 2016 5466 et
2043 5413 2101 5466 in
2184 5414 2387 5466 veteris
2416 5412 2540 5468 vita:
2582 5411 2830 5465 maculas
2869 5408 3052 5464 studio
3089 5412 3288 5462 sanctae
3332 5403 3700 5458 conversationis

509 5495 737 5552 nomine
763 5503 968 5553 sanctae
985 5497 1276 5554 Trinitatis
1293 5499 1438 5553 trina
1461 5499 1844 5556 submersiont-
1865 5500 2103 5572 baptiza-
2183 5501 2601 5558 immaculatam
2629 5515 2850 5556 servare
2878 5497 3042 5553 debet
3069 5497 3138 5551 ad
3163 5490 3575 5568 przesentandam
3599 5487 3698 5536 ante
