3982 6158
504 261 630 316 [2'23
1077 257 1138 310 Β.
1181 255 1452 310 RABANI
1493 255 1722 310 MAURI
1769 255 2113 313 ARCHIEP.
2159 259 2482 315 MOGUNT.
2527 256 2824 313 OPERUM
2861 254 3044 310 PARS
3082 254 3178 310 ΙΙΙ.
3598 255 3710 312 12ἳά

495 385 896 452 habitationem
925 387 1094 452 atque
1119 381 1605 446 immutationem,
1629 387 1819 436 tamen
1846 381 1915 436 de
1941 387 2264 450 terraAtae,
2299 385 2397 440 sed
2426 389 2647 439 interna:
2675 381 3015 438 consulatur.
3046 379 3132 434 Ad
3153 395 3319 450 quam
3357 379 3522 434 veniri
3562 386 3718 452 potest

497 471 819 528 assumendi
840 476 992 526 sunt.
1017 471 1158 525 Item
1179 471 1280 524 fiat
1295 470 1552 524 voluntas
1573 475 1691 534 tua,
1708 476 1857 528 recte
1885 470 2094 536 intellio
2177 474 2222 528 si
2261 479 2488 546 peccata
2513 473 2815 537 donentur,
2853 487 2976 542 qua
3002 469 3190 524 debita
3202 467 3466 524 Dominus
3487 470 3716 540 appellat,

492 563 681 632 gitur:
709 561 1002 615 obediatur
1025 559 1316 631 praeceptis
1341 559 1474 612 tuis.
1510 559 1667 613 Sicut
1695 559 1753 612 in
1781 561 1920 614 coelo
1951 566 2008 614 et
2038 561 2095 614 in
2178 563 2324 618 sicut
2340 563 2400 617 in
2419 561 2719 633 Evangelio
2733 577 2834 616 suo
2847 559 3010 614 dicit:
3030 577 3056 612 α
3071 557 3272 614 Dimisi
3297 556 3398 612 tibi
3418 573 3569 613 omne
3589 558 3720 614 debi-

497 655 670 717 terra,
694 649 751 704 id
771 655 876 716 est,
901 649 970 704 ab
999 649 1216 719 angelis
1241 647 1322 703 ita
1351 647 1420 702 ab
1451 647 1793 702 hominibus.
1822 649 2096 704 Voluntas
2176 649 2767 723 tumquiamerogasti
2784 649 2994 718 (Matth.
3016 663 3164 712 xvm,
3188 644 3317 717 32);
3346 664 3369 697 ι
3391 662 3551 719 quam
3565 663 3724 703 neces-

497 745 688 794 autem
703 739 804 794 Dei
819 743 922 803 est,
941 755 1111 809 quam
1133 737 1390 792 Christus
1411 737 1543 792 fecit
1560 742 1618 792 et
1641 737 1832 792 docuit
1859 757 1870 790 :
1907 738 2096 794 humi-
2181 741 2329 795 sarie
2353 746 2562 807 autem,
2587 755 2758 810 quam
2783 737 3092 810 prudenter
3115 743 3174 792 et
3189 733 3484 790 salubriter
3501 735 3726 791 admoneo

495 829 623 882 litas
651 828 711 882 in
739 827 1182 892 conversatione,
1209 825 1486 880 stabilitas
1514 826 1572 879 in
1601 825 1728 892 ﬁde,
1764 827 2101 882 verecundia
2183 823 2312 884 mur
2325 830 2473 901 quod
2490 834 2812 900 peccatores
2831 843 3044 894 sumus,
3069 825 3166 896 qui
3185 841 3286 896 pro
3307 825 3536 896 peccatis
3557 840 3726 894 rogare

497 918 554 971 in
583 917 782 982 verbis,
807 917 862 970 in
885 917 1046 970 factis
1059 915 1301 986 justitia,
1329 915 1386 968 in
1409 915 1670 986 Operibus
1693 915 2096 981 misericordia,
2182 917 2571 988 compellimur
2601 935 2612 970 :
2649 917 2746 988 qui
2767 930 2929 970 orare
2959 929 3062 968 nos
3092 928 3192 984 pro
3216 910 3420 966 debitis
3445 917 3500 964 et
3523 911 3728 982 peccatis

498 1009 557 1062 in
577 1007 828 1062 moribus
848 1005 1158 1078 disciplina,
1184 1005 1450 1076 injuriam
1479 1005 1664 1060 facere
1694 1023 1806 1060 non
1837 1023 2018 1077 posse,
2045 1011 2102 1060 et
2183 1007 2375 1062 docuit
2392 1011 2688 1077 paternam
2710 1001 3173 1067 misericordiam,
3205 999 3460 1072 promisit
3475 1005 3530 1054 et
3542 1000 3729 1054 veniam

498 1099 704 1152 factam
733 1113 895 1168 posse
924 1097 1186 1163 tolerare,
1215 1113 1340 1150 cum
1370 1095 1636 1150 fratribus
1665 1113 1858 1166 pacem
1885 1102 2097 1161 tenere,
2185 1101 2527 1151 secuturam.
2561 1093 2831 1165 Adjunxit
2859 1092 3025 1162 plane
3051 1097 3109 1144 et
3144 1089 3364 1144 addidit
3389 1089 3578 1159 legem,
3603 1095 3730 1144 certa

501 1189 681 1242 Deum
713 1191 830 1240 toto
861 1186 1025 1240 corde
1055 1185 1304 1254 diligere,
1330 1201 1521 1240 amare
1549 1185 1606 1238 in
1640 1185 1734 1240 illo
1767 1185 1915 1256 quod
1941 1191 2102 1256 pater
2183 1203 2286 1241 nos
2314 1185 2631 1242 conditione
2659 1189 2718 1239 et
2745 1182 3040 1254 sponsione
3067 1179 3478 1250 constringens,
3498 1178 3638 1232 utsic
3653 1195 3731 1233 no—

501 1283 606 1344 est,
638 1277 839 1331 timere
864 1275 1012 1346 quod
1042 1276 1191 1328 Deus
1221 1279 1324 1340 est,
1355 1274 1578 1328 Christo
1607 1273 1746 1328 nihil
1777 1291 2102 1346 praeponere
2183 1275 2268 1330 bis
2280 1275 2489 1330 dimitti
2508 1272 3074 1345 debitapostulemus,
3098 1268 3408 1324 secundum
3429 1267 3730 1338 quodetipsi

501 1367 788 1428 debemus,
818 1365 951 1436 quia
992 1381 1094 1418 nec
1120 1363 1281 1418 nobis
1310 1363 1402 1417 ille
1436 1362 1742 1434 quidquam
1775 1364 2098 1435 praeposuit,
2185 1363 2532 1420 debitoribus
2561 1361 2768 1419 nostris
2804 1359 3142 1416 dimittimus
3175 1377 3187 1413 :
3223 1357 3462 1413 scientes
3486 1356 3732 1428 impetrari

501 1456 766 1510 charitati
799 1455 918 1523 ejus
958 1452 1408 1524 inseparabiliter
1443 1453 1750 1516 adhaerere,
1783 1454 1932 1506 cruci
1980 1455 2102 1524 ejus
2187 1471 2300 1510 non
2329 1469 2492 1524 posse
2522 1451 2670 1524 quod
2714 1467 2814 1522 pro
2843 1447 3084 1522 peccatis
3121 1447 3389 1518 petimus,
3428 1444 3529 1500 nisi
3566 1450 3616 1500 et
3643 1445 3730 1517 ipsi

503 1545 724 1600 fortiter
753 1550 810 1598 et
837 1544 1078 1598 ﬁdenter
1097 1541 1378 1607 assistere,
1405 1542 1629 1612 quando
1647 1542 1714 1596 de
1738 1544 1859 1614 ejus
1877 1543 2103 1598 nomine
2185 1543 2335 1598 circa
2360 1547 2684 1614 peccatores
2711 1544 2934 1594 nostros
2962 1537 3121 1609 paria
3140 1532 3456 1592 fecerimus.

503 1641 560 1690 et
597 1632 810 1688 honore
841 1637 1128 1686 certamen
1159 1635 1242 1685 est
1280 1629 1544 1684 exhibere
1586 1631 1957 1686 constantiam
1995 1649 2110 1702 qua
2262 1651 2290 1688 α
2321 1633 2390 1686 Et
2419 1649 2489 1686 ne
2519 1647 2620 1686 nos
2647 1629 2878 1684 inducas
2911 1628 2970 1681 in
2996 1626 3391 1682 tentationem.
3429 1643 3454 1676 ι
3483 1625 3597 1678 Non
3612 1625 3731 1680 enim

505 1725 858 1788 confitemur,
877 1721 936 1776 in
953 1720 1260 1792 quaestione
1279 1720 1540 1774 fiduciam
1562 1737 1672 1792 qua
1687 1721 2095 1792 congredimur,
2123 1709 2168 1768 Β
2186 1739 2289 1794 per
2307 1721 2554 1792 seipsum
2583 1718 2798 1772 inducit
2821 1717 2971 1772 Deus
3003 1733 3015 1770 :
3047 1715 3144 1770 sed
3173 1713 3368 1770 induci
3415 1712 3608 1784 patitur
3629 1729 3732 1766 eum

504 1813 562 1867 in
595 1817 774 1866 morte
803 1811 1134 1883 patientiam
1157 1826 1270 1880 qua
1289 1826 1626 1865 coronamur
1651 1829 1661 1864 :
1691 1811 1796 1864 hoc
1824 1817 1910 1865 est
1933 1811 2107 1866 cohae-
2191 1827 2358 1881 quem
2379 1827 2482 1864 suo
2505 1808 2712 1862 auxilio
2731 1805 3063 1872 deseruerit,
3093 1804 3294 1858 ordine
3323 1801 3664 1857 occultissimo
3684 1817 3737 1856 ac

506 1904 698 1958 redem
731 1901 938 1956 Christi
977 1901 1117 1954 velle
1159 1916 1298 1966 esse,
1348 1899 1452 1952 hoc
1500 1904 1602 1956 est.
1635 1905 1976 1970 praeceptum
2005 1892 2106 1954 Dei
2188 1899 2424 1954 meritis.
2450 1898 2646 1952 Causis
2669 1914 2815 1968 saepe
2844 1896 3012 1950 etiam
3035 1892 3351 1948 manifestis
3377 1891 3592 1962 dignum
3612 1889 3738 1961 judi-

504 1994 706 2058 facere,
739 1992 844 2044 hoc
871 1997 958 2045 est
988 1991 1332 2044 voluntatem
1361 1988 1545 2043 Patris
1575 1989 1830 2059 implere.
2187 1994 2278 2042 cat
2305 1989 2464 2042 illum
2507 2004 2672 2058 quem
2719 1986 2960 2050 deserat,
3009 1989 3068 2038 et
3108 1983 3167 2038 in
3198 1983 3562 2038 tentationem
3585 1978 3740 2038 induci

582 2101 608 2134 «
641 2083 849 2135 Panem
879 2085 1134 2134 nostrum
1163 2077 1552 2149 quotidianum
1583 2077 1655 2131 da
1681 2077 1841 2132 nobis
1868 2077 2099 2131 hodie.»
2185 2076 2354 2132 sinat.
2378 2076 2547 2130 Aliud
2577 2081 2664 2130 est
2687 2080 2877 2129 autem
2901 2073 3090 2128 induci
3119 2073 3180 2127 in
3210 2071 3588 2135 tentationem,
3615 2068 3741 2123 aliud

506 2169 672 2225 Panis
701 2168 1062 2241 quotidianus
1091 2172 1192 2222 aut
1217 2184 1317 2238 pro
1359 2166 1446 2220 his
1496 2165 1756 2220 omnibus
1793 2165 1975 2220 dictus
2017 2171 2105 2220 est
2185 2171 2272 2220 est
2289 2164 2518 2220 tentari.
2543 2166 2667 2219 Non
2685 2163 2806 2218 sine
2830 2162 3143 2218 tentatione
3169 2160 3443 2234 probatus
3461 2175 3572 2214 esse
3588 2157 3743 2214 nullus

507 2277 630 2330 ῳιω
641 2259 814 2330 hujus
834 2259 960 2312 vitae
980 2255 1372 2311 necessitatem
1394 2260 1731 2320 sustentant,
1755 2255 1823 2308 de
1846 2271 1956 2326 quo
1974 2271 2102 2310 cum
2187 2260 2391 2325 potest.
2421 2255 2548 2309 Non
2575 2269 2708 2324 ergo
2739 2253 2829 2308 hic
2857 2256 3070 2317 oratur,
3105 2257 3171 2307 ut
3199 2267 3318 2308 non
3346 2255 3640 2305 teutemur:
3660 2245 3741 2301 sed

506 2349 770 2421 praecepit
800 2348 880 2402 ait
910 2366 920 2400 :
963 2368 984 2398 ι
1020 2347 1207 2402 Nolite
1231 2346 1480 2416 cogitare
1509 2344 1578 2399 de
1607 2345 1851 2399 Crastino
1884 2345 2102 2412 (Matth.
2185 2352 2252 2402 ut
2280 2361 2391 2399 non
2421 2343 2732 2398 inferamur
2761 2341 2820 2396 in
2847 2341 3159 2398 tentatione
3186 2359 3199 2394 :
3235 2341 3373 2412 quia
3416 2341 3462 2395 si
3505 2337 3743 2412 quispiam

505 2454 582 2504 vi,
603 2435 719 2506 34),
751 2453 777 2490 ιδ
812 2440 869 2490 et
897 2435 1022 2488 ideo
1051 2433 1306 2488 additum
1335 2433 1424 2497 sit,
1467 2454 1488 2485 α
1523 2433 1597 2486 da
1644 2432 1804 2487 nobis
1830 2432 1996 2486 hodie
2027 2451 2040 2500 ;
2076 2451 2101 2485 »
2188 2435 2277 2489 cui
2319 2449 2544 2488 necesse
2581 2437 2668 2486 est
2705 2431 2834 2502 igne
2864 2430 3192 2498 examinari,
3229 2446 3346 2486 non
3388 2434 3508 2485 orat
3541 2433 3601 2484 ut
3638 2427 3742 2497 igne

507 2532 608 2582 aut
635 2543 737 2597 pro
773 2530 1123 2580 sacramento
1151 2522 1400 2594 corporis
1430 2523 1636 2577 Christi
1669 2522 1817 2593 quod
1854 2521 2105 2592 quotidie
2190 2523 2573 2592 contingatur,
2593 2520 2691 2575 sed
2720 2524 2785 2574 ut
2812 2537 2926 2574 non
2953 2525 3244 2575 exuratur.

506 2615 812 2685 accipimus
841 2633 852 2666 :
887 2618 986 2668 aut
1013 2629 1114 2684 pro
1140 2612 1380 2683 spiritali
1411 2611 1552 2678 cibo,
1587 2611 1656 2664 de
1686 2628 1796 2682 quo
1826 2611 1975 2666 idem
2002 2611 2109 2666 Do-
2267 2633 2290 2664 ι
2327 2611 2437 2667 Sed
2467 2609 2644 2665 libera
2666 2626 2768 2664 nos
2792 2626 2828 2664 a
2855 2609 3027 2664 malo.
3057 2611 3264 2665 Amen.
3294 2629 3317 2662 ι
3341 2607 3566 2674 Quando
3584 2610 3739 2662 autem

509 2705 709 2768 minus
729 2703 864 2756 dicit
892 2721 902 2755 :
941 2721 964 2752 (‹
999 2700 1324 2771 Operamini
1354 2717 1539 2754 escam
1567 2717 1688 2771 quae
1715 2717 1826 2754 non
1854 2717 2108 2756 corrum-
2189 2701 2448 2768 dicimus,
2464 2699 2667 2755 Libera
2679 2714 2782 2753 nos
2800 2699 3000 2753 amalo
3033 2717 3044 2751 :
3075 2699 3222 2753 nihil
3249 2704 3502 2754 remanet
3525 2695 3655 2769 quod
3671 2695 3740 2750 ul-

507 2793 662 2864 pitur
702 2793 882 2858 (Joan.
927 2807 998 2856 v1,
1042 2789 1164 2858 27);
1200 2809 1226 2840 ›
1259 2795 1316 2843 et
1343 2789 1478 2844 illud
1511 2807 1524 2843 :
1563 2808 1588 2841 «
1621 2790 1736 2859 Ego
1782 2806 1907 2844 sum
1945 2790 2106 2861 panis
2187 2797 2278 2846 tra
2301 2791 2482 2844 adhuc
2505 2787 2708 2844 debeat
2727 2788 3019 2860 postulari,
3039 2789 3269 2860 quando
3298 2785 3741 2860 semelprotectio-

511 2882 654 2948 vitae,
689 2879 784 2950 qui
815 2879 884 2933 de
913 2879 1050 2933 cmlo
1078 2879 1337 2932 descendi
1372 2880 1532 2946 (Ibid.
1565 2897 1612 2933 υ.
1659 2877 1750 2949 51)
1783 2897 1793 2932 ;
1824 2899 1848 2931 ›)
1883 2879 1979 2933 sed
2002 2879 2106 2933 ho-
2189 2895 2319 2934 nem.
2337 2879 2440 2934 Dei
2457 2878 2724 2933 adversus
2746 2878 2957 2932 malum
2979 2881 3276 2949 petamus:
3305 2878 3439 2949 quia
3465 2876 3739 2946 impetrata.

509 2987 638 3025 rum
679 2968 812 3040 quid
843 2969 917 3022 sit
962 2967 1303 3038 probabilius
1335 2968 1676 3022 considerari
1726 2973 1928 3040 potest.
1960 2969 2106 3023 Nam
2132 3031 2168 3040 Α
2189 2976 2385 3026 contra
2411 2967 2602 3024 omnia
2627 2985 2750 3038 quae
2771 2965 3028 3022 diabolus
3043 2973 3100 3022 et
3115 2967 3365 3022 mundus
3379 2969 3742 3039 operanturse-

509 3060 653 3126 forte
683 3058 962 3131 quispiam
995 3063 1284 3112 moveatur
1307 3075 1409 3113 cur
1434 3075 1658 3112 oremus
1687 3075 1788 3130 pro
1817 3059 1904 3112 his
1934 3031 2170 3130 adipi-C
2189 3059 2307 3116 curi
2337 3063 2552 3114 stamus
2580 3061 2638 3111 et
2657 3057 2786 3112 tuti.

511 3148 730 3203 scendis
761 3163 884 3218 quae
921 3146 1051 3200 huic
1087 3146 1212 3201 vitae
1251 3153 1384 3202 sunt
1429 3147 1762 3212 necessaria,
1806 3147 1978 3202 veluti
2023 3155 2109 3204 est

508 3237 687 3292 victus
730 3241 791 3290 et
823 3241 1214 3306 tegumentum
1247 3252 1262 3293 :
1291 3253 1420 3290 cum
1463 3237 1582 3307 ipse
1625 3235 1897 3290 Dominus
1925 3235 2057 3292 dicit
2091 3257 2101 3290 :

513 3325 753 3380 «Nolite
783 3325 1004 3380 solliciti
1035 3341 1156 3379 esse
1187 3325 1321 3396 quid
1360 3325 1539 3380 edatis
1581 3330 1680 3380 aut
1723 3325 1857 3396 quid
1905 3325 2107 3380 indua-

510 3415 668 3469 mini.
703 3434 730 3467 »
762 3415 843 3469 De
872 3420 1223 3469 sacramento
1255 3421 1444 3470 autem
1485 3415 1734 3486 corporis
1771 3414 2012 3482 Domini,
2045 3423 2109 3470 ut

507 3503 588 3556 illi
619 3519 731 3556 non
753 3509 1016 3556 moveant
1035 3503 1399 3574 quaestionem
1425 3503 1520 3574 qui
1537 3502 1769 3574 plurimi
1788 3503 1847 3556 in
1866 3503 2108 3558 orienta-

507 3589 652 3646 libus
682 3591 934 3662 partibus
977 3608 1090 3646 non
1139 3593 1386 3663 quotidie
1415 3609 1584 3647 ccenze
1613 3591 1917 3647 Dominica:
1953 3609 2108 3647 com-

509 3681 816 3748 municant,
854 3697 983 3736 cum
1014 3681 1119 3735 iste
1148 3683 1307 3752 panis
1338 3681 1698 3753 quotidianus
1727 3687 1830 3749 est,
1852 3687 2030 3736 restat
2045 3688 2110 3738 ut

510 3771 901 3842 quotidianum
952 3787 1154 3842 panem
1202 3771 1540 3842 accipiamus
1582 3771 1912 3842 spiritalem,
1965 3788 2107 3842 prae-

509 3866 671 3930 cepta
699 3860 916 3914 scilicet
932 3859 1137 3926 divina,
1165 3876 1287 3930 quae
1317 3859 1565 3930 quotidie
1595 3865 1815 3931 oportet
1845 3859 2104 3914 meditari

508 3955 568 4002 et
586 3949 827 4020 operari.
847 3949 993 4002 Nam
1013 3949 1082 4002 de
1103 3949 1238 4019 ipsis
1260 3948 1531 4002 Dominus
1551 3948 1687 4002 dicit
1705 3968 1715 4002 :
1730 3969 1752 3999 «
1777 3949 2104 4020 Operamini

507 4054 693 4092 escam
725 4053 846 4108 quae
875 4053 986 4090 non
1031 4037 1428 4108 corrumpitur,
1466 4058 1488 4088 »
1524 4038 1883 4108 quotidianus
1914 4044 2104 4092 autem

507 4125 614 4180 iste
639 4123 794 4180 cibus
824 4141 972 4179 nunc
1000 4127 1102 4180 Dei
1135 4144 1146 4179 :
1183 4126 1430 4198 quandiu
1469 4127 1578 4180 ista
1622 4127 1738 4181 vita
1780 4127 2106 4198 temporalis

451 4291 464 4294 _
507 4231 609 4287 per
639 4213 760 4268 dies
799 4214 1149 4270 discedentes
1196 4216 1668 4287 succedentesque
1709 4216 2014 4288 peragitur,
2049 4222 2106 4272 et

2790 3202 2864 3255 De
2913 3203 3176 3271 symbolo.

2259 3326 2357 3394 (De
2386 3329 2568 3382 Instit.
2605 3329 2759 3393 cler.,
2785 3330 2822 3380 ι.
2856 3343 2911 3392 n,
2943 3343 2988 3380 ιε.
3021 3321 3132 3394 56.)
3167 3323 3497 3396 Symbolum
3520 3336 3638 3392 ergo
3666 3317 3743 3374 tali

2189 3413 2408 3468 ratione
2451 3414 2771 3468 institutum
2820 3415 3062 3484 majores
3109 3413 3293 3467 nostri
3335 3411 3598 3467 tradunt:
3626 3405 3743 3478 quod

2191 3507 2316 3573 post
2348 3503 2731 3559 ascensionem
2745 3502 2970 3558 Domini
2989 3508 3048 3556 et
3067 3501 3375 3557 Salvatoris
3393 3499 3563 3556 nostri
3579 3497 3643 3552 ad
3665 3495 3744 3550 Ps-

2190 3597 2334 3646 trem
2377 3593 2526 3660 (cum
2568 3597 2696 3664 post
2754 3591 3054 3646 adventum
3115 3592 3300 3646 sancti
3339 3591 3574 3664 Spiritus
3613 3585 3743 3641 disci-

2189 3681 2307 3754 puli
2343 3683 2467 3752 ejus
2491 3682 2827 3736 inﬂammati
2855 3681 3062 3750 linguis
3108 3681 3368 3736 omnium
3411 3678 3648 3750 gentium
3678 3673 3742 3727 lo-

2191 3777 2516 3842 querentur,
2543 3788 2653 3842 quo
2695 3771 2966 3844 praesagio
3011 3776 3378 3825 consecutum
3409 3773 3493 3823 est
3532 3770 3593 3821 ut
3619 3763 3744 3820 nulla

2183 3859 2294 3914 illis
2346 3877 2485 3932 gens
2532 3866 2740 3926 extera,
2775 3861 2930 3914 nulla
2967 3859 3161 3930 lingua
3195 3857 3456 3913 barbaris
3498 3856 3739 3910 inaccessa

2185 3949 2271 4002 vel
2291 3949 2442 4004 invia
2454 3949 2752 4016 videretur)
2775 3955 3116 4021 praeceptum
3139 3948 3222 4002 eis
3239 3953 3327 4003 est
3345 3964 3381 4001 a
3399 3945 3642 4008 Domino,
3669 3941 3742 3996 da—

2188 4044 2308 4093 tum
2334 4039 2404 4092 ad
2432 4038 2848 4110 praedicandum
2869 4038 2970 4092 Dei
2993 4036 3248 4103 verbum,
3267 4037 3340 4091 ad
3359 4035 3599 4106 singulas
3612 4047 3742 4102 quas-

2188 4140 2296 4198 que
2325 4128 2581 4182 nationes
2621 4127 2796 4183 adire.
2829 4127 3142 4182 Discessuri
3189 4127 3384 4198 itaque
3417 4123 3487 4180 ab
3521 4121 3740 4179 invicem.

2186 4233 2442 4272 normam
2490 4217 2646 4288 prius
2691 4216 2798 4271 sibi
2843 4217 3045 4272 futurae
3079 4214 3494 4287 praedicationis
3531 4213 3588 4267 in
3623 4223 3744 4264 com-

507 4319 702 4358 revera
722 4303 972 4375 quandiu
994 4303 1216 4359 nuncin
1236 4303 1541 4376 superiora,
1563 4323 1712 4360 nunc
1731 4307 1790 4360 in
1817 4305 2102 4374 inferiora,
2122 4303 2346 4362 Dmuni
2391 4307 2742 4362 constituunt
2773 4325 2785 4360 :
2818 4323 2890 4360 ne
2944 4305 3198 4360 localiter
3253 4304 3326 4360 ab
3384 4302 3608 4359 invicem
3655 4296 3744 4352 dis-

505 4391 564 4446 id
595 4399 698 4460 est,
731 4409 882 4447 nunc
910 4392 967 4446 in
1013 4391 1306 4464 spiritalia,
1345 4409 1492 4448 nunc
1537 4393 1595 4447 in
1643 4395 1892 4449 carnalia
1933 4394 2105 4449 animi

507 4481 738 4536 allectus
753 4482 999 4538 alternat
1021 4499 1034 4536 :
1059 4487 1329 4554 tanquam
1351 4481 1404 4536 ei
1425 4482 1520 4554 qui
1539 4482 1840 4554 aliquando
1861 4484 2108 4554 past-itur

507 4569 630 4625 cibo
662 4590 673 4624 :
710 4571 1013 4642 aliquando
1047 4571 1250 4626 famem
1285 4572 1517 4642 patitur,
1551 4572 1799 4642 quotidie
1819 4573 1980 4643 panis
1999 4573 2105 4628 iste

508 4660 857 4714 necessarius
887 4667 990 4728 est,
1025 4678 1135 4732 quo
1174 4660 1461 4715 reficiatur
1489 4661 1742 4716 esuriens
1770 4667 1828 4716 et
1854 4663 2105 4717 relevans

511 4747 781 4818 erigatur.
807 4749 966 4812 Quod
995 4755 1185 4805 autem
1205 4766 1409 4821 panem
1429 4749 2026 4821 supersubstantialem
2046 4752 2105 4806 in

509 4837 636 4891 aliis
668 4838 1078 4908 exemplaribus
1109 4839 1367 4910 legimus,
1388 4840 1472 4892 vel
1493 4839 1848 4910 peculiarem,
1867 4841 1952 4894 vel
1967 4857 2106 4911 prac-

506 4927 734 4998 cipuum
763 4927 920 4981 illum
951 4944 1154 4998 panem
1185 4927 1444 4982 similiter
1467 4928 1744 4998 signiﬁcat
1793 4928 1889 4999 qui
1922 4929 2058 4983 dicit
2087 4948 2098 4982 :

512 5032 540 5068 «
561 5015 675 5086 Ego
695 5032 819 5070 sum
836 5015 998 5086 panis
1018 5017 1192 5082 vivus,
1217 5015 1313 5086 qui
1323 5016 1540 5070 deccelo
1552 5009 1812 5070 descendi
1833 5019 2014 5087 (Ιὺίίί.)
2035 5035 2046 5070 :
2073 5041 2096 5065 υ

507 5105 604 5176 qui
632 5105 890 5160 videlicet
936 5111 1024 5160 est
1059 5123 1228 5176 super
1261 5121 1456 5162 omnes
1493 5105 1856 5174 substantias,
1889 5112 1946 5160 et
1973 5106 2102 5162 uni-

508 5207 698 5249 versas
717 5200 947 5265 superat
976 5200 1280 5250 creaturas.

586 5303 608 5332 ι
645 5284 714 5337 Et
741 5283 961 5338 dimitte
991 5283 1151 5339 nobis
1176 5284 1366 5338 debita
1391 5291 1602 5350 nostra,
1635 5284 1780 5338 sicut
1807 5290 1864 5339 et
1891 5301 1992 5339 nos
2021 5285 2102 5338 di-

517 5388 539 5421 ι
575 5371 854 5426 mittimus
896 5373 1242 5428 debitoribus
1279 5375 1504 5430 nostris.
1555 5393 1581 5427 »
1614 5374 1748 5428 Post
1792 5373 2102 5430 subsidium

513 5457 620 5512 cibi
644 5461 858 5530 petitur
885 5468 944 5516 et
971 5463 1130 5518 venia
1159 5464 1366 5532 delicti,
1408 5472 1472 5518 ut
1507 5463 1601 5534 qui
1631 5480 1664 5517 a
1691 5464 1806 5518 Deo
1833 5463 2100 5534 pascitur,

511 5547 570 5602 in
599 5547 716 5602 Deo
743 5550 908 5616 vivat,
941 5567 1044 5605 nec
1073 5553 1293 5610 tantum
1321 5553 1585 5624 praesenti
1615 5558 1674 5607 et
1699 5553 1996 5626 temporali
2027 5553 2104 5608 vi-

2188 4397 2450 4451 cedentes
2478 4395 2761 4450 diversum
2805 4395 3020 4466 aliquid
3067 4395 3153 4450 vel
3190 4393 3483 4449 dissonum
3518 4387 3742 4464 pradica-

2187 4490 2346 4540 retur
2367 4485 2454 4540 his
2487 4485 2584 4556 qui
2611 4485 2682 4540 ad
2712 4485 2880 4539 ﬁdem
2907 4483 3114 4540 Christi
3139 4481 3538 4538 imitabantur.
3566 4479 3741 4534 Omnes

2186 4573 2361 4645 igitur
2379 4575 2439 4628 in
2461 4590 2635 4629 unum
2657 4574 2847 4646 positi,
2861 4579 2919 4628 et
2933 4573 3147 4644 Spiritu
3167 4578 3364 4629 sancto
3383 4569 3589 4642 repleti,
3607 4565 3740 4620 breve

2187 4663 2294 4718 sibi
2349 4663 2761 4735 praedicationis
2804 4663 3073 4718 indicium
3122 4661 3457 4717 conferendo
3503 4658 3557 4712 in
3593 4667 3739 4712 unum

2189 4753 2338 4824 quod
2375 4753 2693 4808 sentiebant
2731 4757 3092 4824 componunt,
3124 4756 3294 4824 atque
3334 4751 3478 4804 hanc
3503 4740 3741 4802 credenti-

2187 4840 2292 4896 bus
2321 4842 2564 4897 dandam
2598 4858 2718 4896 esse
2747 4842 3002 4913 regulam
3030 4845 3306 4896 statuunt.
3329 4836 3636 4911 Symbolum
3660 4845 3737 4884 an-

2185 4935 2302 4986 tem
2325 4931 2430 4986 hoc
2452 4931 2646 4990 multis
2664 4937 2722 4985 et
2733 4931 3063 5002 justissimis
3086 4929 3270 4984 causis
3293 4925 3560 5000 appellari
3585 4922 3735 4976 volne-

2185 5025 2338 5074 runt.
2373 5019 2700 5090 Symbolum
2728 5019 2880 5074 enim
2907 5020 3096 5074 Gmce
3126 5023 3185 5074 et
3221 5016 3489 5074 indicium
3533 5011 3630 5067 dici
3659 5021 3735 5080 po-

2183 5113 2296 5164 test
2323 5114 2382 5164 et
2409 5109 2652 5174 collatio,
2683 5110 2789 5164 hoc
2815 5114 2922 5176 est,
2955 5109 3103 5180 quod
3131 5108 3321 5180 plures
3343 5106 3404 5162 in
3428 5119 3592 5161 unum
3631 5112 3732 5154 con-

2182 5197 2390 5254 ferunt.
2417 5199 2481 5253 Id
2502 5198 2652 5253 enim
2674 5198 2928 5254 fecerunt
2941 5197 3193 5270 Apostoli
3211 5197 3270 5252 in
3288 5195 3376 5250 his
3399 5187 3726 5250 sermonibus»

2183 5286 2242 5342 in
2270 5304 2448 5346 unum
2475 5288 2809 5343 conferendo
2846 5287 3229 5358 unusquisque
3269 5284 3412 5357 quod
3455 5279 3632 5337 sensit.
3659 5276 3730 5330 In-

2183 5376 2391 5432 dicium
2415 5381 2605 5433 autem
2632 5377 2716 5432 vel
2757 5377 2983 5448 signum
3027 5376 3231 5432 idcirco
3266 5373 3486 5439 dicitur,
3515 5365 3648 5440 quod
3681 5363 3726 5415 in

2183 5465 2280 5520 illo
2318 5471 2570 5538 tempore
2606 5466 2752 5522 sicut
2777 5465 2986 5522 Paulus
3015 5465 3170 5533 dicit,
3202 5471 3260 5520 et
3285 5464 3344 5519 in
3369 5459 3584 5516 Actibus
3619 5466 3724 5525 apo-

2185 5555 2458 5612 stolorum
2485 5555 2745 5622 refertur,
2770 5556 2938 5612 multi
2963 5554 3301 5612 simulabant
3317 5569 3378 5610 se
3395 5566 3512 5607 esse
3525 5547 3722 5618 Αροεῒο-
