3982 6158
244 245 390 304 1225

1035 326 1040 334 ι
1107 246 1203 302 DE
1243 245 1797 304 ECCLESIASTICA
1831 248 2266 306 DISCIPLINA.
2310 281 2372 294 —
2414 254 2552 308 LIB.
2595 255 2668 310 ΙΙ.

239 369 326 426 los
355 369 583 437 Christi,
606 371 963 427 nominantes
998 371 1226 443 quidem
1255 371 1562 436 Christum,
1592 372 1692 428 sed
1721 387 1836 428 non
1857 376 1896 433 A
1919 373 2031 428 lam
2049 373 2109 429 in
2137 392 2250 447 qua
2282 377 2378 432 ille
2395 379 2694 434 cruciﬁxus
2717 383 2806 434 est
2841 379 2900 434 in
2931 395 3162 452 corpore
3190 397 3294 438 nos
3329 388 3524 454 gesta-

240 457 480 531 integris
505 460 874 516 traditionum
901 460 1066 516 lineis
1109 461 1452 516 nuntiantes.
1499 461 1710 516 Idcirco
1739 460 1864 532 igi-‘

241 553 338 602 tur
362 547 513 604 istud
541 548 813 605 indicium
851 567 1104 621 posuere,
1137 567 1240 622 per
1267 551 1413 622 quod
1443 553 1842 620 agnosceretur

240 636 289 692 is
309 639 409 709 qui
439 639 725 694 Christum
762 657 890 694 vere
916 640 1220 695 secundum
1257 640 1587 712 apostolicas
1617 642 1841 712 regulas

243 726 592 798 pradicaret.
626 728 725 783 Est
747 733 936 783 autem
966 728 1285 800 symbolum
1314 729 1536 800 signum
1565 746 1668 800 per
1695 729 1842 800 quod

243 816 566 886 agnoscitur
615 817 783 883 Deus,
819 819 1078 889 quodque
1127 817 1358 890 proinde
1383 818 1675 872 credentes
1704 818 1843 873 acci-

243 905 426 975 piunt,
459 911 524 960 ut
559 907 816 961 noverint
862 907 1106 978 qualiter
1149 913 1342 962 contra
1371 906 1657 961 diabolum
1710 907 1842 961 ﬁdei

241 994 553 1050 certamina
581 1002 982 1068 praepararent.
1015 997 1080 1052 In
1111 1013 1222 1068 quo
1260 997 1486 1068 quidem
1508 1012 1685 1068 pauca
1713 1002 1847 1050 sunt

239 1082 428 1149 verba,
459 1084 556 1138 sed
586 1085 777 1140 omnia
803 1085 1164 1140 continentur
1200 1089 1571 1140 sacramenta.
1603 1085 1684 1140 De
1711 1085 1844 1140 totis

242 1172 395 1227 enim
445 1171 768 1245 Scripturis,
822 1173 940 1228 haec
993 1173 1287 1229 breviatim
1335 1173 1564 1228 collecta
1605 1179 1738 1228 sunt
1775 1173 1844 1228 ab

241 1261 510 1333 apostolis
543 1269 647 1328 ;ut
674 1261 940 1334 quoniam
987 1264 1179 1334 plures
1234 1262 1582 1318 credentium
1627 1263 1846 1318 litteras

239 1350 522 1418 nesciunt,
579 1351 665 1406 vel
721 1351 817 1424 qui
876 1351 1064 1406 sciunt
1107 1352 1590 1424 praeoccupatione
1657 1353 1844 1406 saeculi

240 1439 562 1511 Scripturas
590 1441 776 1511 legere
805 1457 918 1496 non
962 1446 1216 1512 possunt,
1255 1442 1372 1496 haec
1398 1441 1563 1496 corde
1591 1440 1842 1496 retinen-

237 1533 348 1594 tes,
408 1528 653 1584 habeant
708 1530 1080 1584 sufﬁcientem
1131 1529 1234 1584 sibi
1278 1530 1572 1584 scientiam
1629 1531 1842 1584 saluta-

234 1633 384 1671 rem.
416 1618 515 1672 Est
543 1618 695 1673 enim
725 1618 890 1673 breve
919 1619 1048 1673 ﬁdei
1077 1617 1329 1683 verbum,
1362 1625 1420 1673 et
1447 1619 1582 1672 olim
1617 1635 1652 1672 a
1701 1619 1842 1672 Pro-

235 1706 413 1776 pheta
441 1707 768 1778 praedictum
802 1725 814 1760 :
854 1727 880 1759 α
927 1707 1205 1772 Quoniam
1251 1707 1480 1762 verbum
1526 1693 1903 1762 breviatumB

232 1793 408 1850 faciet
434 1795 707 1851 Dominus
735 1811 905 1866 super
926 1801 1158 1851 terram.
1195 1816 1222 1849 ι»
1255 1795 1413 1860 Quod
1434 1795 1538 1850 hoc
1552 1801 1746 1851 tenore
1761 1812 1845 1851 re-

233 1883 467 1938 citatur.

313 1991 337 2023 ι
381 1973 562 2028 Credo
593 1973 652 2029 in
685 1975 864 2028 Deum
900 1973 1128 2028 Patrem
1150 1973 1594 2045 omnipotentem
1623 1978 1839 2028 creato-

1920 479 2045 518 mus
2066 463 2122 518 in
2147 464 2350 521 fronte.
2383 467 2649 538 Sepultus
2677 473 2764 523 est
2789 469 2936 524 sicut
2951 469 3010 524 in
3037 471 3276 527 veritate
3303 477 3471 528 natus
3504 493 3518 540 ;

1922 551 2002 606 ita
2032 558 2090 606 et
2109 553 2166 609 in
2189 554 2421 610 veritate
2442 563 2698 612 mortuus
2727 562 2786 612 et
2809 558 3082 630 sepultus.

2000 660 2026 693 «
2059 642 2358 699 Descendit
2385 646 2454 699 ad
2501 645 2736 713 inferna,
2789 647 2960 702 tertia
3011 648 3103 703 die
3158 650 3464 706 resurrexit
3489 665 3528 706 a‘

1931 749 1958 780 α
1989 732 2246 786 mortuis.
2285 753 2308 784 ι
2340 734 2637 790 Τι’ἱάιωηω
2673 736 2975 807 sepulturae
3032 755 3192 793 mora
3239 739 3526 796 evidenter

1924 821 2188 887 ostendit,
2221 822 2366 892 quod
2397 823 2532 877 dum
2549 841 2750 895 corpus
2771 825 2826 878 in
2851 827 3106 897 sepulcro
3113 828 3310 898 jacuit,
3335 827 3526 884 anima

1923 906 2020 962 illa
2038 909 2108 962 de
2144 909 2337 964 inferis
2354 911 2737 984 triumphavit.

2000 1015 2028 1052 α
2051 999 2318 1053 Ascendit
2344 1001 2416 1054 ad
2440 1003 2606 1056 ccelos
2639 1020 2650 1054 :
2677 1003 2835 1057 sedet
2853 1004 2923 1057 ad
2949 1004 3237 1058 dexteram
3282 1005 3384 1060 Dei
3429 1022 3525 1078 pa-

1931 1105 1956 1137 «
1983 1086 2088 1140 tris
2116 1089 2534 1160 omnipotentis.
2564 1109 2587 1140 ι
2621 1090 2753 1146 Ideo
2777 1092 3155 1148 conditionem
3181 1098 3400 1152 naturae
3427 1110 3525 1150 no-

1927 1179 2058 1228 stra
2079 1191 2248 1246 quam
2280 1177 2349 1231 de
2374 1177 2601 1232 homine
2622 1184 2802 1233 matre
2822 1184 2989 1234 natus
3025 1182 3335 1253 assumpsit
3354 1199 3526 1254 super

1928 1264 2095 1318 caelos
2136 1263 2195 1318 in
2249 1265 2535 1320 dexteram
2590 1267 2690 1321 Dei
2719 1267 2904 1323 Patris
2932 1269 3238 1326 collocavit.
3283 1259 3526 1327 Dextera

1927 1358 2117 1408 autem
2135 1354 2319 1408 Patris
2333 1355 2390 1409 in
2421 1371 2533 1426 qua
2561 1355 2756 1411 sedere
2775 1357 2983 1412 dicitur
2992 1373 3104 1413 non
3121 1364 3208 1414 est
3234 1376 3520 1433 corporea,

1927 1443 2074 1514 quod
2102 1443 2257 1498 nefas
2287 1449 2372 1498 est
2399 1444 2468 1498 de
2498 1445 2612 1500 Deo
2644 1445 2870 1512 sentire,
2898 1447 3032 1518 quia
3058 1447 3524 1521 divinamajestas

1924 1531 2233 1586 secundum
2262 1532 2504 1604 speciem
2533 1534 2840 1588 humanam
2883 1535 3033 1590 latus
3071 1551 3186 1591 non
3211 1537 3382 1592 habet
3426 1538 3525 1594 sed

1921 1619 2298 1692 gloria'atque
2328 1621 2614 1676 beatitudo
2644 1622 2847 1676 Patris.
2880 1623 3131 1678 Dextera
3169 1626 3292 1696 ejus
3322 1625 3528 1682 dicitur

1926 1707 1985 1762 in
2016 1726 2128 1780 qua
2155 1709 2329 1764 Filius
2357 1709 2666 1765 secundum
2702 1711 3114 1768 humanitatem
3133 1714 3310 1782 sedet,
3333 1714 3392 1770 id
3417 1721 3520 1784 est,

1925 1796 1985 1850 in
2006 1802 2341 1868 perpetuum
2361 1804 2580 1868 regnat.

2001 1905 2023 1937 ι
2058 1886 2195 1940 Inde
2223 1890 2492 1941 venturus
2515 1887 2772 1957 judicare
2793 1888 2944 1944 vivos
2983 1895 3040 1944 et
3066 1897 3337 1947 mortuos.
3381 1911 3410 1946 ι
3459 1894 3526 1950 In

1922 1975 2044 2046 ipso
2101 1991 2331 2046 corpore
2404 1981 2674 2030 venturus
2718 1982 2806 2030 est
2851 1977 2920 2030 ad
2963 1977 3261 2048 judicium,
3303 1979 3362 2034 in
3413 1997 3524 2052 quo

3383 255 3523 317 1226
3609 249 3612 252 ’

237 2078 266 2112 α
293 2077 414 2116 rem
444 2062 569 2116 cmli
597 2068 656 2117 et
681 2067 868 2118 tense.
902 2081 932 2116 ι
965 2063 1110 2133 Ergo
1138 2062 1196 2116 in
1227 2063 1409 2134 primo
1439 2060 1610 2116 habet
1637 2061 1835 2116 Credo.
1921 2063 2173 2128 ascendit
2211 2063 2282 2118 ad
2301 2065 2522 2131 caelum,
2555 2071 2620 2120 ut
2647 2065 2996 2121 Christianos
3015 2067 3232 2138 judicet
3257 2074 3315 2124 et
3347 2085 3522 2141 paga-

235 2149 409 2205 Vides
428 2151 578 2221 quod
599 2151 872 2206 Dominus
897 2155 1088 2206 noster
1117 2167 1230 2206 non
1260 2167 1362 2206 nos
1371 2150 1534 2222 jubet
1558 2150 1838 2206 discutere
1920 2169 2041 2220 nos,
2068 2155 2252 2223 justos
2278 2158 2336 2206 et
2353 2159 2689 2224 peccatores,
2722 2154 2914 2209 ﬁdeles
2929 2159 2987 2210 et
3013 2155 3233 2228 impios.

230 2239 429 2294 divina
451 2239 683 2310 judicia,
717 2240 815 2294 sed
843 2240 1092 2306 credere,
1125 2256 1228 2294 nec
1275 2239 1554 2294 rationem
1581 2239 1838 2310 require-
1996 2259 2021 2290 ι
2053 2240 2232 2295 Credo
2255 2241 2314 2296 in
2347 2241 2618 2313 Spiritum
2668 2248 2945 2297 sanctum.
2974 2261 3002 2297 υ
3033 2245 3323 2300 Advertite
3372 2249 3522 2318 quod

231 2343 322 2394 re,
345 2328 444 2383 sed
465 2328 634 2383 ﬁdem
663 2327 1012 2400 simpliciter,
1045 2333 1104 2384 et
1147 2328 1512 2383 immobiliter
1554 2327 1834 2383 exhibere.
1919 2325 2062 2380 sicut
2081 2327 2140 2380 in
2160 2327 2404 2393 Patrem,
2429 2329 2510 2384 ita
2538 2334 2596 2382 et
2614 2329 2673 2383 in
2702 2329 2906 2384 Filium
2925 2336 2983 2386 et
3010 2331 3069 2386 in
3097 2333 3369 2405 Spiritum
3397 2351 3524 2389 san-

235 2434 269 2470 ¢
293 2417 360 2472 In
387 2417 567 2472 Deum
593 2419 842 2484 Patrem,
866 2441 891 2468 ι
919 2418 1207 2473 Advertite
1232 2418 1380 2490 quod
1395 2434 1522 2472 cum
1537 2417 1639 2472 Dei
1662 2416 1837 2488 patris
1919 2418 2072 2467 ctum
2100 2414 2175 2468 sit
2191 2417 2548 2472 credendum.
2572 2420 2718 2473 Nam
2747 2419 2844 2490 qui
2865 2420 2949 2474 vel
2977 2419 3036 2474 in
3052 2437 3226 2476 unam
3245 2422 3314 2478 de
3341 2423 3522 2478 Trini-

232 2522 450 2561 nomen
477 2506 537 2560 in
566 2505 910 2562 confessione
937 2507 1246 2578 conjungit,
1283 2506 1529 2562 ostendit
1556 2506 1704 2578 quod
1732 2523 1844 2561 non
1926 2508 2043 2556 tate
2070 2520 2364 2576 personam
2397 2521 2510 2559 non
2547 2506 2864 2573 crediderit,
2889 2507 2949 2562 in
2976 2507 3195 2564 duabus
3235 2510 3318 2565 illi
3346 2510 3523 2566 credi-

231 2601 376 2649 ante
403 2595 554 2649 Deus
581 2611 703 2650 esse
730 2595 959 2666 coeperit
1015 2601 1072 2650 et
1118 2600 1313 2667 postea
1364 2601 1540 2667 pater,
1576 2595 1674 2650 sed
1721 2595 1843 2650 sine
1925 2591 2074 2646 disse
2102 2608 2215 2646 non
2245 2593 2512 2663 proderit.

229 2683 359 2738 ullo
385 2683 547 2738 initio
573 2690 631 2738 et
648 2685 800 2739 Deus
827 2701 1050 2756 semper
1077 2690 1135 2739 et
1156 2690 1318 2756 pater
1339 2715 1347 2725 κ
1369 2691 1475 2738 est.
1507 2683 1653 2748 Quia
1709 2701 1840 2755 ergo
1997 2697 2024 2732 α
2052 2681 2314 2736 Sanctam
2345 2682 2647 2737 Ecclesiam
2667 2683 3018 2738 catholicam.
3048 2703 3072 2736 ι
3099 2685 3343 2741 Ecclesia
3371 2687 3522 2744 Grae-

231 2789 466 2844 semper
490 2772 599 2828 fuit
626 2779 806 2846 pater,
830 2790 1052 2845 semper
1103 2773 1303 2828 habuit
1331 2773 1510 2828 ﬁlium
1537 2773 1628 2828 cui
1681 2779 1843 2845 pater
1923 2783 2004 2835 ce,
2059 2770 2256 2824 Latine
2280 2770 2503 2826 collatio
2547 2771 2635 2825 vel
2701 2771 2916 2827 vacatio
2967 2773 3190 2842 dicitur,
3249 2791 3316 2830 eo
3371 2777 3524 2847 quod

230 2866 347 2916 est.
386 2879 409 2911 ι
434 2862 890 2934 Omnipotentem
915 2881 940 2915 ››
972 2878 1102 2916 vero
1137 2862 1262 2916 ideo
1315 2861 1452 2916 dicit
1496 2861 1629 2933 quia
1659 2862 1841 2916 omni-
1924 2876 2118 2915 omnes
2145 2861 2217 2916 ad
2262 2878 2322 2915 se
2350 2867 2524 2928 vocet,
2551 2862 2696 2918 etin
2743 2880 2919 2918 unum
2957 2872 3276 2936 congreget.
3336 2867 3528 2925 Scien-

229 2955 440 3022 potens
466 2955 570 3016 est,
605 2951 808 3022 cuique
835 2950 974 3005 nihil
996 2950 1338 3021 impossibile
1359 2956 1445 3005 est
1468 2969 1480 3017 ;
1506 2950 1602 3022 qui
1615 2951 1836 3018 coelum,
1861 3008 1900 3022 ﬂ
1923 2949 2058 3004 dum
2086 2955 2172 3004 est
2193 2951 2340 3022 quod
2371 2950 2675 3006 Ecclesiam
2705 2953 2952 3020 credere,
2984 2970 3097 3008 non
3117 2959 3310 3010 tamen
3336 2954 3396 3011 in
3425 2957 3525 3013 Ec-

227 3045 472 3105 terram,
505 3056 677 3104 mare,
701 3039 978 3103 homines,
1011 3045 1181 3111 atque
1239 3039 1430 3094 omnia
1478 3039 1748 3094 animalia
1783 3045 1841 3096 et
1857 3039 1902 3069 υ
1922 3039 2150 3094 clesiam
2180 3040 2406 3094 credere
2429 3039 2749 3105 debeamus,
2783 3042 2917 3113 quia
2943 3042 3186 3098 Ecclesia
3211 3061 3325 3100 non
3344 3044 3517 3115 Deus,

227 3128 485 3200 reptilia.
519 3145 632 3184 non
655 3129 843 3200 aliquo
870 3127 1056 3200 operis
1083 3133 1231 3196 actu,
1251 3128 1349 3182 sed
1369 3129 1488 3183 solo
1514 3127 1667 3182 verbi
1683 3146 1840 3184 crea-
1923 3130 2020 3184 sed
2045 3129 2246 3184 domus
2265 3129 2372 3184 Dei
2402 3135 2506 3184 est.
2537 3131 2882 3186 Catholicam
2918 3131 3071 3199 dicit,
3103 3139 3222 3188 toto
3250 3133 3384 3188 orbe
3421 3133 3524 3189 dif-

224 3217 317 3272 vit
345 3217 602 3288 imperio,
637 3223 694 3272 et
711 3217 836 3272 ideo
867 3233 978 3272 non
1018 3216 1180 3272 nobis
1201 3216 1391 3272 veniat
1423 3217 1481 3272 in
1507 3217 1841 3288 cogitatione
1922 3218 2126 3284 fusam,
2149 3219 2638 3289 quiadiversorum
2670 3218 3058 3275 haereticorum
3101 3221 3356 3277 Ecclesiae
3397 3221 3524 3278 ideo

229 3305 524 3378 quomodo
552 3306 658 3360 hoc
685 3311 784 3360 aut
811 3306 949 3360 illud
976 3306 1162 3378 potuit
1189 3305 1332 3374 ﬁeri,
1363 3305 1459 3377 qui
1489 3307 1842 3376 omnipoten-
1925 3307 2207 3361 catholicae
2251 3323 2366 3361 non
2414 3307 2696 3372 dicuntur,
2756 3307 2892 3378 quia
2918 3324 3020 3378 per
3048 3309 3172 3362 loca
3204 3314 3374 3381 atque
3423 3327 3526 3382 per

224 3401 356 3450 tem
385 3393 747 3467 praecipimur
791 3395 1046 3450 conﬁteri
1077 3399 1387 3450 creatorem
1415 3394 1539 3448 caeli
1567 3399 1625 3447 et
1654 3399 1837 3449 terrae.
1925 3411 2054 3449 suas
2097 3411 2346 3466 quasque
2377 3393 2690 3465 provincias
2737 3395 3112 3450 continentur.
3146 3397 3277 3452 Haec
3305 3414 3436 3452 vero
3489 3415 3526 3453 a
3557 3436 3572 3457 κ

227 3485 362 3539 Hoc
389 3483 581 3554 agitur
607 3484 756 3555 quod
807 3485 1066 3555 superius
1095 3483 1230 3551 dixi,
1273 3483 1407 3555 quia
1439 3501 1462 3534 ε
1498 3482 1688 3537 omnia
1723 3481 1844 3536 sola
1923 3483 2056 3536 solis
2085 3489 2213 3537 ortu
2239 3499 2418 3556 usque
2448 3483 2521 3538 ad
2541 3498 2797 3536 occasum
2843 3483 3012 3539 unius
3055 3483 3188 3538 fidei
3225 3485 3524 3556 splendore

209 3571 394 3628 ~verbi
425 3578 703 3644 potestate
731 3573 982 3644 perfecit.
1021 3595 1044 3623 ι
1923 3569 2276 3624 diffunditur.

309 3679 342 3714 ι
377 3661 450 3716 Et
469 3661 527 3715 in
546 3662 737 3716 Jesum
775 3661 1062 3716 Christum
1088 3659 1294 3716 Filium
1323 3659 1446 3730 ejus
1472 3658 1702 3713 unicum
1729 3654 1842 3710 Do-
1999 3675 2026 3710 α
2057 3659 2390 3714 Sanctorum
2411 3656 2885 3725 communionem,
2917 3677 2941 3710 ι
2987 3658 3046 3714 id
3098 3665 3203 3728 est,
3243 3677 3373 3716 cum
3413 3662 3524 3718 illis

231 3772 260 3798 α
297 3749 526 3806 minum
559 3755 836 3805 nostrum.
873 3767 901 3803 ι
947 3748 1234 3804 Advertite
1276 3747 1426 3819 quod
1471 3743 1752 3818 quomodo
1780 3743 1842 3797 in
1925 3747 2133 3803 sanctis
2161 3747 2258 3818 qui
2278 3747 2337 3801 in
2365 3748 2470 3802 hac
2498 3763 2669 3819 quam
2719 3745 3054 3818 suscipimus
3110 3748 3222 3802 ﬁde
3275 3749 3526 3806 defuncti

225 3844 465 3910 patrem
491 3838 571 3892 sic
595 3843 654 3892 et
695 3839 754 3892 in
783 3838 964 3893 ﬁlium
989 3838 1332 3894 credendum
1361 3837 1452 3904 sit,
1476 3843 1534 3891 et
1563 3835 1696 3907 quia
1715 3849 1842 3889 cum
1925 3842 2074 3902 suut,
2105 3836 2430 3891 societatem
2459 3841 2516 3891 et
2537 3835 2655 3908 spei
2693 3835 3143 3892 communionem
3176 3842 3484 3894 teneamus.

224 3933 402 4000 patre
433 3927 667 3998 aequalis
710 3932 796 3982 est
840 3928 1136 3998 majestate
1173 3932 1396 3982 tantum
1424 3925 1531 3998 ipsi
1570 3928 1844 3996 quantum
2002 3944 2026 3976 ι
2050 3925 2456 3980 Remissionem
2509 3929 2886 3996 peccatorum.
2934 3947 2957 3974 ι
3023 3923 3216 3981 Prima
3269 3927 3524 3984 remissio

225 4023 293 4071 et
310 4016 470 4088 patri
489 4015 734 4081 honoris,
763 4022 986 4070 tantum
1015 4031 1118 4071 nos
1153 4015 1356 4070 debere
1383 4015 1641 4070 novimus
1669 4011 1844 4068 servi-
1926 4017 2278 4084 peccatorum
2301 4029 2403 4085 per
2418 4011 2682 4084 baptismi
2707 4013 2971 4082 gratiam,
2991 4013 3238 4069 secunda
3253 4031 3354 4086 per
3381 4031 3528 4070 mar-

223 4105 382 4160 tutis
409 4103 762 4176 obsequium.
803 4128 821 4153 ι
877 4105 1070 4160 Jesum
1101 4104 1388 4159 Christum
1417 4121 1446 4158 ι
1495 4102 1650 4168 dicit,
1684 4101 1845 4156 Jesus
1925 4101 2155 4174 tyrium,
2185 4101 2354 4156 tertia
2377 4117 2508 4156 vero
2538 4117 2638 4173 per
2684 4101 3126 4157 satisfactionem
3162 4102 3524 4174 pcenitcntiae.

225 4193 506 4250 Salvator
537 4192 961 4265 interpretatur.
1005 4192 1261 4248 Christus
1291 4208 1421 4248 vero
1467 4209 1503 4248 a
1545 4190 1846 4246 chrismate
1927 4191 2062 4256 Quae
2088 4197 2280 4246 tamen
2334 4189 2694 4245 remissiones
2746 4197 3104 4262 peccatorum
3151 4196 3310 4246 extra
3355 4193 3526 4248 ﬁdem

223 4283 474 4348 dicitur,
535 4281 668 4354 quia
719 4281 866 4336 sicut
911 4281 1131 4354 antiqui
1186 4298 1346 4354 reges
1375 4298 1411 4336 a
1462 4277 1905 4381 sacerdotibusD
1926 4285 2096 4350 atque
2123 4279 2399 4334 unitatem
2428 4277 2684 4333 Ecclesiae
2711 4278 2940 4333 omnino
2983 4295 3096 4332 non
3154 4278 3316 4333 ﬁunt.
3381 4280 3526 4335 Sunt

220 4387 404 4429 sacro
418 4370 544 4426 oleo
558 4370 1034 4442 perungebantur,
1067 4370 1146 4424 sic
1160 4371 1435 4426 Dominus
1463 4374 1656 4425 noster
1681 4367 1903 4424 Jesus”
1924 4367 2074 4424 enim
2127 4374 2186 4422 et
2225 4369 2349 4427 aliae
2405 4367 2764 4422 remissnones
2821 4371 3200 4437 peccatorum.
3245 4368 3362 4422 Hoc
3415 4373 3519 4452 est,

221 4459 506 4516 Christus
533 4459 778 4530 Spiritus
793 4460 970 4514 sancti
999 4459 1278 4515 inlusione
1304 4460 1552 4532 repletus
1579 4463 1682 4513 est.

308 4565 342 4604 α
378 4546 491 4612 Qui
519 4553 821 4620 conceptus
848 4553 936 4604 est
961 4547 1031 4604 de
1062 4548 1276 4621 Spiritu
1304 4553 1517 4604 sancto.
1543 4567 1570 4600 ι)
1599 4547 1725 4602 Non
1749 4560 1845 4616 po-

219 4641 396 4696 terat
419 4636 648 4692 aliunde
704 4652 876 4710 quam
926 4637 996 4692 de
1031 4637 1149 4694 Deo
1183 4637 1492 4709 concipere,
1527 4635 1622 4708 qui
1665 4634 1846 4690 Deum

219 4725 460 4783 meruit
488 4741 799 4798 procreare.

311 4835 342 4869 α
376 4815 562 4871 Natus
587 4831 656 4870 ex
666 4814 846 4870 Maria
867 4813 1100 4885 virgine.
1126 4835 1154 4863 ο
1169 4815 1296 4870 Non
1324 4815 1510 4887 potuit
1534 4828 1648 4869 non
1674 4811 1850 4866 talem

1925 4473 2026 4528 per
2045 4455 2451 4526 indulgentiam
2483 4453 2858 4518 inimicorum,
2893 4470 2995 4525 per
3039 4468 3232 4508 veram
3277 4452 3524 4508 charita-

1924 4551 2058 4609 tem,
2093 4561 2194 4615 per
2221 4560 2391 4615 Opera
2417 4541 2832 4608 misericordiae,
2867 4559 2970 4614 per
2994 4541 3225 4597 verbum
3260 4541 3524 4613 praedica-

1926 4634 2115 4701 tionis,
2147 4635 2194 4689 si
2224 4633 2348 4706 quis
2365 4630 2611 4687 converti
2630 4630 2826 4686 fecerit
2857 4637 3208 4704 peccatorem
3235 4630 3306 4686 ab
3331 4647 3522 4688 errore

1929 4723 2030 4778 viae
2051 4739 2184 4777 suae.

2005 4831 2032 4868 α
2065 4811 2262 4870 Carnis
2286 4809 2775 4866 resurrectionem.
2803 4831 2826 4858 ιι
2856 4810 3097 4864 Carnem
3121 4824 3292 4880 quam
3328 4808 3388 4864 in
3416 4809 3523 4864 hac

217 4905 454 4961 habere
483 4909 835 4977 conceptum,
863 4919 988 4975 quae
1004 4903 1162 4974 virgo
1183 4908 1306 4958 erat
1321 4915 1694 4976 permansura
1718 4905 1848 4973 post
1925 4904 2040 4958 vita
2057 4901 2161 4958 sub
2181 4900 2406 4956 mortali
2432 4899 2750 4955 conditione
2769 4903 3058 4970 portamus
3078 4902 3523 4954 resurrecturam

215 4998 496 5067 partum.

306 5099 340 5136 ι
383 5082 595 5136 Passus
634 5077 740 5136 sub
767 5080 969 5136 Pontio
995 5080 1194 5136 Pilato.
1221 5099 1248 5134 ι
1282 5081 1394 5136 Iste
1422 5080 1638 5136 Pilatus
1667 5079 1844 5134 Judex
1881 5119 1884 5124 .

210 5177 362 5229 erat
385 5170 448 5224 in
475 5168 572 5224 illo
596 5173 850 5240 tempore
876 5169 947 5224 ab
965 5169 1305 5241 imperatore
1332 5171 1548 5242 positus
1575 5169 1636 5224 in
1652 5168 1845 5224 Iudaea

1926 5007 2047 5048 esse
2100 4990 2498 5056 immortalem,
2561 5005 2628 5043 ac
2674 4987 2954 5042 rationem
3020 4984 3370 5041 reddituram
3415 5003 3520 5059 pro

1925 5081 2126 5135 animae
2155 5078 2436 5134 consortio
2465 5076 2779 5132 credamus.

2001 5190 2024 5221 ε
2056 5169 2245 5224 Vitam
2271 5173 2558 5223 aeternam.
2593 5184 2620 5218 ι
2651 5165 2877 5237 Absque
2919 5164 3036 5219 ulla
3061 5163 3410 5220 dubitatione
3446 5164 3525 5219 fa-

209 5259 341 5318 sub
362 5274 480 5331 quo
500 5257 772 5312 Dominus
799 5274 997 5328 passus
1027 5263 1114 5314 est
1143 5276 1154 5312 :
1181 5259 1344 5330 cujus
1363 5259 1576 5313 mentio
1605 5257 1676 5312 ad
1705 5263 1844 5312 tem-
1922 5262 2148 5314 teamur
2169 5275 2271 5312 nos
2307 5256 2482 5312 vitam
2521 5261 2790 5310 aeternam
2845 5259 3262 5320 consecuturos,
3321 5251 3369 5308 si
3407 5253 3525 5310 haec

213 5349 398 5424 poris
425 5345 914 5416 signiﬁcationem,
938 5364 1052 5404 non
1070 5347 1142 5404 ad
1162 5365 1413 5421 personae
1433 5347 1582 5403 illius
1600 5347 1846 5420 pertinet
1929 5351 2298 5413 sacramenta,
2358 5362 2481 5418 quae
2533 5342 2686 5398 vobis
2737 5342 3086 5414 exponimus,
3142 5341 3384 5398 ﬁdeliter
3447 5348 3528 5400 te-

209 5436 602 5510 dignitatem.
1789 5458 1792 5462 '
1929 5451 2186 5500 neamus,
2217 5451 2284 5488 ac
2301 5433 2462 5488 bonis
2512 5430 2731 5486 actibus
2786 5445 3212 5486 conservemus:
3237 5429 3356 5486 haec
3375 5430 3527 5486 enim

311 5545 346 5580 ι
377 5523 717 5592 Cruciﬁxus,
751 5529 1010 5583 mortuus
1037 5531 1098 5583 et
1123 5527 1395 5598 sepultus.
1441 5543 1470 5580 ιο
1515 5526 1751 5582 Crucem
1781 5524 1852 5580 il-
1933 5530 2021 5580 est
2049 5522 2338 5597 apostolici
2380 5519 2620 5594 symboli
2665 5524 2820 5578 recta
2843 5537 2910 5576 ac
2933 5536 3066 5577 vera
3115 5519 3526 5594 interpretatio.

490 5624 758 5688 Panos.
794 5623 954 5687 CXII
3213 5621 3293 5682 39
