  <div class='ocr_page' id='page_1' title='image "/cluster/home/n/w/nwhite01/storage/ocr_20150623/112/hvd.32044054759774/620.png"; bbox 0 0 3892 6150; ppageno 0'>
   <div class='ocr_carea' id='block_1_1' title="bbox 281 417 838 432">
    <p class='ocr_par' dir='ltr' id='par_1_1' title="bbox 281 417 838 432">
     <span class='ocr_line' id='line_1_1' title="bbox 281 417 838 432; baseline -0.004 -6"><span class='ocrx_word' id='word_1_1' title='bbox 281 417 838 432; x_wconf 46' lang='grc' dir='ltr'><strong>,ΠΜ-..η-</strong></span> 
     </span>
    </p>
   </div>
   <div class='ocr_carea' id='block_1_2' title="bbox 845 419 1303 432">
    <p class='ocr_par' dir='ltr' id='par_1_2' title="bbox 845 419 1303 432">
     <span class='ocr_line' id='line_1_2' title="bbox 845 419 1303 432; baseline 0.002 -3"><span class='ocrx_word' id='word_1_2' title='bbox 845 419 1303 432; x_wconf 55' lang='grc' dir='ltr'><strong>σ-υν--ν--υ-ος-ι.</strong></span> 
     </span>
    </p>
   </div>
   <div class='ocr_carea' id='block_1_3' title="bbox 1039 251 2604 354">
    <p class='ocr_par' dir='ltr' id='par_1_3' title="bbox 1039 251 2604 354">
     <span class='ocr_line' id='line_1_3' title="bbox 1039 251 2604 354; baseline 0.001 -12"><span class='ocrx_word' id='word_1_3' title='bbox 1039 285 1132 342; x_wconf 75' lang='lat' dir='ltr'><strong>ne</strong></span> <span class='ocrx_word' id='word_1_4' title='bbox 1174 284 1726 348; x_wconf 73' lang='lat' dir='ltr'><strong>ECCLESIASTICA</strong></span> <span class='ocrx_word' id='word_1_5' title='bbox 1761 251 2190 354; x_wconf 74' lang='lat' dir='ltr'><strong>DlSCIPLlNA.</strong></span> <span class='ocrx_word' id='word_1_6' title='bbox 2225 323 2288 338; x_wconf 75' lang='grc'><strong>.-</strong></span> <span class='ocrx_word' id='word_1_7' title='bbox 2323 288 2459 350; x_wconf 80' lang='lat' dir='ltr'><strong>ue.</strong></span> <span class='ocrx_word' id='word_1_8' title='bbox 2503 290 2604 346; x_wconf 84' lang='lat' dir='ltr'><strong>III.</strong></span> 
     </span>
    </p>
   </div>
   <div class='ocr_carea' id='block_1_4' title="bbox 3296 289 3434 352">
    <p class='ocr_par' dir='ltr' id='par_1_4' title="bbox 3296 289 3434 352">
     <span class='ocr_line' id='line_1_4' title="bbox 3296 289 3434 352; baseline 0.007 -5"><span class='ocrx_word' id='word_1_9' title='bbox 3296 289 3434 352; x_wconf 75' lang='lat'><strong>1230</strong></span> 
     </span>
    </p>
   </div>
   <div class='ocr_carea' id='block_1_5' title="bbox 1451 545 2216 630">
    <p class='ocr_par' dir='ltr' id='par_1_5' title="bbox 1451 545 2216 630">
     <span class='ocr_line' id='line_1_5' title="bbox 1451 545 2216 630; baseline -0.003 -8"><span class='ocrx_word' id='word_1_10' title='bbox 1451 545 1738 623; x_wconf 86' lang='lat' dir='ltr'><strong>LIBER</strong></span> <span class='ocrx_word' id='word_1_11' title='bbox 1787 545 2216 630; x_wconf 82' lang='lat' dir='ltr'><strong>TERTIUS.</strong></span> 
     </span>
    </p>
   </div>
   <div class='ocr_carea' id='block_1_6' title="bbox 1288 695 2338 760">
    <p class='ocr_par' dir='ltr' id='par_1_6' title="bbox 1288 695 2338 760">
     <span class='ocr_line' id='line_1_6' title="bbox 1288 695 2338 760; baseline -0.001 -4"><span class='ocrx_word' id='word_1_12' title='bbox 1288 696 1400 757; x_wconf 90' lang='lat' dir='ltr'><strong>DE</strong></span> <span class='ocrx_word' id='word_1_13' title='bbox 1444 695 1738 759; x_wconf 83' lang='lat' dir='ltr'><strong>AGONE</strong></span> <span class='ocrx_word' id='word_1_14' title='bbox 1781 696 2338 760; x_wconf 80' lang='lat' dir='ltr'><strong>CHRISTIANO.</strong></span> 
     </span>
    </p>
   </div>
   <div class='ocr_carea' id='block_1_7' title="bbox 273 935 3443 1018">
    <p class='ocr_par' dir='ltr' id='par_1_7' title="bbox 273 935 3443 1018">
     <span class='ocr_line' id='line_1_7' title="bbox 273 935 3443 1018; baseline 0.003 -22"><span class='ocrx_word' id='word_1_15' title='bbox 273 937 544 1009; x_wconf 80' lang='lat' dir='ltr'><strong>Descriptis</strong></span> <span class='ocrx_word' id='word_1_16' title='bbox 589 952 721 1009; x_wconf 85' lang='lat' dir='ltr'><strong>ergo</strong></span> <span class='ocrx_word' id='word_1_17' title='bbox 762 937 1132 996; x_wconf 77' lang='lat' dir='ltr'><strong>sacramentis</strong></span> <span class='ocrx_word' id='word_1_18' title='bbox 1175 936 1396 1004; x_wconf 77' lang='lat' dir='ltr'><strong>divinis,</strong></span> <span class='ocrx_word' id='word_1_19' title='bbox 1444 937 1500 994; x_wconf 91' lang='lat' dir='ltr'><strong>in</strong></span> <span class='ocrx_word' id='word_1_20' title='bbox 1560 937 1763 1009; x_wconf 84' lang='lat' dir='ltr'><strong>quibus</strong></span> <span class='ocrx_word' id='word_1_21' title='bbox 1779 940 1828 998; x_wconf 89' lang='lat' dir='ltr'><strong>A</strong></span> <span class='ocrx_word' id='word_1_22' title='bbox 1845 935 2053 996; x_wconf 81' lang='lat' dir='ltr'><strong>habere</strong></span> <span class='ocrx_word' id='word_1_23' title='bbox 2073 953 2424 1002; x_wconf 70' lang='lat' dir='ltr'><strong>mensorem.</strong></span> <span class='ocrx_word' id='word_1_24' title='bbox 2441 938 2764 996; x_wconf 85' lang='lat' dir='ltr'><strong>Notandum</strong></span> <span class='ocrx_word' id='word_1_25' title='bbox 2785 940 3007 998; x_wconf 76' lang='lat' dir='ltr'><strong>interea</strong></span> <span class='ocrx_word' id='word_1_26' title='bbox 3034 942 3182 1018; x_wconf 88' lang='lat' dir='ltr'><strong>quod</strong></span> <span class='ocrx_word' id='word_1_27' title='bbox 3197 958 3443 1018; x_wconf 69' lang='lat' dir='ltr'><strong>praesens</strong></span> 
     </span>
    </p>
   </div>
   <div class='ocr_carea' id='block_1_8' title="bbox 218 1023 1765 1091">
    <p class='ocr_par' dir='ltr' id='par_1_8' title="bbox 218 1023 1765 1091">
     <span class='ocr_line' id='line_1_8' title="bbox 218 1023 1765 1091; baseline 0.001 -7"><span class='ocrx_word' id='word_1_28' title='bbox 218 1029 356 1084; x_wconf 86' lang='lat' dir='ltr'><strong>homo</strong></span> <span class='ocrx_word' id='word_1_29' title='bbox 381 1023 720 1084; x_wconf 84' lang='lat' dir='ltr'><strong>Christianus</strong></span> <span class='ocrx_word' id='word_1_30' title='bbox 746 1024 1020 1091; x_wconf 81' lang='lat' dir='ltr'><strong>efﬁcitur;</strong></span> <span class='ocrx_word' id='word_1_31' title='bbox 1079 1029 1137 1082; x_wconf 90' lang='lat' dir='ltr'><strong>et</strong></span> <span class='ocrx_word' id='word_1_32' title='bbox 1175 1025 1425 1086; x_wconf 85' lang='lat' dir='ltr'><strong>oratione</strong></span> <span class='ocrx_word' id='word_1_33' title='bbox 1469 1026 1765 1086; x_wconf 82' lang='lat' dir='ltr'><strong>Dominica</strong></span> 
     </span>
    </p>
   </div>
   <div class='ocr_carea' id='block_1_9' title="bbox 217 1112 1765 1187">
    <p class='ocr_par' dir='ltr' id='par_1_9' title="bbox 217 1112 1765 1187">
     <span class='ocr_line' id='line_1_9' title="bbox 217 1112 1765 1187; baseline 0.001 -18"><span class='ocrx_word' id='word_1_34' title='bbox 217 1129 308 1186; x_wconf 88' lang='lat' dir='ltr'><strong>qua</strong></span> <span class='ocrx_word' id='word_1_35' title='bbox 329 1113 392 1170; x_wconf 84' lang='lat' dir='ltr'><strong>ad</strong></span> <span class='ocrx_word' id='word_1_36' title='bbox 419 1112 590 1170; x_wconf 86' lang='lat' dir='ltr'><strong>Deum</strong></span> <span class='ocrx_word' id='word_1_37' title='bbox 633 1129 824 1184; x_wconf 79' lang='lat' dir='ltr'><strong>preces</strong></span> <span class='ocrx_word' id='word_1_38' title='bbox 861 1113 1115 1177; x_wconf 85' lang='lat' dir='ltr'><strong>fundere,</strong></span> <span class='ocrx_word' id='word_1_39' title='bbox 1157 1113 1410 1186; x_wconf 75' lang='lat' dir='ltr'><strong>symbolo</strong></span> <span class='ocrx_word' id='word_1_40' title='bbox 1447 1131 1669 1187; x_wconf 89' lang='lat' dir='ltr'><strong>quoque</strong></span> <span class='ocrx_word' id='word_1_41' title='bbox 1707 1121 1765 1172; x_wconf 90' lang='lat' dir='ltr'><strong>et</strong></span> 
     </span>
    </p>
   </div>
   <div class='ocr_carea' id='block_1_10' title="bbox 216 1200 1766 1272">
    <p class='ocr_par' dir='ltr' id='par_1_10' title="bbox 216 1200 1766 1272">
     <span class='ocr_line' id='line_1_10' title="bbox 216 1200 1766 1272; baseline 0.003 -16"><span class='ocrx_word' id='word_1_42' title='bbox 216 1201 320 1258; x_wconf 81' lang='lat' dir='ltr'><strong>ﬁdei</strong></span> <span class='ocrx_word' id='word_1_43' title='bbox 345 1200 581 1270; x_wconf 80' lang='lat' dir='ltr'><strong>veritate,</strong></span> <span class='ocrx_word' id='word_1_44' title='bbox 622 1207 681 1258; x_wconf 89' lang='lat' dir='ltr'><strong>ct</strong></span> <span class='ocrx_word' id='word_1_45' title='bbox 716 1219 750 1256; x_wconf 90' lang='lat' dir='ltr'><strong>a</strong></span> <span class='ocrx_word' id='word_1_46' title='bbox 786 1201 990 1272; x_wconf 84' lang='lat' dir='ltr'><strong>quibus</strong></span> <span class='ocrx_word' id='word_1_47' title='bbox 1023 1202 1308 1260; x_wconf 81' lang='lat' dir='ltr'><strong>erroribus</strong></span> <span class='ocrx_word' id='word_1_48' title='bbox 1347 1219 1420 1260; x_wconf 85' lang='lat' dir='ltr'><strong>ne</strong></span> <span class='ocrx_word' id='word_1_49' title='bbox 1465 1203 1766 1260; x_wconf 85' lang='lat' dir='ltr'><strong>seducatur</strong></span> 
     </span>
    </p>
   </div>
   <div class='ocr_carea' id='block_1_11' title="bbox 213 1289 1763 1364">
    <p class='ocr_par' dir='ltr' id='par_1_11' title="bbox 213 1289 1763 1364">
     <span class='ocr_line' id='line_1_11' title="bbox 213 1289 1763 1364; baseline 0.003 -18"><span class='ocrx_word' id='word_1_50' title='bbox 213 1306 376 1346; x_wconf 86' lang='lat' dir='ltr'><strong>cavere</strong></span> <span class='ocrx_word' id='word_1_51' title='bbox 402 1289 611 1354; x_wconf 84' lang='lat' dir='ltr'><strong>debeat,</strong></span> <span class='ocrx_word' id='word_1_52' title='bbox 645 1289 886 1362; x_wconf 75' lang='lat' dir='ltr'><strong>qualiter</strong></span> <span class='ocrx_word' id='word_1_53' title='bbox 916 1291 997 1348; x_wconf 86' lang='lat' dir='ltr'>illi</span> <span class='ocrx_word' id='word_1_54' title='bbox 1024 1297 1222 1364; x_wconf 86' lang='lat' dir='ltr'><strong>postea</strong></span> <span class='ocrx_word' id='word_1_55' title='bbox 1265 1291 1324 1348; x_wconf 90' lang='lat' dir='ltr'><strong>in</strong></span> <span class='ocrx_word' id='word_1_56' title='bbox 1372 1307 1552 1363; x_wconf 85' lang='lat' dir='ltr'><strong>agone</strong></span> <span class='ocrx_word' id='word_1_57' title='bbox 1601 1291 1763 1350; x_wconf 75' lang='lat' dir='ltr'><strong>Chri-</strong></span> 
     </span>
    </p>
   </div>
   <div class='ocr_carea' id='block_1_12' title="bbox 213 1379 1766 1450">
    <p class='ocr_par' dir='ltr' id='par_1_12' title="bbox 213 1379 1766 1450">
     <span class='ocr_line' id='line_1_12' title="bbox 213 1379 1766 1450; baseline 0.003 -18"><span class='ocrx_word' id='word_1_58' title='bbox 213 1379 367 1432; x_wconf 77' lang='lat' dir='ltr'><strong>stiuno</strong></span> <span class='ocrx_word' id='word_1_59' title='bbox 389 1379 708 1436; x_wconf 83' lang='lat' dir='ltr'><strong>certandum</strong></span> <span class='ocrx_word' id='word_1_60' title='bbox 738 1379 813 1437; x_wconf 91' lang='lat' dir='ltr'><strong>sit</strong></span> <span class='ocrx_word' id='word_1_61' title='bbox 831 1386 1239 1450; x_wconf 88' lang='lat' dir='ltr'><strong>consequenter</strong></span> <span class='ocrx_word' id='word_1_62' title='bbox 1267 1379 1622 1438; x_wconf 89' lang='lat' dir='ltr'><strong>scribendum</strong></span> <span class='ocrx_word' id='word_1_63' title='bbox 1643 1397 1766 1438; x_wconf 88' lang='lat' dir='ltr'><strong>esse</strong></span> 
     </span>
    </p>
   </div>
   <div class='ocr_carea' id='block_1_13' title="bbox 211 1466 1768 1540">
    <p class='ocr_par' dir='ltr' id='par_1_13' title="bbox 211 1466 1768 1540">
     <span class='ocr_line' id='line_1_13' title="bbox 211 1466 1768 1540; baseline 0.004 -18"><span class='ocrx_word' id='word_1_64' title='bbox 211 1466 532 1524; x_wconf 71' lang='lat' dir='ltr'><strong>arbitramur.</strong></span> <span class='ocrx_word' id='word_1_65' title='bbox 555 1467 788 1539; x_wconf 75' lang='lat' dir='ltr'><strong>Legitur</strong></span> <span class='ocrx_word' id='word_1_66' title='bbox 807 1468 958 1524; x_wconf 88' lang='lat' dir='ltr'><strong>enim</strong></span> <span class='ocrx_word' id='word_1_67' title='bbox 977 1469 1037 1524; x_wconf 86' lang='lat' dir='ltr'><strong>in</strong></span> <span class='ocrx_word' id='word_1_68' title='bbox 1059 1469 1377 1540; x_wconf 81' lang='lat' dir='ltr'><strong>Evangelia,</strong></span> <span class='ocrx_word' id='word_1_69' title='bbox 1411 1470 1558 1540; x_wconf 91' lang='lat' dir='ltr'><strong>quod</strong></span> <span class='ocrx_word' id='word_1_70' title='bbox 1581 1470 1768 1528; x_wconf 85' lang='lat' dir='ltr'><strong>Salva-</strong></span> 
     </span>
    </p>
   </div>
   <div class='ocr_carea' id='block_1_14' title="bbox 213 1557 1766 1630">
    <p class='ocr_par' dir='ltr' id='par_1_14' title="bbox 213 1557 1766 1630">
     <span class='ocr_line' id='line_1_14' title="bbox 213 1557 1766 1630; baseline 0.005 -20"><span class='ocrx_word' id='word_1_71' title='bbox 213 1561 286 1610; x_wconf 86' lang='lat' dir='ltr'><strong>tor</strong></span> <span class='ocrx_word' id='word_1_72' title='bbox 317 1561 492 1614; x_wconf 88' lang='lat' dir='ltr'><strong>noster</strong></span> <span class='ocrx_word' id='word_1_73' title='bbox 519 1563 648 1626; x_wconf 88' lang='lat' dir='ltr'><strong>post</strong></span> <span class='ocrx_word' id='word_1_74' title='bbox 675 1557 1145 1615; x_wconf 79' lang='lat' dir='ltr'><strong>resurrectionem</strong></span> <span class='ocrx_word' id='word_1_75' title='bbox 1183 1575 1344 1616; x_wconf 86' lang='lat' dir='ltr'><strong>suam</strong></span> <span class='ocrx_word' id='word_1_76' title='bbox 1385 1559 1672 1630; x_wconf 85' lang='lat' dir='ltr'><strong>discipulis</strong></span> <span class='ocrx_word' id='word_1_77' title='bbox 1709 1559 1766 1618; x_wconf 86' lang='lat' dir='ltr'><strong>in</strong></span> 
     </span>
    </p>
   </div>
   <div class='ocr_carea' id='block_1_15' title="bbox 213 1643 1763 1718">
    <p class='ocr_par' dir='ltr' id='par_1_15' title="bbox 213 1643 1763 1718">
     <span class='ocr_line' id='line_1_15' title="bbox 213 1643 1763 1718; baseline 0.003 -19"><span class='ocrx_word' id='word_1_78' title='bbox 213 1643 407 1700; x_wconf 81' lang='lat' dir='ltr'><strong>Galilaea</strong></span> <span class='ocrx_word' id='word_1_79' title='bbox 416 1661 688 1716; x_wconf 78' lang='lat' dir='ltr'><strong>apparens</strong></span> <span class='ocrx_word' id='word_1_80' title='bbox 699 1646 855 1702; x_wconf 80' lang='lat' dir='ltr'><strong>dixit:</strong></span> <span class='ocrx_word' id='word_1_81' title='bbox 875 1665 899 1698; x_wconf 71' lang='grc' dir='ltr'><strong>(ι</strong></span> <span class='ocrx_word' id='word_1_82' title='bbox 917 1647 1127 1706; x_wconf 83' lang='lat' dir='ltr'><strong>Euntes</strong></span> <span class='ocrx_word' id='word_1_83' title='bbox 1136 1647 1333 1706; x_wconf 89' lang='lat' dir='ltr'><strong>docete</strong></span> <span class='ocrx_word' id='word_1_84' title='bbox 1343 1663 1538 1706; x_wconf 88' lang='lat' dir='ltr'><strong>omnes</strong></span> <span class='ocrx_word' id='word_1_85' title='bbox 1545 1654 1763 1718; x_wconf 85' lang='lat' dir='ltr'><strong>gentes,</strong></span> 
     </span>
    </p>
   </div>
   <div class='ocr_carea' id='block_1_16' title="bbox 211 1733 1766 1808">
    <p class='ocr_par' dir='ltr' id='par_1_16' title="bbox 211 1733 1766 1808">
     <span class='ocr_line' id='line_1_16' title="bbox 211 1733 1766 1808; baseline 0.005 -18"><span class='ocrx_word' id='word_1_86' title='bbox 211 1733 515 1803; x_wconf 79' lang='lat' dir='ltr'><strong>baptizantes</strong></span> <span class='ocrx_word' id='word_1_87' title='bbox 545 1751 642 1790; x_wconf 89' lang='lat' dir='ltr'><strong>eos</strong></span> <span class='ocrx_word' id='word_1_88' title='bbox 661 1735 718 1792; x_wconf 90' lang='lat' dir='ltr'><strong>in</strong></span> <span class='ocrx_word' id='word_1_89' title='bbox 745 1735 974 1792; x_wconf 83' lang='lat' dir='ltr'><strong>nomine</strong></span> <span class='ocrx_word' id='word_1_90' title='bbox 987 1737 1192 1803; x_wconf 82' lang='lat' dir='ltr'><strong>Patris,</strong></span> <span class='ocrx_word' id='word_1_91' title='bbox 1216 1741 1272 1793; x_wconf 91' lang='lat' dir='ltr'><strong>et</strong></span> <span class='ocrx_word' id='word_1_92' title='bbox 1289 1736 1434 1804; x_wconf 82' lang='lat' dir='ltr'>Filii,</span> <span class='ocrx_word' id='word_1_93' title='bbox 1453 1742 1513 1794; x_wconf 92' lang='lat' dir='ltr'><strong>et</strong></span> <span class='ocrx_word' id='word_1_94' title='bbox 1523 1737 1766 1808; x_wconf 80' lang='lat' dir='ltr'><strong>Spiritus</strong></span> 
     </span>
    </p>
   </div>
   <div class='ocr_carea' id='block_1_17' title="bbox 211 1823 1767 1898">
    <p class='ocr_par' dir='ltr' id='par_1_17' title="bbox 211 1823 1767 1898">
     <span class='ocr_line' id='line_1_17' title="bbox 211 1823 1767 1898; baseline 0.006 -23"><span class='ocrx_word' id='word_1_95' title='bbox 211 1823 396 1880; x_wconf 79' lang='lat' dir='ltr'><strong>sancti:</strong></span> <span class='ocrx_word' id='word_1_96' title='bbox 443 1823 706 1884; x_wconf 76' lang='lat' dir='ltr'><strong>docentes</strong></span> <span class='ocrx_word' id='word_1_97' title='bbox 755 1841 851 1882; x_wconf 89' lang='lat' dir='ltr'><strong>eos</strong></span> <span class='ocrx_word' id='word_1_98' title='bbox 898 1841 1122 1882; x_wconf 87' lang='lat' dir='ltr'><strong>servare</strong></span> <span class='ocrx_word' id='word_1_99' title='bbox 1167 1826 1357 1884; x_wconf 83' lang='lat' dir='ltr'><strong>omnia</strong></span> <span class='ocrx_word' id='word_1_100' title='bbox 1401 1842 1767 1898; x_wconf 71' lang='lat' dir='ltr'><strong>quaecumque</strong></span> 
     </span>
    </p>
   </div>
   <div class='ocr_carea' id='block_1_18' title="bbox 210 1911 1770 1985">
    <p class='ocr_par' dir='ltr' id='par_1_18' title="bbox 210 1911 1770 1985">
     <span class='ocr_line' id='line_1_18' title="bbox 210 1911 1770 1985; baseline 0.006 -21"><span class='ocrx_word' id='word_1_101' title='bbox 210 1911 436 1968; x_wconf 80' lang='lat' dir='ltr'><strong>mandavi</strong></span> <span class='ocrx_word' id='word_1_102' title='bbox 453 1911 606 1968; x_wconf 84' lang='lat' dir='ltr'>vobis</span> <span class='ocrx_word' id='word_1_103' title='bbox 627 1914 840 1980; x_wconf 76' lang='lat' dir='ltr'><strong>(Matth.</strong></span> <span class='ocrx_word' id='word_1_104' title='bbox 877 1918 1024 1984; x_wconf 61' lang='lat' dir='ltr'><strong>ult).</strong></span> <span class='ocrx_word' id='word_1_105' title='bbox 1048 1933 1078 1968; x_wconf 72' lang='grc' dir='ltr'><strong>ι)</strong></span> <span class='ocrx_word' id='word_1_106' title='bbox 1099 1915 1165 1972; x_wconf 87' lang='lat' dir='ltr'><strong>In</strong></span> <span class='ocrx_word' id='word_1_107' title='bbox 1191 1931 1302 1985; x_wconf 89' lang='lat' dir='ltr'><strong>quo</strong></span> <span class='ocrx_word' id='word_1_108' title='bbox 1314 1915 1660 1974; x_wconf 69' lang='lat' dir='ltr'><strong>rectimimus</strong></span> <span class='ocrx_word' id='word_1_109' title='bbox 1683 1921 1770 1974; x_wconf 82' lang='lat' dir='ltr'><strong>est</strong></span> 
     </span>
    </p>
   </div>
   <div class='ocr_carea' id='block_1_19' title="bbox 209 1999 1767 2074">
    <p class='ocr_par' dir='ltr' id='par_1_19' title="bbox 209 1999 1767 2074">
     <span class='ocr_line' id='line_1_19' title="bbox 209 1999 1767 2074; baseline 0.005 -20"><span class='ocrx_word' id='word_1_110' title='bbox 209 1999 322 2057; x_wconf 82' lang='lat' dir='ltr'><strong>ordo</strong></span> <span class='ocrx_word' id='word_1_111' title='bbox 343 2001 694 2070; x_wconf 63' lang='lat' dir='ltr'><strong>praedicandi,</strong></span> <span class='ocrx_word' id='word_1_112' title='bbox 724 2007 784 2058; x_wconf 89' lang='lat' dir='ltr'><strong>et</strong></span> <span class='ocrx_word' id='word_1_113' title='bbox 811 2002 1096 2060; x_wconf 80' lang='lat' dir='ltr'><strong>modernis</strong></span> <span class='ocrx_word' id='word_1_114' title='bbox 1131 2019 1354 2074; x_wconf 86' lang='lat' dir='ltr'><strong>quoque</strong></span> <span class='ocrx_word' id='word_1_115' title='bbox 1392 2004 1767 2074; x_wconf 67' lang='lat' dir='ltr'><strong>praedicatori-</strong></span> 
     </span>
    </p>
   </div>
   <div class='ocr_carea' id='block_1_20' title="bbox 208 2085 1767 2164">
    <p class='ocr_par' dir='ltr' id='par_1_20' title="bbox 208 2085 1767 2164">
     <span class='ocr_line' id='line_1_20' title="bbox 208 2085 1767 2164; baseline 0.008 -24"><span class='ocrx_word' id='word_1_116' title='bbox 208 2085 293 2146; x_wconf 83' lang='lat' dir='ltr'><strong>bus</strong></span> <span class='ocrx_word' id='word_1_117' title='bbox 333 2089 578 2148; x_wconf 70' lang='lat' dir='ltr'><strong>Eudesim</strong></span> <span class='ocrx_word' id='word_1_118' title='bbox 630 2091 932 2150; x_wconf 82' lang='lat' dir='ltr'><strong>sectandas</strong></span> <span class='ocrx_word' id='word_1_119' title='bbox 975 2091 1425 2163; x_wconf 85' lang='lat' dir='ltr'><strong>diligentissime,</strong></span> <span class='ocrx_word' id='word_1_120' title='bbox 1472 2099 1538 2150; x_wconf 88' lang='lat' dir='ltr'><strong>ut</strong></span> <span class='ocrx_word' id='word_1_121' title='bbox 1583 2093 1767 2164; x_wconf 87' lang='lat' dir='ltr'><strong>primo</strong></span> 
     </span>
    </p>
   </div>
   <div class='ocr_carea' id='block_1_21' title="bbox 205 2175 1766 2248">
    <p class='ocr_par' dir='ltr' id='par_1_21' title="bbox 205 2175 1766 2248">
     <span class='ocr_line' id='line_1_21' title="bbox 205 2175 1766 2248; baseline 0.004 -18"><span class='ocrx_word' id='word_1_122' title='bbox 205 2175 403 2245; x_wconf 81' lang='lat' dir='ltr'><strong>quidem</strong></span> <span class='ocrx_word' id='word_1_123' title='bbox 431 2178 694 2237; x_wconf 90' lang='lat' dir='ltr'><strong>doceatur</strong></span> <span class='ocrx_word' id='word_1_124' title='bbox 722 2179 965 2248; x_wconf 81' lang='lat' dir='ltr'><strong>auditor,</strong></span> <span class='ocrx_word' id='word_1_125' title='bbox 999 2180 1202 2238; x_wconf 88' lang='lat' dir='ltr'><strong>deinde</strong></span> <span class='ocrx_word' id='word_1_126' title='bbox 1240 2180 1370 2238; x_wconf 81' lang='lat' dir='ltr'><strong>ﬁdei</strong></span> <span class='ocrx_word' id='word_1_127' title='bbox 1399 2181 1766 2242; x_wconf 75' lang='lat' dir='ltr'><strong>sacramentis</strong></span> 
     </span>
    </p>
   </div>
   <div class='ocr_carea' id='block_1_22' title="bbox 1842 1025 3446 1099">
    <p class='ocr_par' dir='ltr' id='par_1_22' title="bbox 1842 1025 3446 1099">
     <span class='ocr_line' id='line_1_22' title="bbox 1842 1025 3446 1099; baseline 0.006 -17"><span class='ocrx_word' id='word_1_128' title='bbox 1842 1025 2051 1097; x_wconf 87' lang='lat' dir='ltr'><strong>ubique</strong></span> <span class='ocrx_word' id='word_1_129' title='bbox 2070 1026 2256 1084; x_wconf 87' lang='lat' dir='ltr'><strong>divina</strong></span> <span class='ocrx_word' id='word_1_130' title='bbox 2274 1029 2541 1099; x_wconf 65' lang='lat' dir='ltr'><strong>maiestas</strong></span> <span class='ocrx_word' id='word_1_131' title='bbox 2562 1027 2726 1086; x_wconf 78' lang='lat' dir='ltr'><strong>aliter</strong></span> <span class='ocrx_word' id='word_1_132' title='bbox 2745 1028 2936 1086; x_wconf 87' lang='lat' dir='ltr'><strong>electis</strong></span> <span class='ocrx_word' id='word_1_133' title='bbox 2951 1029 3088 1098; x_wconf 85' lang='lat' dir='ltr'>suis,</span> <span class='ocrx_word' id='word_1_134' title='bbox 3102 1031 3268 1091; x_wconf 79' lang='lat' dir='ltr'><strong>aliter</strong></span> <span class='ocrx_word' id='word_1_135' title='bbox 3285 1031 3446 1090; x_wconf 85' lang='lat' dir='ltr'><strong>adest</strong></span> 
     </span>
    </p>
   </div>
   <div class='ocr_carea' id='block_1_23' title="bbox 1843 1113 3444 1192">
    <p class='ocr_par' dir='ltr' id='par_1_23' title="bbox 1843 1113 3444 1192">
     <span class='ocr_line' id='line_1_23' title="bbox 1843 1113 3444 1192; baseline 0.007 -24"><span class='ocrx_word' id='word_1_136' title='bbox 1843 1113 2114 1186; x_wconf 88' lang='lat' dir='ltr'><strong>reprobis.</strong></span> <span class='ocrx_word' id='word_1_137' title='bbox 2144 1115 2321 1172; x_wconf 80' lang='lat' dir='ltr'><strong>Adest</strong></span> <span class='ocrx_word' id='word_1_138' title='bbox 2353 1116 2503 1171; x_wconf 88' lang='lat' dir='ltr'><strong>enim</strong></span> <span class='ocrx_word' id='word_1_139' title='bbox 2528 1116 2783 1190; x_wconf 87' lang='lat' dir='ltr'><strong>reprobis</strong></span> <span class='ocrx_word' id='word_1_140' title='bbox 2824 1119 3082 1192; x_wconf 81' lang='lat' dir='ltr'><strong>potentia</strong></span> <span class='ocrx_word' id='word_1_141' title='bbox 3106 1125 3324 1182; x_wconf 71' lang='lat' dir='ltr'><strong>naturae</strong></span> <span class='ocrx_word' id='word_1_142' title='bbox 3354 1121 3444 1180; x_wconf 89' lang='lat' dir='ltr'><strong>in-</strong></span> 
     </span>
    </p>
   </div>
   <div class='ocr_carea' id='block_1_24' title="bbox 1845 1203 3449 1281">
    <p class='ocr_par' dir='ltr' id='par_1_24' title="bbox 1845 1203 3449 1281">
     <span class='ocr_line' id='line_1_24' title="bbox 1845 1203 3449 1281; baseline 0.004 -21"><span class='ocrx_word' id='word_1_143' title='bbox 1845 1203 2384 1275; x_wconf 81' lang='lat' dir='ltr'><strong>comprehensibilis,</strong></span> <span class='ocrx_word' id='word_1_144' title='bbox 2429 1221 2542 1278; x_wconf 88' lang='lat' dir='ltr'><strong>qua</strong></span> <span class='ocrx_word' id='word_1_145' title='bbox 2587 1205 2778 1262; x_wconf 87' lang='lat' dir='ltr'><strong>omnia</strong></span> <span class='ocrx_word' id='word_1_146' title='bbox 2826 1207 3110 1281; x_wconf 74' lang='lat' dir='ltr'><strong>cognoscit</strong></span> <span class='ocrx_word' id='word_1_147' title='bbox 3141 1208 3449 1268; x_wconf 82' lang='lat' dir='ltr'><strong>novissima</strong></span> 
     </span>
    </p>
   </div>
   <div class='ocr_carea' id='block_1_25' title="bbox 1847 1293 3448 1369">
    <p class='ocr_par' dir='ltr' id='par_1_25' title="bbox 1847 1293 3448 1369">
     <span class='ocr_line' id='line_1_25' title="bbox 1847 1293 3448 1369; baseline 0.006 -23"><span class='ocrx_word' id='word_1_148' title='bbox 1847 1297 1906 1349; x_wconf 89' lang='lat' dir='ltr'><strong>et</strong></span> <span class='ocrx_word' id='word_1_149' title='bbox 1923 1293 2174 1364; x_wconf 84' lang='lat' dir='ltr'><strong>antiqua,</strong></span> <span class='ocrx_word' id='word_1_150' title='bbox 2199 1293 2464 1366; x_wconf 77' lang='lat' dir='ltr'><strong>intelligit</strong></span> <span class='ocrx_word' id='word_1_151' title='bbox 2480 1294 2849 1366; x_wconf 81' lang='lat' dir='ltr'><strong>cogitationes</strong></span> <span class='ocrx_word' id='word_1_152' title='bbox 2886 1313 2922 1351; x_wconf 88' lang='lat' dir='ltr'><strong>a</strong></span> <span class='ocrx_word' id='word_1_153' title='bbox 2958 1295 3144 1369; x_wconf 88' lang='lat' dir='ltr'><strong>longe,</strong></span> <span class='ocrx_word' id='word_1_154' title='bbox 3169 1303 3229 1356; x_wconf 91' lang='lat' dir='ltr'><strong>et</strong></span> <span class='ocrx_word' id='word_1_155' title='bbox 3253 1314 3448 1358; x_wconf 86' lang='lat' dir='ltr'><strong>omnes</strong></span> 
     </span>
    </p>
   </div>
   <div class='ocr_carea' id='block_1_26' title="bbox 1846 1381 3449 1462">
    <p class='ocr_par' dir='ltr' id='par_1_26' title="bbox 1846 1381 3449 1462">
     <span class='ocr_line' id='line_1_26' title="bbox 1846 1381 3449 1462; baseline 0.007 -28"><span class='ocrx_word' id='word_1_156' title='bbox 1846 1381 1964 1441; x_wconf 83' lang='lat' dir='ltr'><strong>vias</strong></span> <span class='ocrx_word' id='word_1_157' title='bbox 1989 1381 2341 1452; x_wconf 86' lang='lat' dir='ltr'><strong>singulorum</strong></span> <span class='ocrx_word' id='word_1_158' title='bbox 2375 1382 2661 1456; x_wconf 68' lang='lat' dir='ltr'><strong>praevidet.</strong></span> <span class='ocrx_word' id='word_1_159' title='bbox 2697 1383 2874 1442; x_wconf 82' lang='lat' dir='ltr'><strong>Adest</strong></span> <span class='ocrx_word' id='word_1_160' title='bbox 2899 1385 3091 1442; x_wconf 88' lang='lat' dir='ltr'><strong>electis</strong></span> <span class='ocrx_word' id='word_1_161' title='bbox 3116 1387 3304 1458; x_wconf 83' lang='lat' dir='ltr'><strong>gratia</strong></span> <span class='ocrx_word' id='word_1_162' title='bbox 3340 1387 3449 1462; x_wconf 69' lang='lat' dir='ltr'><strong>pia:</strong></span> 
     </span>
    </p>
   </div>
   <div class='ocr_carea' id='block_1_27' title="bbox 1847 1469 3454 1548">
    <p class='ocr_par' dir='ltr' id='par_1_27' title="bbox 1847 1469 3454 1548">
     <span class='ocr_line' id='line_1_27' title="bbox 1847 1469 3454 1548; baseline 0.004 -25"><span class='ocrx_word' id='word_1_163' title='bbox 1847 1469 2230 1540; x_wconf 76' lang='lat' dir='ltr'><strong>protectionis,</strong></span> <span class='ocrx_word' id='word_1_164' title='bbox 2295 1487 2408 1544; x_wconf 89' lang='lat' dir='ltr'><strong>qua</strong></span> <span class='ocrx_word' id='word_1_165' title='bbox 2458 1471 2586 1528; x_wconf 88' lang='lat' dir='ltr'><strong>illos</strong></span> <span class='ocrx_word' id='word_1_166' title='bbox 2633 1472 2962 1546; x_wconf 74' lang='lat' dir='ltr'><strong>spiritaliter</strong></span> <span class='ocrx_word' id='word_1_167' title='bbox 3013 1490 3115 1548; x_wconf 88' lang='lat' dir='ltr'><strong>per</strong></span> <span class='ocrx_word' id='word_1_168' title='bbox 3151 1473 3454 1546; x_wconf 70' lang='lat' dir='ltr'><strong>pmsentia</strong></span> 
     </span>
    </p>
   </div>
   <div class='ocr_carea' id='block_1_28' title="bbox 1848 1559 3536 1636">
    <p class='ocr_par' dir='ltr' id='par_1_28' title="bbox 1848 1559 3536 1636">
     <span class='ocr_line' id='line_1_28' title="bbox 1848 1559 3536 1636; baseline 0.007 -24"><span class='ocrx_word' id='word_1_169' title='bbox 1848 1559 2016 1628; x_wconf 89' lang='lat' dir='ltr'><strong>dona,</strong></span> <span class='ocrx_word' id='word_1_170' title='bbox 2048 1559 2135 1614; x_wconf 90' lang='lat' dir='ltr'><strong>vel</strong></span> <span class='ocrx_word' id='word_1_171' title='bbox 2160 1559 2380 1632; x_wconf 81' lang='lat' dir='ltr'><strong>ﬂagello</strong></span> <span class='ocrx_word' id='word_1_172' title='bbox 2409 1561 2570 1635; x_wconf 79' lang='lat' dir='ltr'><strong>quasi</strong></span> <span class='ocrx_word' id='word_1_173' title='bbox 2599 1561 2746 1620; x_wconf 81' lang='lat' dir='ltr'><strong>ﬁlios</strong></span> <span class='ocrx_word' id='word_1_174' title='bbox 2765 1568 2927 1636; x_wconf 75' lang='lat' dir='ltr'><strong>pater</strong></span> <span class='ocrx_word' id='word_1_175' title='bbox 2953 1561 3166 1622; x_wconf 88' lang='lat' dir='ltr'><strong>erudit:</strong></span> <span class='ocrx_word' id='word_1_176' title='bbox 3185 1567 3358 1636; x_wconf 85' lang='lat' dir='ltr'><strong>atque</strong></span> <span class='ocrx_word' id='word_1_177' title='bbox 3375 1563 3448 1623; x_wconf 80' lang='lat' dir='ltr'><strong>ad</strong></span> <span class='ocrx_word' id='word_1_178' title='bbox 3533 1633 3536 1636; x_wconf 36' lang='grc'>,</span> 
     </span>
    </p>
   </div>
   <div class='ocr_carea' id='block_1_29' title="bbox 1849 1648 3451 1730">
    <p class='ocr_par' dir='ltr' id='par_1_29' title="bbox 1849 1648 3451 1730">
     <span class='ocr_line' id='line_1_29' title="bbox 1849 1648 3451 1730; baseline 0.002 -22"><span class='ocrx_word' id='word_1_179' title='bbox 1849 1648 2259 1720; x_wconf 80' lang='lat' dir='ltr'><strong>possessionem</strong></span> <span class='ocrx_word' id='word_1_180' title='bbox 2313 1649 2517 1708; x_wconf 69' lang='lat' dir='ltr'><strong>futurae</strong></span> <span class='ocrx_word' id='word_1_181' title='bbox 2559 1649 2924 1710; x_wconf 81' lang='lat' dir='ltr'><strong>beatitudinis</strong></span> <span class='ocrx_word' id='word_1_182' title='bbox 2973 1651 3279 1712; x_wconf 86' lang='lat' dir='ltr'><strong>erudiendo</strong></span> <span class='ocrx_word' id='word_1_183' title='bbox 3325 1669 3451 1730; x_wconf 82' lang='lat' dir='ltr'><strong>pro-</strong></span> 
     </span>
    </p>
   </div>
   <div class='ocr_carea' id='block_1_30' title="bbox 1849 1737 3455 1812">
    <p class='ocr_par' dir='ltr' id='par_1_30' title="bbox 1849 1737 3455 1812">
     <span class='ocr_line' id='line_1_30' title="bbox 1849 1737 3455 1812; baseline 0.007 -21"><span class='ocrx_word' id='word_1_184' title='bbox 1849 1737 2035 1794; x_wconf 84' lang='lat' dir='ltr'><strong>vehit:</strong></span> <span class='ocrx_word' id='word_1_185' title='bbox 2067 1737 2230 1794; x_wconf 84' lang='lat' dir='ltr'><strong>adest</strong></span> <span class='ocrx_word' id='word_1_186' title='bbox 2257 1737 2451 1796; x_wconf 78' lang='lat' dir='ltr'><strong>electis</strong></span> <span class='ocrx_word' id='word_1_187' title='bbox 2487 1744 2552 1796; x_wconf 88' lang='lat' dir='ltr'><strong>ut</strong></span> <span class='ocrx_word' id='word_1_188' title='bbox 2582 1739 2869 1812; x_wconf 77' lang='lat' dir='ltr'><strong>scriptum</strong></span> <span class='ocrx_word' id='word_1_189' title='bbox 2918 1745 3044 1800; x_wconf 80' lang='lat' dir='ltr'><strong>est:</strong></span> <span class='ocrx_word' id='word_1_190' title='bbox 3098 1759 3127 1796; x_wconf 70' lang='grc' dir='ltr'><strong>(ί</strong></span> <span class='ocrx_word' id='word_1_191' title='bbox 3153 1741 3322 1802; x_wconf 75' lang='lat' dir='ltr'><strong>Juxta</strong></span> <span class='ocrx_word' id='word_1_192' title='bbox 3366 1745 3455 1802; x_wconf 82' lang='lat' dir='ltr'><strong>est</strong></span> 
     </span>
    </p>
   </div>
   <div class='ocr_carea' id='block_1_31' title="bbox 1847 1825 3447 1898">
    <p class='ocr_par' dir='ltr' id='par_1_31' title="bbox 1847 1825 3447 1898">
     <span class='ocr_line' id='line_1_31' title="bbox 1847 1825 3447 1898; baseline 0.005 -18"><span class='ocrx_word' id='word_1_193' title='bbox 1847 1825 2121 1880; x_wconf 90' lang='lat' dir='ltr'><strong>Dominus</strong></span> <span class='ocrx_word' id='word_1_194' title='bbox 2147 1825 2234 1880; x_wconf 87' lang='lat' dir='ltr'><strong>his</strong></span> <span class='ocrx_word' id='word_1_195' title='bbox 2263 1825 2358 1897; x_wconf 87' lang='lat' dir='ltr'><strong>qui</strong></span> <span class='ocrx_word' id='word_1_196' title='bbox 2384 1827 2650 1882; x_wconf 86' lang='lat' dir='ltr'><strong>tribulato</strong></span> <span class='ocrx_word' id='word_1_197' title='bbox 2688 1834 2829 1884; x_wconf 87' lang='lat' dir='ltr'><strong>sunt</strong></span> <span class='ocrx_word' id='word_1_198' title='bbox 2855 1829 3045 1898; x_wconf 86' lang='lat' dir='ltr'><strong>corde,</strong></span> <span class='ocrx_word' id='word_1_199' title='bbox 3097 1836 3157 1890; x_wconf 87' lang='lat' dir='ltr'><strong>et</strong></span> <span class='ocrx_word' id='word_1_200' title='bbox 3204 1830 3447 1894; x_wconf 77' lang='lat' dir='ltr'><strong>humiles</strong></span> 
     </span>
    </p>
   </div>
   <div class='ocr_carea' id='block_1_32' title="bbox 1848 1913 3450 1990">
    <p class='ocr_par' dir='ltr' id='par_1_32' title="bbox 1848 1913 3450 1990">
     <span class='ocr_line' id='line_1_32' title="bbox 1848 1913 3450 1990; baseline 0.004 -23"><span class='ocrx_word' id='word_1_201' title='bbox 1848 1913 2051 1984; x_wconf 86' lang='lat' dir='ltr'><strong>spiritu</strong></span> <span class='ocrx_word' id='word_1_202' title='bbox 2080 1913 2319 1967; x_wconf 87' lang='lat' dir='ltr'><strong>salvabit</strong></span> <span class='ocrx_word' id='word_1_203' title='bbox 2339 1915 2505 1984; x_wconf 84' lang='lat' dir='ltr'><strong>(Psal.</strong></span> <span class='ocrx_word' id='word_1_204' title='bbox 2536 1931 2728 1981; x_wconf 82' lang='lat' dir='ltr'><strong>xxxm,</strong></span> <span class='ocrx_word' id='word_1_205' title='bbox 2774 1915 2886 1982; x_wconf 86' lang='grc'><strong>19).</strong></span> <span class='ocrx_word' id='word_1_206' title='bbox 2909 1937 2935 1970; x_wconf 78' lang='lat' dir='ltr'><strong>n</strong></span> <span class='ocrx_word' id='word_1_207' title='bbox 2967 1917 3146 1972; x_wconf 88' lang='lat' dir='ltr'><strong>Adest</strong></span> <span class='ocrx_word' id='word_1_208' title='bbox 3196 1917 3450 1990; x_wconf 89' lang='lat' dir='ltr'><strong>reprobis</strong></span> 
     </span>
    </p>
   </div>
   <div class='ocr_carea' id='block_1_33' title="bbox 1847 2003 3448 2078">
    <p class='ocr_par' dir='ltr' id='par_1_33' title="bbox 1847 2003 3448 2078">
     <span class='ocr_line' id='line_1_33' title="bbox 1847 2003 3448 2078; baseline 0.004 -22"><span class='ocrx_word' id='word_1_209' title='bbox 1847 2007 1912 2056; x_wconf 89' lang='lat' dir='ltr'><strong>ut</strong></span> <span class='ocrx_word' id='word_1_210' title='bbox 1933 2003 2286 2074; x_wconf 82' lang='lat' dir='ltr'><strong>praemissum</strong></span> <span class='ocrx_word' id='word_1_211' title='bbox 2310 2007 2421 2057; x_wconf 87' lang='lat' dir='ltr'><strong>est:</strong></span> <span class='ocrx_word' id='word_1_212' title='bbox 2454 2021 2482 2056; x_wconf 72' lang='grc' dir='ltr'>α</span> <span class='ocrx_word' id='word_1_213' title='bbox 2504 2004 2708 2060; x_wconf 78' lang='lat' dir='ltr'><strong>Vultus</strong></span> <span class='ocrx_word' id='word_1_214' title='bbox 2723 2011 2915 2062; x_wconf 83' lang='lat' dir='ltr'><strong>autem</strong></span> <span class='ocrx_word' id='word_1_215' title='bbox 2936 2005 3160 2060; x_wconf 89' lang='lat' dir='ltr'><strong>Domini</strong></span> <span class='ocrx_word' id='word_1_216' title='bbox 3177 2023 3351 2078; x_wconf 88' lang='lat' dir='ltr'><strong>super</strong></span> <span class='ocrx_word' id='word_1_217' title='bbox 3369 2007 3448 2063; x_wconf 84' lang='lat' dir='ltr'><strong>fa-</strong></span> 
     </span>
    </p>
   </div>
   <div class='ocr_carea' id='block_1_34' title="bbox 1847 2091 3446 2165">
    <p class='ocr_par' dir='ltr' id='par_1_34' title="bbox 1847 2091 3446 2165">
     <span class='ocr_line' id='line_1_34' title="bbox 1847 2091 3446 2165; baseline 0.001 -15"><span class='ocrx_word' id='word_1_218' title='bbox 1847 2091 2057 2150; x_wconf 86' lang='lat' dir='ltr'><strong>cientes</strong></span> <span class='ocrx_word' id='word_1_219' title='bbox 2086 2091 2255 2158; x_wconf 85' lang='lat' dir='ltr'><strong>mala,</strong></span> <span class='ocrx_word' id='word_1_220' title='bbox 2282 2097 2350 2152; x_wconf 85' lang='lat' dir='ltr'><strong>ut</strong></span> <span class='ocrx_word' id='word_1_221' title='bbox 2364 2092 2564 2165; x_wconf 87' lang='lat' dir='ltr'><strong>perdat</strong></span> <span class='ocrx_word' id='word_1_222' title='bbox 2585 2093 2656 2154; x_wconf 88' lang='lat' dir='ltr'><strong>de</strong></span> <span class='ocrx_word' id='word_1_223' title='bbox 2686 2097 2842 2154; x_wconf 85' lang='lat' dir='ltr'><strong>terra</strong></span> <span class='ocrx_word' id='word_1_224' title='bbox 2869 2093 3200 2154; x_wconf 81' lang='lat' dir='ltr'><strong>memoriam</strong></span> <span class='ocrx_word' id='word_1_225' title='bbox 3249 2111 3446 2156; x_wconf 84' lang='lat' dir='ltr'><strong>eorum</strong></span> 
     </span>
    </p>
   </div>
   <div class='ocr_carea' id='block_1_35' title="bbox 1851 2179 3444 2260">
    <p class='ocr_par' dir='ltr' id='par_1_35' title="bbox 1851 2179 3444 2260">
     <span class='ocr_line' id='line_1_35' title="bbox 1851 2179 3444 2260; baseline 0.005 -23"><span class='ocrx_word' id='word_1_226' title='bbox 1851 2183 2012 2248; x_wconf 69' lang='lat' dir='ltr'><strong>(Ibid.</strong></span> <span class='ocrx_word' id='word_1_227' title='bbox 2033 2197 2084 2238; x_wconf 86' lang='grc' dir='ltr'><strong>υ.</strong></span> <span class='ocrx_word' id='word_1_228' title='bbox 2110 2179 2220 2253; x_wconf 83' lang='grc'><strong>17).</strong></span> <span class='ocrx_word' id='word_1_229' title='bbox 2239 2202 2266 2240; x_wconf 60' lang='grc' dir='ltr'><strong><em>υ</em></strong></span> <span class='ocrx_word' id='word_1_230' title='bbox 2291 2182 2438 2255; x_wconf 85' lang='lat' dir='ltr'><strong>Ergo</strong></span> <span class='ocrx_word' id='word_1_231' title='bbox 2457 2182 2504 2238; x_wconf 80' lang='lat' dir='ltr'><strong>si</strong></span> <span class='ocrx_word' id='word_1_232' title='bbox 2525 2183 2673 2242; x_wconf 89' lang='lat' dir='ltr'><strong>oculi</strong></span> <span class='ocrx_word' id='word_1_233' title='bbox 2699 2183 2924 2242; x_wconf 87' lang='lat' dir='ltr'><strong>Domini</strong></span> <span class='ocrx_word' id='word_1_234' title='bbox 2953 2183 3316 2260; x_wconf 77' lang='lat' dir='ltr'><strong>speculantur</strong></span> <span class='ocrx_word' id='word_1_235' title='bbox 3343 2185 3444 2246; x_wconf 75' lang='lat' dir='ltr'><strong>bo-</strong></span> 
     </span>
    </p>
   </div>
   <div class='ocr_carea' id='block_1_36' title="bbox 202 2263 3448 2352">
    <p class='ocr_par' dir='ltr' id='par_1_36' title="bbox 202 2263 3448 2352">
     <span class='ocr_line' id='line_1_36' title="bbox 202 2263 3448 2352; baseline 0.003 -32"><span class='ocrx_word' id='word_1_236' title='bbox 202 2263 472 2333; x_wconf 83' lang='lat' dir='ltr'><strong>imbuatur,</strong></span> <span class='ocrx_word' id='word_1_237' title='bbox 501 2274 631 2338; x_wconf 89' lang='lat' dir='ltr'><strong>post</strong></span> <span class='ocrx_word' id='word_1_238' title='bbox 658 2268 776 2325; x_wconf 79' lang='lat' dir='ltr'><strong>haec</strong></span> <span class='ocrx_word' id='word_1_239' title='bbox 802 2271 874 2326; x_wconf 86' lang='lat' dir='ltr'><strong>ad</strong></span> <span class='ocrx_word' id='word_1_240' title='bbox 915 2271 1191 2328; x_wconf 84' lang='lat' dir='ltr'><strong>servanda</strong></span> <span class='ocrx_word' id='word_1_241' title='bbox 1230 2270 1454 2330; x_wconf 79' lang='lat' dir='ltr'><strong>Domini</strong></span> <span class='ocrx_word' id='word_1_242' title='bbox 1504 2270 1948 2328; x_wconf 87' lang='lat' dir='ltr'><strong>mandataBnos</strong></span> <span class='ocrx_word' id='word_1_243' title='bbox 1975 2275 2034 2325; x_wconf 91' lang='lat' dir='ltr'><strong>et</strong></span> <span class='ocrx_word' id='word_1_244' title='bbox 2059 2271 2256 2336; x_wconf 81' lang='lat' dir='ltr'><strong>malos,</strong></span> <span class='ocrx_word' id='word_1_245' title='bbox 2298 2277 2358 2328; x_wconf 85' lang='lat' dir='ltr'><strong>et</strong></span> <span class='ocrx_word' id='word_1_246' title='bbox 2391 2271 2665 2332; x_wconf 79' lang='lat' dir='ltr'><strong>Dominus</strong></span> <span class='ocrx_word' id='word_1_247' title='bbox 2709 2272 2777 2332; x_wconf 90' lang='lat' dir='ltr'><strong>de</strong></span> <span class='ocrx_word' id='word_1_248' title='bbox 2817 2273 2956 2330; x_wconf 84' lang='lat' dir='ltr'><strong>caelo</strong></span> <span class='ocrx_word' id='word_1_249' title='bbox 3004 2273 3239 2348; x_wconf 83' lang='lat' dir='ltr'><strong>respicit</strong></span> <span class='ocrx_word' id='word_1_250' title='bbox 3274 2289 3448 2352; x_wconf 82' lang='lat' dir='ltr'><strong>super</strong></span> 
     </span>
    </p>
   </div>
   <div class='ocr_carea' id='block_1_37' title="bbox 203 2355 1767 2433">
    <p class='ocr_par' dir='ltr' id='par_1_37' title="bbox 203 2355 1767 2433">
     <span class='ocr_line' id='line_1_37' title="bbox 203 2355 1767 2433; baseline 0.008 -27"><span class='ocrx_word' id='word_1_251' title='bbox 203 2368 258 2410; x_wconf 73' lang='lat' dir='ltr'><strong>ex</strong></span> <span class='ocrx_word' id='word_1_252' title='bbox 279 2358 513 2426; x_wconf 84' lang='lat' dir='ltr'><strong>tempore</strong></span> <span class='ocrx_word' id='word_1_253' title='bbox 555 2355 789 2414; x_wconf 83' lang='lat' dir='ltr'><strong>liberius</strong></span> <span class='ocrx_word' id='word_1_254' title='bbox 836 2358 1187 2426; x_wconf 80' lang='lat' dir='ltr'><strong>instituatur,</strong></span> <span class='ocrx_word' id='word_1_255' title='bbox 1241 2359 1376 2433; x_wconf 83' lang='lat' dir='ltr'><strong>quia</strong></span> <span class='ocrx_word' id='word_1_256' title='bbox 1421 2375 1538 2416; x_wconf 91' lang='lat' dir='ltr'><strong>non</strong></span> <span class='ocrx_word' id='word_1_257' title='bbox 1581 2364 1767 2430; x_wconf 82' lang='lat' dir='ltr'><strong>potest</strong></span> 
     </span>
    </p>
   </div>
   <div class='ocr_carea' id='block_1_38' title="bbox 202 2441 1766 2519">
    <p class='ocr_par' dir='ltr' id='par_1_38' title="bbox 202 2441 1766 2519">
     <span class='ocr_line' id='line_1_38' title="bbox 202 2441 1766 2519; baseline 0.005 -25"><span class='ocrx_word' id='word_1_258' title='bbox 202 2441 308 2498; x_wconf 85' lang='lat' dir='ltr'><strong>ﬁeri</strong></span> <span class='ocrx_word' id='word_1_259' title='bbox 333 2449 392 2502; x_wconf 90' lang='lat' dir='ltr'><strong>ut</strong></span> <span class='ocrx_word' id='word_1_260' title='bbox 415 2461 616 2517; x_wconf 86' lang='lat' dir='ltr'><strong>cerpus</strong></span> <span class='ocrx_word' id='word_1_261' title='bbox 641 2445 907 2517; x_wconf 81' lang='lat' dir='ltr'><strong>baptismi</strong></span> <span class='ocrx_word' id='word_1_262' title='bbox 937 2448 1171 2519; x_wconf 87' lang='lat' dir='ltr'><strong>recipiat</strong></span> <span class='ocrx_word' id='word_1_263' title='bbox 1197 2453 1632 2514; x_wconf 85' lang='lat' dir='ltr'><strong>sacramentum,</strong></span> <span class='ocrx_word' id='word_1_264' title='bbox 1654 2447 1766 2508; x_wconf 86' lang='lat' dir='ltr'><strong>nisi</strong></span> 
     </span>
    </p>
   </div>
   <div class='ocr_carea' id='block_1_39' title="bbox 203 2531 1767 2608">
    <p class='ocr_par' dir='ltr' id='par_1_39' title="bbox 203 2531 1767 2608">
     <span class='ocr_line' id='line_1_39' title="bbox 203 2531 1767 2608; baseline 0.004 -22"><span class='ocrx_word' id='word_1_265' title='bbox 203 2535 314 2586; x_wconf 88' lang='lat' dir='ltr'><strong>ante</strong></span> <span class='ocrx_word' id='word_1_266' title='bbox 334 2531 514 2592; x_wconf 79' lang='lat' dir='ltr'><strong>anima</strong></span> <span class='ocrx_word' id='word_1_267' title='bbox 543 2532 678 2592; x_wconf 72' lang='lat' dir='ltr'><strong>fidei</strong></span> <span class='ocrx_word' id='word_1_268' title='bbox 707 2537 1018 2606; x_wconf 79' lang='lat' dir='ltr'><strong>susceperit</strong></span> <span class='ocrx_word' id='word_1_269' title='bbox 1044 2536 1358 2604; x_wconf 73' lang='lat' dir='ltr'><strong>veritatem,</strong></span> <span class='ocrx_word' id='word_1_270' title='bbox 1405 2553 1536 2596; x_wconf 86' lang='lat' dir='ltr'><strong>eum</strong></span> <span class='ocrx_word' id='word_1_271' title='bbox 1582 2553 1767 2608; x_wconf 89' lang='lat' dir='ltr'><strong>neque</strong></span> 
     </span>
    </p>
   </div>
   <div class='ocr_carea' id='block_1_40' title="bbox 202 2618 1766 2696">
    <p class='ocr_par' dir='ltr' id='par_1_40' title="bbox 202 2618 1766 2696">
     <span class='ocr_line' id='line_1_40' title="bbox 202 2618 1766 2696; baseline 0.005 -20"><span class='ocrx_word' id='word_1_272' title='bbox 202 2618 408 2690; x_wconf 83' lang='lat' dir='ltr'><strong>quisque</strong></span> <span class='ocrx_word' id='word_1_273' title='bbox 435 2621 696 2682; x_wconf 75' lang='lat' dir='ltr'><strong>indoctus</strong></span> <span class='ocrx_word' id='word_1_274' title='bbox 722 2630 781 2680; x_wconf 89' lang='lat' dir='ltr'><strong>et</strong></span> <span class='ocrx_word' id='word_1_275' title='bbox 809 2623 1039 2694; x_wconf 82' lang='lat' dir='ltr'><strong>ignarus</strong></span> <span class='ocrx_word' id='word_1_276' title='bbox 1068 2625 1401 2684; x_wconf 75' lang='lat' dir='ltr'><strong>Christianae</strong></span> <span class='ocrx_word' id='word_1_277' title='bbox 1421 2626 1551 2682; x_wconf 77' lang='lat' dir='ltr'><strong>fidei</strong></span> <span class='ocrx_word' id='word_1_278' title='bbox 1581 2633 1766 2696; x_wconf 82' lang='lat' dir='ltr'><strong>potest</strong></span> 
     </span>
    </p>
   </div>
   <div class='ocr_carea' id='block_1_41' title="bbox 199 2707 1762 2787">
    <p class='ocr_par' dir='ltr' id='par_1_41' title="bbox 199 2707 1762 2787">
     <span class='ocr_line' id='line_1_41' title="bbox 199 2707 1762 2787; baseline 0.004 -25"><span class='ocrx_word' id='word_1_279' title='bbox 199 2707 421 2776; x_wconf 79' lang='lat' dir='ltr'><strong>ejusdem</strong></span> <span class='ocrx_word' id='word_1_280' title='bbox 477 2712 609 2770; x_wconf 81' lang='lat' dir='ltr'><strong>ﬁdei</strong></span> <span class='ocrx_word' id='word_1_281' title='bbox 656 2713 1024 2770; x_wconf 84' lang='lat' dir='ltr'><strong>sacramentis</strong></span> <span class='ocrx_word' id='word_1_282' title='bbox 1075 2713 1265 2772; x_wconf 86' lang='lat' dir='ltr'><strong>ablui:</strong></span> <span class='ocrx_word' id='word_1_283' title='bbox 1312 2731 1496 2787; x_wconf 89' lang='lat' dir='ltr'><strong>neque</strong></span> <span class='ocrx_word' id='word_1_284' title='bbox 1542 2715 1762 2774; x_wconf 84' lang='lat' dir='ltr'><strong>lavacro</strong></span> 
     </span>
    </p>
   </div>
   <div class='ocr_carea' id='block_1_42' title="bbox 199 2792 1764 2874">
    <p class='ocr_par' dir='ltr' id='par_1_42' title="bbox 199 2792 1764 2874">
     <span class='ocr_line' id='line_1_42' title="bbox 199 2792 1764 2874; baseline 0.006 -24"><span class='ocrx_word' id='word_1_285' title='bbox 199 2792 434 2868; x_wconf 70' lang='lat' dir='ltr'><strong>baptismi</strong></span> <span class='ocrx_word' id='word_1_286' title='bbox 461 2816 493 2854; x_wconf 82' lang='lat' dir='ltr'><strong>a</strong></span> <span class='ocrx_word' id='word_1_287' title='bbox 521 2801 772 2872; x_wconf 86' lang='lat' dir='ltr'><strong>peccatis</strong></span> <span class='ocrx_word' id='word_1_288' title='bbox 795 2802 1105 2862; x_wconf 82' lang='lat' dir='ltr'><strong>emundare</strong></span> <span class='ocrx_word' id='word_1_289' title='bbox 1133 2803 1357 2871; x_wconf 78' lang='lat' dir='ltr'><strong>sufﬁcit,</strong></span> <span class='ocrx_word' id='word_1_290' title='bbox 1389 2803 1436 2860; x_wconf 89' lang='lat' dir='ltr'><strong>si</strong></span> <span class='ocrx_word' id='word_1_291' title='bbox 1475 2820 1588 2864; x_wconf 89' lang='lat' dir='ltr'><strong>non</strong></span> <span class='ocrx_word' id='word_1_292' title='bbox 1636 2809 1764 2874; x_wconf 91' lang='lat' dir='ltr'><strong>post</strong></span> 
     </span>
    </p>
   </div>
   <div class='ocr_carea' id='block_1_43' title="bbox 197 2881 1758 2962">
    <p class='ocr_par' dir='ltr' id='par_1_43' title="bbox 197 2881 1758 2962">
     <span class='ocr_line' id='line_1_43' title="bbox 197 2881 1758 2962; baseline 0.007 -24"><span class='ocrx_word' id='word_1_293' title='bbox 197 2881 446 2954; x_wconf 81' lang='lat' dir='ltr'><strong>baptisma</strong></span> <span class='ocrx_word' id='word_1_294' title='bbox 471 2890 700 2948; x_wconf 80' lang='lat' dir='ltr'><strong>studeat</strong></span> <span class='ocrx_word' id='word_1_295' title='bbox 725 2889 960 2961; x_wconf 83' lang='lat' dir='ltr'><strong>quisque</strong></span> <span class='ocrx_word' id='word_1_296' title='bbox 986 2890 1146 2948; x_wconf 84' lang='lat' dir='ltr'><strong>bonis</strong></span> <span class='ocrx_word' id='word_1_297' title='bbox 1190 2891 1454 2962; x_wconf 81' lang='lat' dir='ltr'><strong>operibus</strong></span> <span class='ocrx_word' id='word_1_298' title='bbox 1479 2891 1758 2950; x_wconf 85' lang='lat' dir='ltr'><strong>insistere.</strong></span> 
     </span>
    </p>
   </div>
   <div class='ocr_carea' id='block_1_44' title="bbox 197 2971 1763 3050">
    <p class='ocr_par' dir='ltr' id='par_1_44' title="bbox 197 2971 1763 3050">
     <span class='ocr_line' id='line_1_44' title="bbox 197 2971 1763 3050; baseline 0.004 -20"><span class='ocrx_word' id='word_1_299' title='bbox 197 2971 338 3030; x_wconf 83' lang='lat' dir='ltr'><strong>Prius</strong></span> <span class='ocrx_word' id='word_1_300' title='bbox 361 2993 489 3048; x_wconf 88' lang='lat' dir='ltr'><strong>ergo</strong></span> <span class='ocrx_word' id='word_1_301' title='bbox 518 2979 724 3038; x_wconf 86' lang='lat' dir='ltr'><strong>docere</strong></span> <span class='ocrx_word' id='word_1_302' title='bbox 749 2985 968 3050; x_wconf 82' lang='lat' dir='ltr'><strong>gentes,</strong></span> <span class='ocrx_word' id='word_1_303' title='bbox 995 2979 1052 3038; x_wconf 85' lang='lat' dir='ltr'><strong>id</strong></span> <span class='ocrx_word' id='word_1_304' title='bbox 1093 2985 1196 3046; x_wconf 87' lang='lat' dir='ltr'><strong>est,</strong></span> <span class='ocrx_word' id='word_1_305' title='bbox 1239 2981 1474 3038; x_wconf 87' lang='lat' dir='ltr'><strong>scientia</strong></span> <span class='ocrx_word' id='word_1_306' title='bbox 1509 2981 1763 3039; x_wconf 72' lang='lat' dir='ltr'><strong>veritatis</strong></span> 
     </span>
    </p>
   </div>
   <div class='ocr_carea' id='block_1_45' title="bbox 190 3059 1760 3140">
    <p class='ocr_par' dir='ltr' id='par_1_45' title="bbox 190 3059 1760 3140">
     <span class='ocr_line' id='line_1_45' title="bbox 190 3059 1760 3140; baseline 0.006 -26"><span class='ocrx_word' id='word_1_307' title='bbox 190 3059 476 3132; x_wconf 82' lang='lat' dir='ltr'><strong>instituere,</strong></span> <span class='ocrx_word' id='word_1_308' title='bbox 509 3083 576 3121; x_wconf 83' lang='lat' dir='ltr'><strong>ac</strong></span> <span class='ocrx_word' id='word_1_309' title='bbox 603 3067 686 3122; x_wconf 86' lang='lat' dir='ltr'><strong>sic</strong></span> <span class='ocrx_word' id='word_1_310' title='bbox 710 3066 994 3139; x_wconf 75' lang='lat' dir='ltr'><strong>baptizare</strong></span> <span class='ocrx_word' id='word_1_311' title='bbox 1032 3069 1302 3140; x_wconf 67' lang='lat' dir='ltr'><strong>praecipit,</strong></span> <span class='ocrx_word' id='word_1_312' title='bbox 1359 3070 1492 3140; x_wconf 87' lang='lat' dir='ltr'><strong>quia</strong></span> <span class='ocrx_word' id='word_1_313' title='bbox 1531 3075 1589 3126; x_wconf 86' lang='lat' dir='ltr'><strong>et</strong></span> <span class='ocrx_word' id='word_1_314' title='bbox 1640 3070 1760 3126; x_wconf 89' lang='lat' dir='ltr'><strong>sine</strong></span> 
     </span>
    </p>
   </div>
   <div class='ocr_carea' id='block_1_46' title="bbox 191 3148 1762 3229">
    <p class='ocr_par' dir='ltr' id='par_1_46' title="bbox 191 3148 1762 3229">
     <span class='ocr_line' id='line_1_46' title="bbox 191 3148 1762 3229; baseline 0.006 -26"><span class='ocrx_word' id='word_1_315' title='bbox 191 3148 284 3204; x_wconf 85' lang='lat' dir='ltr'><strong>ﬁde</strong></span> <span class='ocrx_word' id='word_1_316' title='bbox 308 3151 648 3224; x_wconf 83' lang='lat' dir='ltr'><strong>impossibile</strong></span> <span class='ocrx_word' id='word_1_317' title='bbox 667 3161 752 3214; x_wconf 87' lang='lat' dir='ltr'><strong>est</strong></span> <span class='ocrx_word' id='word_1_318' title='bbox 773 3157 992 3228; x_wconf 88' lang='lat' dir='ltr'><strong>placere</strong></span> <span class='ocrx_word' id='word_1_319' title='bbox 1011 3159 1148 3224; x_wconf 85' lang='lat' dir='ltr'><strong>Deo,</strong></span> <span class='ocrx_word' id='word_1_320' title='bbox 1179 3163 1235 3214; x_wconf 87' lang='lat' dir='ltr'><strong>et</strong></span> <span class='ocrx_word' id='word_1_321' title='bbox 1255 3158 1364 3214; x_wconf 84' lang='lat' dir='ltr'><strong>nisi</strong></span> <span class='ocrx_word' id='word_1_322' title='bbox 1383 3158 1508 3229; x_wconf 80' lang='lat' dir='ltr'><strong>quis</strong></span> <span class='ocrx_word' id='word_1_323' title='bbox 1529 3164 1762 3216; x_wconf 84' lang='lat' dir='ltr'><strong>renatus</strong></span> 
     </span>
    </p>
   </div>
   <div class='ocr_carea' id='block_1_47' title="bbox 187 3237 1762 3317">
    <p class='ocr_par' dir='ltr' id='par_1_47' title="bbox 187 3237 1762 3317">
     <span class='ocr_line' id='line_1_47' title="bbox 187 3237 1762 3317; baseline 0.006 -23"><span class='ocrx_word' id='word_1_324' title='bbox 187 3237 335 3296; x_wconf 79' lang='lat' dir='ltr'><strong>fuerit</strong></span> <span class='ocrx_word' id='word_1_325' title='bbox 345 3259 408 3298; x_wconf 85' lang='lat' dir='ltr'><strong>ex</strong></span> <span class='ocrx_word' id='word_1_326' title='bbox 421 3260 572 3314; x_wconf 87' lang='lat' dir='ltr'><strong>aqua</strong></span> <span class='ocrx_word' id='word_1_327' title='bbox 595 3250 655 3302; x_wconf 87' lang='lat' dir='ltr'><strong>et</strong></span> <span class='ocrx_word' id='word_1_328' title='bbox 680 3245 893 3316; x_wconf 88' lang='lat' dir='ltr'><strong>Spiritu</strong></span> <span class='ocrx_word' id='word_1_329' title='bbox 927 3252 1122 3302; x_wconf 86' lang='lat' dir='ltr'><strong>sancto</strong></span> <span class='ocrx_word' id='word_1_330' title='bbox 1151 3263 1266 3305; x_wconf 90' lang='lat' dir='ltr'><strong>non</strong></span> <span class='ocrx_word' id='word_1_331' title='bbox 1291 3248 1498 3317; x_wconf 89' lang='lat' dir='ltr'><strong>poterit</strong></span> <span class='ocrx_word' id='word_1_332' title='bbox 1525 3247 1762 3304; x_wconf 87' lang='lat' dir='ltr'><strong>introire</strong></span> 
     </span>
    </p>
   </div>
   <div class='ocr_carea' id='block_1_48' title="bbox 186 3325 1758 3406">
    <p class='ocr_par' dir='ltr' id='par_1_48' title="bbox 186 3325 1758 3406">
     <span class='ocr_line' id='line_1_48' title="bbox 186 3325 1758 3406; baseline 0.004 -22"><span class='ocrx_word' id='word_1_333' title='bbox 186 3325 236 3384; x_wconf 86' lang='lat' dir='ltr'><strong>in</strong></span> <span class='ocrx_word' id='word_1_334' title='bbox 260 3346 483 3400; x_wconf 80' lang='lat' dir='ltr'><strong>regnum</strong></span> <span class='ocrx_word' id='word_1_335' title='bbox 515 3335 640 3390; x_wconf 89' lang='lat' dir='ltr'><strong>Dei.</strong></span> <span class='ocrx_word' id='word_1_336' title='bbox 663 3334 749 3390; x_wconf 83' lang='lat' dir='ltr'><strong>Ad</strong></span> <span class='ocrx_word' id='word_1_337' title='bbox 778 3340 1092 3392; x_wconf 79' lang='lat' dir='ltr'><strong>extremum</strong></span> <span class='ocrx_word' id='word_1_338' title='bbox 1121 3352 1251 3390; x_wconf 89' lang='lat' dir='ltr'><strong>vero</strong></span> <span class='ocrx_word' id='word_1_339' title='bbox 1283 3335 1608 3406; x_wconf 83' lang='lat' dir='ltr'><strong>subjungit:</strong></span> <span class='ocrx_word' id='word_1_340' title='bbox 1643 3337 1758 3394; x_wconf 84' lang='lat' dir='ltr'><strong>Do-</strong></span> 
     </span>
    </p>
   </div>
   <div class='ocr_carea' id='block_1_49' title="bbox 183 3423 1758 3496">
    <p class='ocr_par' dir='ltr' id='par_1_49' title="bbox 183 3423 1758 3496">
     <span class='ocr_line' id='line_1_49' title="bbox 183 3423 1758 3496; baseline 0.006 -25"><span class='ocrx_word' id='word_1_341' title='bbox 183 3424 353 3474; x_wconf 85' lang='lat' dir='ltr'><strong>centes</strong></span> <span class='ocrx_word' id='word_1_342' title='bbox 380 3437 475 3478; x_wconf 83' lang='lat' dir='ltr'><strong>eos</strong></span> <span class='ocrx_word' id='word_1_343' title='bbox 501 3438 728 3480; x_wconf 83' lang='lat' dir='ltr'><strong>servare</strong></span> <span class='ocrx_word' id='word_1_344' title='bbox 753 3423 944 3478; x_wconf 86' lang='lat' dir='ltr'><strong>omnia</strong></span> <span class='ocrx_word' id='word_1_345' title='bbox 981 3440 1326 3496; x_wconf 79' lang='lat' dir='ltr'><strong>quaecunque</strong></span> <span class='ocrx_word' id='word_1_346' title='bbox 1368 3425 1628 3482; x_wconf 86' lang='lat' dir='ltr'><strong>mandavi</strong></span> <span class='ocrx_word' id='word_1_347' title='bbox 1659 3443 1758 3481; x_wconf 45' lang='lat' dir='ltr'><strong>vos</strong></span> 
     </span>
    </p>
   </div>
   <div class='ocr_carea' id='block_1_50' title="bbox 183 3503 1760 3584">
    <p class='ocr_par' dir='ltr' id='par_1_50' title="bbox 183 3503 1760 3584">
     <span class='ocr_line' id='line_1_50' title="bbox 183 3503 1760 3584; baseline 0.01 -27"><span class='ocrx_word' id='word_1_348' title='bbox 183 3503 273 3560; x_wconf 87' lang='lat' dir='ltr'><strong>bis.</strong></span> <span class='ocrx_word' id='word_1_349' title='bbox 301 3510 376 3565; x_wconf 80' lang='lat' dir='ltr'><strong>Ac</strong></span> <span class='ocrx_word' id='word_1_350' title='bbox 403 3526 474 3568; x_wconf 88' lang='lat' dir='ltr'><strong>ne</strong></span> <span class='ocrx_word' id='word_1_351' title='bbox 502 3517 768 3583; x_wconf 85' lang='lat' dir='ltr'><strong>putemus</strong></span> <span class='ocrx_word' id='word_1_352' title='bbox 800 3512 946 3570; x_wconf 80' lang='lat' dir='ltr'><strong>levia</strong></span> <span class='ocrx_word' id='word_1_353' title='bbox 984 3529 1106 3570; x_wconf 82' lang='lat' dir='ltr'><strong>esse</strong></span> <span class='ocrx_word' id='word_1_354' title='bbox 1151 3529 1275 3584; x_wconf 72' lang='lat' dir='ltr'><strong>quae</strong></span> <span class='ocrx_word' id='word_1_355' title='bbox 1314 3513 1477 3584; x_wconf 85' lang='lat' dir='ltr'><strong>jussa</strong></span> <span class='ocrx_word' id='word_1_356' title='bbox 1519 3519 1654 3570; x_wconf 84' lang='lat' dir='ltr'><strong>sunt</strong></span> <span class='ocrx_word' id='word_1_357' title='bbox 1700 3521 1760 3572; x_wconf 88' lang='lat' dir='ltr'><strong>et</strong></span> 
     </span>
    </p>
   </div>
   <div class='ocr_carea' id='block_1_51' title="bbox 1846 2357 3444 2434">
    <p class='ocr_par' dir='ltr' id='par_1_51' title="bbox 1846 2357 3444 2434">
     <span class='ocr_line' id='line_1_51' title="bbox 1846 2357 3444 2434; baseline 0.004 -18"><span class='ocrx_word' id='word_1_358' title='bbox 1846 2357 1993 2416; x_wconf 83' lang='lat' dir='ltr'><strong>ﬁlios</strong></span> <span class='ocrx_word' id='word_1_359' title='bbox 2021 2358 2336 2426; x_wconf 84' lang='lat' dir='ltr'><strong>hominum,</strong></span> <span class='ocrx_word' id='word_1_360' title='bbox 2367 2366 2433 2418; x_wconf 88' lang='lat' dir='ltr'><strong>ut</strong></span> <span class='ocrx_word' id='word_1_361' title='bbox 2456 2360 2645 2418; x_wconf 85' lang='lat' dir='ltr'><strong>videat</strong></span> <span class='ocrx_word' id='word_1_362' title='bbox 2669 2360 2718 2414; x_wconf 88' lang='lat' dir='ltr'><strong>si</strong></span> <span class='ocrx_word' id='word_1_363' title='bbox 2748 2365 2834 2418; x_wconf 86' lang='lat' dir='ltr'><strong>est</strong></span> <span class='ocrx_word' id='word_1_364' title='bbox 2861 2361 3200 2434; x_wconf 80' lang='lat' dir='ltr'><strong>intelligens,</strong></span> <span class='ocrx_word' id='word_1_365' title='bbox 3225 2366 3326 2420; x_wconf 89' lang='lat' dir='ltr'><strong>aut</strong></span> <span class='ocrx_word' id='word_1_366' title='bbox 3351 2379 3444 2422; x_wconf 86' lang='lat' dir='ltr'><strong>re-</strong></span> 
     </span>
    </p>
   </div>
   <div class='ocr_carea' id='block_1_52' title="bbox 1847 2446 3446 2525">
    <p class='ocr_par' dir='ltr' id='par_1_52' title="bbox 1847 2446 3446 2525">
     <span class='ocr_line' id='line_1_52' title="bbox 1847 2446 3446 2525; baseline 0.004 -21"><span class='ocrx_word' id='word_1_367' title='bbox 1847 2446 2076 2518; x_wconf 88' lang='lat' dir='ltr'><strong>quirens</strong></span> <span class='ocrx_word' id='word_1_368' title='bbox 2102 2448 2306 2516; x_wconf 88' lang='lat' dir='ltr'><strong>Deum,</strong></span> <span class='ocrx_word' id='word_1_369' title='bbox 2337 2453 2560 2521; x_wconf 85' lang='lat' dir='ltr'><strong>oportet</strong></span> <span class='ocrx_word' id='word_1_370' title='bbox 2597 2464 3058 2525; x_wconf 84' lang='lat' dir='ltr'><strong>unumquemque</strong></span> <span class='ocrx_word' id='word_1_371' title='bbox 3091 2449 3446 2522; x_wconf 81' lang='lat' dir='ltr'><strong>baptismatis</strong></span> 
     </span>
    </p>
   </div>
   <div class='ocr_carea' id='block_1_53' title="bbox 1845 2535 3446 2612">
    <p class='ocr_par' dir='ltr' id='par_1_53' title="bbox 1845 2535 3446 2612">
     <span class='ocr_line' id='line_1_53' title="bbox 1845 2535 3446 2612; baseline 0.007 -22"><span class='ocrx_word' id='word_1_372' title='bbox 1845 2535 2000 2594; x_wconf 87' lang='lat' dir='ltr'><strong>unda</strong></span> <span class='ocrx_word' id='word_1_373' title='bbox 2031 2537 2410 2608; x_wconf 78' lang='lat' dir='ltr'><strong>puriﬁcatam,</strong></span> <span class='ocrx_word' id='word_1_374' title='bbox 2439 2543 2500 2593; x_wconf 91' lang='lat' dir='ltr'><strong>et</strong></span> <span class='ocrx_word' id='word_1_375' title='bbox 2537 2537 2846 2596; x_wconf 86' lang='lat' dir='ltr'><strong>Christiani</strong></span> <span class='ocrx_word' id='word_1_376' title='bbox 2888 2539 3132 2596; x_wconf 88' lang='lat' dir='ltr'><strong>nominis</strong></span> <span class='ocrx_word' id='word_1_377' title='bbox 3167 2539 3446 2612; x_wconf 72' lang='lat' dir='ltr'><strong>dignitate</strong></span> 
     </span>
    </p>
   </div>
   <div class='ocr_carea' id='block_1_54' title="bbox 1845 2623 3446 2698">
    <p class='ocr_par' dir='ltr' id='par_1_54' title="bbox 1845 2623 3446 2698">
     <span class='ocr_line' id='line_1_54' title="bbox 1845 2623 3446 2698; baseline 0.004 -17"><span class='ocrx_word' id='word_1_378' title='bbox 1845 2623 2192 2694; x_wconf 85' lang='lat' dir='ltr'><strong>decoratum,</strong></span> <span class='ocrx_word' id='word_1_379' title='bbox 2218 2633 2286 2684; x_wconf 90' lang='lat' dir='ltr'><strong>ut</strong></span> <span class='ocrx_word' id='word_1_380' title='bbox 2309 2627 2370 2685; x_wconf 90' lang='lat' dir='ltr'><strong>in</strong></span> <span class='ocrx_word' id='word_1_381' title='bbox 2405 2625 2606 2684; x_wconf 84' lang='lat' dir='ltr'><strong>militia</strong></span> <span class='ocrx_word' id='word_1_382' title='bbox 2629 2627 2827 2686; x_wconf 75' lang='lat' dir='ltr'><strong>aeterni</strong></span> <span class='ocrx_word' id='word_1_383' title='bbox 2855 2627 3004 2697; x_wconf 85' lang='lat' dir='ltr'><strong>regis</strong></span> <span class='ocrx_word' id='word_1_384' title='bbox 3041 2627 3342 2698; x_wconf 81' lang='lat' dir='ltr'><strong>diligenter</strong></span> <span class='ocrx_word' id='word_1_385' title='bbox 3382 2645 3446 2688; x_wconf 82' lang='lat' dir='ltr'><strong>se</strong></span> 
     </span>
    </p>
   </div>
   <div class='ocr_carea' id='block_1_55' title="bbox 1847 2715 3438 2790">
    <p class='ocr_par' dir='ltr' id='par_1_55' title="bbox 1847 2715 3438 2790">
     <span class='ocr_line' id='line_1_55' title="bbox 1847 2715 3438 2790; baseline 0.006 -23"><span class='ocrx_word' id='word_1_386' title='bbox 1847 2729 2127 2781; x_wconf 76' lang='lat' dir='ltr'><strong>exercens,</strong></span> <span class='ocrx_word' id='word_1_387' title='bbox 2159 2730 2272 2772; x_wconf 88' lang='lat' dir='ltr'><strong>non</strong></span> <span class='ocrx_word' id='word_1_388' title='bbox 2296 2715 2472 2774; x_wconf 84' lang='lat' dir='ltr'><strong>armis</strong></span> <span class='ocrx_word' id='word_1_389' title='bbox 2502 2715 2884 2790; x_wconf 84' lang='lat' dir='ltr'><strong>corporalibus</strong></span> <span class='ocrx_word' id='word_1_390' title='bbox 2913 2715 3180 2774; x_wconf 83' lang='lat' dir='ltr'><strong>adversus</strong></span> <span class='ocrx_word' id='word_1_391' title='bbox 3209 2733 3438 2776; x_wconf 85' lang='lat' dir='ltr'><strong>carnem</strong></span> 
     </span>
    </p>
   </div>
   <div class='ocr_carea' id='block_1_56' title="bbox 1844 2803 3444 2878">
    <p class='ocr_par' dir='ltr' id='par_1_56' title="bbox 1844 2803 3444 2878">
     <span class='ocr_line' id='line_1_56' title="bbox 1844 2803 3444 2878; baseline 0.006 -21"><span class='ocrx_word' id='word_1_392' title='bbox 1844 2807 1903 2858; x_wconf 87' lang='lat' dir='ltr'><strong>et</strong></span> <span class='ocrx_word' id='word_1_393' title='bbox 1939 2803 2274 2874; x_wconf 85' lang='lat' dir='ltr'><strong>sanguinem</strong></span> <span class='ocrx_word' id='word_1_394' title='bbox 2317 2805 2563 2865; x_wconf 80' lang='lat' dir='ltr'><strong>dimicet.</strong></span> <span class='ocrx_word' id='word_1_395' title='bbox 2607 2805 2706 2861; x_wconf 89' lang='lat' dir='ltr'><strong>sed</strong></span> <span class='ocrx_word' id='word_1_396' title='bbox 2743 2803 3131 2878; x_wconf 87' lang='lat' dir='ltr'><strong>principaliter</strong></span> <span class='ocrx_word' id='word_1_397' title='bbox 3175 2805 3444 2866; x_wconf 68' lang='lat' dir='ltr'><strong>adversus</strong></span> 
     </span>
    </p>
   </div>
   <div class='ocr_carea' id='block_1_57' title="bbox 1844 2889 3440 2965">
    <p class='ocr_par' dir='ltr' id='par_1_57' title="bbox 1844 2889 3440 2965">
     <span class='ocr_line' id='line_1_57' title="bbox 1844 2889 3440 2965; baseline 0.005 -21"><span class='ocrx_word' id='word_1_398' title='bbox 1844 2889 2194 2961; x_wconf 86' lang='lat' dir='ltr'><strong>principatus</strong></span> <span class='ocrx_word' id='word_1_399' title='bbox 2249 2897 2306 2946; x_wconf 91' lang='lat' dir='ltr'><strong>et</strong></span> <span class='ocrx_word' id='word_1_400' title='bbox 2359 2897 2666 2965; x_wconf 83' lang='lat' dir='ltr'><strong>potestates</strong></span> <span class='ocrx_word' id='word_1_401' title='bbox 2721 2891 2872 2950; x_wconf 85' lang='lat' dir='ltr'><strong>aeris</strong></span> <span class='ocrx_word' id='word_1_402' title='bbox 2925 2891 3114 2964; x_wconf 84' lang='lat' dir='ltr'><strong>hujus,</strong></span> <span class='ocrx_word' id='word_1_403' title='bbox 3173 2893 3440 2954; x_wconf 79' lang='lat' dir='ltr'><strong>adversus</strong></span> 
     </span>
    </p>
   </div>
   <div class='ocr_carea' id='block_1_58' title="bbox 1843 2977 3440 3057">
    <p class='ocr_par' dir='ltr' id='par_1_58' title="bbox 1843 2977 3440 3057">
     <span class='ocr_line' id='line_1_58' title="bbox 1843 2977 3440 3057; baseline 0.004 -21"><span class='ocrx_word' id='word_1_404' title='bbox 1843 2977 2039 3039; x_wconf 83' lang='lat' dir='ltr'><strong>mundi</strong></span> <span class='ocrx_word' id='word_1_405' title='bbox 2069 2985 2316 3038; x_wconf 89' lang='lat' dir='ltr'><strong>rectores</strong></span> <span class='ocrx_word' id='word_1_406' title='bbox 2343 2979 2708 3038; x_wconf 80' lang='lat' dir='ltr'><strong>tenebrarum</strong></span> <span class='ocrx_word' id='word_1_407' title='bbox 2733 2980 2960 3048; x_wconf 85' lang='lat' dir='ltr'><strong>harum,</strong></span> <span class='ocrx_word' id='word_1_408' title='bbox 2986 2984 3294 3054; x_wconf 85' lang='lat' dir='ltr'><strong>contraque</strong></span> <span class='ocrx_word' id='word_1_409' title='bbox 3321 2983 3440 3057; x_wconf 60' lang='lat' dir='ltr'><strong>apio</strong></span> 
     </span>
    </p>
   </div>
   <div class='ocr_carea' id='block_1_59' title="bbox 1842 3067 3442 3140">
    <p class='ocr_par' dir='ltr' id='par_1_59' title="bbox 1842 3067 3442 3140">
     <span class='ocr_line' id='line_1_59' title="bbox 1842 3067 3442 3140; baseline 0.004 -16"><span class='ocrx_word' id='word_1_410' title='bbox 1842 3067 2036 3124; x_wconf 82' lang='lat' dir='ltr'><strong>ritales</strong></span> <span class='ocrx_word' id='word_1_411' title='bbox 2065 3069 2347 3140; x_wconf 87' lang='lat' dir='ltr'><strong>nequitias</strong></span> <span class='ocrx_word' id='word_1_412' title='bbox 2372 3068 2432 3124; x_wconf 90' lang='lat' dir='ltr'><strong>in</strong></span> <span class='ocrx_word' id='word_1_413' title='bbox 2459 3069 2797 3138; x_wconf 73' lang='lat' dir='ltr'><strong>cmlestibus,</strong></span> <span class='ocrx_word' id='word_1_414' title='bbox 2826 3069 2886 3128; x_wconf 89' lang='lat' dir='ltr'><strong>in</strong></span> <span class='ocrx_word' id='word_1_415' title='bbox 2924 3068 3184 3126; x_wconf 88' lang='lat' dir='ltr'><strong>omnibus</strong></span> <span class='ocrx_word' id='word_1_416' title='bbox 3211 3085 3442 3130; x_wconf 81' lang='lat' dir='ltr'><strong>sumens</strong></span> 
     </span>
    </p>
   </div>
   <div class='ocr_carea' id='block_1_60' title="bbox 1841 3157 3442 3234">
    <p class='ocr_par' dir='ltr' id='par_1_60' title="bbox 1841 3157 3442 3234">
     <span class='ocr_line' id='line_1_60' title="bbox 1841 3157 3442 3234; baseline 0.004 -24"><span class='ocrx_word' id='word_1_417' title='bbox 1841 3161 2062 3214; x_wconf 85' lang='lat' dir='ltr'><strong>scutum</strong></span> <span class='ocrx_word' id='word_1_418' title='bbox 2087 3157 2236 3218; x_wconf 82' lang='lat' dir='ltr'><strong>ﬁdei.</strong></span> <span class='ocrx_word' id='word_1_419' title='bbox 2259 3158 2477 3230; x_wconf 89' lang='lat' dir='ltr'><strong>galeam</strong></span> <span class='ocrx_word' id='word_1_420' title='bbox 2506 3157 2728 3222; x_wconf 83' lang='lat' dir='ltr'><strong>salutis,</strong></span> <span class='ocrx_word' id='word_1_421' title='bbox 2759 3165 2818 3216; x_wconf 91' lang='lat' dir='ltr'><strong>et</strong></span> <span class='ocrx_word' id='word_1_422' title='bbox 2842 3157 3072 3214; x_wconf 89' lang='lat' dir='ltr'><strong>loricam</strong></span> <span class='ocrx_word' id='word_1_423' title='bbox 3098 3158 3353 3234; x_wconf 63' lang='lat' dir='ltr'><strong>iustitiae.</strong></span> <span class='ocrx_word' id='word_1_424' title='bbox 3382 3164 3442 3218; x_wconf 90' lang='lat' dir='ltr'><strong>et</strong></span> 
     </span>
    </p>
   </div>
   <div class='ocr_carea' id='block_1_61' title="bbox 1839 3246 3439 3320">
    <p class='ocr_par' dir='ltr' id='par_1_61' title="bbox 1839 3246 3439 3320">
     <span class='ocr_line' id='line_1_61' title="bbox 1839 3246 3439 3320; baseline 0.004 -19"><span class='ocrx_word' id='word_1_425' title='bbox 1839 3246 2091 3315; x_wconf 86' lang='lat' dir='ltr'><strong>gladium</strong></span> <span class='ocrx_word' id='word_1_426' title='bbox 2119 3247 2369 3320; x_wconf 87' lang='lat' dir='ltr'><strong>spiritus,</strong></span> <span class='ocrx_word' id='word_1_427' title='bbox 2394 3247 2542 3320; x_wconf 88' lang='lat' dir='ltr'><strong>quod</strong></span> <span class='ocrx_word' id='word_1_428' title='bbox 2566 3253 2656 3304; x_wconf 89' lang='lat' dir='ltr'><strong>est</strong></span> <span class='ocrx_word' id='word_1_429' title='bbox 2685 3246 2915 3304; x_wconf 86' lang='lat' dir='ltr'><strong>verbum</strong></span> <span class='ocrx_word' id='word_1_430' title='bbox 2940 3247 3060 3314; x_wconf 88' lang='lat' dir='ltr'><strong>Dei,</strong></span> <span class='ocrx_word' id='word_1_431' title='bbox 3106 3249 3439 3306; x_wconf 79' lang='lat' dir='ltr'><strong>mortiﬁcat-</strong></span> 
     </span>
    </p>
   </div>
   <div class='ocr_carea' id='block_1_62' title="bbox 1841 3334 3438 3410">
    <p class='ocr_par' dir='ltr' id='par_1_62' title="bbox 1841 3334 3438 3410">
     <span class='ocr_line' id='line_1_62' title="bbox 1841 3334 3438 3410; baseline 0.004 -22"><span class='ocrx_word' id='word_1_432' title='bbox 1841 3349 1950 3406; x_wconf 90' lang='lat' dir='ltr'><strong>que</strong></span> <span class='ocrx_word' id='word_1_433' title='bbox 1969 3334 2248 3392; x_wconf 87' lang='lat' dir='ltr'><strong>desideria</strong></span> <span class='ocrx_word' id='word_1_434' title='bbox 2271 3335 2458 3393; x_wconf 85' lang='lat' dir='ltr'><strong>carnis</strong></span> <span class='ocrx_word' id='word_1_435' title='bbox 2483 3351 2599 3390; x_wconf 71' lang='lat' dir='ltr'><strong>sum</strong></span> <span class='ocrx_word' id='word_1_436' title='bbox 2632 3335 2900 3408; x_wconf 89' lang='lat' dir='ltr'><strong>quotidie,</strong></span> <span class='ocrx_word' id='word_1_437' title='bbox 2915 3337 3081 3408; x_wconf 77' lang='lat' dir='ltr'><strong>juxta</strong></span> <span class='ocrx_word' id='word_1_438' title='bbox 3103 3337 3438 3410; x_wconf 79' lang='lat' dir='ltr'><strong>Apostolum</strong></span> 
     </span>
    </p>
   </div>
   <div class='ocr_carea' id='block_1_63' title="bbox 1837 3421 3438 3492">
    <p class='ocr_par' dir='ltr' id='par_1_63' title="bbox 1837 3421 3438 3492">
     <span class='ocr_line' id='line_1_63' title="bbox 1837 3421 3438 3492; baseline 0.005 -14"><span class='ocrx_word' id='word_1_439' title='bbox 1837 3421 2118 3480; x_wconf 87' lang='lat' dir='ltr'><strong>dicentem</strong></span> <span class='ocrx_word' id='word_1_440' title='bbox 2147 3425 2278 3491; x_wconf 75' lang='lat' dir='ltr'><strong>(Col.</strong></span> <span class='ocrx_word' id='word_1_441' title='bbox 2307 3441 2384 3489; x_wconf 77' lang='lat' dir='ltr'><strong>ni,</strong></span> <span class='ocrx_word' id='word_1_442' title='bbox 2425 3422 2505 3492; x_wconf 80' lang='lat'><strong>5):</strong></span> <span class='ocrx_word' id='word_1_443' title='bbox 2543 3442 2570 3476; x_wconf 73' lang='grc' dir='ltr'>α</span> <span class='ocrx_word' id='word_1_444' title='bbox 2611 3423 2944 3482; x_wconf 81' lang='lat' dir='ltr'><strong>Mortiﬁcate</strong></span> <span class='ocrx_word' id='word_1_445' title='bbox 2971 3424 3228 3482; x_wconf 89' lang='lat' dir='ltr'><strong>membra</strong></span> <span class='ocrx_word' id='word_1_446' title='bbox 3250 3431 3438 3486; x_wconf 83' lang='lat' dir='ltr'><strong>vestra</strong></span> 
     </span>
    </p>
   </div>
   <div class='ocr_carea' id='block_1_64' title="bbox 1839 3509 3430 3582">
    <p class='ocr_par' dir='ltr' id='par_1_64' title="bbox 1839 3509 3430 3582">
     <span class='ocr_line' id='line_1_64' title="bbox 1839 3509 3430 3582; baseline 0.004 -15"><span class='ocrx_word' id='word_1_447' title='bbox 1839 3525 1962 3578; x_wconf 83' lang='lat' dir='ltr'><strong>quae</strong></span> <span class='ocrx_word' id='word_1_448' title='bbox 1989 3515 2127 3566; x_wconf 87' lang='lat' dir='ltr'><strong>sunt</strong></span> <span class='ocrx_word' id='word_1_449' title='bbox 2150 3525 2320 3582; x_wconf 86' lang='lat' dir='ltr'><strong>super</strong></span> <span class='ocrx_word' id='word_1_450' title='bbox 2361 3515 2594 3576; x_wconf 85' lang='lat' dir='ltr'><strong>terram,</strong></span> <span class='ocrx_word' id='word_1_451' title='bbox 2632 3509 3077 3580; x_wconf 75' lang='lat' dir='ltr'><strong>fornicationem,</strong></span> <span class='ocrx_word' id='word_1_452' title='bbox 3120 3511 3430 3572; x_wconf 80' lang='lat' dir='ltr'><strong>immundi-</strong></span> 
     </span>
    </p>
   </div>
   <div class='ocr_carea' id='block_1_65' title="bbox 178 3587 3429 3672">
    <p class='ocr_par' dir='ltr' id='par_1_65' title="bbox 178 3587 3429 3672">
     <span class='ocr_line' id='line_1_65' title="bbox 178 3587 3429 3672; baseline 0.002 -18"><span class='ocrx_word' id='word_1_453' title='bbox 178 3609 354 3664; x_wconf 79' lang='lat' dir='ltr'><strong>pauca,</strong></span> <span class='ocrx_word' id='word_1_454' title='bbox 383 3599 634 3658; x_wconf 79' lang='lat' dir='ltr'><strong>addidit:</strong></span> <span class='ocrx_word' id='word_1_455' title='bbox 663 3600 868 3658; x_wconf 80' lang='lat' dir='ltr'><strong>Omnia</strong></span> <span class='ocrx_word' id='word_1_456' title='bbox 893 3617 1240 3672; x_wconf 60' lang='lat' dir='ltr'><strong>quacunque</strong></span> <span class='ocrx_word' id='word_1_457' title='bbox 1277 3601 1537 3658; x_wconf 86' lang='lat' dir='ltr'><strong>mandavi</strong></span> <span class='ocrx_word' id='word_1_458' title='bbox 1577 3601 1748 3666; x_wconf 83' lang='lat' dir='ltr'><strong>vobis,</strong></span> <span class='ocrx_word' id='word_1_459' title='bbox 1775 3587 1818 3644; x_wconf 84' lang='lat' dir='ltr'><strong>C</strong></span> <span class='ocrx_word' id='word_1_460' title='bbox 1838 3597 1998 3664; x_wconf 87' lang='lat' dir='ltr'><strong>tiam,</strong></span> <span class='ocrx_word' id='word_1_461' title='bbox 2031 3597 2340 3664; x_wconf 88' lang='lat' dir='ltr'><strong>libidinem,</strong></span> <span class='ocrx_word' id='word_1_462' title='bbox 2363 3597 2871 3670; x_wconf 84' lang='lat' dir='ltr'><strong>concupiscentiam</strong></span> <span class='ocrx_word' id='word_1_463' title='bbox 2892 3599 3126 3666; x_wconf 73' lang='lat' dir='ltr'><strong>malum,</strong></span> <span class='ocrx_word' id='word_1_464' title='bbox 3161 3607 3222 3659; x_wconf 83' lang='lat' dir='ltr'><strong>et</strong></span> <span class='ocrx_word' id='word_1_465' title='bbox 3245 3601 3429 3661; x_wconf 83' lang='lat' dir='ltr'><strong>avari-</strong></span> 
     </span>
    </p>
   </div>
   <div class='ocr_carea' id='block_1_66' title="bbox 177 3676 1756 3761">
    <p class='ocr_par' dir='ltr' id='par_1_66' title="bbox 177 3676 1756 3761">
     <span class='ocr_line' id='line_1_66' title="bbox 177 3676 1756 3761; baseline 0.004 -23"><span class='ocrx_word' id='word_1_466' title='bbox 177 3688 231 3738; x_wconf 89' lang='lat' dir='ltr'><strong>ut</strong></span> <span class='ocrx_word' id='word_1_467' title='bbox 253 3686 564 3759; x_wconf 87' lang='lat' dir='ltr'><strong>quicunque</strong></span> <span class='ocrx_word' id='word_1_468' title='bbox 592 3676 953 3754; x_wconf 80' lang='lat' dir='ltr'><strong>crediderint,</strong></span> <span class='ocrx_word' id='word_1_469' title='bbox 996 3691 1180 3761; x_wconf 87' lang='lat' dir='ltr'><strong>quiin</strong></span> <span class='ocrx_word' id='word_1_470' title='bbox 1225 3690 1502 3746; x_wconf 85' lang='lat' dir='ltr'><strong>Trinitate</strong></span> <span class='ocrx_word' id='word_1_471' title='bbox 1545 3691 1756 3748; x_wconf 81' lang='lat' dir='ltr'><strong>fuerint</strong></span> 
     </span>
    </p>
   </div>
   <div class='ocr_carea' id='block_1_67' title="bbox 175 3768 1756 3851">
    <p class='ocr_par' dir='ltr' id='par_1_67' title="bbox 175 3768 1756 3851">
     <span class='ocr_line' id='line_1_67' title="bbox 175 3768 1756 3851; baseline 0.006 -26"><span class='ocrx_word' id='word_1_472' title='bbox 175 3768 434 3844; x_wconf 81' lang='lat' dir='ltr'><strong>baptizati,</strong></span> <span class='ocrx_word' id='word_1_473' title='bbox 469 3778 664 3838; x_wconf 83' lang='lat' dir='ltr'><strong>omnia</strong></span> <span class='ocrx_word' id='word_1_474' title='bbox 688 3778 898 3836; x_wconf 86' lang='lat' dir='ltr'><strong>faciant</strong></span> <span class='ocrx_word' id='word_1_475' title='bbox 935 3795 1060 3850; x_wconf 75' lang='lat' dir='ltr'><strong>quae</strong></span> <span class='ocrx_word' id='word_1_476' title='bbox 1097 3784 1376 3851; x_wconf 69' lang='lat' dir='ltr'><strong>praecepta</strong></span> <span class='ocrx_word' id='word_1_477' title='bbox 1421 3785 1572 3846; x_wconf 87' lang='lat' dir='ltr'><strong>sunt,</strong></span> <span class='ocrx_word' id='word_1_478' title='bbox 1621 3779 1756 3850; x_wconf 82' lang='lat' dir='ltr'><strong>quia</strong></span> 
     </span>
    </p>
   </div>
   <div class='ocr_carea' id='block_1_68' title="bbox 173 3859 1752 3938">
    <p class='ocr_par' dir='ltr' id='par_1_68' title="bbox 173 3859 1752 3938">
     <span class='ocr_line' id='line_1_68' title="bbox 173 3859 1752 3938; baseline 0.004 -23"><span class='ocrx_word' id='word_1_479' title='bbox 173 3859 302 3918; x_wconf 83' lang='lat' dir='ltr'><strong>sicut</strong></span> <span class='ocrx_word' id='word_1_480' title='bbox 323 3881 528 3936; x_wconf 88' lang='lat' dir='ltr'><strong>corpus</strong></span> <span class='ocrx_word' id='word_1_481' title='bbox 551 3867 678 3926; x_wconf 86' lang='lat' dir='ltr'><strong>sine</strong></span> <span class='ocrx_word' id='word_1_482' title='bbox 705 3867 906 3938; x_wconf 88' lang='lat' dir='ltr'><strong>spiritu</strong></span> <span class='ocrx_word' id='word_1_483' title='bbox 937 3873 1225 3926; x_wconf 87' lang='lat' dir='ltr'><strong>mortuum</strong></span> <span class='ocrx_word' id='word_1_484' title='bbox 1255 3874 1358 3935; x_wconf 88' lang='lat' dir='ltr'><strong>est,</strong></span> <span class='ocrx_word' id='word_1_485' title='bbox 1393 3867 1472 3922; x_wconf 86' lang='lat' dir='ltr'><strong>ita</strong></span> <span class='ocrx_word' id='word_1_486' title='bbox 1509 3874 1567 3927; x_wconf 88' lang='lat' dir='ltr'><strong>et</strong></span> <span class='ocrx_word' id='word_1_487' title='bbox 1613 3867 1752 3925; x_wconf 85' lang='lat' dir='ltr'><strong>ﬁdes</strong></span> 
     </span>
    </p>
   </div>
   <div class='ocr_carea' id='block_1_69' title="bbox 169 3947 1754 4028">
    <p class='ocr_par' dir='ltr' id='par_1_69' title="bbox 169 3947 1754 4028">
     <span class='ocr_line' id='line_1_69' title="bbox 169 3947 1754 4028; baseline 0.006 -22"><span class='ocrx_word' id='word_1_488' title='bbox 169 3947 276 4007; x_wconf 85' lang='lat' dir='ltr'><strong>sine</strong></span> <span class='ocrx_word' id='word_1_489' title='bbox 300 3955 562 4024; x_wconf 86' lang='lat' dir='ltr'><strong>operibus</strong></span> <span class='ocrx_word' id='word_1_490' title='bbox 593 3961 818 4014; x_wconf 88' lang='lat' dir='ltr'><strong>mortua</strong></span> <span class='ocrx_word' id='word_1_491' title='bbox 839 3963 941 4014; x_wconf 86' lang='lat' dir='ltr'><strong>est.</strong></span> <span class='ocrx_word' id='word_1_492' title='bbox 971 3957 1198 4022; x_wconf 81' lang='lat' dir='ltr'><strong>Quanta</strong></span> <span class='ocrx_word' id='word_1_493' title='bbox 1217 3958 1387 4027; x_wconf 82' lang='lat' dir='ltr'><strong>hujus</strong></span> <span class='ocrx_word' id='word_1_494' title='bbox 1407 3974 1621 4014; x_wconf 88' lang='lat' dir='ltr'><strong>merces</strong></span> <span class='ocrx_word' id='word_1_495' title='bbox 1647 3957 1754 4028; x_wconf 61' lang='lat' dir='ltr'><strong>pia</strong></span> 
     </span>
    </p>
   </div>
   <div class='ocr_carea' id='block_1_70' title="bbox 169 4045 1755 4116">
    <p class='ocr_par' dir='ltr' id='par_1_70' title="bbox 169 4045 1755 4116">
     <span class='ocr_line' id='line_1_70' title="bbox 169 4045 1755 4116; baseline 0.01 -26"><span class='ocrx_word' id='word_1_496' title='bbox 169 4045 612 4110; x_wconf 79' lang='lat' dir='ltr'><strong>conversationis,</strong></span> <span class='ocrx_word' id='word_1_497' title='bbox 684 4047 848 4116; x_wconf 82' lang='lat' dir='ltr'><strong>quale</strong></span> <span class='ocrx_word' id='word_1_498' title='bbox 898 4046 1103 4116; x_wconf 80' lang='lat' dir='ltr'><strong>pignus</strong></span> <span class='ocrx_word' id='word_1_499' title='bbox 1143 4046 1347 4105; x_wconf 70' lang='lat' dir='ltr'><strong>futuris</strong></span> <span class='ocrx_word' id='word_1_500' title='bbox 1389 4045 1755 4106; x_wconf 79' lang='lat' dir='ltr'><strong>beatitudinis</strong></span> 
     </span>
    </p>
   </div>
   <div class='ocr_carea' id='block_1_71' title="bbox 168 4127 1754 4207">
    <p class='ocr_par' dir='ltr' id='par_1_71' title="bbox 168 4127 1754 4207">
     <span class='ocr_line' id='line_1_71' title="bbox 168 4127 1754 4207; baseline 0.001 -19"><span class='ocrx_word' id='word_1_501' title='bbox 168 4127 322 4188; x_wconf 73' lang='lat' dir='ltr'><strong>etiam</strong></span> <span class='ocrx_word' id='word_1_502' title='bbox 342 4130 401 4190; x_wconf 84' lang='lat' dir='ltr'><strong>in</strong></span> <span class='ocrx_word' id='word_1_503' title='bbox 431 4130 700 4204; x_wconf 77' lang='lat' dir='ltr'><strong>praesenti</strong></span> <span class='ocrx_word' id='word_1_504' title='bbox 721 4134 916 4192; x_wconf 80' lang='lat' dir='ltr'><strong>fideles</strong></span> <span class='ocrx_word' id='word_1_505' title='bbox 935 4141 1177 4202; x_wconf 86' lang='lat' dir='ltr'><strong>maneat,</strong></span> <span class='ocrx_word' id='word_1_506' title='bbox 1195 4135 1602 4207; x_wconf 83' lang='lat' dir='ltr'><strong>subsequenter</strong></span> <span class='ocrx_word' id='word_1_507' title='bbox 1621 4135 1754 4192; x_wconf 87' lang='lat' dir='ltr'><strong>insi-</strong></span> 
     </span>
    </p>
   </div>
   <div class='ocr_carea' id='block_1_72' title="bbox 168 4219 1750 4292">
    <p class='ocr_par' dir='ltr' id='par_1_72' title="bbox 168 4219 1750 4292">
     <span class='ocr_line' id='line_1_72' title="bbox 168 4219 1750 4292; baseline 0.004 -18"><span class='ocrx_word' id='word_1_508' title='bbox 168 4225 292 4274; x_wconf 81' lang='lat' dir='ltr'><strong>nuat</strong></span> <span class='ocrx_word' id='word_1_509' title='bbox 315 4219 544 4281; x_wconf 85' lang='lat' dir='ltr'><strong>dicens:</strong></span> <span class='ocrx_word' id='word_1_510' title='bbox 570 4223 710 4281; x_wconf 87' lang='lat' dir='ltr'><strong>Ecce</strong></span> <span class='ocrx_word' id='word_1_511' title='bbox 729 4240 832 4292; x_wconf 85' lang='lat' dir='ltr'><strong>ego</strong></span> <span class='ocrx_word' id='word_1_512' title='bbox 862 4223 1148 4282; x_wconf 86' lang='lat' dir='ltr'><strong>vobiscum</strong></span> <span class='ocrx_word' id='word_1_513' title='bbox 1171 4241 1298 4281; x_wconf 87' lang='lat' dir='ltr'><strong>sum</strong></span> <span class='ocrx_word' id='word_1_514' title='bbox 1327 4223 1585 4282; x_wconf 87' lang='lat' dir='ltr'><strong>omnibus</strong></span> <span class='ocrx_word' id='word_1_515' title='bbox 1630 4224 1750 4282; x_wconf 67' lang='lat' dir='ltr'><strong>die-</strong></span> 
     </span>
    </p>
   </div>
   <div class='ocr_carea' id='block_1_73' title="bbox 165 4301 1750 4384">
    <p class='ocr_par' dir='ltr' id='par_1_73' title="bbox 165 4301 1750 4384">
     <span class='ocr_line' id='line_1_73' title="bbox 165 4301 1750 4384; baseline 0.008 -25"><span class='ocrx_word' id='word_1_516' title='bbox 165 4301 274 4372; x_wconf 85' lang='lat' dir='ltr'><strong>bus,</strong></span> <span class='ocrx_word' id='word_1_517' title='bbox 297 4324 476 4381; x_wconf 84' lang='lat' dir='ltr'><strong>usque</strong></span> <span class='ocrx_word' id='word_1_518' title='bbox 496 4311 568 4370; x_wconf 85' lang='lat' dir='ltr'><strong>ad</strong></span> <span class='ocrx_word' id='word_1_519' title='bbox 589 4313 1133 4372; x_wconf 83' lang='lat' dir='ltr'><strong>consummationem</strong></span> <span class='ocrx_word' id='word_1_520' title='bbox 1149 4313 1355 4384; x_wconf 82' lang='lat' dir='ltr'><strong>saeculi.</strong></span> <span class='ocrx_word' id='word_1_521' title='bbox 1379 4313 1541 4370; x_wconf 87' lang='lat' dir='ltr'><strong>Libet</strong></span> <span class='ocrx_word' id='word_1_522' title='bbox 1559 4319 1750 4372; x_wconf 84' lang='lat' dir='ltr'><strong>autem</strong></span> 
     </span>
    </p>
   </div>
   <div class='ocr_carea' id='block_1_74' title="bbox 162 4395 1752 4472">
    <p class='ocr_par' dir='ltr' id='par_1_74' title="bbox 162 4395 1752 4472">
     <span class='ocr_line' id='line_1_74' title="bbox 162 4395 1752 4472; baseline 0.008 -24"><span class='ocrx_word' id='word_1_523' title='bbox 162 4395 398 4454; x_wconf 79' lang='lat' dir='ltr'><strong>conferre</strong></span> <span class='ocrx_word' id='word_1_524' title='bbox 425 4399 563 4460; x_wconf 82' lang='lat' dir='ltr'><strong>huic</strong></span> <span class='ocrx_word' id='word_1_525' title='bbox 591 4400 936 4467; x_wconf 87' lang='lat' dir='ltr'><strong>testimonio,</strong></span> <span class='ocrx_word' id='word_1_526' title='bbox 990 4402 1138 4472; x_wconf 85' lang='lat' dir='ltr'><strong>quod</strong></span> <span class='ocrx_word' id='word_1_527' title='bbox 1186 4403 1406 4462; x_wconf 74' lang='lat' dir='ltr'><strong>Marcus</strong></span> <span class='ocrx_word' id='word_1_528' title='bbox 1451 4403 1568 4459; x_wconf 89' lang='lat' dir='ltr'><strong>ait:</strong></span> <span class='ocrx_word' id='word_1_529' title='bbox 1621 4420 1649 4458; x_wconf 72' lang='lat' dir='ltr'><strong>s</strong></span> <span class='ocrx_word' id='word_1_530' title='bbox 1681 4403 1752 4460; x_wconf 85' lang='lat' dir='ltr'><strong>Et</strong></span> 
     </span>
    </p>
   </div>
   <div class='ocr_carea' id='block_1_75' title="bbox 161 4481 1748 4564">
    <p class='ocr_par' dir='ltr' id='par_1_75' title="bbox 161 4481 1748 4564">
     <span class='ocr_line' id='line_1_75' title="bbox 161 4481 1748 4564; baseline 0.005 -24"><span class='ocrx_word' id='word_1_531' title='bbox 161 4481 419 4546; x_wconf 83' lang='lat' dir='ltr'><strong>Dominus</strong></span> <span class='ocrx_word' id='word_1_532' title='bbox 447 4489 680 4564; x_wconf 88' lang='lat' dir='ltr'><strong>quidem</strong></span> <span class='ocrx_word' id='word_1_533' title='bbox 708 4490 870 4548; x_wconf 71' lang='lat' dir='ltr'><strong>Iesus</strong></span> <span class='ocrx_word' id='word_1_534' title='bbox 920 4495 1220 4562; x_wconf 84' lang='lat' dir='ltr'><strong>postquam</strong></span> <span class='ocrx_word' id='word_1_535' title='bbox 1265 4491 1484 4564; x_wconf 82' lang='lat' dir='ltr'><strong>locutus</strong></span> <span class='ocrx_word' id='word_1_536' title='bbox 1533 4497 1618 4548; x_wconf 86' lang='lat' dir='ltr'><strong>est</strong></span> <span class='ocrx_word' id='word_1_537' title='bbox 1665 4492 1748 4548; x_wconf 85' lang='lat' dir='ltr'><strong>eis</strong></span> 
     </span>
    </p>
   </div>
   <div class='ocr_carea' id='block_1_76' title="bbox 158 4579 1747 4647">
    <p class='ocr_par' dir='ltr' id='par_1_76' title="bbox 158 4579 1747 4647">
     <span class='ocr_line' id='line_1_76' title="bbox 158 4579 1747 4647; baseline 0.004 -15"><span class='ocrx_word' id='word_1_538' title='bbox 158 4582 468 4647; x_wconf 71' lang='lat' dir='ltr'><strong>assumptus</strong></span> <span class='ocrx_word' id='word_1_539' title='bbox 499 4584 589 4637; x_wconf 82' lang='lat' dir='ltr'><strong>est</strong></span> <span class='ocrx_word' id='word_1_540' title='bbox 627 4579 688 4636; x_wconf 90' lang='lat' dir='ltr'><strong>in</strong></span> <span class='ocrx_word' id='word_1_541' title='bbox 729 4579 956 4645; x_wconf 75' lang='lat' dir='ltr'><strong>cmlum,</strong></span> <span class='ocrx_word' id='word_1_542' title='bbox 1001 4587 1060 4636; x_wconf 86' lang='lat' dir='ltr'><strong>et</strong></span> <span class='ocrx_word' id='word_1_543' title='bbox 1103 4580 1264 4636; x_wconf 86' lang='lat' dir='ltr'><strong>sedet</strong></span> <span class='ocrx_word' id='word_1_544' title='bbox 1309 4598 1344 4638; x_wconf 84' lang='lat' dir='ltr'><strong>a</strong></span> <span class='ocrx_word' id='word_1_545' title='bbox 1391 4581 1598 4636; x_wconf 83' lang='lat' dir='ltr'><strong>dextris</strong></span> <span class='ocrx_word' id='word_1_546' title='bbox 1644 4580 1747 4638; x_wconf 86' lang='lat' dir='ltr'><strong>Dei</strong></span> 
     </span>
    </p>
   </div>
   <div class='ocr_carea' id='block_1_77' title="bbox 159 4662 1748 4740">
    <p class='ocr_par' dir='ltr' id='par_1_77' title="bbox 159 4662 1748 4740">
     <span class='ocr_line' id='line_1_77' title="bbox 159 4662 1748 4740; baseline 0.002 -19"><span class='ocrx_word' id='word_1_547' title='bbox 159 4662 340 4721; x_wconf 63' lang='lat' dir='ltr'><strong>(Marc.</strong></span> <span class='ocrx_word' id='word_1_548' title='bbox 363 4671 520 4736; x_wconf 58' lang='lat' dir='ltr'><strong>ult).</strong></span> <span class='ocrx_word' id='word_1_549' title='bbox 557 4688 584 4722; x_wconf 63' lang='grc' dir='ltr'><strong>ν</strong></span> <span class='ocrx_word' id='word_1_550' title='bbox 616 4667 762 4736; x_wconf 84' lang='lat' dir='ltr'><strong>Quia</strong></span> <span class='ocrx_word' id='word_1_551' title='bbox 787 4668 940 4728; x_wconf 87' lang='lat' dir='ltr'><strong>enim</strong></span> <span class='ocrx_word' id='word_1_552' title='bbox 960 4667 1080 4740; x_wconf 84' lang='lat' dir='ltr'><strong>ipse</strong></span> <span class='ocrx_word' id='word_1_553' title='bbox 1103 4669 1254 4728; x_wconf 80' lang='lat' dir='ltr'><strong>Deus</strong></span> <span class='ocrx_word' id='word_1_554' title='bbox 1281 4676 1340 4727; x_wconf 84' lang='lat' dir='ltr'><strong>et</strong></span> <span class='ocrx_word' id='word_1_555' title='bbox 1365 4669 1536 4727; x_wconf 87' lang='lat' dir='ltr'><strong>homo</strong></span> <span class='ocrx_word' id='word_1_556' title='bbox 1555 4674 1640 4724; x_wconf 84' lang='lat' dir='ltr'><strong>est</strong></span> <span class='ocrx_word' id='word_1_557' title='bbox 1659 4686 1748 4728; x_wconf 84' lang='lat' dir='ltr'><strong>as-</strong></span> 
     </span>
    </p>
   </div>
   <div class='ocr_carea' id='block_1_78' title="bbox 155 4756 1746 4830">
    <p class='ocr_par' dir='ltr' id='par_1_78' title="bbox 155 4756 1746 4830">
     <span class='ocr_line' id='line_1_78' title="bbox 155 4756 1746 4830; baseline 0.003 -20"><span class='ocrx_word' id='word_1_558' title='bbox 155 4760 402 4824; x_wconf 79' lang='lat' dir='ltr'><strong>sumptus</strong></span> <span class='ocrx_word' id='word_1_559' title='bbox 432 4756 496 4814; x_wconf 89' lang='lat' dir='ltr'><strong>in</strong></span> <span class='ocrx_word' id='word_1_560' title='bbox 525 4757 729 4817; x_wconf 69' lang='lat' dir='ltr'><strong>calum</strong></span> <span class='ocrx_word' id='word_1_561' title='bbox 761 4757 1117 4817; x_wconf 84' lang='lat' dir='ltr'><strong>humanitate</strong></span> <span class='ocrx_word' id='word_1_562' title='bbox 1145 4775 1314 4830; x_wconf 83' lang='lat' dir='ltr'><strong>quam</strong></span> <span class='ocrx_word' id='word_1_563' title='bbox 1341 4759 1415 4814; x_wconf 88' lang='lat' dir='ltr'><strong>de</strong></span> <span class='ocrx_word' id='word_1_564' title='bbox 1441 4764 1594 4816; x_wconf 85' lang='lat' dir='ltr'><strong>terra</strong></span> <span class='ocrx_word' id='word_1_565' title='bbox 1617 4775 1746 4816; x_wconf 83' lang='lat' dir='ltr'><strong>sus-</strong></span> 
     </span>
    </p>
   </div>
   <div class='ocr_carea' id='block_1_79' title="bbox 154 4846 1746 4910">
    <p class='ocr_par' dir='ltr' id='par_1_79' title="bbox 154 4846 1746 4910">
     <span class='ocr_line' id='line_1_79' title="bbox 154 4846 1746 4910; baseline 0.003 -11"><span class='ocrx_word' id='word_1_566' title='bbox 154 4849 402 4910; x_wconf 76' lang='lat' dir='ltr'><strong>ceperat;</strong></span> <span class='ocrx_word' id='word_1_567' title='bbox 437 4851 634 4906; x_wconf 80' lang='lat' dir='ltr'><strong>manet</strong></span> <span class='ocrx_word' id='word_1_568' title='bbox 667 4861 796 4904; x_wconf 86' lang='lat' dir='ltr'><strong>cum</strong></span> <span class='ocrx_word' id='word_1_569' title='bbox 843 4846 1052 4905; x_wconf 86' lang='lat' dir='ltr'><strong>sanctis</strong></span> <span class='ocrx_word' id='word_1_570' title='bbox 1093 4847 1154 4907; x_wconf 87' lang='lat' dir='ltr'><strong>in</strong></span> <span class='ocrx_word' id='word_1_571' title='bbox 1198 4853 1409 4904; x_wconf 68' lang='lat' dir='ltr'><strong>aeterna</strong></span> <span class='ocrx_word' id='word_1_572' title='bbox 1451 4847 1746 4906; x_wconf 83' lang='lat' dir='ltr'><strong>divinitate</strong></span> 
     </span>
    </p>
   </div>
   <div class='ocr_carea' id='block_1_80' title="bbox 1833 3683 3433 3764">
    <p class='ocr_par' dir='ltr' id='par_1_80' title="bbox 1833 3683 3433 3764">
     <span class='ocr_line' id='line_1_80' title="bbox 1833 3683 3433 3764; baseline 0.007 -26"><span class='ocrx_word' id='word_1_573' title='bbox 1833 3683 1996 3752; x_wconf 86' lang='lat' dir='ltr'><strong>tiam,</strong></span> <span class='ocrx_word' id='word_1_574' title='bbox 2026 3701 2150 3760; x_wconf 74' lang='lat' dir='ltr'><strong>qum</strong></span> <span class='ocrx_word' id='word_1_575' title='bbox 2177 3690 2268 3741; x_wconf 89' lang='lat' dir='ltr'><strong>est</strong></span> <span class='ocrx_word' id='word_1_576' title='bbox 2287 3685 2721 3742; x_wconf 86' lang='lat' dir='ltr'><strong>simulacrorum</strong></span> <span class='ocrx_word' id='word_1_577' title='bbox 2741 3687 2979 3744; x_wconf 86' lang='lat' dir='ltr'><strong>servitus</strong></span> <span class='ocrx_word' id='word_1_578' title='bbox 3003 3703 3018 3744; x_wconf 85' lang='lat'><strong>:</strong></span> <span class='ocrx_word' id='word_1_579' title='bbox 3047 3693 3278 3763; x_wconf 89' lang='lat' dir='ltr'><strong>propter</strong></span> <span class='ocrx_word' id='word_1_580' title='bbox 3303 3705 3433 3764; x_wconf 62' lang='lat' dir='ltr'><strong>qua</strong></span> 
     </span>
    </p>
   </div>
   <div class='ocr_carea' id='block_1_81' title="bbox 1834 3773 3430 3850">
    <p class='ocr_par' dir='ltr' id='par_1_81' title="bbox 1834 3773 3430 3850">
     <span class='ocr_line' id='line_1_81' title="bbox 1834 3773 3430 3850; baseline 0.009 -26"><span class='ocrx_word' id='word_1_581' title='bbox 1834 3773 1986 3830; x_wconf 87' lang='lat' dir='ltr'><strong>venit</strong></span> <span class='ocrx_word' id='word_1_582' title='bbox 2012 3774 2100 3830; x_wconf 88' lang='lat' dir='ltr'><strong>ira</strong></span> <span class='ocrx_word' id='word_1_583' title='bbox 2125 3774 2225 3830; x_wconf 92' lang='lat' dir='ltr'><strong>Dei</strong></span> <span class='ocrx_word' id='word_1_584' title='bbox 2254 3775 2316 3834; x_wconf 90' lang='lat' dir='ltr'><strong>in</strong></span> <span class='ocrx_word' id='word_1_585' title='bbox 2343 3773 2486 3832; x_wconf 78' lang='lat' dir='ltr'><strong>(ilics</strong></span> <span class='ocrx_word' id='word_1_586' title='bbox 2528 3774 2870 3840; x_wconf 67' lang='lat' dir='ltr'><strong>diffidentiae.</strong></span> <span class='ocrx_word' id='word_1_587' title='bbox 2902 3775 2962 3832; x_wconf 91' lang='lat' dir='ltr'><strong>in</strong></span> <span class='ocrx_word' id='word_1_588' title='bbox 2993 3775 3196 3850; x_wconf 90' lang='lat' dir='ltr'><strong>quibus</strong></span> <span class='ocrx_word' id='word_1_589' title='bbox 3233 3783 3292 3836; x_wconf 85' lang='lat' dir='ltr'><strong>et</strong></span> <span class='ocrx_word' id='word_1_590' title='bbox 3331 3795 3430 3838; x_wconf 82' lang='lat' dir='ltr'><strong>vos</strong></span> 
     </span>
    </p>
   </div>
   <div class='ocr_carea' id='block_1_82' title="bbox 1835 3861 3428 3936">
    <p class='ocr_par' dir='ltr' id='par_1_82' title="bbox 1835 3861 3428 3936">
     <span class='ocr_line' id='line_1_82' title="bbox 1835 3861 3428 3936; baseline 0.005 -18"><span class='ocrx_word' id='word_1_591' title='bbox 1835 3861 2162 3920; x_wconf 79' lang='lat' dir='ltr'><strong>ambulastis</strong></span> <span class='ocrx_word' id='word_1_592' title='bbox 2184 3863 2486 3936; x_wconf 86' lang='lat' dir='ltr'><strong>aliquando</strong></span> <span class='ocrx_word' id='word_1_593' title='bbox 2527 3881 2658 3920; x_wconf 85' lang='lat' dir='ltr'><strong>cum</strong></span> <span class='ocrx_word' id='word_1_594' title='bbox 2693 3863 2950 3922; x_wconf 85' lang='lat' dir='ltr'><strong>viveretis</strong></span> <span class='ocrx_word' id='word_1_595' title='bbox 2989 3865 3048 3920; x_wconf 91' lang='lat' dir='ltr'><strong>in</strong></span> <span class='ocrx_word' id='word_1_596' title='bbox 3094 3865 3226 3924; x_wconf 88' lang='lat' dir='ltr'><strong>illis.</strong></span> <span class='ocrx_word' id='word_1_597' title='bbox 3264 3867 3428 3926; x_wconf 86' lang='lat' dir='ltr'><strong>Nunc</strong></span> 
     </span>
    </p>
   </div>
   <div class='ocr_carea' id='block_1_83' title="bbox 1835 3951 3427 4026">
    <p class='ocr_par' dir='ltr' id='par_1_83' title="bbox 1835 3951 3427 4026">
     <span class='ocr_line' id='line_1_83' title="bbox 1835 3951 3427 4026; baseline 0.007 -23"><span class='ocrx_word' id='word_1_598' title='bbox 1835 3955 2024 4006; x_wconf 88' lang='lat' dir='ltr'><strong>autem</strong></span> <span class='ocrx_word' id='word_1_599' title='bbox 2050 3951 2314 4025; x_wconf 78' lang='lat' dir='ltr'><strong>deponite</strong></span> <span class='ocrx_word' id='word_1_600' title='bbox 2341 3957 2400 4008; x_wconf 89' lang='lat' dir='ltr'><strong>et</strong></span> <span class='ocrx_word' id='word_1_601' title='bbox 2417 3969 2512 4007; x_wconf 92' lang='lat' dir='ltr'><strong>vos</strong></span> <span class='ocrx_word' id='word_1_602' title='bbox 2531 3953 2742 4021; x_wconf 86' lang='lat' dir='ltr'><strong>omnia,</strong></span> <span class='ocrx_word' id='word_1_603' title='bbox 2761 3953 2924 4020; x_wconf 88' lang='lat' dir='ltr'><strong>iram,</strong></span> <span class='ocrx_word' id='word_1_604' title='bbox 2955 3953 3427 4026; x_wconf 84' lang='lat' dir='ltr'><strong>indignationem,</strong></span> 
     </span>
    </p>
   </div>
   <div class='ocr_carea' id='block_1_84' title="bbox 1832 4039 3428 4116">
    <p class='ocr_par' dir='ltr' id='par_1_84' title="bbox 1832 4039 3428 4116">
     <span class='ocr_line' id='line_1_84' title="bbox 1832 4039 3428 4116; baseline 0.006 -21"><span class='ocrx_word' id='word_1_605' title='bbox 1832 4039 2127 4110; x_wconf 85' lang='lat' dir='ltr'><strong>malitiam,</strong></span> <span class='ocrx_word' id='word_1_606' title='bbox 2158 4040 2587 4116; x_wconf 83' lang='lat' dir='ltr'><strong>blasphemiam,</strong></span> <span class='ocrx_word' id='word_1_607' title='bbox 2607 4047 2836 4114; x_wconf 87' lang='lat' dir='ltr'><strong>turpem</strong></span> <span class='ocrx_word' id='word_1_608' title='bbox 2871 4059 3192 4102; x_wconf 87' lang='lat' dir='ltr'><strong>sermonem</strong></span> <span class='ocrx_word' id='word_1_609' title='bbox 3215 4043 3285 4104; x_wconf 90' lang='lat' dir='ltr'><strong>de</strong></span> <span class='ocrx_word' id='word_1_610' title='bbox 3329 4061 3428 4104; x_wconf 88' lang='lat' dir='ltr'><strong>ore</strong></span> 
     </span>
    </p>
   </div>
   <div class='ocr_carea' id='block_1_85' title="bbox 1837 4130 3425 4193">
    <p class='ocr_par' dir='ltr' id='par_1_85' title="bbox 1837 4130 3425 4193">
     <span class='ocr_line' id='line_1_85' title="bbox 1837 4130 3425 4193; baseline 0.008 -13"><span class='ocrx_word' id='word_1_611' title='bbox 1837 4133 2016 4186; x_wconf 87' lang='lat' dir='ltr'><strong>vestro</strong></span> <span class='ocrx_word' id='word_1_612' title='bbox 2046 4146 2162 4186; x_wconf 86' lang='lat' dir='ltr'><strong>non</strong></span> <span class='ocrx_word' id='word_1_613' title='bbox 2191 4130 2484 4188; x_wconf 83' lang='lat' dir='ltr'><strong>emittatis.</strong></span> <span class='ocrx_word' id='word_1_614' title='bbox 2523 4131 2712 4190; x_wconf 85' lang='lat' dir='ltr'><strong>Nolite</strong></span> <span class='ocrx_word' id='word_1_615' title='bbox 2739 4131 2970 4190; x_wconf 88' lang='lat' dir='ltr'><strong>mentiri</strong></span> <span class='ocrx_word' id='word_1_616' title='bbox 3012 4132 3283 4191; x_wconf 83' lang='lat' dir='ltr'><strong>invicem:</strong></span> <span class='ocrx_word' id='word_1_617' title='bbox 3329 4149 3425 4193; x_wconf 71' lang='lat' dir='ltr'><strong>ex-</strong></span> 
     </span>
    </p>
   </div>
   <div class='ocr_carea' id='block_1_86' title="bbox 1833 4218 3424 4290">
    <p class='ocr_par' dir='ltr' id='par_1_86' title="bbox 1833 4218 3424 4290">
     <span class='ocr_line' id='line_1_86' title="bbox 1833 4218 3424 4290; baseline 0.005 -18"><span class='ocrx_word' id='word_1_618' title='bbox 1833 4218 2138 4290; x_wconf 89' lang='lat' dir='ltr'><strong>spoliantes</strong></span> <span class='ocrx_word' id='word_1_619' title='bbox 2165 4235 2262 4274; x_wconf 85' lang='lat' dir='ltr'><strong>vos</strong></span> <span class='ocrx_word' id='word_1_620' title='bbox 2289 4225 2538 4278; x_wconf 84' lang='lat' dir='ltr'><strong>veterem</strong></span> <span class='ocrx_word' id='word_1_621' title='bbox 2575 4221 2861 4278; x_wconf 87' lang='lat' dir='ltr'><strong>hominem</strong></span> <span class='ocrx_word' id='word_1_622' title='bbox 2886 4237 3016 4278; x_wconf 89' lang='lat' dir='ltr'><strong>cum</strong></span> <span class='ocrx_word' id='word_1_623' title='bbox 3041 4221 3258 4279; x_wconf 84' lang='lat' dir='ltr'><strong>actibus</strong></span> <span class='ocrx_word' id='word_1_624' title='bbox 3285 4223 3424 4286; x_wconf 80' lang='lat' dir='ltr'><strong>suis.</strong></span> 
     </span>
    </p>
   </div>
   <div class='ocr_carea' id='block_1_87' title="bbox 1831 4306 3426 4382">
    <p class='ocr_par' dir='ltr' id='par_1_87' title="bbox 1831 4306 3426 4382">
     <span class='ocr_line' id='line_1_87' title="bbox 1831 4306 3426 4382; baseline 0.004 -22"><span class='ocrx_word' id='word_1_625' title='bbox 1831 4306 2131 4366; x_wconf 89' lang='lat' dir='ltr'><strong>induentes</strong></span> <span class='ocrx_word' id='word_1_626' title='bbox 2160 4325 2388 4377; x_wconf 87' lang='lat' dir='ltr'><strong>novum,</strong></span> <span class='ocrx_word' id='word_1_627' title='bbox 2411 4325 2542 4366; x_wconf 89' lang='lat' dir='ltr'><strong>eum</strong></span> <span class='ocrx_word' id='word_1_628' title='bbox 2561 4309 2657 4382; x_wconf 85' lang='lat' dir='ltr'><strong>qui</strong></span> <span class='ocrx_word' id='word_1_629' title='bbox 2676 4315 2978 4366; x_wconf 85' lang='lat' dir='ltr'><strong>renovatur</strong></span> <span class='ocrx_word' id='word_1_630' title='bbox 3001 4308 3063 4366; x_wconf 88' lang='lat' dir='ltr'><strong>in</strong></span> <span class='ocrx_word' id='word_1_631' title='bbox 3081 4309 3426 4379; x_wconf 81' lang='lat' dir='ltr'><strong>agnitionem</strong></span> 
     </span>
    </p>
   </div>
   <div class='ocr_carea' id='block_1_88' title="bbox 1830 4396 3429 4472">
    <p class='ocr_par' dir='ltr' id='par_1_88' title="bbox 1830 4396 3429 4472">
     <span class='ocr_line' id='line_1_88' title="bbox 1830 4396 3429 4472; baseline 0.004 -22"><span class='ocrx_word' id='word_1_632' title='bbox 1830 4397 2140 4454; x_wconf 87' lang='lat' dir='ltr'><strong>secundum</strong></span> <span class='ocrx_word' id='word_1_633' title='bbox 2166 4397 2474 4472; x_wconf 85' lang='lat' dir='ltr'><strong>imaginem</strong></span> <span class='ocrx_word' id='word_1_634' title='bbox 2503 4399 2628 4468; x_wconf 84' lang='lat' dir='ltr'><strong>ejus</strong></span> <span class='ocrx_word' id='word_1_635' title='bbox 2657 4397 2754 4470; x_wconf 92' lang='lat' dir='ltr'><strong>qui</strong></span> <span class='ocrx_word' id='word_1_636' title='bbox 2781 4396 2987 4454; x_wconf 87' lang='lat' dir='ltr'><strong>creavit</strong></span> <span class='ocrx_word' id='word_1_637' title='bbox 3015 4411 3168 4464; x_wconf 82' lang='lat' dir='ltr'><strong>eum,</strong></span> <span class='ocrx_word' id='word_1_638' title='bbox 3195 4396 3292 4454; x_wconf 90' lang='lat' dir='ltr'><strong>ubi</strong></span> <span class='ocrx_word' id='word_1_639' title='bbox 3314 4413 3429 4456; x_wconf 87' lang='lat' dir='ltr'><strong>non</strong></span> 
     </span>
    </p>
   </div>
   <div class='ocr_carea' id='block_1_89' title="bbox 1831 4483 3426 4560">
    <p class='ocr_par' dir='ltr' id='par_1_89' title="bbox 1831 4483 3426 4560">
     <span class='ocr_line' id='line_1_89' title="bbox 1831 4483 3426 4560; baseline 0.004 -22"><span class='ocrx_word' id='word_1_640' title='bbox 1831 4491 1918 4544; x_wconf 85' lang='lat' dir='ltr'><strong>est</strong></span> <span class='ocrx_word' id='word_1_641' title='bbox 1941 4487 2172 4559; x_wconf 84' lang='lat' dir='ltr'><strong>gentilis</strong></span> <span class='ocrx_word' id='word_1_642' title='bbox 2197 4491 2260 4544; x_wconf 89' lang='lat' dir='ltr'><strong>et</strong></span> <span class='ocrx_word' id='word_1_643' title='bbox 2300 4487 2546 4553; x_wconf 84' lang='lat' dir='ltr'><strong>Judaeus,</strong></span> <span class='ocrx_word' id='word_1_644' title='bbox 2574 4483 2931 4542; x_wconf 87' lang='lat' dir='ltr'><strong>circumcisio</strong></span> <span class='ocrx_word' id='word_1_645' title='bbox 2965 4489 3022 4540; x_wconf 90' lang='lat' dir='ltr'><strong>et</strong></span> <span class='ocrx_word' id='word_1_646' title='bbox 3062 4485 3426 4560; x_wconf 71' lang='lat' dir='ltr'><strong>praeputium,</strong></span> 
     </span>
    </p>
   </div>
   <div class='ocr_carea' id='block_1_90' title="bbox 1829 4573 3428 4650">
    <p class='ocr_par' dir='ltr' id='par_1_90' title="bbox 1829 4573 3428 4650">
     <span class='ocr_line' id='line_1_90' title="bbox 1829 4573 3428 4650; baseline 0.004 -22"><span class='ocrx_word' id='word_1_647' title='bbox 1829 4574 2104 4632; x_wconf 85' lang='lat' dir='ltr'><strong>barbarus</strong></span> <span class='ocrx_word' id='word_1_648' title='bbox 2130 4583 2190 4632; x_wconf 91' lang='lat' dir='ltr'><strong>et</strong></span> <span class='ocrx_word' id='word_1_649' title='bbox 2221 4577 2438 4650; x_wconf 78' lang='lat' dir='ltr'><strong>scytha,</strong></span> <span class='ocrx_word' id='word_1_650' title='bbox 2471 4591 2664 4632; x_wconf 83' lang='lat' dir='ltr'><strong>servus</strong></span> <span class='ocrx_word' id='word_1_651' title='bbox 2692 4580 2752 4632; x_wconf 85' lang='lat' dir='ltr'><strong>et</strong></span> <span class='ocrx_word' id='word_1_652' title='bbox 2779 4573 2920 4630; x_wconf 87' lang='lat' dir='ltr'><strong>liber</strong></span> <span class='ocrx_word' id='word_1_653' title='bbox 2943 4592 2954 4628; x_wconf 75' lang='grc' dir='ltr'>ε</span> <span class='ocrx_word' id='word_1_654' title='bbox 3001 4575 3101 4633; x_wconf 84' lang='lat' dir='ltr'><strong>sed</strong></span> <span class='ocrx_word' id='word_1_655' title='bbox 3129 4575 3340 4645; x_wconf 79' lang='lat' dir='ltr'><strong>omnia,</strong></span> <span class='ocrx_word' id='word_1_656' title='bbox 3370 4581 3428 4634; x_wconf 87' lang='lat' dir='ltr'><strong>et</strong></span> 
     </span>
    </p>
   </div>
   <div class='ocr_carea' id='block_1_91' title="bbox 1829 4663 3427 4740">
    <p class='ocr_par' dir='ltr' id='par_1_91' title="bbox 1829 4663 3427 4740">
     <span class='ocr_line' id='line_1_91' title="bbox 1829 4663 3427 4740; baseline 0.003 -21"><span class='ocrx_word' id='word_1_657' title='bbox 1829 4665 1888 4724; x_wconf 88' lang='lat' dir='ltr'><strong>in</strong></span> <span class='ocrx_word' id='word_1_658' title='bbox 1915 4666 2175 4723; x_wconf 84' lang='lat' dir='ltr'><strong>omnibus</strong></span> <span class='ocrx_word' id='word_1_659' title='bbox 2203 4665 2480 4724; x_wconf 84' lang='lat' dir='ltr'><strong>Christus.</strong></span> <span class='ocrx_word' id='word_1_660' title='bbox 2515 4683 2539 4720; x_wconf 72' lang='grc' dir='ltr'>ι</span> <span class='ocrx_word' id='word_1_661' title='bbox 2574 4663 2932 4723; x_wconf 82' lang='lat' dir='ltr'><strong>Manifestum</strong></span> <span class='ocrx_word' id='word_1_662' title='bbox 2958 4669 3046 4720; x_wconf 87' lang='lat' dir='ltr'><strong>est</strong></span> <span class='ocrx_word' id='word_1_663' title='bbox 3075 4665 3250 4734; x_wconf 79' lang='lat' dir='ltr'><strong>enim,</strong></span> <span class='ocrx_word' id='word_1_664' title='bbox 3277 4665 3427 4740; x_wconf 81' lang='lat' dir='ltr'><strong>quod</strong></span> 
     </span>
    </p>
   </div>
   <div class='ocr_carea' id='block_1_92' title="bbox 1828 4751 3428 4831">
    <p class='ocr_par' dir='ltr' id='par_1_92' title="bbox 1828 4751 3428 4831">
     <span class='ocr_line' id='line_1_92' title="bbox 1828 4751 3428 4831; baseline 0.005 -23"><span class='ocrx_word' id='word_1_665' title='bbox 1828 4755 1946 4812; x_wconf 67' lang='lat' dir='ltr'><strong>hac</strong></span> <span class='ocrx_word' id='word_1_666' title='bbox 1973 4755 2140 4812; x_wconf 84' lang='lat' dir='ltr'><strong>verba</strong></span> <span class='ocrx_word' id='word_1_667' title='bbox 2164 4755 2366 4814; x_wconf 81' lang='lat' dir='ltr'><strong>beatus</strong></span> <span class='ocrx_word' id='word_1_668' title='bbox 2389 4755 2693 4831; x_wconf 84' lang='lat' dir='ltr'><strong>Apostolus</strong></span> <span class='ocrx_word' id='word_1_669' title='bbox 2712 4751 2968 4810; x_wconf 81' lang='lat' dir='ltr'><strong>fidelibus</strong></span> <span class='ocrx_word' id='word_1_670' title='bbox 2999 4753 3294 4830; x_wconf 86' lang='lat' dir='ltr'><strong>scripserit</strong></span> <span class='ocrx_word' id='word_1_671' title='bbox 3313 4772 3428 4816; x_wconf 87' lang='lat' dir='ltr'><strong>non</strong></span> 
     </span>
    </p>
   </div>
   <div class='ocr_carea' id='block_1_93' title="bbox 1827 4841 3428 4918">
    <p class='ocr_par' dir='ltr' id='par_1_93' title="bbox 1827 4841 3428 4918">
     <span class='ocr_line' id='line_1_93' title="bbox 1827 4841 3428 4918; baseline 0 -18"><span class='ocrx_word' id='word_1_672' title='bbox 1827 4845 2097 4917; x_wconf 83' lang='lat' dir='ltr'><strong>paganis:</strong></span> <span class='ocrx_word' id='word_1_673' title='bbox 2133 4844 2280 4902; x_wconf 84' lang='lat' dir='ltr'><strong>sicut</strong></span> <span class='ocrx_word' id='word_1_674' title='bbox 2289 4850 2347 4902; x_wconf 82' lang='lat' dir='ltr'><strong>et</strong></span> <span class='ocrx_word' id='word_1_675' title='bbox 2369 4843 2641 4918; x_wconf 87' lang='lat' dir='ltr'><strong>Ephesios</strong></span> <span class='ocrx_word' id='word_1_676' title='bbox 2660 4843 2720 4901; x_wconf 88' lang='lat' dir='ltr'><strong>in</strong></span> <span class='ocrx_word' id='word_1_677' title='bbox 2739 4841 2996 4918; x_wconf 81' lang='lat' dir='ltr'><strong>Epistola</strong></span> <span class='ocrx_word' id='word_1_678' title='bbox 3013 4859 3120 4900; x_wconf 86' lang='lat' dir='ltr'><strong>sua</strong></span> <span class='ocrx_word' id='word_1_679' title='bbox 3133 4843 3428 4904; x_wconf 82' lang='lat' dir='ltr'><strong>admonuit</strong></span> 
     </span>
    </p>
   </div>
   <div class='ocr_carea' id='block_1_94' title="bbox 153 4931 3426 5010">
    <p class='ocr_par' dir='ltr' id='par_1_94' title="bbox 153 4931 3426 5010">
     <span class='ocr_line' id='line_1_94' title="bbox 153 4931 3426 5010; baseline -0.002 -13"><span class='ocrx_word' id='word_1_680' title='bbox 153 4942 256 4997; x_wconf 72' lang='lat' dir='ltr'><strong>qua</strong></span> <span class='ocrx_word' id='word_1_681' title='bbox 276 4935 496 4994; x_wconf 79' lang='lat' dir='ltr'><strong>terram</strong></span> <span class='ocrx_word' id='word_1_682' title='bbox 541 4934 753 5010; x_wconf 79' lang='lat' dir='ltr'><strong>pariter</strong></span> <span class='ocrx_word' id='word_1_683' title='bbox 795 4934 996 5006; x_wconf 85' lang='lat' dir='ltr'><strong>implet</strong></span> <span class='ocrx_word' id='word_1_684' title='bbox 1035 4942 1094 4992; x_wconf 87' lang='lat' dir='ltr'><strong>et</strong></span> <span class='ocrx_word' id='word_1_685' title='bbox 1132 4937 1354 4994; x_wconf 77' lang='lat' dir='ltr'><strong>coelum.</strong></span> <span class='ocrx_word' id='word_1_686' title='bbox 1404 4938 1596 4994; x_wconf 82' lang='lat' dir='ltr'><strong>Manet</strong></span> <span class='ocrx_word' id='word_1_687' title='bbox 1642 4936 1808 5000; x_wconf 84' lang='lat' dir='ltr'><strong>au-D</strong></span> <span class='ocrx_word' id='word_1_688' title='bbox 1825 4934 2019 4994; x_wconf 88' lang='lat' dir='ltr'><strong>dicens</strong></span> <span class='ocrx_word' id='word_1_689' title='bbox 2051 4936 2208 5006; x_wconf 79' lang='lat' dir='ltr'><strong>(Eph.</strong></span> <span class='ocrx_word' id='word_1_690' title='bbox 2233 4951 2316 5002; x_wconf 78' lang='lat' dir='ltr'><strong>ix,</strong></span> <span class='ocrx_word' id='word_1_691' title='bbox 2343 4933 2432 5003; x_wconf 72' lang='lat'><strong>‘23)</strong></span> <span class='ocrx_word' id='word_1_692' title='bbox 2450 4953 2465 4988; x_wconf 69' lang='grc' dir='ltr'>ε</span> <span class='ocrx_word' id='word_1_693' title='bbox 2501 4953 2529 4988; x_wconf 73' lang='grc' dir='ltr'><strong>α</strong></span> <span class='ocrx_word' id='word_1_694' title='bbox 2559 4931 2926 4991; x_wconf 86' lang='lat' dir='ltr'><strong>Renovamini</strong></span> <span class='ocrx_word' id='word_1_695' title='bbox 2969 4931 3177 5008; x_wconf 89' lang='lat' dir='ltr'><strong>spiritu</strong></span> <span class='ocrx_word' id='word_1_696' title='bbox 3219 4933 3426 4991; x_wconf 81' lang='lat' dir='ltr'><strong>mentis</strong></span> 
     </span>
    </p>
   </div>
   <div class='ocr_carea' id='block_1_95' title="bbox 152 5019 1744 5094">
    <p class='ocr_par' dir='ltr' id='par_1_95' title="bbox 152 5019 1744 5094">
     <span class='ocr_line' id='line_1_95' title="bbox 152 5019 1744 5094; baseline 0.006 -20"><span class='ocrx_word' id='word_1_697' title='bbox 152 5019 255 5074; x_wconf 73' lang='lat' dir='ltr'><strong>tam</strong></span> <span class='ocrx_word' id='word_1_698' title='bbox 307 5020 576 5078; x_wconf 86' lang='lat' dir='ltr'><strong>omnibus</strong></span> <span class='ocrx_word' id='word_1_699' title='bbox 633 5021 830 5082; x_wconf 86' lang='lat' dir='ltr'><strong>diebus</strong></span> <span class='ocrx_word' id='word_1_700' title='bbox 866 5039 1043 5094; x_wconf 84' lang='lat' dir='ltr'><strong>usque</strong></span> <span class='ocrx_word' id='word_1_701' title='bbox 1089 5025 1162 5084; x_wconf 83' lang='lat' dir='ltr'><strong>ad</strong></span> <span class='ocrx_word' id='word_1_702' title='bbox 1203 5026 1744 5084; x_wconf 82' lang='lat' dir='ltr'><strong>consummationem</strong></span> 
     </span>
    </p>
   </div>
   <div class='ocr_carea' id='block_1_96' title="bbox 149 5107 1744 5186">
    <p class='ocr_par' dir='ltr' id='par_1_96' title="bbox 149 5107 1744 5186">
     <span class='ocr_line' id='line_1_96' title="bbox 149 5107 1744 5186; baseline 0.006 -25"><span class='ocrx_word' id='word_1_703' title='bbox 149 5107 345 5165; x_wconf 67' lang='lat' dir='ltr'><strong>saculi.</strong></span> <span class='ocrx_word' id='word_1_704' title='bbox 380 5109 464 5169; x_wconf 73' lang='lat' dir='ltr'><strong>Ex</strong></span> <span class='ocrx_word' id='word_1_705' title='bbox 495 5127 608 5182; x_wconf 85' lang='lat' dir='ltr'><strong>quo</strong></span> <span class='ocrx_word' id='word_1_706' title='bbox 633 5111 986 5183; x_wconf 73' lang='lat' dir='ltr'><strong>intelligitur,</strong></span> <span class='ocrx_word' id='word_1_707' title='bbox 1045 5113 1193 5184; x_wconf 83' lang='lat' dir='ltr'><strong>quod</strong></span> <span class='ocrx_word' id='word_1_708' title='bbox 1230 5131 1410 5186; x_wconf 87' lang='lat' dir='ltr'><strong>usque</strong></span> <span class='ocrx_word' id='word_1_709' title='bbox 1456 5114 1527 5170; x_wconf 83' lang='lat' dir='ltr'><strong>ad</strong></span> <span class='ocrx_word' id='word_1_710' title='bbox 1571 5116 1744 5171; x_wconf 84' lang='lat' dir='ltr'><strong>ﬁnem</strong></span> 
     </span>
    </p>
   </div>
   <div class='ocr_carea' id='block_1_97' title="bbox 150 5197 1742 5274">
    <p class='ocr_par' dir='ltr' id='par_1_97' title="bbox 150 5197 1742 5274">
     <span class='ocr_line' id='line_1_97' title="bbox 150 5197 1742 5274; baseline 0.001 -18"><span class='ocrx_word' id='word_1_711' title='bbox 150 5197 327 5256; x_wconf 70' lang='lat' dir='ltr'><strong>saeculi</strong></span> <span class='ocrx_word' id='word_1_712' title='bbox 377 5214 498 5257; x_wconf 85' lang='lat' dir='ltr'><strong>non</strong></span> <span class='ocrx_word' id='word_1_713' title='bbox 551 5205 685 5256; x_wconf 81' lang='lat' dir='ltr'><strong>sunt</strong></span> <span class='ocrx_word' id='word_1_714' title='bbox 724 5199 970 5258; x_wconf 80' lang='lat' dir='ltr'><strong>defuturi</strong></span> <span class='ocrx_word' id='word_1_715' title='bbox 1023 5200 1082 5260; x_wconf 87' lang='lat' dir='ltr'><strong>in</strong></span> <span class='ocrx_word' id='word_1_716' title='bbox 1131 5203 1364 5267; x_wconf 84' lang='lat' dir='ltr'><strong>mundo,</strong></span> <span class='ocrx_word' id='word_1_717' title='bbox 1411 5202 1506 5274; x_wconf 85' lang='lat' dir='ltr'><strong>qui</strong></span> <span class='ocrx_word' id='word_1_718' title='bbox 1555 5202 1742 5260; x_wconf 85' lang='lat' dir='ltr'><strong>divina</strong></span> 
     </span>
    </p>
   </div>
   <div class='ocr_carea' id='block_1_98' title="bbox 147 5286 1744 5361">
    <p class='ocr_par' dir='ltr' id='par_1_98' title="bbox 147 5286 1744 5361">
     <span class='ocr_line' id='line_1_98' title="bbox 147 5286 1744 5361; baseline 0.004 -19"><span class='ocrx_word' id='word_1_719' title='bbox 147 5286 434 5344; x_wconf 80' lang='lat' dir='ltr'><strong>mansione</strong></span> <span class='ocrx_word' id='word_1_720' title='bbox 496 5292 556 5347; x_wconf 82' lang='lat' dir='ltr'><strong>et</strong></span> <span class='ocrx_word' id='word_1_721' title='bbox 608 5287 1018 5350; x_wconf 81' lang='lat' dir='ltr'><strong>inhabitatione</strong></span> <span class='ocrx_word' id='word_1_722' title='bbox 1069 5291 1185 5346; x_wconf 82' lang='lat' dir='ltr'><strong>sint</strong></span> <span class='ocrx_word' id='word_1_723' title='bbox 1231 5291 1405 5361; x_wconf 84' lang='lat' dir='ltr'><strong>digni.</strong></span> <span class='ocrx_word' id='word_1_724' title='bbox 1466 5293 1582 5347; x_wconf 85' lang='lat' dir='ltr'><strong>Nec</strong></span> <span class='ocrx_word' id='word_1_725' title='bbox 1635 5291 1744 5348; x_wconf 85' lang='lat' dir='ltr'><strong>du-</strong></span> 
     </span>
    </p>
   </div>
   <div class='ocr_carea' id='block_1_99' title="bbox 147 5369 1744 5450">
    <p class='ocr_par' dir='ltr' id='par_1_99' title="bbox 147 5369 1744 5450">
     <span class='ocr_line' id='line_1_99' title="bbox 147 5369 1744 5450; baseline 0.001 -17"><span class='ocrx_word' id='word_1_726' title='bbox 147 5369 436 5436; x_wconf 67' lang='lat' dir='ltr'><strong>bitandum</strong></span> <span class='ocrx_word' id='word_1_727' title='bbox 487 5392 586 5437; x_wconf 74' lang='lat' dir='ltr'><strong>eos</strong></span> <span class='ocrx_word' id='word_1_728' title='bbox 629 5383 760 5450; x_wconf 81' lang='lat' dir='ltr'><strong>post</strong></span> <span class='ocrx_word' id='word_1_729' title='bbox 798 5379 974 5449; x_wconf 73' lang='lat' dir='ltr'><strong>huius</strong></span> <span class='ocrx_word' id='word_1_730' title='bbox 1017 5380 1204 5436; x_wconf 73' lang='lat' dir='ltr'><strong>saeculi</strong></span> <span class='ocrx_word' id='word_1_731' title='bbox 1253 5379 1564 5438; x_wconf 79' lang='lat' dir='ltr'><strong>certamina</strong></span> <span class='ocrx_word' id='word_1_732' title='bbox 1619 5395 1744 5436; x_wconf 82' lang='lat' dir='ltr'><strong>ma-</strong></span> 
     </span>
    </p>
   </div>
   <div class='ocr_carea' id='block_1_100' title="bbox 146 5465 1746 5542">
    <p class='ocr_par' dir='ltr' id='par_1_100' title="bbox 146 5465 1746 5542">
     <span class='ocr_line' id='line_1_100' title="bbox 146 5465 1746 5542; baseline 0.001 -18"><span class='ocrx_word' id='word_1_733' title='bbox 146 5475 274 5524; x_wconf 76' lang='lat' dir='ltr'><strong>nm</strong></span> <span class='ocrx_word' id='word_1_734' title='bbox 301 5480 434 5526; x_wconf 82' lang='lat' dir='ltr'><strong>cum</strong></span> <span class='ocrx_word' id='word_1_735' title='bbox 467 5465 696 5526; x_wconf 78' lang='lat' dir='ltr'><strong>Christo</strong></span> <span class='ocrx_word' id='word_1_736' title='bbox 730 5466 794 5528; x_wconf 74' lang='lat' dir='ltr'><strong>in</strong></span> <span class='ocrx_word' id='word_1_737' title='bbox 832 5484 1008 5540; x_wconf 74' lang='lat' dir='ltr'><strong>regno</strong></span> <span class='ocrx_word' id='word_1_738' title='bbox 1048 5472 1066 5492; x_wconf 86' lang='lat'>&#39;</span> <span class='ocrx_word' id='word_1_739' title='bbox 1116 5468 1214 5542; x_wconf 85' lang='lat' dir='ltr'><strong>qui</strong></span> <span class='ocrx_word' id='word_1_740' title='bbox 1258 5469 1320 5528; x_wconf 80' lang='lat' dir='ltr'><strong>in</strong></span> <span class='ocrx_word' id='word_1_741' title='bbox 1365 5468 1572 5528; x_wconf 68' lang='lat' dir='ltr'><strong>saeculo</strong></span> <span class='ocrx_word' id='word_1_742' title='bbox 1613 5483 1746 5526; x_wconf 46' lang='lat' dir='ltr'><strong>cer-</strong></span> 
     </span>
    </p>
   </div>
   <div class='ocr_carea' id='block_1_101' title="bbox 145 5553 1746 5629">
    <p class='ocr_par' dir='ltr' id='par_1_101' title="bbox 145 5553 1746 5629">
     <span class='ocr_line' id='line_1_101' title="bbox 145 5553 1746 5629; baseline 0.002 -15"><span class='ocrx_word' id='word_1_743' title='bbox 145 5554 328 5616; x_wconf 58' lang='lat' dir='ltr'><strong>mihi</strong></span> <span class='ocrx_word' id='word_1_744' title='bbox 353 5553 654 5618; x_wconf 72' lang='lat' dir='ltr'><strong>Christum</strong></span> <span class='ocrx_word' id='word_1_745' title='bbox 681 5555 742 5615; x_wconf 80' lang='lat' dir='ltr'><strong>in</strong></span> <span class='ocrx_word' id='word_1_746' title='bbox 776 5557 868 5618; x_wconf 69' lang='lat' dir='ltr'><strong>sui</strong></span> <span class='ocrx_word' id='word_1_747' title='bbox 901 5557 1088 5618; x_wconf 78' lang='lat' dir='ltr'><strong>cordis</strong></span> <span class='ocrx_word' id='word_1_748' title='bbox 1125 5557 1372 5629; x_wconf 71' lang='lat' dir='ltr'><strong>hospitio</strong></span> <span class='ocrx_word' id='word_1_749' title='bbox 1409 5561 1746 5620; x_wconf 59' lang='lat' dir='ltr'><strong>tumuerunt</strong></span> 
     </span>
    </p>
   </div>
   <div class='ocr_carea' id='block_1_102' title="bbox 1826 5019 3428 5094">
    <p class='ocr_par' dir='ltr' id='par_1_102' title="bbox 1826 5019 3428 5094">
     <span class='ocr_line' id='line_1_102' title="bbox 1826 5019 3428 5094; baseline 0.002 -18"><span class='ocrx_word' id='word_1_750' title='bbox 1826 5029 2044 5092; x_wconf 71' lang='lat' dir='ltr'><strong>vestrae,</strong></span> <span class='ocrx_word' id='word_1_751' title='bbox 2073 5029 2134 5081; x_wconf 89' lang='lat' dir='ltr'><strong>et</strong></span> <span class='ocrx_word' id='word_1_752' title='bbox 2151 5023 2370 5082; x_wconf 84' lang='lat' dir='ltr'><strong>induite</strong></span> <span class='ocrx_word' id='word_1_753' title='bbox 2398 5038 2604 5078; x_wconf 88' lang='lat' dir='ltr'><strong>novum</strong></span> <span class='ocrx_word' id='word_1_754' title='bbox 2635 5021 2924 5080; x_wconf 85' lang='lat' dir='ltr'><strong>hominem</strong></span> <span class='ocrx_word' id='word_1_755' title='bbox 2973 5020 3074 5094; x_wconf 89' lang='lat' dir='ltr'><strong>qui</strong></span> <span class='ocrx_word' id='word_1_756' title='bbox 3114 5019 3428 5080; x_wconf 86' lang='lat' dir='ltr'><strong>secundum</strong></span> 
     </span>
    </p>
   </div>
   <div class='ocr_carea' id='block_1_103' title="bbox 1827 5107 3422 5182">
    <p class='ocr_par' dir='ltr' id='par_1_103' title="bbox 1827 5107 3422 5182">
     <span class='ocr_line' id='line_1_103' title="bbox 1827 5107 3422 5182; baseline 0.001 -16"><span class='ocrx_word' id='word_1_757' title='bbox 1827 5113 2008 5170; x_wconf 86' lang='lat' dir='ltr'><strong>Deum</strong></span> <span class='ocrx_word' id='word_1_758' title='bbox 2035 5116 2254 5168; x_wconf 83' lang='lat' dir='ltr'><strong>creatus</strong></span> <span class='ocrx_word' id='word_1_759' title='bbox 2279 5117 2368 5167; x_wconf 87' lang='lat' dir='ltr'><strong>est</strong></span> <span class='ocrx_word' id='word_1_760' title='bbox 2384 5111 2441 5166; x_wconf 89' lang='lat' dir='ltr'><strong>in</strong></span> <span class='ocrx_word' id='word_1_761' title='bbox 2457 5109 2686 5182; x_wconf 80' lang='lat' dir='ltr'><strong>justitia</strong></span> <span class='ocrx_word' id='word_1_762' title='bbox 2700 5115 2757 5166; x_wconf 88' lang='lat' dir='ltr'><strong>et</strong></span> <span class='ocrx_word' id='word_1_763' title='bbox 2777 5107 3078 5166; x_wconf 78' lang='lat' dir='ltr'><strong>sanctitate</strong></span> <span class='ocrx_word' id='word_1_764' title='bbox 3095 5107 3368 5166; x_wconf 84' lang='lat' dir='ltr'><strong>veritatis.</strong></span> <span class='ocrx_word' id='word_1_765' title='bbox 3393 5129 3422 5166; x_wconf 70' lang='grc' dir='ltr'><strong><em>ι</em></strong></span> 
     </span>
    </p>
   </div>
   <div class='ocr_carea' id='block_1_104' title="bbox 1827 5195 3428 5270">
    <p class='ocr_par' dir='ltr' id='par_1_104' title="bbox 1827 5195 3428 5270">
     <span class='ocr_line' id='line_1_104' title="bbox 1827 5195 3428 5270; baseline 0.001 -15"><span class='ocrx_word' id='word_1_766' title='bbox 1827 5200 1935 5264; x_wconf 89' lang='lat' dir='ltr'><strong>Qui</strong></span> <span class='ocrx_word' id='word_1_767' title='bbox 1955 5206 2013 5256; x_wconf 86' lang='lat' dir='ltr'><strong>et</strong></span> <span class='ocrx_word' id='word_1_768' title='bbox 2030 5199 2163 5256; x_wconf 83' lang='lat' dir='ltr'><strong>alibi</strong></span> <span class='ocrx_word' id='word_1_769' title='bbox 2177 5199 2258 5256; x_wconf 85' lang='lat' dir='ltr'><strong>ait</strong></span> <span class='ocrx_word' id='word_1_770' title='bbox 2273 5200 2416 5269; x_wconf 68' lang='lat' dir='ltr'><strong>(Gal.</strong></span> <span class='ocrx_word' id='word_1_771' title='bbox 2447 5216 2530 5266; x_wconf 78' lang='lat' dir='ltr'><strong>ni,</strong></span> <span class='ocrx_word' id='word_1_772' title='bbox 2569 5199 2652 5268; x_wconf 83' lang='lat' dir='ltr'><strong>l7)</strong></span> <span class='ocrx_word' id='word_1_773' title='bbox 2677 5217 2691 5253; x_wconf 91' lang='lat'><strong>:</strong></span> <span class='ocrx_word' id='word_1_774' title='bbox 2726 5217 2750 5252; x_wconf 77' lang='grc' dir='ltr'>ι</span> <span class='ocrx_word' id='word_1_775' title='bbox 2783 5197 3131 5270; x_wconf 89' lang='lat' dir='ltr'><strong>Cuicumque</strong></span> <span class='ocrx_word' id='word_1_776' title='bbox 3158 5195 3428 5270; x_wconf 80' lang='lat' dir='ltr'><strong>baptizati</strong></span> 
     </span>
    </p>
   </div>
   <div class='ocr_carea' id='block_1_105' title="bbox 1828 5285 3423 5362">
    <p class='ocr_par' dir='ltr' id='par_1_105' title="bbox 1828 5285 3423 5362">
     <span class='ocr_line' id='line_1_105' title="bbox 1828 5285 3423 5362; baseline 0.002 -19"><span class='ocrx_word' id='word_1_777' title='bbox 1828 5287 1986 5357; x_wconf 86' lang='lat' dir='ltr'><strong>estis,</strong></span> <span class='ocrx_word' id='word_1_778' title='bbox 2012 5287 2298 5348; x_wconf 86' lang='lat' dir='ltr'><strong>Christum</strong></span> <span class='ocrx_word' id='word_1_779' title='bbox 2327 5287 2613 5346; x_wconf 83' lang='lat' dir='ltr'><strong>induistis.</strong></span> <span class='ocrx_word' id='word_1_780' title='bbox 2654 5308 2680 5342; x_wconf 65' lang='grc' dir='ltr'><strong><em>υ</em></strong></span> <span class='ocrx_word' id='word_1_781' title='bbox 2702 5289 2790 5344; x_wconf 78' lang='lat' dir='ltr'><strong>&#39;Et</strong></span> <span class='ocrx_word' id='word_1_782' title='bbox 2813 5291 2886 5342; x_wconf 92' lang='lat' dir='ltr'><strong>ut</strong></span> <span class='ocrx_word' id='word_1_783' title='bbox 2907 5285 3232 5346; x_wconf 82' lang='lat' dir='ltr'><strong>ostenderet</strong></span> <span class='ocrx_word' id='word_1_784' title='bbox 3280 5303 3423 5362; x_wconf 86' lang='lat' dir='ltr'><strong>quo-</strong></span> 
     </span>
    </p>
   </div>
   <div class='ocr_carea' id='block_1_106' title="bbox 1827 5373 3428 5445">
    <p class='ocr_par' dir='ltr' id='par_1_106' title="bbox 1827 5373 3428 5445">
     <span class='ocr_line' id='line_1_106' title="bbox 1827 5373 3428 5445; baseline 0 -9"><span class='ocrx_word' id='word_1_785' title='bbox 1827 5377 1996 5436; x_wconf 85' lang='lat' dir='ltr'><strong>modo</strong></span> <span class='ocrx_word' id='word_1_786' title='bbox 2009 5376 2436 5437; x_wconf 77' lang='lat' dir='ltr'><strong>Christusindui</strong></span> <span class='ocrx_word' id='word_1_787' title='bbox 2445 5377 2630 5445; x_wconf 79' lang='lat' dir='ltr'><strong>debet,</strong></span> <span class='ocrx_word' id='word_1_788' title='bbox 2647 5376 2737 5434; x_wconf 82' lang='lat' dir='ltr'><strong>ait</strong></span> <span class='ocrx_word' id='word_1_789' title='bbox 2753 5376 2890 5445; x_wconf 79' lang='lat' dir='ltr'><strong>(Col.</strong></span> <span class='ocrx_word' id='word_1_790' title='bbox 2907 5391 2983 5442; x_wconf 83' lang='grc' dir='ltr'>ιιι,</span> <span class='ocrx_word' id='word_1_791' title='bbox 2995 5373 3120 5444; x_wconf 75' lang='lat'><strong>1‘2);</strong></span> <span class='ocrx_word' id='word_1_792' title='bbox 3145 5396 3171 5430; x_wconf 73' lang='grc' dir='ltr'>ι</span> <span class='ocrx_word' id='word_1_793' title='bbox 3198 5375 3428 5436; x_wconf 78' lang='lat' dir='ltr'><strong>Induite</strong></span> 
     </span>
    </p>
   </div>
   <div class='ocr_carea' id='block_1_107' title="bbox 1827 5463 3426 5539">
    <p class='ocr_par' dir='ltr' id='par_1_107' title="bbox 1827 5463 3426 5539">
     <span class='ocr_line' id='line_1_107' title="bbox 1827 5463 3426 5539; baseline 0.001 -17"><span class='ocrx_word' id='word_1_794' title='bbox 1827 5483 1964 5539; x_wconf 84' lang='lat' dir='ltr'><strong>ergo</strong></span> <span class='ocrx_word' id='word_1_795' title='bbox 1989 5482 2104 5532; x_wconf 74' lang='lat' dir='ltr'><strong>vos,</strong></span> <span class='ocrx_word' id='word_1_796' title='bbox 2122 5464 2272 5525; x_wconf 65' lang='lat' dir='ltr'><strong>sicut</strong></span> <span class='ocrx_word' id='word_1_797' title='bbox 2297 5466 2462 5526; x_wconf 77' lang='lat' dir='ltr'><strong>electi</strong></span> <span class='ocrx_word' id='word_1_798' title='bbox 2486 5466 2592 5526; x_wconf 80' lang='lat' dir='ltr'><strong>Dei</strong></span> <span class='ocrx_word' id='word_1_799' title='bbox 2617 5465 2800 5526; x_wconf 79' lang='lat' dir='ltr'><strong>sancti.</strong></span> <span class='ocrx_word' id='word_1_800' title='bbox 2843 5469 2906 5524; x_wconf 80' lang='lat' dir='ltr'><strong>et</strong></span> <span class='ocrx_word' id='word_1_801' title='bbox 2949 5463 3164 5532; x_wconf 77' lang='lat' dir='ltr'><strong>dilecti,</strong></span> <span class='ocrx_word' id='word_1_802' title='bbox 3208 5465 3426 5524; x_wconf 84' lang='lat' dir='ltr'><strong>viscera</strong></span> 
     </span>
    </p>
   </div>
   <div class='ocr_carea' id='block_1_108' title="bbox 1828 5552 3423 5632">
    <p class='ocr_par' dir='ltr' id='par_1_108' title="bbox 1828 5552 3423 5632">
     <span class='ocr_line' id='line_1_108' title="bbox 1828 5552 3423 5632; baseline 0 -16"><span class='ocrx_word' id='word_1_803' title='bbox 2778 5552 3184 5620; x_wconf 65' lang='lat' dir='ltr'><strong>humilitatem.</strong></span> <span class='ocrx_word' id='word_1_804' title='bbox 3232 5556 3423 5616; x_wconf 70' lang='lat' dir='ltr'><strong>mode-</strong></span> 
     </span>
    </p>
   </div>
  </div>
