3982 6158
477 271 610 328 1231

472 397 660 463 stiam,
685 383 1038 470 patientiam,
1071 395 1466 465 supportantes
1493 389 1748 456 invicem,
1771 393 1829 444 et
1847 389 2062 444 donan-

471 492 560 543 tes
581 483 896 558 vobisipsis,
924 482 974 538 si
1001 481 1130 554 quis
1158 480 1426 537 adversus
1449 479 1694 550 aliquem
1718 477 1889 533 habet
1924 493 2062 550 que-

470 575 666 639 relam,
700 573 846 628 sicut
871 576 930 627 et
955 569 1074 644 ipse
1103 569 1362 626 Christus
1407 567 1636 623 donavit
1659 566 1834 634 vobis,
1879 567 1962 621 ita
2006 571 2064 620 et

469 679 585 720 vos.
619 663 800 735 Super
823 659 1014 718 omnia
1041 665 1229 714 autem
1259 659 1376 714 haec
1411 657 1744 712 charitatem
1769 655 2056 722 habentes,

471 751 621 825 quod
636 756 724 808 est
731 750 1012 806 vinculum
1027 747 1400 822 perfectionis,
1417 751 1474 802 et
1486 763 1594 817 pax
1613 745 1870 801 Christus
1885 745 2064 799 exsul-

470 845 552 897 tet
571 841 628 896 in
647 839 909 896 cordibus
931 837 1148 904 vestris,
1169 836 1227 890 in
1259 853 1369 908 qua
1403 842 1461 890 et
1492 833 1670 889 vocati
1698 833 1831 888 estis
1863 833 1923 888 in
1949 849 2062 888 uno

469 946 721 1003 corpore,
745 935 803 984 et
819 926 966 999 grati
987 931 1185 992 estote,
1211 931 1270 980 et
1285 923 1517 980 verbum
1537 923 1746 978 Christi
1778 921 2061 977 habitetin

467 1017 729 1076 cordibus
755 1017 971 1082 vestris,
1000 1015 1350 1072 abundantes
1370 1014 1428 1068 in
1459 1013 1612 1068 omni
1633 1011 1928 1084 sapientia,
1959 1011 2060 1066 do-

467 1111 658 1164 centes
685 1112 745 1162 et
768 1109 1188 1161 commonentes
1214 1102 1580 1174 vosmetipsos
1616 1101 1866 1172 psalmis,
1896 1100 2060 1172 hym-

467 1197 556 1252 nis
583 1202 642 1253 et
667 1194 899 1252 canticis
917 1191 1322 1266 spiritualibus,
1362 1191 1422 1246 in
1448 1190 1636 1262 gratia
1669 1195 1960 1245 cantantes
2002 1189 2061 1243 in

467 1284 726 1341 cordibus
754 1283 956 1340 vestris
983 1283 1118 1338 Deo.
1151 1280 1332 1338 Omne
1362 1280 1751 1351 quodcumque
1792 1277 1973 1332 facitis
2002 1277 2062 1332 in

467 1373 656 1440 verbo,
687 1380 789 1428 aut
811 1373 870 1428 in
899 1387 1088 1443 opere,
1121 1370 1310 1424 omnia
1339 1368 1398 1422 in
1421 1367 1649 1424 nomine
1677 1366 1900 1423 Domini
1928 1367 1958 1422 J
1963 1383 2060 1421 esu

467 1462 696 1528 Christi,
725 1461 938 1534 gratias
960 1464 1191 1530 agentes
1219 1459 1334 1512 Deo
1361 1462 1418 1512 et
1443 1456 1600 1512 Patri
1645 1473 1746 1528 per
1795 1455 1998 1527 ipsum.
2029 1472 2056 1508 ι

467 1550 612 1607 Hinc
640 1567 774 1622 ergo
791 1547 1154 1604 manifestum
1177 1552 1266 1602 est
1292 1545 1439 1616 quod
1479 1551 1824 1600 memoratus
1854 1545 2061 1599 Doctor

1068 268 1132 322 Β.
1175 265 1446 322 RABANI
1485 265 1717 322 MAURI
1760 262 2098 320 ARCHIEP.
2139 263 2464 323 MOGUNT.
2506 267 2804 326 OPERUM
2841 271 3025 328 PARS
3063 275 3161 331 III.

3548 281 3656 338 1232

2145 389 2332 446 divina
2358 392 2685 464 magisteria
2708 393 2986 452 formavit.
3024 417 3050 450 α
3072 397 3197 453 Non
3224 399 3347 454 estis
3374 401 3542 456 vestri:
3570 419 3679 466 cur,

2145 479 2226 551 pti
2257 480 2406 536 enim
2437 481 2572 538 estis
2596 484 2776 556 pretio
2807 501 3014 556 magno
3041 489 3062 510 θ
3092 485 3378 542 clariﬁcate
3396 494 3447 544 et
3480 496 3662 560 portate

2144 567 2322 624 Deum
2342 570 2400 625 in
2429 587 2662 643 corpore
2691 577 2874 628 vestro
2899 576 3092 646 (1001'.
3125 592 3196 641 vi,
3226 574 3330 644 20).
3369 597 3390 627 ι
3428 577 3662 634 Clariﬁce-

2144 673 2270 740 mus
2299 655 2357 714 et
2389 666 2676 732 portemus
2706 663 2886 717 Deum
2907 680 3047 734 puro
3083 669 3143 718 et
3177 665 3375 720 mundo
3400 683 3598 738 corpore
3622 675 3667 723 et

2143 746 2530 805 observatione
2550 749 2780 805 meliore
2807 770 2819 818 ;
2853 757 2912 806 et
2938 753 3033 824 qui
3053 769 3154 824 per
3171 753 3480 824 sanguinem
3499 756 3667 812 Christi

2144 835 2419 909 redempti
2443 855 2659 905 sumus,
2691 856 2792 911 per
2822 840 3012 896 omnia
3040 841 3320 897 servitutis
3347 841 3584 915 obsequia
3603 862 3670 899 re-

2142 924 2450 997 demptoris
2474 927 2709 998 imperio
2737 945 3065 1000 pareamus:
3087 930 3386 1002 demusque
3404 949 3600 1004 operam
3616 950 3669 988 ne

2144 1013 2280 1086 quid
2309 1015 2664 1071 immundum
2701 1022 2758 1072 et
2797 1017 3093 1090 profanum
3133 1019 3338 1092 templo
3378 1021 3472 1076 Dei
3510 1020 3672 1076 infera-

2143 1108 2255 1170 tur,
2287 1121 2392 1160 nec
2419 1105 2663 1162 offensus
2682 1106 2874 1162 sedem
2904 1123 3016 1179 qua
3043 1107 3320 1163 inhabitat
3353 1109 3670 1181 derelinquat.

2145 1191 2480 1264 Sospitantis
2507 1195 2733 1250 Domini
2763 1195 2930 1251 verba
2957 1202 3092 1262 sunt
3118 1201 3176 1253 et
3203 1197 3439 1253 docentis
3471 1199 3675 1254 curantis

2143 1281 2355 1354 pariter
2377 1287 2435 1338 et
2464 1284 2762 1338 monentis.
2803 1302 2829 1336 α
2887 1285 3044 1352 Ecce,
3087 1285 3288 1357 inquit,
3337 1302 3492 1342 sanus
3531 1287 3675 1342 factus

2143 1383 2203 1422 es
2227 1386 2242 1422 :
2267 1369 2385 1440 jam
2411 1371 2526 1426 noli
2541 1388 2788 1444 peccare,
2813 1389 2884 1428 ne
2911 1373 3160 1429 deterius
3192 1373 3294 1429 tibi
3321 1377 3416 1429 flat
3443 1376 3596 1443 (Joan.
3629 1391 3670 1428 γ.

2148 1453 2256 1526 14).
2283 1477 2309 1510 »
2334 1459 2444 1512 Dat
2469 1458 2690 1514 vivendi
2714 1460 2992 1527 timorem,
3025 1461 3125 1516 dat
3171 1461 3486 1518 innocentiae
3530 1464 3674 1534 legem

2141 1545 2437 1613 postquam
2459 1545 2700 1600 contulit
2715 1546 3014 1600 sanitatem
3038 1565 3050 1600 :
3081 1562 3186 1602 nec
3206 1546 3429 1602 habenis
3452 1546 3614 1602 liberis
3634 1553 3676 1601 et

460 1639 717 1710 gentium
745 1636 1170 1709 disciplinaliter
1193 1635 1369 1690 voluit
1387 1634 1672 1690 auditores
1690 1650 1822 1690 suos
1851 1633 2051 1699 vivere,
2072 1628 2122 1688 B
2143 1629 2340 1686 solutis
2367 1633 2558 1703 vagari
2587 1649 2926 1706 quemquam
2955 1636 3310 1708 postmodum
3350 1635 3560 1708 patitur,
3603 1636 3678 1689 sed

463 1734 522 1784 et
570 1732 722 1783 recte
760 1725 1036 1782 credendo
1082 1741 1146 1779 ac
1193 1723 1334 1778 bene
1383 1723 1685 1796 operando,
1731 1740 1888 1794 spem
1933 1721 2060 1777 vitae

462 1822 685 1874 aeternae
712 1815 938 1873 habere.

873 1959 947 2012 De
973 1957 1274 2026 disciplina
1299 1956 1638 2012 Christiana.

531 2080 836 2154 Disciplina
861 2086 1051 2136 custos
1079 2080 1200 2152 spei
1229 2084 1333 2146 est,
1364 2078 1734 2134 retinaculum
1764 2077 1914 2144 ﬁdei,
1942 2077 2055 2134 dux

457 2169 678 2229 itineris
704 2168 988 2234 salutaris,
1011 2169 1187 2224 fomes
1209 2183 1273 2222 ac
1307 2167 1721 2222 nutrimentum
1762 2167 1922 2222 bonas
1967 2165 2055 2221 in—

459 2257 620 2328 dolis,
655 2259 929 2332 magistra
952 2257 1192 2314 virtutis.
1225 2258 1356 2312 Haec
1386 2257 1518 2312 facit
1559 2256 1618 2312 in
1663 2255 1886 2311 Christo
1933 2272 2054 2310 ma-

456 2364 594 2405 nere
619 2363 860 2420 semper,
892 2363 955 2402 ac
975 2347 1193 2419 jugiter
1239 2347 1356 2402 Deo
1399 2345 1621 2401 vivere:
1667 2345 1740 2400 ad
1777 2345 2056 2416 promissa

355 2447 365 2456 '
456 2437 725 2505 celestis,
756 2443 816 2493 et
842 2435 1032 2492 divina
1069 2435 1298 2508 praemia
1328 2434 1635 2506 pervenire.
1665 2435 1824 2488 Hanc
1871 2440 1930 2488 et
1962 2450 2054 2489 se-

457 2525 597 2582 ctari
624 2526 849 2582 salubre
897 2532 1000 2593 est,
1033 2531 1091 2581 et
1119 2525 1366 2581 aversari
1394 2541 1460 2580 ac
1500 2524 1784 2594 negligere
1823 2523 2048 2580 lethale.

455 2615 615 2671 Unde
640 2615 698 2670 in
727 2615 966 2669 Psalmis
993 2613 1244 2685 loquitur
1273 2612 1514 2684 Spiritus
1542 2617 1797 2667 sanctus:
1835 2629 1862 2664 α
1903 2612 2049 2666 Con-

453 2703 630 2758 tinete
649 2703 1020 2775 disciplinam,
1047 2719 1117 2757 ne
1132 2703 1410 2758 irascatur
1418 2701 1708 2768 Dominus,
1734 2707 1793 2756 et
1810 2701 2051 2772 pereatis

456 2807 493 2846 a
518 2791 608 2846 via
635 2797 807 2858 recta,
840 2807 970 2846 cum
1001 2790 1272 2846 exarserit
1307 2789 1419 2845 cito
1457 2789 1542 2844 ira
1577 2791 1700 2860 ejus
1742 2806 1912 2861 super
1955 2806 2051 2844 vos

457 2881 624 2948 (Psal.
649 2897 704 2947 ιι,
727 2877 840 2951 1'2).
862 2895 890 2931 ι
925 2879 996 2934 Et
1020 2879 1266 2934 iterum:
1299 2898 1324 2930 ι
1356 2877 1643 2933 Peccatori
1679 2883 1870 2932 autem
1911 2876 2049 2933 dicit

2141 1715 2260 1790 ipse
2285 1719 2474 1792 potius
2511 1723 2608 1794 qui
2657 1728 2890 1778 sanatus
2917 1723 3103 1778 fuerat
3147 1724 3455 1796 mancipata
3493 1724 3680 1794 gravius

2141 1808 2534 1877 comminatur,
2591 1811 2726 1882 quid
2764 1813 2870 1868 scit
2907 1812 3119 1869 scilicet
3173 1813 3358 1869 minor
3397 1813 3545 1884 culpa
3576 1811 3684 1866 deli-

2142 1895 2330 1966 quisse
2355 1903 2488 1953 ante
2516 1915 2645 1954 cum
2676 1901 2916 1956 necdum
2945 1916 3138 1956 nosses
3187 1900 3525 1973 disciplinam
3565 1901 3679 1955 Dei:

2137 1983 2293 2040 nulla
2321 1986 2396 2040 sit
2429 1988 2593 2042 venia
2619 1987 2772 2043 ultra
2816 1989 3160 2062 delinquere,
3207 1995 3496 2062 postquam
3539 1989 3684 2044 Deum

2135 2087 2300 2129 nosse
2317 2075 2551 2148 cepisti.
2579 2076 2647 2132 Et
2664 2077 2891 2148 quidem
2907 2079 3013 2132 hoc
3031 2084 3151 2133 tam
3181 2079 3306 2146 viri,
3337 2095 3495 2150 quam
3524 2077 3684 2132 mulie-

2137 2177 2246 2229 res,
2278 2168 2394 2218 tam
2434 2164 2595 2236 pueri
2635 2182 2805 2238 quam
2849 2167 3066 2239 puellae,
3111 2184 3280 2224 sexus
3328 2167 3501 2222 omnis
3547 2173 3687 2238 atque

2136 2251 2319 2306 omnis
2366 2260 2501 2308 tetas
2529 2253 2785 2310 observet
2811 2262 2870 2310 et
2899 2263 3056 2311 curet
3081 2273 3184 2330 pro
3216 2257 3479 2329 religione
3511 2262 3562 2310 et
3597 2255 3687 2309 ﬁde

2136 2357 2304 2412 quam
2327 2343 2443 2398 Deo
2471 2343 2656 2411 debet,
2688 2362 2760 2400 ne
2787 2347 2935 2418 quod
2965 2352 3223 2403 sanctum
3263 2349 3332 2404 de
3375 2346 3581 2402 Domini
3617 2345 3689 2400 di-

2132 2430 2400 2500 gnatione
2420 2432 2726 2504 percipitur
2753 2434 2940 2490 minus
2967 2435 3208 2491 sollicito
3227 2437 3428 2491 timore
3445 2439 3687 2490 teneatur.

2134 2518 2260 2592 Non
2289 2520 2439 2576 enim
2467 2521 2674 2576 debent
2700 2523 2985 2594 negligere
3011 2524 3271 2596 magistri
3297 2523 3594 2596 discipulos,
3607 2538 3691 2576 nec

2135 2614 2398 2678 parentes
2427 2609 2590 2676 filios,
2631 2611 2730 2665 sed
2776 2611 2834 2666 in
2863 2613 3017 2666 omni
3047 2612 3346 2685 disciplina
3371 2629 3494 2668 cum
3521 2611 3692 2666 discre-

2133 2697 2285 2753 tione
2313 2703 2504 2754 tamen
2526 2699 2789 2756 erudiant
2815 2700 2962 2766 illos,
2994 2701 3128 2772 quia
3155 2702 3427 2774 scriptum
3451 2706 3548 2755 est.
3580 2720 3600 2752 ι
3621 2699 3690 2755 Ne

2135 2787 2266 2858 quid
2285 2787 2472 2853 nimis,
2501 2807 2528 2842 ν
2562 2805 2633 2843 ne
2651 2788 2788 2844 dum
2817 2789 3053 2860 cupiunt
3071 2789 3246 2844 nimis
3267 2790 3490 2844 eradere
3516 2787 3692 2859 rubigi-

2133 2890 2282 2942 nem,
2312 2875 2606 2948 frangatur
2633 2894 2748 2932 vas.
2775 2877 2924 2933 Dicit
2950 2877 3102 2933 enim
3127 2879 3430 2952 Apostolus
3455 2897 3468 2933 :
3497 2898 3519 2930 ι
3547 2879 3604 2933 In
3628 2877 3693 2931 di—

452 2942 630 3026 Deus:
653 2942 739 3024 Aid
751 2942 886 3041 quid
906 2967 1135 3040 exponis
1159 2967 1588 3040 justiﬁcationes
1600 2983 1773 3032 meas,
1801 2971 1860 3022 et
1885 2983 2044 3022 assu-
2064 2942 2110 3004 (ἶ
2127 2963 2362 3037 sciplina
2381 2942 2818 3038 et'correptione
2835 2967 3058 3022 Domini
3089 2942 3330 3024 educate
3347 2967 3486 3023 filios
3514 2972 3696 3022 vestros

452 3056 560 3113 mis
572 3063 988 3118 testamentum
1008 3073 1199 3112 meum
1224 3072 1326 3128 per
1344 3071 1407 3110 os
1425 3060 1616 3110 tuum:
1636 3061 1700 3110 tu
1713 3059 1904 3111 autem
1923 3054 2044 3110 odi-

2132 3054 2286 3123 (Eph.
2319 3071 2388 3122 v1,
2423 3053 2496 3123 4).
2539 3075 2561 3106 ι
2595 3046 2740 3112 Hinc
2777 3053 2837 3110 et
2884 3055 3173 3127 Sapientia
3225 3073 3328 3129 per
3371 3057 3692 3112 Salomonem

450 3145 523 3202 sti
551 3146 924 3220 disciplinam,
957 3151 1015 3202 et
1042 3145 1326 3218 projecisti
1369 3160 1658 3199 sermones
1689 3161 1844 3200 meos
1892 3152 2044 3200 retro
2127 3143 2388 3197 hortatur
2416 3143 2606 3198 dicens
2631 3162 2643 3198 :
2670 3163 2694 3195 ι
2728 3144 2854 3198 Noli
2874 3159 2908 3198 a
2928 3161 3102 3216 puero
3125 3144 3458 3200 abstrahere
3484 3141 3694 3214 discipli-

449 3235 614 3310 (Psal.
648 3250 797 3302 κως,
833 3231 939 3305 16).
974 3253 1002 3288 ››
1037 3234 1108 3289 Et
1125 3234 1308 3289 denuo
1337 3233 1607 3304 legimus:
1647 3253 1670 3284 ιι
1704 3233 1811 3298 Qui
1842 3233 2047 3305 abjecit
2127 3247 2278 3286 nam.
2311 3231 2368 3286 Si
2397 3237 2588 3287 autem
2616 3233 2956 3304 percusseris
3003 3250 3152 3293 eum.
3197 3234 3450 3289 animam
3491 3235 3603 3304 ejus
3643 3231 3693 3286 li-

449 3321 804 3396 disciplinam
834 3323 1024 3378 infelix
1051 3327 1156 3378 est.
1189 3340 1216 3376 ›
1251 3323 1321 3378 Et
1353 3323 1424 3378 de
1455 3321 1751 3378 Salomone
1779 3323 2047 3378 mandata
2127 3318 2346 3374 berabis
2375 3335 2406 3374 a
2437 3327 2637 3387 morte,
2668 3321 2728 3376 in
2776 3322 2934 3392 virga
2981 3322 3267 3392 percuties
3315 3339 3462 3388 eum,
3510 3329 3564 3377 et
3598 3336 3692 3376 non

450 3411 740 3484 sapientiae
765 3411 1047 3468 monentis
1069 3411 1403 3484 accipimus:
1440 3431 1464 3464 ι
1495 3411 1619 3479 Fili,
1642 3428 1714 3466 ne
1732 3412 2044 3483 neglexeris
2127 3409 2400 3463 morietur
2429 3411 2604 3478 (Prov.
2632 3425 2784 3477 xxm,
2827 3409 2934 3480 14).
2973 3430 2996 3461 ι
3044 3410 3313 3466 Studium
3343 3413 3492 3466 enim
3519 3409 3696 3464 debent

447 3500 801 3574 disciplinam
828 3501 951 3569 Dei,
982 3506 1041 3556 et
1068 3517 1182 3556 non
1209 3499 1476 3556 defeceris
1518 3499 1589 3556 ab
1619 3517 1685 3556 eo
1732 3507 2039 3573 correptus,
2125 3495 2551 3552 habere‘omnes
2581 3499 2824 3570 praelatae
2844 3515 3116 3570 personae,
3153 3506 3222 3554 ut
3265 3499 3542 3571 subjectos
3585 3513 3696 3554 suos

449 3606 618 3661 quem
643 3590 795 3646 enim
838 3589 1026 3662 diligit
1067 3591 1218 3645 Deus
1265 3589 1496 3661 corripit
1543 3587 1687 3662 (Sap.
1737 3607 1811 3656 ιη,
1873 3588 1977 3654 11).
2015 3609 2038 3642 ι
2125 3601 2227 3658 per
2253 3585 2604 3658 disciplinam
2625 3587 2961 3653 custodiant,
2978 3594 3036 3642 et
3050 3604 3250 3660 regere
3279 3605 3396 3644 non
3419 3589 3692 3660 negligant:

447 3677 506 3734 Si
525 3684 716 3734 autem
743 3695 911 3751 quem
941 3678 1127 3749 diligit
1153 3679 1303 3734 Deus
1343 3677 1591 3750 corripit,
1637 3683 1696 3733 et
1721 3677 1954 3750 corripit
1981 3684 2045 3734 ut

446 3768 728 3823 emendet.
779 3768 1006 3824 Fratres
1059 3783 1282 3839 quoque
1329 3772 1388 3822 et
1431 3766 1674 3822 maxime
1727 3767 2043 3822 sacerdotes

445 3871 561 3912 non
589 3856 848 3922 oderunt,
891 3857 990 3911 sed
1023 3855 1268 3926 diligunt
1293 3871 1390 3912 eos
1436 3871 1576 3927 quos
1623 3855 1936 3928 corripiunt
1980 3861 2046 3913 ut

446 3945 764 4012 emendent,
782 3945 1006 4016 quando
1019 3950 1076 4000 et
1085 3945 1237 4000 Deus
1258 3961 1360 4017 per
1371 3944 1676 4000 Jeremiam
1695 3949 1827 4000 ante
1849 3945 2045 4016 praedi-

444 4039 604 4089 xerat
631 4038 690 4088 et
711 4039 970 4106 tempora
995 4037 1190 4088 nostra
1215 4033 1628 4104 significaverat
1655 4031 1846 4089 dicens
1871 4052 1883 4087 :
1916 4052 1944 4086 α
1976 4034 2046 4089 Et

445 4121 590 4177 dabo
618 4120 773 4176 vobis
793 4127 1046 4194 pastores
1067 4121 1374 4176 secundum
1389 4138 1486 4176 cor
1504 4137 1714 4188 meum,
1743 4127 1800 4177 et
1814 4127 2044 4194 pascent

447 4226 574 4266 vos:
612 4229 638 4264 ν
671 4215 963 4284 pascentes
976 4226 1104 4265 cum
1123 4209 1452 4284 disciplina:
1477 4211 1611 4282 quid
1635 4211 1684 4266 si
1713 4211 1773 4266 in
1797 4211 2044 4284 Scriptu-

445 4300 522 4354 ris
551 4299 760 4355 sanctis
799 4299 1126 4372 frequenter
1169 4305 1228 4354 et
1266 4298 1475 4372 ubique
1517 4299 1812 4372 disciplina
1851 4300 2043 4372 praeci-

443 4387 618 4462 pitur,
644 4394 706 4446 et
729 4388 1160 4444 fundamentum
1185 4404 1351 4444 omne
1379 4387 1666 4458 religionis
1706 4406 1771 4444 ac
1800 4389 1930 4443 ﬁdei
1972 4389 2042 4444 de

441 4477 828 4534 observatione
856 4494 922 4534 ac
945 4477 1149 4533 timore
1189 4477 1592 4550 proficiscitur:
1621 4477 1756 4550 quid
1783 4477 2042 4548 cupidius

443 4570 728 4639 appetere,
753 4566 887 4636 quid
905 4566 1086 4638 magis
1105 4567 1246 4622 velle
1265 4582 1332 4622 ac
1345 4565 1544 4622 timere
1570 4565 1847 4632 convenit,
1871 4582 2041 4636 quam

444 4660 527 4721 ut,
557 4653 840 4710 radicibus
868 4654 990 4710 ﬁxis
1019 4655 1218 4711 fortius
1237 4660 1296 4710 et
1313 4654 1608 4710 domiciliis
1636 4653 1844 4710 nostris
1872 4671 2043 4726 super

441 4748 663 4818 petram
691 4742 923 4799 robusta
968 4743 1116 4799 mole
1144 4743 1417 4809 solidatis,
1449 4742 1764 4798 inconcussi
1791 4743 1863 4797 ad
1907 4759 2039 4814 pro-

441 4832 611 4888 cellas
639 4837 697 4887 et
713 4831 970 4888 turbines
987 4833 1176 4888 saeculi
1203 4838 1437 4898 stemus,
1459 4832 1533 4886 ad
1553 4831 1654 4887 Dei
1675 4847 1912 4888 munera
1939 4848 2042 4904 per

439 4921 629 4979 divina
655 4925 934 4995 praecepta
953 4921 1262 4988 veniamus,
1291 4920 1709 4976 considerantes
1737 4920 1949 4992 pariter
1973 4937 2039 4975 ac

439 5011 681 5068 scientes
705 5010 856 5083 quod
881 5010 1094 5082 templa
1121 5009 1226 5066 Dei
1267 5009 1382 5066 sint
1434 5009 1688 5065 membra
1728 5015 1922 5066 nostra
1965 5009 2038 5066 ab

439 5101 593 5158 omni
621 5099 756 5156 faece
779 5097 1138 5172 cogitationis
1160 5098 1406 5171 antiqua:
1445 5097 1652 5154 lavacri
1686 5098 1870 5153 vitalis
1911 5115 2038 5154 san-

436 5189 777 5246 ctiﬁcatione
803 5193 1064 5264 purgata,
1082 5204 1186 5244 nec
1213 5187 1409 5244 violari
1427 5204 1496 5242 ea
1512 5192 1614 5244 aut
1639 5187 1814 5260 pollui
1831 5187 1916 5243 fas
1938 5187 2031 5255 sit,

439 5276 664 5350 quando
692 5276 791 5350 qui
811 5275 982 5334 violat
999 5281 1058 5334 et
1082 5276 1201 5350 ipse
1227 5276 1508 5333 violetur?
1530 5277 1737 5332 Eorum
1761 5292 1864 5332 nos
1895 5280 2036 5331 tem-

435 5363 662 5438 plorum
683 5365 946 5434 cultores,
973 5371 1035 5424 et
1059 5365 1341 5423 antistites
1367 5381 1584 5432 sumus,
1615 5363 1925 5422 serviamus
1951 5363 2036 5421 illi

436 5452 600 5526 cujus
625 5469 750 5512 esse
768 5455 892 5526 jam
915 5453 1204 5527 cepimus.
1237 5453 1446 5512 Paulus
1489 5453 1776 5528 apostolus
1818 5452 1880 5510 in
1907 5451 2036 5526 Epi-

435 5540 596 5598 stolis
623 5541 742 5598 suis
759 5541 914 5610 dieit,
947 5541 1150 5614 quibus
1175 5558 1280 5598 nos
1296 5543 1368 5599 ad
1396 5543 1676 5602 curricula
1689 5541 1912 5601 vivendi
1929 5557 2034 5616 per

2128 3673 2263 3746 quia
2290 3675 2640 3730 solummodo
2671 3676 2754 3731 ita
2780 3676 2852 3730 ab
2879 3676 2961 3730 eis
2989 3676 3047 3731 in
3076 3676 3269 3732 divino
3289 3678 3500 3749 judicio
3529 3675 3701 3731 libera-

2126 3760 2356 3817 buntur.
2413 3763 2574 3818 Unde
2631 3780 2734 3819 nos
2789 3765 3078 3836 Sapientia
3132 3765 3404 3822 hortatur
3444 3771 3501 3821 et
3550 3764 3698 3819 dicit:

2131 3869 2157 3904 ί(
2205 3851 2330 3918 Fili,
2381 3851 2490 3908 nisi
2543 3853 2910 3925 spoponderis
2955 3871 3058 3926 pro
3105 3855 3292 3911 amico
3331 3861 3447 3916 tuo.
3491 3851 3701 3910 deﬁxisti

2127 3941 2277 4013 apud
2291 3947 2622 3997 extraneum
2641 3959 2873 3998 manum
2889 3949 3066 3998 tuam.
3096 3943 3446 4016 Illaqueatus
3468 3961 3528 3998 es
3547 3941 3702 3997 verbis

2125 4027 2238 4084 oris
2265 4028 2350 4086 tui
2375 4049 2386 4084 :
2411 4036 2470 4086 et
2493 4036 2690 4104 captus
2719 4031 2962 4104 propriis
2999 4032 3378 4088 sermonibus.
3426 4033 3533 4088 Fac
3565 4045 3697 4102 ergo,

2126 4117 2205 4172 fili
2235 4118 2332 4186 mi,
2363 4119 2514 4192 quod
2541 4119 2665 4175 dico
2688 4119 2813 4187 tibi,
2835 4126 2896 4176 et
2909 4121 3275 4194 temetipsum
3297 4121 3480 4177 libera
3498 4141 3511 4174 :
3529 4119 3618 4192 qui
3629 4118 3703 4172 in-

2127 4206 2312 4262 cidisti
2337 4207 2393 4262 in
2421 4224 2622 4264 manus
2651 4207 2892 4280 proximi
2917 4209 3018 4266 tui.
3046 4210 3334 4278 Discurre,
3347 4210 3546 4266 festina
3569 4228 3581 4264 :
3602 4223 3704 4262 sus-

2125 4293 2237 4350 cita
2254 4295 2498 4350 amicum
2517 4295 2700 4364 tuum,
2719 4314 2792 4352 ne
2824 4297 3046 4354 dederis
3061 4315 3325 4354 somnum
3367 4299 3539 4355 oculis
3573 4296 3699 4352 tuis:

2124 4399 2228 4439 nec
2255 4384 2566 4440 dormitent
2607 4385 2888 4458 palpebra:
2923 4392 3035 4442 tuae
3073 4389 3268 4455 (Prov.
3303 4403 3380 4453 vr,
3413 4387 3492 4458 2).
3524 4403 3547 4436 ι
3579 4383 3702 4440 Hinc

2125 4477 2185 4528 et
2209 4473 2282 4528 ad
2310 4474 2654 4536 Ezechielem
2681 4474 3010 4547 prophetam
3041 4475 3322 4530 Dominus
3349 4475 3608 4548 loquitur,
3634 4471 3704 4526 di-

2123 4577 2289 4616 cens:
2328 4581 2351 4614 ι
2384 4562 2490 4618 Fili
2519 4562 2783 4630 hominis,
2815 4563 3224 4636 speculatorem
3269 4563 3403 4620 dedi
3439 4555 3496 4618 te
3531 4558 3700 4616 domui

2125 4649 2299 4706 Israel
2320 4669 2332 4704 :
2356 4655 2415 4706 et
2441 4651 2638 4708 audies
2656 4651 2726 4707 de
2746 4669 2843 4707 ore
2860 4669 2984 4708 meo
3011 4650 3266 4717 verbum,
3283 4658 3345 4707 et
3363 4646 3700 4708 annuntiabis

2123 4739 2206 4794 eis
2225 4756 2291 4794 ex
2316 4757 2426 4795 me.
2443 4741 2501 4796 Si
2517 4741 2736 4797 dicente
2755 4757 2847 4796 me
2865 4741 2935 4796 ad
2955 4741 3220 4813 impium:
3244 4741 3432 4796 Morte
3447 4737 3696 4798 morieris,

2121 4843 2236 4884 non
2263 4829 2683 4886 annuntiaveris
2711 4829 2786 4898 ei,
2817 4845 3002 4902 neque
3029 4831 3250 4885 locutus
3278 4829 3478 4895 fueris,
3491 4834 3554 4886 ut
3566 4840 3700 4882 aver-

2121 4923 2278 4974 tatur
2303 4935 2339 4974 a
2365 4919 2456 4974 via
2483 4936 2587 4975 sua
2614 4920 2787 4992 impia
2815 4925 2872 4975 et
2899 4919 3082 4974 vivat:
3119 4919 3240 4991 ipse
3270 4919 3484 4992 impius
3508 4918 3566 4973 in
3605 4914 3698 4971 ini-

2123 5007 2338 5080 quitate
2384 5025 2488 5063 sua
2532 5009 2824 5076 morietur,
2866 5008 3198 5079 sanguinem
3250 5015 3447 5064 autem
3489 5007 3606 5079 ejus
3637 5002 3696 5058 de

2120 5112 2292 5152 manu
2340 5103 2442 5152 tua
2494 5095 2800 5168 requiram.
2858 5095 2919 5152 Si
2968 5096 3120 5151 enim
3171 5101 3236 5152 tu
3297 5091 3696 5152 annuntiaveris

2117 5185 2310 5258 impio,
2335 5190 2395 5240 et
2415 5184 2510 5241 ille
2533 5201 2647 5240 non
2663 5185 2833 5241 fuerit
2850 5200 3148 5240 conversus
3165 5183 3239 5238 ab
3269 5185 3562 5256 impietate
3586 5196 3690 5248 sua,

2117 5275 2410 5344 morietur,
2431 5281 2495 5334 tu
2514 5283 2706 5332 autem
2737 5275 2988 5331 animam
3022 5280 3179 5331 tuam
3213 5273 3472 5331 liberasti
3495 5271 3690 5342 (Ezech-

2115 5379 2304 5430 χχχιιι,
2353 5363 2429 5434 7).
2470 5382 2494 5415 ι
2539 5363 2860 5422 Secundum
2901 5363 3054 5420 enim
3097 5362 3407 5436 qualitates
3445 5358 3688 5422 hominis.

2115 5451 2196 5508 sic
2213 5450 2383 5510 debet
2407 5451 2710 5524 temperari
2755 5451 3052 5526 disciplina
3079 5451 3504 5522 magistrorum.
3551 5444 3692 5505 Unde

2112 5539 2408 5601 Paulusad
2421 5541 2760 5616 discipulum
2771 5541 3043 5606 scribens,
3054 5541 3162 5600 ait:
3181 5555 3210 5594 α
3223 5541 3438 5612 Argue,
3455 5538 3682 5594 obsecra.
