3982 6158
324 293 465 353 1233

1172 289 1863 360 ΒΕἘΟΟΙΑΕΒΙΑΒΤΙΟΑ
1902 305 2334 362 DISCIPLINA.
2373 304 2618 359 —.LIB.
2663 302 2761 358 Ill.

3469 299 3607 356 1234

321 421 571 496 increpa,
627 441 755 481 cum
813 428 967 483 omni
1012 428 1249 500 imperio
1280 429 1362 497 (ΙῙ
1389 429 1528 484 Tim.
1570 446 1643 495 1v,
1674 428 1761 501 ‘2.)
1791 448 1818 485 ι
1848 430 1993 493 AcA
2010 446 2139 485 cum
2167 444 2413 495 oramus,
2446 427 2554 500 ipsi
2569 443 2699 482 cum
2724 427 2843 483 Deo
2870 427 3190 500 loquimur:
3225 443 3355 483 cum
3383 442 3515 483 vero
3527 426 3612 483 le—

322 510 372 565 si
404 511 656 568 diceret:
709 516 915 571 Dirum
960 517 1235 589 magistri,
1271 518 1427 590 pium
1478 519 1654 589 patris
1700 519 1934 575 ostende

325 601 613 669 affectum,
647 603 731 658 ita
759 610 825 659 ut
853 605 1302 678 indisciplinatos
1342 612 1401 661 et
1427 607 1709 679 inquietos
1737 608 1933 664 durius

324 689 894 759 arguas,obedientes
909 699 1098 749 autem
1131 699 1188 749 et
1208 694 1375 748 mites
1402 698 1467 748 ut
1496 694 1556 748 in
1584 695 1784 749 melius
1804 712 1932 767 pro-

324 775 517 831 ﬁciant
545 776 804 835 obsecres
839 799 850 833 :
883 781 1231 853 negligentes
1252 781 1402 838 enim
1423 788 1482 836 et
1506 788 1930 838 contemnentes

320 861 577 937 increpes
607 873 665 922 et
689 869 980 940 corripias.
1012 871 1129 925 Nec
1159 868 1259 924 abs
1289 887 1350 924 re
1378 877 1465 925 est
1499 871 1646 942 quod
1676 872 1931 927 Salvator

320 953 381 1008 in
411 955 710 1030 Evangelia
738 959 961 1013 Judaaos
989 959 1179 1025 duros,
1209 964 1267 1013 et
1284 957 1601 1014 incredulos
1629 961 1931 1017 vendentes

323 1050 382 1099 et
406 1052 659 1103 ementes
688 1048 746 1102 in
775 1050 986 1120 templo
1018 1049 1179 1120 quasi
1227 1048 1512 1119 flagellum
1553 1049 1623 1103 de
1670 1050 1932 1106 funiculis

320 1132 535 1190 faciens
561 1137 770 1208 legitur
814 1137 1044 1207 ejecisse
1093 1143 1262 1209 atque
1310 1137 1509 1192 dixisse
1544 1157 1555 1191 :
1597 1158 1618 1188 ι
1652 1139 1933 1211 Scriptum

325 1229 414 1279 est
440 1225 573 1296 quia
606 1226 808 1281 domus
836 1243 963 1281 mea
992 1226 1193 1281 domus
1216 1226 1487 1281 orationis
1515 1225 1820 1295 vocabitur,
1836 1244 1933 1282 vos

324 1320 523 1369 autem
551 1314 762 1370 fecistis
790 1315 947 1370 illam
976 1316 1301 1387 speluncam
1324 1315 1607 1371 latronum
1623 1317 1930 1386 (Momm,

335 1402 442 1464 13).
483 1424 505 1455 ι
537 1405 654 1460 Nec
679 1404 889 1461 frustra
920 1406 1122 1460 Petrus
1146 1405 1432 1477 apostolus
1460 1404 1737 1459 Ananiam
1765 1409 1823 1459 et
1840 1405 1937 1459 Sa-

326 1493 553 1565 phiram
573 1494 820 1548 avaritiae
850 1499 1006 1565 peste
1036 1499 1351 1566 corruptos,
1383 1493 1740 1560 mentientes,
1765 1499 1934 1565 atque

327 1600 434 1654 per
458 1582 778 1654 hypocrisin
814 1582 1087 1654 Spiritum
1115 1583 1218 1638 Dei
1248 1588 1532 1637 tentantes
1578 1583 1777 1637 mortis
1803 1598 1932 1637 sen-

329 1671 512 1727 tentia
538 1671 842 1737 damnavit,
873 1672 970 1726 sed
1008 1678 1074 1727 ut
1114 1673 1275 1727 ﬁeret
1303 1671 1450 1743 quod
1499 1672 1769 1744 scriptum
1800 1678 1886 1727 est
1917 1690 1927 1725 :

2015 519 2221 590 gimus,
2255 519 2405 574 Deus
2432 516 2720 572 nobiscum
2756 516 3021 588 loquitur.
3056 516 3357 572 Geminum
3400 516 3617 572 confert

2017 607 2230 662 donum
2250 607 2414 662 lectio
2433 611 2759 661 sanctarum
2789 605 3224 676 Scripturarum,
3240 604 3357 659 sive
3376 605 3512 676 quia
3532 604 3616 661 in-

2014 697 2302 751 tellectum
2326 696 2532 750 mentis
2543 693 2748 761 erudit,
2764 711 2865 749 seu
2894 693 3043 767 quod
3072 710 3108 748 a
3133 693 3329 749 mundi
3356 693 3616 749 vanitati-

2009 783 2116 840 bus
2147 784 2492 840 abstractum
2524 783 2811 838 hominem
2839 782 2912 837 ad
2929 798 3182 837 amorem
3203 782 3307 836 Dei
3333 782 3610 853 perducit.

2011 872 2197 930 Labor
2218 874 2487 929 honestus
2515 879 2603 927 est
2630 871 2902 937 lectionis,
2939 876 2997 926 et
3024 870 3267 926 multum
3313 871 3384 925 ad
3420 888 3614 927 emen-

2013 962 2299 1017 dationem
2329 962 2504 1018 animi
2545 961 2782 1033 proficit.
2829 960 2987 1015 Sicut
3014 976 3081 1015 ex
3118 958 3436 1015 carnalibus
3475 961 3615 1016 escis

2015 1053 2187 1107 alitur
2213 1068 2363 1117 caro,
2392 1051 2472 1106 ita
2501 1067 2569 1104 ex
2598 1049 2798 1104 divinis
2827 1050 3064 1121 eloquiis
3089 1048 3617 1106 interiorhomonu-

2016 1141 2187 1196 tritur
2215 1156 2280 1194 ac
2332 1139 2598 1210 pascitur.
2658 1139 2814 1194 Sicut
2869 1137 3171 1194 Psalmista
3217 1138 3336 1193 ait:
3376 1158 3401 1190 ι
3435 1138 3617 1204 Quam

2015 1229 2203 1284 dulcia
2251 1227 2503 1283 faucibus
2545 1228 2685 1283 meis
2733 1228 2957 1299 eloquia
2992 1233 3113 1294 tua,
3158 1228 3413 1294 Domine,
3448 1245 3619 1301 super

2017 1317 2129 1374 mel
2147 1323 2205 1372 et
2237 1316 2422 1372 favum
2454 1317 2537 1372 ori
2588 1333 2714 1372 meo
2739 1318 2903 1383 (Psal.
2927 1334 3106 1384 cxvm,
3141 1316 3285 1387 113).
3324 1336 3348 1369 ι
3384 1317 3495 1375 Sed
3522 1317 3616 1372 ille

2018 1406 2375 1461 beatissimus
2398 1412 2485 1460 est
2506 1406 2622 1477 qui,
2651 1406 2868 1460 divinas
2889 1406 3211 1477 Scripturas
3222 1405 3432 1477 legens,
3447 1405 3617 1461 verba

2017 1495 2187 1551 vertit
2209 1496 2269 1550 in
2299 1512 2489 1567 opera.
2524 1495 2733 1553 Omnes
2763 1494 2929 1565 plane
2968 1494 3270 1565 Scriptura;
3298 1499 3505 1549 sancta
3544 1494 3617 1550 ad

2015 1585 2333 1640 animarum
2361 1585 2602 1639 salutem
2632 1585 2851 1656 scripta
2882 1588 3032 1649 sunt,
3062 1588 3128 1637 ut
3165 1583 3521 1654 proficiamus
3556 1583 3615 1638 in

2015 1675 2097 1729 eis
2137 1674 2197 1728 in
2255 1674 2507 1728 veritatis
2543 1670 2849 1744 agnitione:
2884 1672 3100 1744 Saepius
3151 1688 3329 1728 caecus
3385 1670 3618 1727 offendit

333 1783 361 1815 ι
395 1762 700 1817 Pestilente
721 1762 1003 1832 ﬂagellato
1035 1762 1243 1817 stultus
1276 1761 1583 1833 sapientior
1610 1763 1718 1817 erit
1750 1764 1926 1831 (Prov.
1950 1754 1995 1812 B
2015 1779 2183 1835 quam
2214 1762 2427 1830 videns,
2461 1762 2541 1817 sic
2569 1763 2836 1833 ignorans
2865 1761 3047 1833 legem
3074 1760 3196 1828 Dei,
3227 1760 3431 1832 saepius
3460 1761 3616 1832 igno-

325 1866 445 1916 ιιι,
469 1849 598 1919 25);
649 1857 715 1905 ut
753 1868 855 1923 per
889 1867 1197 1923 paucorum
1252 1851 1492 1906 validam
1521 1852 1930 1923 correptionem

319 1939 493 1993 multi
513 1938 584 1992 ab
611 1955 800 1993 errore
827 1939 1246 2010 corrigerentur
1265 1946 1322 1994 et
1349 1940 1803 1996 emendarentur.
1820 1942 1932 1997 Un-

321 2028 396 2083 de
426 2034 485 2083 et
512 2028 690 2083 sancti
718 2029 915 2083 Patres
943 2030 1121 2083 nostri
1147 2030 1207 2084 in
1237 2030 1487 2085 conciliis
1520 2031 1636 2085 suis
1681 2030 1929 2085 diversas

324 2117 651 2189 disciplinas
716 2123 773 2173 et
826 2118 1430 2174 excommunicationes
1477 2119 1930 2191 delinquentibus

325 2208 765 2274 constituerunt,
792 2212 875 2275 ut,
906 2209 1215 2263 secundum
1244 2210 1475 2264 modum
1501 2209 1677 2282 culpae
1705 2225 1929 2264 excom-

252 2290 263 2303 ⁴
325 2296 728 2352 municationis
756 2302 987 2353 extensa
1031 2314 1317 2365 mensura,
1348 2298 1512 2369 aegris
1556 2297 1834 2353 medelam
1873 2304 1930 2353 et

322 2386 483 2442 sanis
512 2384 788 2458 praeberet
814 2386 1111 2442 cautelam.

706 2531 778 2585 Dc
802 2531 1153 2585 meditatione
1176 2532 1380 2585 divina!
1405 2534 1553 2599 legis.

404 2656 477 2709 Ut
495 2662 686 2710 autem
715 2654 835 2709 haec
864 2654 1162 2727 disciplina
1190 2655 1516 2726 diligentius
1561 2656 1928 2723 custodiatur,

327 2744 573 2799 multum
594 2743 827 2814 adjuvat
843 2743 1095 2799 studium
1107 2744 1357 2799 discendi
1371 2760 1560 2800 veram
1575 2743 1928 2816 sapientiam,

328 2839 391 2887 et
418 2833 711 2887 meditatio
741 2833 968 2888 assidua
988 2833 1189 2888 divina;
1217 2833 1376 2904 legis,
1393 2851 1563 2906 quam
1586 2832 1797 2889 mundo
1815 2849 1934 2887 cor-

324 2921 402 2976 de
430 2928 486 2977 et
515 2929 670 2977 casto
697 2938 928 2994 corpore
957 2929 1179 2995 oportet
1207 2939 1667 2995 unumquemque
1695 2922 1926 2978 investi-

323 3027 467 3081 gare
492 3030 504 3065 :
540 3011 674 3081 quia
702 3012 783 3066 ita
807 3012 879 3066 ad
900 3013 1023 3083 ejus
1052 3012 1397 3067 intellectum
1443 3012 1694 3067 sobrium
1725 3012 1932 3083 poterit

1999 1859 2209 1935 .ranter
2238 1857 2449 1923 peccat,
2482 1867 2652 1923 quam
2683 1851 2777 1905 ille
2807 1850 2903 1922 qui
2951 1851 3074 1904 scit.
3108 1850 3265 1905 Sicut
3292 1866 3468 1905 caecus
3493 1849 3615 1905 sine

2013 1942 2265 2008 ductore,
2286 1941 2365 1995 sic
2380 1941 2549 1995 homo
2576 1940 2697 1994 sine
2728 1939 2954 1994 doctore
2975 1939 3123 1993 viam
3148 1944 3360 1993 rectam
3393 1938 3477 1992 vix
3490 1953 3616 2010 gra-

2012 2031 2167 2086 ditur
2197 2050 2209 2084 :
2243 2035 2301 2085 et
2326 2024 2454 2084 ideo
2482 2045 2710 2083 necesse
2752 2033 2839 2082 est
2888 2033 2953 2082 ut
3001 2027 3321 2099 quicunque
3347 2027 3614 2082 lectiones

2012 2136 2201 2175 sacras
2230 2114 2418 2190 legere
2447 2118 2673 2190 possint
2698 2118 2757 2171 in
2786 2116 2872 2171 his
2900 2116 3150 2171 studium
3177 2115 3526 2187 impendant,
3550 2120 3615 2170 ut

2013 2225 2208 2264 earum
2255 2209 2581 2280 frequenter
2627 2206 2992 2261 meditatione
3042 2210 3295 2260 utantur.
3347 2204 3455 2269 Qui
3482 2220 3613 2259 vero

2013 2315 2243 2354 sensum
2293 2296 2593 2352 locutionis
2641 2311 2813 2350 sacrae
2843 2311 2909 2350 ex
2936 2294 3176 2350 lectione
3221 2309 3334 2348 non
3377 2298 3616 2365 possunt

2014 2387 2321 2459 percipere,
2349 2386 2621 2441 attentius
2648 2384 2884 2439 audiant
2921 2383 3406 2455 interpretantem,
3441 2387 3507 2437 ut
3529 2397 3614 2437 re-

2014 2476 2227 2549 cipiant
2246 2476 2449 2531 saltem
2468 2476 2527 2530 in
2550 2473 2996 2533 aedificationem.
3015 2472 3158 2528 Cum
3184 2487 3316 2526 vero
3344 2469 3613 2542 magiste-

2015 2566 2100 2620 rio
2116 2565 2327 2621 caelesti
2348 2564 2627 2630 instructi,
2653 2563 2786 2635 quid
2830 2560 3171 2629 faciendum,
3198 2560 3401 2633 quidve
3428 2560 3612 2616 vitan-

2012 2655 2147 2710 dum
2177 2654 2253 2709 sit
2278 2653 2573 2726 accipiant,
2601 2668 2714 2707 non
2738 2652 2814 2707 sit
2854 2667 3015 2706 mora
3052 2650 3111 2706 in
3154 2648 3428 2716 faciendo,
3462 2649 3611 2720 quod

2014 2744 2166 2799 intus
2185 2743 2413 2815 sapiunt
2432 2741 2796 2813 intelligendo
2830 2759 2841 2795 :
2877 2741 3029 2813 quia,
3062 2745 3129 2796 ut
3152 2738 3351 2795 beatus
3374 2736 3615 2795 Iacobus

2014 2833 2301 2905 apostolus
2330 2831 2427 2899 ait,
2448 2850 2474 2884 (ι
2506 2832 2631 2886 Non
2650 2830 2935 2885 auditores
2957 2830 3099 2901 legis
3123 2826 3606 2901 justiﬁcabuntur,

2012 2922 2111 2977 sed
2138 2921 2376 2977 factores
2421 2920 2562 2992 legis
2611 2922 2782 2987 (Rom.
2826 2936 2880 2984 ιι,
2917 2918 3025 2987 13).
3058 2936 3084 2972 ι
3120 2917 3189 2973 Et
3219 2917 3343 2989 ipsa
3388 2915 3613 2971 Veritas

2012 3011 2124 3065 ait:
2160 3030 2182 3062 ι
2210 3011 2412 3066 Servus
2431 3009 2527 3082 qui
2550 3009 2657 3064 scit
2670 3008 3015 3063 voluntatem
3034 2998 3245 3061 domini
3273 3006 3381 3070 sui,
3415 3009 3474 3059 et
3499 3019 3613 3060 non

325 3073 641 3172 pervenire.
674 3101 804 3172 Ipsa
854 3073 1006 3156 enim
1060 3100 1435 3172 cognitionem
1465 3101 1566 3156 Dei
1606 3101 1654 3155 si
1696 3073 2167 3167 ﬁ'delitercfacit,
2197 3073 2485 3172 vapulabit
2533 3097 2725 3153 multis
2759 3100 2908 3165 (Luc.
2942 3113 3039 3163 xu,
3080 3094 3188 3167 47),
3226 3113 3250 3145 ι
3279 3099 3336 3149 et
3390 3099 3610 3149 cetera.

327 3189 715 3260 querentibus
744 3196 802 3245 et
845 3190 1124 3245 instanter
1153 3189 1554 3245 meditantibus
1593 3188 1807 3245 tribuit.
1836 3189 1938 3245 Co-

330 3278 589 3348 gnitione
618 3284 807 3332 autem
836 3278 939 3334 Dei
967 3278 1107 3333 nihil
1136 3278 1335 3333 melius
1363 3284 1467 3345 est,
1501 3278 1633 3350 quia
1652 3278 1791 3334 nihil
1810 3278 1939 3333 bea-

331 3367 455 3421 tius
483 3371 568 3420 est
594 3384 606 3419 :
641 3371 699 3421 et
726 3366 850 3437 ipsa
874 3382 1010 3421 vera
1036 3365 1327 3422 beatitudo
1356 3372 1460 3422 est.
1494 3366 1655 3423 Unde
1686 3366 1941 3422 Salvator

331 3455 411 3511 ad
439 3455 664 3510 Patrem
694 3455 807 3510 ait:
846 3474 871 3507 (ί
902 3457 1033 3511 Haec
1054 3462 1140 3511 est
1154 3462 1341 3511 autem
1370 3457 1488 3512 vita
1505 3464 1734 3523 aeterna,
1766 3462 1829 3511 ut
1845 3473 1941 3511 co-

329 3549 614 3615 gnoscant
637 3550 694 3600 te
718 3540 896 3599 unum
925 3561 1121 3599 verum
1152 3546 1352 3612 Deum,
1384 3551 1460 3611 et,
1495 3562 1662 3617 quem
1715 3545 1937 3610 misisti,

333 3634 535 3688 Iesum
563 3632 850 3688 Christum
885 3633 1066 3701 (Joau.
1092 3649 1221 3699 xvn,
1252 3632 1326 3701 3).
1366 3653 1388 3683 ι
1422 3634 1580 3689 Unde
1608 3634 1790 3705 primo
1819 3650 1942 3688 om-

333 3720 500 3777 nium
525 3721 889 3793 quaerendum
916 3727 1003 3776 est
1029 3721 1243 3776 homini
1266 3738 1390 3794 quae
1411 3722 1486 3777 sit
1511 3723 1764 3787 scientia,
1779 3739 1940 3777 vera-

336 3826 452 3884 que
482 3809 780 3882 sapientia,
806 3809 940 3882 quia
971 3809 1252 3881 sapientia
1280 3809 1449 3881 hujus
1478 3811 1673 3866 mundi
1700 3810 1943 3866 stultitia

338 3906 430 3955 est
440 3899 591 3970 apud
607 3899 806 3954 Deum.
838 3898 1085 3954 Scientia
1118 3915 1250 3953 vera
1266 3904 1371 3965 est,
1394 3916 1429 3954 a
1466 3899 1673 3955 diaboli
1692 3900 1936 3965 servitio,

338 4005 420 4060 qu
433 4005 481 4042 ω
497 3994 628 4042 sunt
648 3988 1186 4059 peccata,recedere:
1208 3995 1265 4043 et
1283 3990 1563 4061 sapientia
1572 3990 1818 4061 perfecta
1837 3994 1940 4055 est,

340 4079 529 4132 Deum
547 4078 726 4131 colere
738 4077 1047 4131 secundum
1065 4078 1459 4133 mandatorum
1469 4079 1619 4134 illius
1631 4079 1942 4143 veritatem,

342 4166 486 4237 quia
516 4166 573 4220 in
603 4165 689 4219 his
707 4165 928 4220 duobus
954 4166 1070 4220 vita
1091 4166 1257 4221 beata
1284 4169 1612 4240 acquiritur,
1628 4169 1771 4223 sicut
1791 4167 1950 4222 Psal-

343 4255 611 4311 mistaait
634 4273 682 4308 ει
710 4255 936 4309 Diverte
959 4271 995 4308 a
1018 4256 1193 4321 malo,
1208 4266 1265 4311 et
1289 4257 1374 4312 fac
1394 4257 1601 4313 bonum
1628 4260 1733 4324 (Ps.
1757 4270 1948 4321 xxxm,

2019 3192 2160 3246 Item
2182 3188 2314 3243 alibi
2344 3187 2616 3260 scriptum
2647 3193 2731 3242 est
2756 3205 2769 3240 :
2805 3206 2831 3239 α
2860 3185 3068 3241 Scienti
3097 3184 3306 3239 bonum
3334 3182 3539 3249 facere,
3559 3188 3617 3237 et

2019 3294 2132 3333 non
2169 3277 2416 3342 facienti,
2450 3281 2739 3348 peccatum
2779 3280 2866 3329 est
2891 3273 2992 3331 illi.
3028 3291 3055 3325 ν
3084 3273 3282 3343 Itaque
3311 3270 3466 3326 omni
3494 3268 3618 3325 dili-

2018 3366 2213 3437 gentia
2247 3365 2590 3419 studendum
2618 3369 2705 3417 est
2733 3368 2798 3417 ut
2840 3376 3242 3433 cognoscamus
3269 3360 3616 3415 voluntatem

2021 3455 2141 3510 Dei.
2170 3456 2475 3526 Postquam
2524 3457 2713 3507 autem
2752 3450 3175 3521 cognoverimus
3216 3464 3363 3515 eam,
3394 3463 3616 3509 summo
3724 3490 3733 3501 .

2021 3543 2148 3597 nisu
2174 3540 2621 3597 contendendum
2653 3544 2739 3593 est
2758 3545 2823 3594 ut
2845 3538 2991 3593 hanc
3019 3536 3289 3591 faciamus
3315 3536 3619 3607 implentes

2024 3632 2291 3687 mandata
2320 3629 2489 3695 illius,
2518 3634 2575 3683 et
2601 3629 2880 3682 instanter
2905 3626 3273 3698 deposcamus
3326 3629 3393 3678 ut
3425 3622 3486 3678 in
3512 3622 3616 3678 hoc

2022 3724 2439 3794 perseverantes
2467 3716 2857 3791 perveniamus
2886 3716 2956 3769 ad
2995 3712 3269 3786 promissa
3293 3710 3488 3784 ipsius.

2446 3864 2519 3916 De
2539 3862 2661 3928 ﬁde,
2694 3876 2780 3929 ,τρο
2811 3865 2860 3913 et
2887 3858 3174 3912 charitatc.

2075 3977 2079 3980 ’
2098 3988 2257 4045 Unde
2276 4002 2504 4042 necesse
2513 3992 2599 4040 est
2608 3991 2672 4040 ut
2685 3983 3003 4055 quicunque
3021 3981 3404 4037 Christianum
3415 3995 3623 4035 nomen

2028 4084 2203 4145 tenet,
2235 4084 2293 4132 et
2329 4075 2693 4130 sacramentis
2721 4073 2970 4129 imbutus
3000 4077 3104 4136 est,
3134 4070 3420 4142 religionis
3462 4067 3625 4125 Chri-

2033 4168 2228 4224 stiana:
2258 4166 2533 4221 rationem
2557 4164 2713 4230 sciat,
2743 4170 2801 4218 et
2844 4162 2974 4217 ﬁdei
3001 4160 3294 4216 veritatem
3338 4162 3624 4229 agnoscat,

2034 4258 2158 4328 ejus
2187 4272 2410 4328 quoque
2438 4255 2586 4320 fidei,
2623 4273 2650 4304 (ι
2680 4270 2803 4325 qua;
2837 4272 2859 4303 ι
2893 4257 2957 4306 ut
3002 4248 3303 4321 Apostolus
3335 4247 3435 4313 ait,
3471 4266 3495 4298 ι
3529 4262 3632 4318 per

349 4345 468 4412 l5).
508 4363 532 4395 λ)
564 4344 681 4399 Nec
710 4345 881 4398 etiam
903 4344 1112 4399 sufﬁcit
1127 4345 1391 4417 cuiquam
1423 4348 1573 4402 mala
1606 4364 1717 4401 non
1748 4347 1950 4409 facere,
1972 4346 2395 4417 1\dilectionem
2423 4348 2708 4415 operatur,
2736 4358 2858 4413 quae
2888 4340 2945 4394 in
2976 4336 3237 4410 praesenti
3262 4335 3541 4390 confortat
3576 4338 3636 4388 et

347 4433 461 4487 nisi
507 4433 677 4488 etiam
722 4439 778 4487 et
825 4432 969 4488 bona
1011 4434 1219 4490 faciat:
1256 4452 1358 4490 nec
1422 4436 1566 4491 bona
1619 4436 1817 4502 facere,
1849 4435 1957 4490 nisi

351 4523 531 4577 etiam
560 4526 619 4576 et
645 4522 797 4575 mala
823 4522 1070 4577 omittat.
1105 4524 1301 4578 Omnis
1332 4541 1465 4594 ergo
1496 4524 1591 4596 qui
1634 4525 1714 4579 sic
1736 4524 1960 4595 sapiens

351 4617 461 4678 est,
495 4611 685 4682 procul
719 4610 889 4666 dubio
910 4611 1109 4667 beatus
1139 4613 1247 4667 erit
1277 4614 1335 4667 in
1359 4619 1652 4668 aeternum.
1685 4615 1860 4668 Beata
1883 4615 1960 4669 si-

355 4700 589 4771 quidem
620 4700 734 4755 vita
765 4706 851 4755 est
871 4701 1118 4772 cognitio
1149 4701 1474 4769 divinitatis,
1498 4702 1742 4773 cognitio
1768 4702 1965 4757 divini-

355 4789 495 4843 tatis
521 4789 698 4843 virtus
724 4788 856 4843 boni
885 4790 1088 4860 operis,
1105 4796 1163 4844 et
1181 4790 1358 4846 virtus
1384 4791 1516 4846 boni
1540 4792 1724 4863 operis
1752 4791 1966 4846 fructus

360 4883 452 4932 est
480 4882 701 4932 aterme
730 4877 1114 4933 beatitudinis.
1146 4880 1232 4935 Ad
1262 4881 1367 4935 hoc
1398 4898 1531 4951 ergo
1563 4881 1771 4935 bonum
1802 4879 1971 4934 habe-

361 4983 492 5021 mus
521 4967 784 5021 solatium
812 4967 1129 5024 divinarum
1174 4969 1471 5025 lectionem
1529 4970 1967 5042 Scripturarum,

373 5055 474 5128 qui
502 5061 823 5110 sanctarum
855 5056 1021 5111 lectio
1052 5058 1470 5129 Scripturarum
1493 5059 1681 5114 divina
1710 5064 1797 5114 est
1824 5076 1971 5131 prae-

370 5143 617 5215 cognitio
645 5160 757 5199 non
786 5161 958 5216 parva
997 5146 1380 5203 beatitudinis.
1424 5150 1488 5204 In
1515 5148 1605 5203 his
1635 5148 1785 5203 enim
1816 5148 1975 5219 quasi

373 5235 431 5289 in
464 5234 706 5305 quodam
726 5236 951 5306 speculo
976 5236 1144 5291 homo
1174 5237 1421 5309 seipsum
1465 5238 1821 5293 considerare
1848 5242 1977 5309 pot-

374 5330 479 5390 est,
512 5322 693 5395 qualis
721 5322 814 5386 sit,
842 5325 928 5378 vel
958 5342 1069 5396 quo
1096 5325 1310 5381 tendat.
1332 5326 1521 5401 Lectio
1550 5327 1979 5398 assiduapurift

375 5417 466 5466 cat
492 5411 760 5477 animam,
787 5412 1050 5469 timorem
1081 5414 1284 5470 incutit
1307 5416 1598 5487 gehennte,
1637 5416 1707 5469 ad
1733 5431 1978 5485 superna

373 5498 583 5571 gaudia
606 5518 702 5554 cur
730 5500 966 5573 instigat
993 5504 1250 5575 legentis.
1268 5504 1375 5569 Qui
1402 5504 1523 5559 vult
1541 5521 1669 5558 cum
1700 5505 1817 5558 Deo
1828 5520 1977 5558 sem-

378 5605 480 5661 per
500 5604 643 5656 esse,
694 5589 1020 5663 frequenter
1052 5593 1221 5650 debet
1275 5610 1457 5661 orare,
1488 5598 1545 5649 et
1590 5594 1797 5664 legere.
1833 5592 1978 5652 Nam

1972 4396 2021 4454 D

2040 4434 2268 4491 roborat
2293 4433 2604 4496 credentes,
2635 4446 2701 4484 ac
2728 4430 2777 4484 si
2800 4429 2987 4483 futuro
3017 4424 3271 4498 perducit
3296 4423 3369 4478 ad
3394 4423 3497 4478 Dei
3507 4438 3637 4477 con-

2040 4523 2483 4595 templationem.
2515 4540 2537 4571 ι
2554 4521 2699 4574 Nam
2723 4518 2805 4573 ita
2828 4515 3084 4588 quaedam
3115 4511 3408 4585 proposuit
3434 4510 3638 4566 animae

2044 4619 2247 4669 nostra:
2260 4610 2575 4667 necessaria
2594 4608 2791 4662 beatus
2818 4603 3119 4676 Apostolus
3141 4607 3196 4657 et
3227 4600 3488 4672 egregius
3498 4615 3640 4671 gen-

2044 4704 2187 4758 tium
2216 4702 2438 4765 Doctor,
2470 4699 2660 4753 dicens
2694 4714 2705 4750 :
2735 4714 2761 4748 «
2793 4695 2954 4749 Nunc
3001 4692 3173 4748 etiam
3219 4694 3452 4745 manent
3480 4687 3641 4754 fides,

2047 4808 2195 4865 spes,
2219 4789 2483 4855 charitas,
2500 4787 2613 4843 tria
2633 4785 2768 4852 haec,
2806 4785 2980 4854 major
3020 4788 3212 4837 autem
3240 4779 3330 4834 his
3354 4783 3441 4832 est
3468 4774 3649 4865 chari-

2049 4863 2139 4937 tas
2158 4882 2213 4948 (Ι
2230 4880 2351 4935 Cor.
2379 4894 2492 4944 xm,
2518 4876 2624 4943 l3).
2653 4896 2679 4928 »
2705 4874 2958 4931 Primum
2988 4887 3121 4940 ergo
3171 4868 3312 4924 fides
3357 4863 3651 4921 Catholica

2054 4969 2374 5026 Christiano
2384 4965 2702 5023 necessaria
2716 4969 2822 5018 est:
2842 4961 2973 5033 quia
2991 4960 3050 5014 in
3076 4959 3198 5029 ipsa
3227 4955 3654 5025 distinguuntur

2055 5060 2155 5115 ﬁlii
2175 5058 2276 5114 Dei
2297 5075 2331 5112 a
2354 5056 2483 5112 filiis
2502 5052 2730 5119 diaboli,
2750 5051 2854 5105 ﬁlii
2889 5048 3030 5104 lucis
3055 5064 3091 5101 a
3113 5045 3244 5101 filiis
3269 5041 3653 5099 tenebrarum.

2057 5149 2169 5202 Per
2203 5147 2380 5218 ipsam
2421 5141 2767 5199 renascimur
2810 5139 2872 5193 in
2915 5135 3277 5208 baptismate,
3307 5139 3366 5187 et
3418 5131 3659 5188 salutem

2058 5242 2325 5293 aeternam
2345 5230 2771 5305 impetrabimus
2803 5247 2815 5282 :
2849 5227 2997 5282 sicut
3023 5224 3294 5296 scriptum
3323 5227 3412 5277 est
3441 5240 3452 5275 :
3492 5238 3521 5274 α
3552 5218 3661 5285 Qui

2059 5324 2425 5380 credideritet
2440 5321 2751 5392 baptizatus
2762 5318 2955 5383 fuerit,
2988 5316 3175 5372 salvus
3185 5312 3296 5369 erit
3320 5312 3521 5383 (Marc.
3546 5324 3659 5375 xw,

2062 5413 2173 5483 l6).
2214 5432 2236 5464 ι
2271 5412 2401 5467 Haec
2458 5416 2621 5482 porta
2675 5414 2762 5463 est
2804 5407 2950 5474 vitae,
2982 5407 3099 5461 haec
3125 5406 3305 5475 janua
3353 5400 3525 5472 regis.
3556 5398 3665 5454 Per

2060 5504 2242 5575 ipsam
2262 5500 2497 5556 discitur
2514 5497 2751 5553 scientia
2778 5496 3051 5562 veritatis,
3074 5499 3133 5550 et
3153 5488 3666 5565 percipiturcogni-

2061 5592 2145 5648 tio
2173 5588 2503 5656 divinitatis,
2529 5604 2629 5661 per
2673 5588 2857 5659 ipsam
2906 5584 3151 5655 gratiam
3178 5580 3284 5638 Dei
3329 5578 3668 5644 invenimus,
