3982 6158
367 1044 384 1064 κ
460 1023 640 1080 stolus
665 1023 808 1080 dixit
839 1043 851 1080 :
889 1045 911 1078 ι
938 1022 1084 1090 Quid
1108 1025 1378 1097 proderit,
1411 1025 1613 1080 fratres
1651 1025 1781 1091 mei,
1813 1027 1861 1079 si
1889 1021 2059 1080 fidem

339 1508 342 1512 λ
458 1471 684 1525 mortua
704 1473 790 1524 est
811 1481 828 1523 ς
853 1467 1021 1524 iidem
1050 1475 1182 1524 ante
1212 1469 1399 1524 omnia
1423 1472 1634 1523 rectam
1653 1473 1710 1523 et
1729 1469 2053 1524 immacula-

325 2690 340 2704 ι
452 2623 668 2680 tionem
719 2625 970 2679 nostram
1013 2624 1071 2678 in
1100 2625 1350 2678 coelestia
1393 2631 1450 2678 et
1497 2629 1708 2680 aeterna
1749 2624 1965 2691 inserit,
1999 2631 2056 2679 et

465 357 608 423 1285
665 299 678 312 Χ
1065 364 1128 418 Β.
1169 357 1441 424 ΒΑΒΛΝῙ
1477 353 1712 420 MAUBI
1749 353 2086 420 ARGHIEP.
2125 353 2452 419 MOGUNT.
2491 352 2792 419 OPERUM
2828 353 3013 421 PARS
3050 366 3148 422 III.
3193 311 3197 316 1
3565 354 3678 416 lim

438 485 634 546 aliter
669 493 860 545 autem
888 489 1003 546 Deo
1029 489 1253 564 placere
1280 501 1393 545 non
1423 499 1740 561 possumus,
1769 491 1902 562 quia
1938 491 2062 546 sine
2075 492 2126 551 Α
2143 491 2540 562 principatum,
2555 490 2677 544 sine
2693 491 2852 562 cujus
2875 477 3212 562 perfectione
3225 489 3360 544 nillil
3373 489 3479 543 Deo
3495 490 3679 561 placere

464 576 577 634 ilde
596 577 942 652 impossibile
970 584 1057 634 est
1078 579 1194 635 Deo
1236 577 1476 652 placere.
1509 578 1653 634 Vere
1682 580 1833 634 enim
1865 580 2062 636 beatus
2142 595 2305 650 posse
2327 580 2534 633 Paulus
2551 580 2835 650 apostolus
2859 583 3102 634 testatur
3124 597 3136 632 :
3159 579 3254 650 qui
3273 593 3371 632 nec
3393 579 3676 650 martyrium

465 674 570 735 est,
603 669 700 741 qui
727 668 787 724 et
825 669 976 723 recte
1019 667 1296 724 credendo
1333 667 1476 724 bene
1509 668 1644 722 vivit
1676 683 1688 722 ε
1721 670 1780 722 et
1808 668 1963 724 bene’
1979 669 2059 722 vi-
2143 679 2247 727 nec
2274 669 2460 723 saeculi
2489 673 2872 740 contemptum
2901 680 3005 724 nec
3050 668 3511 738 eleemosynarum
3543 668 3681 738 largi-

460 756 642 814 vendo
671 756 840 812 ﬁdem
867 761 1079 812 rectam
1096 758 1360 813 custodit.
1385 757 1566 828 Igitur
1595 757 1740 812 sicut
1767 758 1948 812 otiosa
1975 765 2062 812 est
2139 757 2352 812 tionem
2380 758 2501 812 sine
2546 757 2837 814 charitatis
2885 757 3066 812 officio
3114 755 3410 828 quidquam
3456 758 3681 826 proiicere

459 845 602 902 iides
629 846 750 902 sine
773 846 1033 919 operibus
1060 845 1238 913 bonis,
1273 846 1354 901 ita
1396 846 1537 901 nihil
1566 847 1865 918 proﬁciunt
1889 861 2060 918 opera
2141 858 2304 918 posse
2331 847 2594 901 ostendit.
2638 847 2798 902 Unde
2845 847 2902 902 et
2947 847 3066 918 ipse
3097 845 3360 901 DOminus
3408 854 3440 898 a
3477 845 3686 915 quodam,

463 934 610 990 bona
635 931 757 990 sine
785 934 896 992 ﬁde
924 942 1095 991 recta.
1129 935 1290 992 Unde
1327 941 1384 990 et
1433 937 1630 990 beatus
1657 935 1900 991 Jacobus
1929 947 2060 1008 apo-
2141 935 2730 1006 Scribainterrogatus
2744 935 2892 1007 quod
2905 940 3053 990 esset
3067 931 3389 990 mandatum
3400 934 3680 1000 maximum,

2139 1023 2432 1095 respondit
2461 1037 2472 1078 ε
2510 1035 2538 1076 α
2564 1021 2774 1094 Diliges
2801 1023 3103 1078 Dominum
3131 1024 3310 1077 Deum
3329 1027 3482 1076 tlillm
3507 1037 3563 1074 ex
3586 1025 3682 1076 toto

2137 1114 2304 1167 corde
2333 1119 2449 1176 tuo,
2484 1118 2542 1166 et
2569 1129 2634 1167 ex
2659 1113 2779 1166 tota
2815 1113 3003 1166 anima
3040 1117 3159 1178 tua,
3190 1117 3256 1166 et‘
3289 1125 3353 1165 ex
3394 1111 3506 1166 tota
3530 1117 3683 1164 mente

2138 1207 2254 1268 tua,
2274 1217 2298 1252 ιι
2323 1202 2539 1256 addidit
2558 1215 2778 1273 quoque
2799 1203 3107 1256 secundum
3127 1201 3308 1254 simile
3321 1201 3461 1266 huic,
3485 1219 3508 1251 (ι
3521 1199 3684 1270 diliges

2137 1291 2455 1361 proximum
2475 1293 2636 1344 tuum
2661 1291 2805 1344 sicut
2831 1291 3094 1361 teipsum.
3127 1291 3191 1344 In
3221 1289 3306 1342 his
3334 1287 3537 1343 duobus
3554 1303 3684 1342 man-

2135 1379 2282 1434 datis
2303 1383 2421 1433 tota
2441 1379 2526 1432 lex
2545 1379 2752 1450 pendet
2771 1384 2829 1434 et
2848 1379 3132 1450 prophetae
3146 1379 3361 1444 (Matth.
3389 1389 3505 1443 xxn,
3539 1377 3634 1444 37).
3663 1398 3681 1425 ρ

2136 1467 2296 1534 Quod
2317 1478 2447 1522 vero
2469 1467 2566 1533 ait,
2593 1487 2618 1519 «
2643 1481 2708 1522 ex
2737 1470 2856 1522 toto
2886 1467 3072 1532 corde,
3105 1473 3162 1520 et
3192 1483 3257 1520 ex
3291 1467 3409 1522 tota
3433 1465 3616 1531 anima,
3643 1474 3685 1520 et

2136 1569 2202 1611 ex
2231 1557 2352 1612 tota
2380 1555 2588 1622 mente,
2613 1575 2638 1609 »
2661 1557 2717 1610 id
2745 1561 2846 1622 est,
2887 1561 3010 1611 toto
3051 1556 3356 1620 intellectu,
3387 1559 3499 1609 tota
3531 1555 3686 1608 volun-

461 1113 588 1186 quis
611 1110 764 1168 dicat
787 1129 847 1168 se
877 1112 1286 1186 habere,opera
1314 1117 1501 1168 autem
1531 1114 1656 1184 ipsa
1679 1127 1793 1169 non
1821 1114 2058 1168 habeat?

455 1202 597 1274 (Jac.
626 1217 681 1268 η,
703 1201 807 1272 14).
845 1223 871 1256 »
897 1198 1180 1274 Numquid
1207 1202 1414 1274 poterit
1455 1202 1594 1256 ﬁdes
1641 1202 1854 1257 salvere
1881 1205 2056 1258 eum?

457 1289 623 1346 Fides
649 1292 771 1346 sine
803 1289 1065 1362 operibus
1106 1295 1332 1346 mortua
1360 1293 1463 1345 est.
1497 1291 1654 1345 Sicut
1675 1291 1825 1345 enim
1852 1303 2055 1363 corpus

457 1379 580 1435 sine
603 1381 808 1452 spiritu
838 1388 925 1436 est
951 1385 1257 1446 mortuum,
1293 1379 1372 1434 ita
1389 1383 1447 1434 et
1474 1379 1614 1434 ﬁdes
1641 1381 1763 1434 sine
1793 1380 2054 1452 cperibus

455 1562 576 1614 tam
605 1571 832 1613 necesse
861 1561 949 1613 est
995 1553 1201 1613 habere
1239 1561 1336 1612 :et
1377 1557 1684 1612 secundum
1725 1559 2054 1630 ApOstolicaa

457 1645 832 1702 institutionis
862 1661 1118 1702 normam
1141 1647 1457 1726 sxmbolum
1488 1661 1522 1701 a
1558 1647 1765 1701 sanctis
1795 1647 2054 1702 Patribus
2135 1651 2253 1700 tate
2278 1649 2336 1700 et
2354 1661 2420 1699 ex
2466 1646 2619 1700 omni
2661 1646 2934 1700 memoria
2979 1643 3160 1700 Deum
3208 1661 3329 1699 esse
3365 1643 3685 1715 diligendum,

457 1734 825 1790 constitutum
853 1736 1181 1790 memoriter
1210 1741 1422 1803 tenere,
1457 1740 1515 1790 et
1567 1735 1826 1807 religiose
1871 1737 2054 1792 vivere
2136 1735 2238 1790 Dei
2271 1749 2399 1790 vero
2427 1733 2652 1789 dilectio
2681 1735 2739 1789 in
2770 1735 3156 1789 observatione
3192 1734 3568 1788 mandatorum
3591 1735 3689 1802 ejus

457 1824 704 1889 studere,
764 1823 1154 1878 hereticorum
1193 1825 1457 1894 dogmata
1501 1825 1766 1897 pestifera
1811 1825 2005 1895 fugere
2039 1813 2113 1880 :B
2135 1828 2254 1878 tota
2276 1825 2546 1890 consistit,
2563 1825 2710 1878 sicut
2727 1839 2898 1895 supra
2912 1824 3082 1878 dicit:
3117 1843 3144 1874 α
3178 1822 3385 1893 Siquis
3412 1823 3578 1892 diligit
3599 1833 3686 1888 me,

456 1913 841 1968 maleficorum
869 1914 1354 1968 etincantatorum
1374 1927 1587 1968 venena
1607 1915 1896 1969 mortifera
1923 1916 2054 1969 hor-
2136 1927 2424 1968 sermones
2450 1929 2606 1968 meos
2645 1919 2830 1967 servat
2869 1915 3048 1980 (Joan.
3085 1923 3194 1978 ειν,
3222 1912 3352 1978 2d);
3379 1927 3404 1962 ο
3435 1911 3568 1965 unde
3593 1911 3692 1980 ipsa

457 2013 676 2058 rescere
707 2018 719 2055 :
747 2001 1063 2056 divinorum
1094 2007 1150 2056 et
1193 2003 1608 2073 sortilegiorum
1636 2003 1908 2058 nefandas
1935 2008 2054 2058 tra-
2135 2003 2359 2056 Veritas
2387 1994 2518 2056 alibi
2548 2001 2628 2056 ait
2661 2021 2672 2054 :
2715 2019 2742 2053 «
2776 2003 2840 2056 In
2867 2002 2972 2056 hoc
3011 2004 3351 2071 cognoscent
3372 2009 3551 2054 omnes
3583 1999 3690 2069 quia

455 2089 714 2158 ditiones,
743 2105 868 2163 quae
893 2105 1022 2146 cum
1052 2091 1397 2146 daemonibus
1439 2091 1768 2146 societatem
1821 2092 2048 2160 habent,
2134 2091 2245 2146 mei
2265 2093 2397 2146 estis
2427 2091 2704 2163 discipuli,
2736 2091 2784 2145 si
2820 2091 3177 2146 dilectionem
3222 2089 3520 2144 habueritis
3543 2089 3602 2142 ad
3627 2089 3692 2142 in-

453 2179 680 2252 penitus
695 2193 978 2252 respuere,
994 2186 1052 2235 et
1073 2180 1214 2236 nihil
1239 2180 1391 2236 aliud
1421 2193 1590 2253 quam
1612 2181 1758 2252 quod
1780 2181 2054 2237 catholica
2133 2180 2310 2234 vicem
2335 2183 2514 2247 (.Ioan.
2539 2191 2654 2246 xiu,
2673 2180 2783 2250 35).
2806 2193 2830 2232 ι
2853 2181 2994 2236 Item
3033 2181 3364 2251 Apostolus:
3392 2195 3419 2231 ι
3438 2173 3691 2232 Plenitudo

453 2267 594 2323 fides
619 2267 832 2336 laudat,
867 2275 1040 2336 amat,
1073 2269 1341 2341 praedicat
1382 2269 1442 2324 in
1472 2271 1660 2324 mente
1685 2270 1799 2323 sive
1848 2271 1906 2324 in
1929 2283 2054 2341 pro-
2134 2269 2272 2339 legis
2325 2275 2410 2324 est
2465 2269 2689 2324 dilectio
2723 2271 2893 2334 (Rom.
2943 2281 3056 2333 nu,
3092 2269 3201 2338 l0).
3248 2285 3276 2321 ιι
3323 2269 3459 2323 Item
3488 2269 3693 2322 Joannes

452 2355 695 2413 fossione
723 2359 936 2426 tenere,
965 2370 1064 2412 seu
1093 2357 1266 2413 etiam
1295 2358 1543 2413 moribus
1568 2357 1881 2413 ostendere.
1922 2361 2055 2413 Post
2135 2357 2479 2428 evangelista
2517 2378 2526 2412 :
2565 2375 2587 2410 ι
2620 2359 2756 2424 Hoc,
2805 2359 3006 2430 inquit,
3033 2352 3366 2412 mandatum
3395 2355 3638 2410 habemus
3667 2365 3695 2408 ει

454 2445 598 2501 hanc
653 2457 788 2518 ergo
837 2445 1026 2514 fidem,
1079 2459 1237 2518 spem
1291 2448 1514 2502 ﬁrmam
1562 2447 1786 2512 habere,
1817 2447 2050 2513 discere,
2135 2448 2270 2512 Deo,
2294 2455 2359 2502 ut
2389 2449 2482 2518 qui
2515 2447 2696 2518 diligit
2720 2449 2920 2515 Deum,
2952 2447 3152 2517 diligat
3179 2451 3239 2502 et
3267 2442 3618 2519 proximum.»
3647 2445 3693 2499 εί

455 2543 580 2606 quas
607 2532 859 2590 animum
889 2541 1144 2590 nostrum
1164 2535 1236 2590 ad
1265 2531 1564 2590 invisibilia
1581 2535 1774 2603 trahit,
1791 2537 1848 2590 et
1867 2537 2052 2590 inten-
2134 2535 2277 2590 forte
2308 2536 2572 2608 quislibet
2582 2543 2798 2608 quaerat
2811 2537 2934 2607 quis
2951 2537 3342 2608 sitproxxmus,
3359 2537 3490 2589 sciat
3505 2551 3694 2588 omnem

2136 2625 2518 2684 Christianum
2567 2631 2716 2680 recte
2755 2623 3070 2696 proximum
3117 2619 3252 2691 dici,
3285 2625 3415 2696 quia
3442 2641 3616 2678 omnes
3647 2624 3695 2676 in

2134 2707 2414 2785 baptismo
2453 2715 2555 2768 filii
2603 2715 2704 2768 Del
2747 2715 3182 2780 sanctiﬁcatum,
3216 2719 3283 2770 ut
3305 2705 3502 2768 fratres
3527 2713 3691 2771 simus.

2137 2798 2468 2874 spiritaliter
2495 2804 2554 2858 in
2583 2803 2856 2858 charitate
2886 2804 3148 2874 perfecta.
3177 2803 3433 2858 Nobilior
3455 2807 3533 2856 est
3557 2810 3695 2873 gene-

2132 2893 2276 2948 ratio
2308 2893 2577 2964 spiritalis
2605 2905 2776 2964 quam
2803 2893 3064 2946 carnalis.
3096 2893 3178 2947 De
3209 2906 3320 2964 qua
3349 2893 3405 2946 in
3435 2890 3694 2960 Evangelia

456 2713 869 2783 quodammodo
897 2713 1132 2767 nexibus
1179 2712 1568 2768 insolubilibus
1597 2713 1754 2784 ligat,
1787 2725 1911 2785 quae
1941 2724 2054 2768 non

451 2800 680 2874 decipit,
728 2801 827 2856 sed
865 2817 926 2856 se
968 2801 1210 2856 ﬁdeliter
1250 2797 1619 2874 obsequentes
1669 2804 1740 2857 ad
1787 2808 2055 2858 aeternam

453 2888 862 2946 beatitudinem
883 2889 1156 2963 perducit.
1171 2891 1350 2946 Nemo
1363 2891 1555 2962 igitur,
1571 2892 1824 2964 quamvis
1838 2885 2051 2962 ingenti

453 2983 811 3050 peccatorum
837 2979 1084 3050 pondere
1113 2983 1421 3051 prematur,
1456 2981 1525 3035 de
1554 2979 1805 3035 bonitate
1852 2977 2050 3036 divina:
2133 2981 2256 3053 ipsa
2284 2981 2504 3036 Veritas
2525 2982 2640 3036 ait:
2670 2999 2694 3032 α
2719 2982 2839 3036 Nisi
2877 2981 3004 3052 quis
3030 2987 3265 3036 renatus
3293 2975 3462 3036 luerit
3487 2995 3547 3034 ex
3572 2991 3693 3050 aqua

453 3067 682 3140 pietatis
707 3066 1007 3140 desperare
1029 3067 1212 3135 debet,
1231 3069 1327 3123 sed
1359 3083 1516 3140 spem
1549 3074 1701 3124 certe
1733 3069 2050 3124 misericor-
2078 3131 2112 3142 _
2135 3076 2193 3124 et
2211 3067 2424 3142 Spiritu
2453 3075 2664 3137 sancto,
2697 3083 2810 3125 non
2839 3073 3026 3142 potest
3043 3071 3284 3125 introire
3301 3071 3358 3124 in
3378 3079 3597 3140 regnum
3611 3069 3693 3122 Dei

453 3131 560 3211 diae
613 3155 766 3212 illius
794 3131 1174 3228 indulgentiae
1202 3131 1336 3211 sibi
1387 3131 1730 3228 quotidianis
1761 3159 2050 3230 deprecari
2071 3131 2115 3195 ο
2139 3131 2318 3225 (ἆοιίη.
2344 3177 2416 3226 m,
2448 3159 2521 3228 5).
2560 3177 2584 3212 »
2609 3131 2716 3224 Qui
2758 3131 2946 3214 autem
2985 3160 3178 3214 taliter
3209 3131 3520 3231 proximum
3561 3157 3696 3211 intel-

453 3243 720 3318 lacrymis
746 3255 916 3316 quam
943 3247 1094 3300 recte
1113 3252 1340 3317 operare
1371 3251 1622 3318 possunt,
1657 3247 1704 3301 si
1733 3243 1803 3302 ab
1831 3248 2050 3303 actione
2133 3248 2312 3318 ligens
2351 3243 2554 3319 diligit,
2599 3249 2720 3302 sine
2759 3247 2928 3303 dubio
2962 3245 3299 3304 churitatem
3337 3259 3520 3303 veram
3545 3248 3598 3301 in
3623 3259 3696 3299 se-

453 3333 611 3408 pravi
634 3332 819 3407 operis
846 3333 1161 3389 cessabunt.
1194 3334 1327 3390 Ideo
1372 3347 1485 3389 non
1522 3341 1749 3408 pr0pter
1777 3349 1931 3407 spem
1955 3352 2051 3391 ve-
2132 3336 2372 3410 metipso
2407 3337 2639 3392 tenebit.
2673 3338 2847 3408 Cujus
2891 3337 3115 3392 evidens
3163 3331 3436 3392 indicium
3487 3341 3538 3391 et
3587 3333 3697 3388 emi-

453 3421 564 3480 uiae
608 3426 1033 3496 perseveranter
1077 3427 1307 3497 peccare
1359 3423 1646 3491 debemus,
1687 3437 1870 3497 neque
1919 3427 2050 3498 quia
2132 3437 2274 3481 nens
2302 3427 2479 3481 virtus
2517 3443 2648 3481 vera
2673 3441 2780 3499 pax
2807 3431 2910 3480 est.
2957 3428 3066 3480 Per
3098 3439 3271 3498 quam
3309 3427 3410 3481 filii
3447 3425 3540 3481 Dei
3586 3438 3699 3496 prae-

452 3509 604 3568 Deus
627 3511 782 3584 iuste
808 3515 1038 3584 peccata
1063 3513 1246 3584 punit,
1277 3513 1497 3567 veniam
1538 3513 1838 3584 desperare
1882 3514 2050 3569 debe-
2129 3515 2292 3586 cipue
2320 3515 2746 3586 dignoscuntur,
2781 3517 2912 3587 quia
2933 3524 3212 3586 nusquam
3244 3517 3484 3588 perfecte“
3504 3528 3600 3586 pax
3623 3506 3701 3566 hs-

453 3610 600 3667 mus,
631 3599 729 3656 sed
757 3605 999 3672 utroque
1025 3601 1274 3673 periculo
1303 3601 1507 3656 evitato
1545 3606 1602 3656 et
1629 3603 1778 3656 mala
1805 3603 2050 3658 deoiine—
2129 3604 2250 3660 beri
2280 3609 2480 3676 potest,
2516 3605 2623 3659 nisi
2653 3605 2747 3659 ubi
2797 3605 3042 3660 charitas
3071 3607 3194 3676 ejus
3227 3606 3522 3678 operatrix,
3549 3603 3702 3658 adest.

454 3699 601 3757 mus,
633 3695 690 3746 et
713 3691 782 3745 de
811 3689 1022 3762 pietate
1053 3689 1154 3746 Dei
1193 3690 1412 3744 veniam
1443 3701 1750 3762 sperenms.
1786 3691 2054 3747 Similiter
2136 3695 2254 3748 Hoc
2285 3695 2436 3748 enim
2467 3698 2588 3748 tota
2617 3695 2792 3749 series
2823 3695 3240 3766 Scripturarum
3273 3705 3555 3750 sacrarum
3570 3690 3703 3746 nobis

455 3783 514 3835 et
539 3780 599 3834 in
626 3781 779 3835 omni
798 3778 1229 3834 tribulationum
1240 3779 1502 3850 angustia
1523 3793 1621 3852 spe
1649 3781 1719 3836 ad
1745 3781 1945 3836 solatia
1965 3797 2055 3838 su-
2137 3784 2400 3839 ostendit.

455 3883 642 3940 perna!
654 3868 880 3940 pietatis
907 3869 1246 3924 currendum
1258 3875 1362 3935 est,
1383 3869 1516 3941 quia
1529 3869 1588 3924 in
1617 3869 1712 3924 illo
1734 3871 1852 3924 solo
1873 3870 2054 3924 omnis
2637 3873 2710 3926 De
2733 3885 2868 3942 pace
2898 3875 2947 3927 et
2973 3876 3208 3928 unitate.

454 3973 582 4028 spes
611 3963 670 4012 et
697 3958 850 4012 salus
875 3958 998 4012 sine
1021 3955 1190 4012 dubio
1210 3958 1482 4023 consistit,
1499 3957 1719 4012 dicente
1739 3959 2048 4030 Propheta:
2211 3962 2354 4015 Nam
2385 3961 2622 4032 legimus
2661 3962 2720 4016 in
2747 3961 3045 4033 Evangelio
3074 3963 3222 4033 quod
3254 3962 3508 4018 Salvator
3533 3965 3586 4014 et
3610 3955 3703 4015 Do.

461 4061 487 4097 ι
523 4043 588 4100 In
615 4045 732 4100 Deo
762 4045 1009 4100 salutare
1039 4057 1250 4112 meum,
1283 4053 1339 4101 et
1379 4047 1561 4117 gloria
1597 4059 1742 4102 mea.
1775 4048 1926 4103 Deus
1951 4065 2052 4102 au-
2137 4050 2324 4105 minus
2352 4055 2544 4104 noster
2569 4063 2698 4104 cum
2723 4052 3200 4122 appropinquaret
3218 4052 3484 4123 passioni,
3503 4055 3557 4105 et
3575 4053 3704 4103 tran-

452 4131 569 4189 xiiii
594 4131 726 4201 mei,
757 4137 814 4188 et
842 4148 968 4204 spes
989 4148 1117 4189 mea
1139 4135 1200 4188 in
1227 4131 1344 4190 Deo
1365 4139 1452 4190 est
1473 4138 1636 4202 (Psal.
1661 4137 1862 4203 xL1,8).
1881 4139 2055 4192 sCum
2137 4139 2308 4193 situm
2335 4152 2500 4194 suum
2548 4140 2616 4193 de
2669 4141 2773 4194 hoc
2829 4141 3039 4194 mundo
3081 4141 3152 4194 ad
3199 4145 3423 4213 patrem
3448 4136 3704 4210 discipulis

453 4219 606 4276 enim
633 4219 802 4277 iidem
833 4225 1064 4287 rectam;
1098 4227 1155 4278 et
1194 4237 1351 4294 spem
1397 4225 1622 4279 firmam
1648 4227 2052 4296 persuademus
2133 4227 2464 4294 insinuaret,
2489 4229 2638 4282 inter
2665 4229 2778 4283 alia
2805 4229 2974 4283 verba
2995 4244 3116 4300 quae
3147 4229 3218 4284 ob
3256 4231 3344 4284 sui
3391 4241 3702 4284 commemo-

454 4307 678 4377 llabere,
712 4311 817 4366 hoc
845 4311 1084 4366 maxime
1111 4312 1408 4366 hortamur
1425 4318 1490 4367 ut
1515 4313 1848 4369 charitatem
1878 4316 1935 4369 in
1955 4327 2052 4370 no-
2133 4317 2410 4371 rationem
2431 4317 2648 4372 dilectis
2669 4317 2965 4372 comitibus
2985 4319 3102 4372 suis
3125 4318 3481 4389 impenderat
3492 4316 3702 4371 maxime

447 4396 536 4454 bis
561 4397 790 4466 habere,
823 4404 881 4455 et
909 4413 1076 4472 Opere
1105 4401 1401 4456 ostendere
1449 4414 1550 4473 per
1590 4404 1780 4457 omnia
1824 4410 2111 4477 sataga--n
2131 4405 2285 4476 pacis
2309 4404 2538 4470 bonum,
2562 4410 2620 4458 et
2639 4407 2800 4476 quasi
2827 4407 3067 4477 speciale
3105 4419 3315 4460 munus
3356 4405 3576 4460 unitatis
3611 4401 3702 4456 illis

451 4496 600 4544 mus.
613 4487 724 4544 Per
747 4490 929 4561 ipsam
945 4453 1095 4544 enim
1124 4493 1182 4544 et
1207 4489 1266 4544 in
1285 4490 1408 4562 ipsa
1434 4453 1838 4546 beatitudinem
1857 4453 2049 4547 verctim
2066 4453 2112 4512 Β
2131 4453 2551 4548 gommendaret
2568 4453 2758 4548 dic‘ens
2776 4511 2826 4548 τα
2855 4453 3052 4550 i’acem
3074 4507 3259 4550 meum
3273 4495 3699 4564 dovobis,pacem

453 4575 745 4632 habituros
776 4589 882 4633 nos
913 4592 1035 4632 esse
1062 4579 1322 4638 sciamus.
1343 4580 1476 4652 quia
1504 4580 1626 4636 sine
1655 4582 1759 4635 hac
1781 4597 1947 4636 nemo
1967 4583 2049 4636 vi-
2131 4597 2315 4637 meam
2348 4583 2604 4654 relinquo
2633 4583 2788 4637 vobis
2818 4585 3124 4651 (Joan.xw,
3145 4584 3260 4654 27).
3283 4605 3310 4636 a
3329 4587 3407 4638 Ac
3427 4584 3471 4637 si
3497 4583 3696 4636 diceret.

450 4660 606 4720 dabit
641 4665 840 4721 Deum.
873 4665 1006 4721 Haec
1031 4672 1221 4722 autem
1251 4669 1378 4724 ideo
1407 4671 1592 4741 major
1618 4671 1727 4725 fide
1769 4675 1828 4724 et
1855 4683 1954 4742 spe
1981 4670 2050 4726 ab
2133 4671 2192 4724 in
2210 4685 2347 4742 paco
2372 4671 2680 4739 vosdimisi,
2709 4673 2767 4728 in
2788 4686 2922 4744 pace
2934 4686 3029 4728 vos
3049 4674 3352 4728 inveniam.
3369 4670 3700 4727 Proﬂuiseens

3895 1599 3897 1620 l

3895 1671 3897 1708 i

451 4751 722 4826 Apostolo
745 4769 866 4810 esse
897 4763 1162 4812 narratur
1195 4777 1205 4811 :
1240 4759 1376 4828 quia
1418 4758 1633 4814 caeteris
1661 4757 2051 4814 recedentibus

447 4839 572 4916 ipsa
596 4841 716 4897 sola
743 4843 1074 4912 remanebit,
1103 4846 1234 4900 fidei
1253 4847 1400 4900 enim
1427 4848 1676 4902 succedit
1701 4849 2050 4920 spes,etspei

447 4926 758 4999 beatitudo,
803 4933 1064 4988 charitati
1111 4939 1298 4989 autem
1343 4949 1457 4990 non
1502 4937 1919 5002 transmutatio,
1951 4938 2050 4991 sed

447 5019 569 5075 sola
595 5025 774 5076 uetat
801 5021 1086 5093 permotio.
1107 5024 1238 5078 Haec
1256 5025 1508 5080 omnium
1529 5037 1620 5080 ars
1639 5029 1727 5080 est
1753 5025 2043 5093 virtutum,

445 5107 568 5164 haec
591 5109 887 5182 promissio
911 5112 1088 5182 regni,
1122 5113 1238 5166 haec
1265 5114 1558 5184 praemium
1603 5125 1887 5170 summum
1915 5129 2046 5169 san-

445 5198 662 5254 ctorum
688 5206 780 5255 est
825 5195 885 5254 in
933 5201 1090 5266 coelo,
1129 5201 1261 5273 quia
1288 5202 1347 5256 in
1393 5205 1626 5274 perenni
1653 5203 1861 5274 gaudio
1905 5201 2046 5258 nihil

441 5287 680 5356 gratius,
711 5287 852 5344 nihii
885 5289 1104 5344 dulcius
1142 5289 1350 5346 habent
1373 5293 1550 5346 sancti
1581 5292 1826 5364 perfecto
1855 5305 2046 5347 amore

442 5369 546 5429 Dei
579 5394 590 5427 :
621 5387 790 5446 quem
820 5377 916 5449 qui
947 5384 1284 5449 presentem
1309 5381 1501 5436 vident
1525 5382 1754 5436 suavius
1782 5375 2042 5451 diligunt,

442 5466 500 5515 et
525 5458 746 5517 dulcius
764 5465 1034 5522 fruamur
1059 5468 1180 5540 ipso
1209 5469 1374 5523 bono.

1049 5553 1120 5610 De
1150 5559 1438 5612 maritale.

515 5637 752 5708 Oportet
769 5651 872 5694 nos
890 5643 1032 5696 seire
1053 5645 1187 5714 qm'a
1209 5646 1266 5698 in
1289 5646 1552 5703 omnibus
1569 5649 1816 5703 castitas
1826 5646 2044 5702 obtinet

2132 4761 2310 4815 Voluit
2337 4761 2492 4826 dare,
2526 4774 2649 4832 quae
2684 4757 3058 4830 desiderabat,
3085 4763 3312 4817 rediens
3369 4762 3426 4816 in
3471 4756 3700 4814 omnibUS

2132 4850 2400 4904 invenire.
2435 4851 2594 4905 Hanc
2619 4851 2736 4905 suis
2764 4851 3148 4906 hzereditatem
3189 4852 3348 4905 dedit
3371 4851 3515 4904 dona
3537 4843 3696 4901 omnia

2131 4953 2246 4994 sum
2268 4939 2690 5011 pollicitationis
2718 4945 2775 4994 et
2802 4941 3032 5011 praemia
3056 4937 3114 4994 in
3143 4941 3295 5012 pacis
3311 4935 3698 4994 conversatione

2131 5028 2391 5098 promisit
2412 5047 2422 5081 :
2452 5034 2622 5099 atqiie
2643 5029 2770 5083 ideo
2779 5029 2827 5083 si
2847 5025 3098 5084 haeredes
3107 5030 3316 5084 Christi
3334 5041 3456 5082 esse
3469 5027 3696 5080 volumus

2129 5117 2190 5170 in
2211 5118 2334 5186 ejus
2353 5131 2488 5188 pace
2509 5133 2736 5172 manere
2759 5119 3048 5174 debemus.
3063 5115 3264 5172 Pacem
3295 5117 3456 5172 nobis
3470 5113 3696 5170 Christus

2126 5205 2300 5272 dedit,
2327 5207 2628 5261 concordes
2654 5213 2822 5278 atque
2852 5207 3147 5262 unanimes
3167 5221 3288 5261 esse
3315 5203 3604 5278 praecepit:
3623 5199 3694 5254 di-

2128 5293 2382 5348 lectionis
2410 5300 2470 5349 et
2513 5295 2803 5349 charitatis
2832 5295 3042 5349 findere
3070 5295 3392 5366 incompta
3435 5297 3593 5363 atque
3620 5289 3693 5342 in-

2127 5382 2333 5438 violata
2345 5383 2632 5437 mandavit
2656 5401 2667 5436 :
2693 5385 2854 5454 cujus
2875 5385 3030 5455 pacis
3048 5389 3380 5439 ornamenta
3391 5379 3692 5436 mirabiliter

2127 5471 2239 5526 alio
2271 5472 2392 5526 loco
2421 5472 2667 5526 ostendit
2685 5473 2875 5527 dicens
2909 5491 2921 5526 :
2963 5497 2981 5522 υ
3015 5474 3172 5528 Beati
3201 5467 3688 5544 paciﬁci,quonism

2125 5560 2226 5613 ﬁlii
2252 5561 2352 5614 Dei
2379 5561 2725 5618 vocabuntur
2755 5562 2970 5630 (Matth.
2995 5575 3048 5628 v,
3073 5561 3182 5625 9,.»
3217 5562 3300 5616 En
3325 5561 3471 5614 filius
3498 5553 3590 5613 Del
3615 5555 3688 5607 in-

2123 5646 2261 5721 cipit
2287 5650 2468 5704 vocari
2495 5650 2590 5720 qui
2623 5650 2890 5720 paciﬁcus
2913 5659 3034 5706 esse
3076 5653 3198 5721 jam
3231 5651 3420 5720 coepit,
3459 5657 3562 5700 non
3586 5640 3686 5694 vult
