3982 6158
281 305 409 373 ηὸῖ

1110 311 1202 376 DE
1240 313 1792 380 ECCLESIASTICA
1829 315 2259 382 DlBCIPLINA.
2294 358 2357 368 —
2399 319 2534 384 LIB.
2578 321 2675 384 ill.

3397 321 3536 388 1238

279 435 414 497 illius
438 435 548 527 dici
575 439 673 515 qui
702 451 896 517 pacem
945 439 1191 502 noluerit
1218 441 1500 519 amplecti,
1539 448 1710 520 negat
1751 441 1857 506 sibi
1875 453 1920 513 Α
1942 443 2098 507 cibus
2126 443 2382 524 precibus
2404 447 2658 518 orabant,
2684 442 2808 507 ideo
2829 461 2958 506 cum
2988 452 3191 509 iiducia
3234 452 3538 527 impetrare

277 535 484 603 patrem
502 526 700 600 Deum,
721 528 817 606 qui
827 533 1091 608 paciiicus
1103 547 1225 591 esse
1245 531 1571 592 contemnit.
1592 533 1858 594 Pacilicos

279 627 400 692 ergo
430 622 652 692 oportet
675 631 797 678 esse
840 617 942 679 Dei
972 619 1135 692 liiios,
1173 618 1340 680 corde
1385 627 1570 693 mites,
1603 637 1858 684 sermone

276 706 565 780 simplices,
598 707 887 767 affectione
917 709 1218 769 concordes
1247 707 1506 780 ﬁdeliter,
1530 710 1636 770 sibi
1664 713 1860 771 unani~

275 793 479 853 mitatis
505 791 740 856 nexibus
766 797 1130 858 cohaerentes.
1159 797 1264 858 Sed
1287 796 1404 858 haec
1416 813 1519 876 pax
1550 813 1676 859 cum
1700 798 1860 860 bonis

273 889 324 941 et
348 883 446 941 Dei
471 889 748 960 praecepta
773 885 1124 946 servantibus
1163 886 1528 947 custodienda
1557 893 1642 948 est
1683 905 1694 946 ξ
1747 901 1858 949 non

272 985 385 1029 cum
417 973 646 1048 iniquiis
677 983 733 1032 et
752 975 1056 1045 sceleratis,
1078 975 1172 1052 qui
1195 991 1387 1052 pacem
1411 975 1558 1036 inter
1570 993 1628 1035 se
1651 975 1862 1038 habent

271 1063 319 1118 in
352 1063 595 1134 peccatis
641 1062 776 1122 suis.
825 1063 937 1122 Pax
991 1064 1200 1124 Christi
1247 1066 1318 1124 ad
1369 1065 1608 1124 salutem
1641 1069 1860 1141 proﬁcit

269 1151 680 1225 sempiternam,
709 1166 814 1228 pax
839 1165 968 1212 cum
995 1153 1175 1222 bonis,
1211 1155 1268 1212 et
1297 1154 1504 1213 bellum
1533 1169 1661 1213 cum
1710 1156 1858 1214 vitiis

267 1251 481 1314 semper
527 1241 845 1299 habendum
895 1253 998 1300 est.
1050 1241 1198 1301 Maia
1243 1241 1521 1318 siquidem
1563 1243 1856 1303 hominum

266 1330 562 1402 impiorum
593 1330 718 1388 odio
770 1330 1030 1389 habenda
1077 1333 1229 1401 sunt,
1277 1343 1408 1391 nam
1458 1331 1712 1391 homines
1748 1331 1855 1409 ipsi

265 1422 513 1492 quamvis
540 1419 675 1476 mali
714 1419 830 1478 sint
857 1419 1086 1478 amandi
1115 1423 1268 1490 sunt,
1303 1425 1437 1496 quia
1465 1425 1727 1480 creatura
1754 1421 1855 1481 Dei

264 1509 409 1564 sunt.
443 1507 555 1564 Pax
582 1521 713 1566 vero
724 1519 848 1584 quae
864 1508 921 1566 in
939 1506 1102 1567 bonis
1128 1514 1213 1568 est
1233 1508 1588 1569 concordiam
1616 1509 1854 1570 fratrum

265 1597 318 1652 et
341 1591 674 1654 charltatam
703 1595 931 1672 copulat
972 1603 1374 1672 proximorum.
1428 1599 1540 1658 Pax
1584 1595 1854 1675 Spiritum

261 1682 355 1742 Dei
385 1683 706 1760 specialiter
737 1693 1111 1760 promeretur.
1157 1693 1272 1746 Pax
1314 1685 1628 1748 dilectionis
1675 1693 1858 1747 mater

1941 539 2200 612 poterant
2220 536 2590 614 Quodcunque
2617 535 2686 595 de
2716 539 2816 596 Dei
2853 537 3238 598 misericordia
3287 535 3540 616 postula—

1940 621 2094 684 bant.
2130 627 2194 685 In
2223 621 2383 684 nobis
2413 641 2542 684 vero
2587 627 2667 684 sic
2715 623 3060 685 unanimitas
3113 629 3391 686 diminuta
3433 629 3534 687 est.

1940 715 2005 771 ut
2033 711 2334 789 etiurgitas
2364 713 2703 790 operationis
2748 711 2985 773 infracta
3017 714 3108 774 sit.
3163 715 3369 775 Domos
3407 719 3541 775 tunc

1942 806 1998 860 et
2026 805 2226 861 fundos
2244 799 2723 871 venundaiiant,et
2749 801 2816 861 ad
2849 801 3147 862 thesauros
3179 801 3281 863 sibi
3314 806 3374 864 in
3402 805 3539 865 coelo

1931 897 2290 966 ,reponcndos
2319 889 2706 951 distribuenda
2727 889 2785 950 in
2804 905 2940 950 usus
2961 893 3333 968 indigentium
3359 891 3541 970 pretia

1941 977 2206 1056 apestolis
2251 977 2558 1040 oﬂ’erebant
2589 995 2600 1038 :
2635 991 2694 1040 at
2723 993 2870 1040 nunc
2928 981 2997 1039 de
3044 979 3383 1058 patrimonio
3439 1005 3539 1042 nec

1941 1067 2187 1127 decimas
2227 1067 2454 1130 damus:
2489 1080 2547 1128 et
2574 1083 2700 1128 cum
2726 1073 2963 1129 Vendere
3015 1067 3214 1146 jubeat
3241 1069 3532 1140 DOminuS,

1941 1163 2182 1218 emimus
2209 1157 2394 1234 potius
2419 1167 2474 1216 et
2503 1173 2795 1233 augemus.
2827 1157 2984 1218 Sicut
3006 1164 3063 1218 in
3093 1159 3252 1219 nobis
3270 1157 3544 1225 emarcuit

1939 1245 2096 1320 Vigor
2117 1243 2266 1316 ildei,
2317 1251 2396 1305 sic
2435 1245 2782 1320 credentium
2831 1247 3004 1307 i‘ob'ur
3031 1247 3302 1324 elanguit.
3337 1247 3406 1309 Et
3452 1247 3540 1308 id-

1937 1333 2082 1394 circo
2111 1333 2385 1395 Dominus
2408 1341 2663 1412 tempora
2693 1345 2886 1396 nostra
2913 1335 3214 1413 respiciens
3250 1331 3308 1397 in
3365 1335 3540 1398 Evan-

1935 1421 2082 1500 gelio
2113 1437 2216 1484 suo
2245 1422 2434 1484 dicens
2464 1425 2544 1484 ait
2577 1441 2588 1482 :
2629 1449 2650 1479 ι
2675 1423 2850 1483 Filius
2877 1423 3120 1485 hominis
3167 1439 3292 1486 cum
3324 1427 3542 1486 venerit

1936 1523 2102 1590 putas
2147 1511 2394 1574 inveniet
2442 1511 2608 1572 iidem
2649 1513 2705 1572 in
2753 1519 2947 1572 terra?
2992 1515 3143 1587 (Luc.
3207 1535 3355 1584 xvm,
3405 1519 3482 1589 8.)
3513 1541 3534 1572 ι

1937 1600 2206 1662 Videmus
2235 1599 2359 1662 ileri
2403 1608 2550 1678 quod
2597 1599 2689 1660 ille
2719 1599 2974 1678 praedixit
3007 1627 3016 1661 :
3051 1600 3111 1662 in
3170 1604 3270 1663 Dei
3313 1602 3536 1672 timore,

1937 1691 1997 1751 in
2029 1690 2150 1766 iege
2176 1687 2428 1766 iustitiae,
2464 1689 2521 1750 in
2551 1691 2868 1756 dilectione,
2897 1689 2953 1751 in
3002 1710 3188 1768 opere,
3221 1693 3358 1752 ildes
3387 1689 3541 1752 nulla

263 1782 358 1831 est.
393 1773 508 1832 Pax
535 1773 807 1833 indicium
834 1777 1150 1834 sanctitatis
1181 1795 1193 1834 :
1228 1775 1298 1836 de
1328 1789 1441 1852 qua
1468 1775 1741 1836 Dominus
1758 1773 1920 1854 piarB
1942 1785 2045 1839 est.
2081 1781 2258 1839 Nemo
2283 1779 2601 1839 futurorum
2633 1790 2784 1839 metu
2829 1783 3038 1856 cogitat
3091 1779 3240 1840 diem
3291 1783 3536 1852 Domini,

262 1860 593 1937 Prophetam
620 1862 732 1922 ait:
767 1881 788 1920 ι
818 1863 1020 1923 Pacem
1037 1869 1096 1924 rt
1113 1864 1405 1924 veritatem
1429 1864 1662 1939 diligite.
1694 1887 1716 1921 ι
1743 1865 1856 1924 Pax
1938 1879 1993 1928 et
2022 1867 2161 1928 iram
2191 1867 2311 1938 Dei,
2345 1879 2400 1926 et
2429 1867 2730 1928 incredulis
2769 1880 3006 1928 ventura
3033 1870 3306 1946 supplicia
3335 1875 3390 1928 et
3420 1882 3536 1929 sta-

261 1951 434 2025 plebis
462 1955 693 2018 sanitas,
725 1953 907 2028 gloria
936 1953 1264 2023 sacerdotis,
1299 1963 1356 2012 et
1395 1954 1588 2030 patrize
1636 1951 1848 2026 laetitia,
1937 1961 2062 2012 tuta
2086 1953 2314 2030 pcriidis
2333 1959 2544 2013 {eterna
2571 1961 2856 2013 tormenta
2875 1969 3042 2014 nemo
3071 1951 3538 2030 considerat,quac

256 2044 308 2096 et
335 2050 521 2098 terror
547 2045 794 2100 hostium
823 2043 936 2100 sive
967 2039 1268 2102 visibilium
1289 2047 1404 2101 sive
1435 2041 1799 2101 invisibilium
1837 2067 1847 2100 :
1937 2049 2215 2102 metueret
2259 2040 2600 2102 conscientia
2637 2054 2829 2101 nostra
2857 2039 2904 2102 si
2933 2041 3187 2102 crederet
3217 2062 3230 2101 ε
3267 2043 3397 2118 quia
3428 2057 3540 2102 non

259 2129 514 2188 omnibus
535 2129 746 2189 viribus
775 2145 881 2206 pax
909 2137 995 2190 est
1023 2130 1406 2200 custodienda,
1459 2145 1585 2207 qua:
1632 2145 1854 2206 semper
1934 2128 2112 2190 credit
2142 2137 2370 2190 omnino
2400 2143 2499 2190 nec
2556 2131 2778 2190 metuit.
2828 2130 2889 2190 Si
2932 2141 3122 2191 autem
3179 2127 3450 2197 crederet.
3483 2144 3540 2191 et

257 2219 308 2277 in
357 2217 477 2278 Deo
525 2225 733 2291 manet,
793 2225 850 2278 et
907 2235 1030 2296 quae
1077 2217 1136 2279 in
1191 2234 1325 2296 pace
1391 2225 1586 2279 sancta
1639 2222 1846 2290 manet,

255 2321 373 2366 cum
402 2314 614 2367 sanctis
665 2309 764 2368 Dei
806 2309 1133 2368 societatem
1173 2309 1360 2368 habet.
1399 2309 1718 2370 Sacerdotis
1765 2321 1851 2369 est

255 2397 307 2456 in
347 2411 487 2474 pace
534 2397 801 2474 pupulum
857 2398 1160 2458 admonere
1219 2398 1352 2474 quid
1411 2398 1614 2458 debeat
1658 2413 1844 2474 agere,

254 2485 441 2562 populi
470 2491 558 2545 est
596 2485 654 2545 in
702 2487 1020 2546 humilitate
1050 2493 1245 2546 audire
1274 2503 1396 2562 quze
1427 2495 1617 2546 monet
1669 2501 1850 2546 sacer-

252 2574 348 2634 dos
379 2593 390 2634 ε
428 2575 702 2652 quidquid
733 2589 846 2635 non
877 2577 1007 2635 licet
1037 2574 1278 2652 pastoris
1307 2579 1394 2634 est
1434 2573 1728 2651 prohibere
1780 2591 1850 2635 ne

256 2666 366 2736 list,
417 2665 596 2740 plebis
645 2677 730 2723 est
774 2664 969 2724 audire
1017 2677 1087 2724 ne
1129 2664 1298 2724 faciat
1347 2685 1359 2723 :
1402 2671 1571 2740 atque
1615 2664 1850 2724 unitatis

256 2753 538 2812 vinculum
584 2767 780 2813 omnes
829 2754 1036 2812 debent
1075 2752 1242 2812 simul
1291 2753 1504 2829 praelati
1545 2756 1602 2813 et
1638 2752 1848 2813 subditi

252 2843 307 2902 in
336 2841 449 2900 ilde
479 2853 536 2902 et
571 2841 867 2904 dilectione
906 2855 1006 2919 per
1034 2843 1228 2902 omnia
1263 2855 1506 2915 servare,
1554 2847 1688 2918 quia
1725 2841 1847 2902 sine

253 2943 384 3007 pace
435 2941 550 2990 non
591 2929 899 3008 suscipitur
941 2931 1250 2992 sacerdotis
1293 2932 1492 3002 oratio,
1523 2945 1626 2991 nec
1671 2930 1848 3008 plebis

1933 2223 2154 2278 caveret
2185 2241 2195 2277 :
2232 2223 2278 2278 si
2314 2229 2550 2289 caveret,
2605 2219 2882 2278 evaderet.
2915 2221 3154 2296 Oportet
3176 2236 3308 2295 ergo
3359 2227 3422 2279 ut
3450 2233 3540 2279 ex-

1931 2309 2166 2368 citemus
2211 2325 2314 2368 nos
2347 2315 2620 2384 quantum
2667 2321 2983 2386 possumus,
3017 2312 3074 2368 et
3105 2323 3300 2368 somno
3321 2309 3537 2368 inertiae

1931 2401 2134 2455 \‘etet‘is
2164 2396 2400 2474 abrupto
2424 2397 2494 2455 ad
2543 2393 2889 2456 observanda
2931 2403 2988 2455 et
3031 2394 3279 2473 gerenda
3316 2393 3536 2456 Domini

1931 2497 2206 2562 praecepta
2251 2482 2584 2560 vigilemus:
2625 2485 2805 2545 simus
2834 2484 2976 2544 tales
3015 2487 3209 2562 quales
3242 2500 3363 2545 esse
3418 2485 3537 2562 ipse

1931 2573 2091 2633 nobis
2133 2573 2384 2650 praecipit
2421 2578 2612 2633 dicens
2645 2591 2656 2631 :
2691 2569 2821 2634 Sint
2847 2576 3023 2634 lumbi
3053 2575 3223 2634 vestri
3253 2571 3532 2650 pmcincti

1931 2673 1990 2722 et
2018 2663 2258 2724 lucernae
2289 2661 2570 2732 ardentes,
2597 2671 2653 2721 et
2681 2677 2777 2722 vos
2811 2662 3026 2722 similes
3069 2659 3391 2723 hominibus
3435 2673 3532 2722 ex-

1931 2751 2312 2828 spectantibus
2329 2751 2621 2812 dominum
2637 2765 2802 2812 suum
2820 2751 3042 2828 quando
3059 2757 3244 2812 veniat
3255 2747 3530 2828 enuptiis.

1931 2845 1996 2900 ut
2021 2855 2148 2900 cum
2203 2839 2420 2901 venerit
2447 2851 2503 2900 et
2527 2840 2834 2917 pulsaverit
2860 2839 3119 2917 aperiant
3143 2839 3194 2900 ei
3256 2841 3402 2913 (Luc.
3434 2853 3530 2911 xu,

1931 2929 2040 3003 35).
2070 2950 2092 2986 ι
2128 2929 2197 2989 Et
2226 2947 2238 2988 ξ
2279 2951 2300 2987 ι
2335 2927 2494 2990 Beati
2515 2931 2658 2989 servi
2675 2927 2756 2989 illi
2778 2943 2917 3008 quos
2935 2927 3240 2990 adveniens
3273 2927 3534 2988 dominus

249 3019 478 3080 oblatio.
511 3019 568 3080 Si
599 3035 732 3097 ergo
764 3021 1018 3080 volumus
1045 3021 1312 3081 velociter
1339 3037 1374 3081 a
1405 3021 1520 3082 Deo
1571 3019 1843 3090 exaudiri,
1928 3018 2204 3079 invenerit
2241 3019 2533 3095 vigilantes
2563 3017 2722 3093 (Ibid.
2773 3031 2822 3078 υ.
2874 3017 2982 3091 37).
3039 3039 3061 3075 ι
3097 3015 3388 3078 Accinctos
3433 3031 3536 3078 nos

249 3113 304 3168 et
329 3113 627 3186 gratanter
643 3123 882 3171 munera
908 3119 1103 3170 nostra
1134 3107 1204 3170 ab
1243 3125 1309 3169 eo
1353 3110 1548 3186 accipi,
1578 3109 1849 3172 debemus
1873 3100 1912 3157 Ο
1934 3117 2157 3185 oportet
2183 3125 2322 3176 esse,
2357 3125 2427 3169 ne
2463 3123 2591 3168 cum
2622 3107 2987 3184 expeditionis
3028 3105 3146 3168 dies
3171 3106 3404 3178 venerit,
3435 3105 3537 3168 im-

249 3199 445 3276 utique
474 3202 532 3258 in
561 3213 696 3276 pace
721 3200 1060 3260 conservari.
1094 3206 1173 3258 De
1204 3213 1313 3274 quo
1336 3211 1438 3258 nes
1477 3200 1601 3274 ipsa
1627 3199 1850 3258 Veritas

249 3287 530 3347 instruere
559 3287 792 3364 dignata
819 3297 944 3347 est:
985 3307 1007 3346 ι
1051 3289 1109 3348 Si
1156 3289 1344 3358 ollers,
1397 3287 1600 3364 inquit,
1643 3299 1850 3346 munus

247 3379 407 3436 tuum
439 3382 572 3436 ante
599 3381 796 3447 altare,
812 3379 870 3436 et
895 3376 973 3436 ibi
999 3381 1324 3436 recordatus
1343 3375 1516 3436 literis
1531 3381 1665 3452 quia
1675 3377 1851 3437 frater

249 3477 374 3525 tuus
401 3470 580 3524 habet
607 3471 820 3540 aliquid
850 3470 1148 3524 adversum
1175 3471 1252 3535 te,
1271 3465 1525 3541 relinque
1543 3465 1621 3524 ibi
1644 3478 1849 3524 munus

245 3564 408 3612 tuum
441 3564 574 3612 ante
600 3559 777 3613 altare
821 3566 878 3612 et
914 3555 1052 3612 Vade
1089 3554 1244 3630 prius
1293 3559 1640 3613 reconciliari
1689 3559 1848 3612 fratri

241 3645 359 3713 tuo,
389 3647 455 3700 et
481 3645 617 3700 tunc
664 3643 892 3702 veniens
937 3643 1138 3702 oll‘eres
1181 3654 1387 3701 munus
1433 3647 1597 3701 tuum
1629 3641 1842 3714 (Matth.

247 3746 296 3801 v,
319 3729 439 3805 εδ).
478 3751 502 3783 ι
537 3732 683 3800 Quia
729 3743 863 3806 ergo
910 3735 1187 3790 unitatem
1233 3735 1484 3790 nostram
1531 3733 1588 3789 ut
1624 3741 1849 3789 concor-

241 3821 398 3879 diam
430 3826 583 3880 Deus
611 3821 915 3890 desiderat,
929 3822 1176 3880 ostendit
1193 3817 1313 3896 ipse
1333 3822 1588 3879 Salvator
1597 3819 1654 3878 in
1675 3819 1849 3878 Evan-

241 3911 389 3983 gelia
414 3911 491 3968 ad
509 3912 734 3968 Patrem
755 3911 832 3966 ita
853 3911 1088 3984 loquens
1113 3929 1123 3966 :
1151 3923 1179 3964 α
1198 3911 1385 3979 Pater,
1409 3907 1612 3984 inquit,
1635 3911 1848 3980 sancte,

243 4011 406 4058 serva
436 4011 535 4056 eos
565 4001 622 4056 in
651 4002 879 4056 nomine
921 4003 1019 4056 tuo
1049 4013 1190 4072 quos
1226 3997 1430 4056 dedisti
1469 3997 1608 4055 mihi
1645 4007 1712 4056 ut
1741 3999 1855 4055 sint

243 4097 424 4146 unum
456 4089 605 4145 sicut
629 4094 688 4145 et
705 4097 808 4145 nos
824 4085 1011 4162 (locu.
1037 4097 1168 4158 xvii,
1199 4089 1307 4159 ll).
1349 4105 1371 4142 ι
1407 4077 1566 4146 Unde
1604 4093 1661 4143 et
1702 4087 1853 4161 Apo-

239 4181 425 4234 stolus
448 4174 643 4234 ﬁdeles
665 4179 926 4233 hortatur
947 4174 1164 4234 dicens:
1191 4193 1214 4230 α
1235 4173 1480 4234 Obsecro
1495 4189 1610 4245 vos,
1625 4171 1844 4243 fratres,

242 4269 305 4322 ut
324 4267 578 4340 idlpsum
605 4266 838 4339 sapiatis
869 4269 926 4322 et
949 4275 1127 4324 unum
1151 4264 1352 4322 dicatis
1397 4277 1592 4322 omnes
1639 4263 1690 4339 (I
1726 4271 1847 4323 For.

241 4373 276 4411 ι.
312 4353 394 4424 x).
435 4371 463 4404 ι
499 4351 715 4411 Etitem
751 4375 762 4408 :
795 4375 816 4408 ι
853 4354 979 4411 Non
1006 4355 1097 4422 sit,
1132 4354 1335 4428 inquit,
1371 4354 1520 4410 inter
1557 4365 1654 4412 vos
1700 4354 1852 4410 zelus

1933 3197 2148 3275 peditos
2179 3206 2236 3257 et
2255 3197 2552 3275 implicitos
2585 3195 2987 3274 apprehendat.
3024 3195 3234 3258 Luceat
3268 3195 3329 3258 in
3375 3193 3536 3257 bonis

1931 3288 2194 3364 operibus
2209 3285 2550 3346 desiderium
2567 3295 2822 3346 nostrum
2844 3287 3036 3345 lumen
3062 3289 3230 3362 atque
3251 3284 3533 3362 eil‘uigeat,

1931 3387 1997 3436 ut
2021 3380 2207 3452 ipsum
2227 3377 2418 3435 lumen
2451 3391 2552 3435 nos
2581 3376 2650 3434 ad
2681 3373 2862 3434 lucem
2911 3375 3184 3434 claritatis
3215 3381 3436 3434 mternae
3465 3371 3535 3434 de

1932 3463 2036 3523 hac
2066 3463 2253 3523 saeculi
2303 3477 2463 3524 nocte
2499 3461 2785 3540 perducat,
2817 3477 2926 3538 quo
2961 3477 3087 3522 cum
3137 3461 3376 3532 Christo,
3439 3469 3532 3538 qui

1931 3563 2016 3612 est
2035 3570 2177 3612 verte
2203 3553 2355 3629 pacis
2384 3563 2594 3619 auctor,
2631 3562 2688 3610 et
2717 3567 2845 3610 cum
2873 3553 3081 3611 sanctis
3128 3551 3344 3625 angelis
3383 3553 3526 3625 ejus.

1929 3651 2141 3701 aeterna
2167 3657 2300 3718 paco
2332 3647 2389 3701 et
2415 3649 2686 3718 perpetua
2712 3639 2975 3699 felicitate
3001 3641 3272 3699 fruamur.

2381 3790 2448 3842 lle
2478 3791 2684 3842 uirtute
2711 3791 3078 3842 continentia.

2008 3908 2076 3968 Et
2105 3918 2166 3969 ut
2201 3907 2304 3968 hoc
2324 3915 2581 3986 prompte
2611 3905 2830 3967 eillcere
2872 3908 3153 3983 possimus
3193 3903 3535 3966 studendum

1936 3997 2095 4058 nobis
2151 4003 2238 4057 est
2293 4003 2357 4057 ut
2401 4011 2690 4057 sacrarum
2749 3995 3021 4056 virtutum
3067 3999 3333 4055 solatium
3377 3994 3538 4055 nobis

1935 4087 2310 4162 acquiramus.
2345 4097 2401 4146 et
2453 4089 2601 4145 viam
2643 4083 2879 4160 iustitiae
2908 4095 2965 4144 et
3012 4081 3264 4145 veritatis
3305 4098 3538 4161 pergere

1932 4189 2212 4244 curemus,
2262 4185 2541 4252 quatenus
2589 4173 2835 4234 hostium
2891 4172 3268 4250 spiritualium
3306 4171 3540 4234 insidias

1932 4271 1991 4323 et
2015 4262 2323 4323 tumultum
2359 4261 2622 4323 vitiorum
2653 4277 2754 4340 per
2799 4263 2900 4321 Dei
2928 4259 3174 4336 gratiam
3209 4261 3369 4320 illaesi
3417 4275 3540 4320 eva-

1933 4355 2148 4422 dentes,
2210 4355 2280 4412 ad
2335 4351 2617 4410 caelestem
2673 4349 3084 4410 beatitudinem
3123 4351 3534 4426 perveniamus.

238 4451 298 4500 et
320 4445 635 4511 contentio,
668 4443 850 4500 omnis
881 4443 1218 4510 amaritudo,
1239 4445 1298 4498 et
1317 4441 1420 4509 ira,
1437 4445 1494 4498 et
1513 4442 1848 4515 indignatio,
1870 4452 1916 4510 Ι)
1935 4442 2020 4500 Ad
2047 4447 2196 4518 quod
2228 4439 2628 4517 perliciendum
2671 4439 3020 4499 continentia
3045 4447 3243 4498 contra
3280 4437 3540 4514 concupi-

239 4537 300 4590 et
325 4533 566 4600 clamor,
583 4537 642 4589 et
656 4525 1008 4606 blasphemia
1029 4531 1260 4589 tollatur
1281 4545 1316 4588 a
1337 4531 1508 4600 vobis,
1544 4545 1673 4588 cum
1697 4534 1852 4587 omni

240 4621 468 4679 malitia
488 4617 699 4694 (Epiros.
716 4633 788 4689 iv,
817 4619 924 4692 Si).
955 4640 978 4677 ι
995 4621 1136 4678 item
1157 4620 1410 4678 alibiait:
1441 4641 1466 4674 (ι
1499 4619 1853 4677 Sustinentes

240 4713 490 4769 invicem
518 4710 577 4768 in
604 4711 880 4768 charitate
901 4708 1124 4767 solliciti
1154 4721 1376 4766 servare
1415 4712 1691 4766 unitatem
1737 4709 1852 4783 spi-

240 4802 391 4857 ritus
413 4802 475 4856 in
504 4801 722 4856 vinculo
752 4801 903 4872 pacis
935 4820 944 4854 :
975 4809 1152 4856 unum
1198 4810 1402 4872 corpus
1444 4801 1504 4855 et
1542 4810 1690 4855 unus
1745 4794 1855 4872 spi-

241 4893 414 4956 ritus,
448 4889 594 4944 sicut
621 4891 798 4944 vocati
827 4891 962 4944 estis
989 4888 1049 4944 in
1077 4901 1191 4945 una
1217 4903 1315 4962 spe
1337 4888 1640 4945 vocationis
1659 4895 1855 4944 vestrae

237 4980 440 5051 (lbid.,
462 4979 602 5044 v.3).
627 4993 656 5030 ι
698 4973 828 5034 Haec
855 4978 1047 5050 itaque
1073 4977 1419 5035 unanimitas
1449 4976 1553 5033 sub
1589 4974 1856 5051 apostolis

240 5068 382 5124 olim
415 5067 528 5122 iuit
556 5079 568 5121 :
601 5067 748 5122 sicut
770 5077 946 5123 novus
979 5065 1330 5124 credentium
1363 5069 1604 5138 populus
1630 5063 1853 5123 Domini

243 5151 521 5212 mandata
547 5157 888 5214 custodiens.
921 5156 1255 5214 charitatem
1284 5165 1448 5211 suam
1495 5155 1697 5222 tenuit,
1732 5169 1855 5228 pro-

245 5245 347 5300 bat
377 5246 676 5318 Scriptura
699 5258 824 5318 quas
841 5245 981 5302 dicit
1015 5263 1026 5300 :
1061 5261 1087 5300 α
1113 5244 1302 5301 Turba
1321 5249 1511 5301 autem
1533 5255 1730 5300 eorum
1757 5245 1853 5317 qui

242 5327 612 5391 mdiderant
638 5335 832 5390 anima
857 5339 920 5390 et
942 5337 1130 5390 mente
1159 5343 1274 5390 una
1300 5335 1560 5406 agebant.
1597 5350 1622 5386 ιο
1661 5332 1729 5389 Et
1754 5333 1853 5388 ite-

242 5433 380 5479 rum
417 5435 429 5476 ε
465 5435 492 5476 ι
525 5421 594 5479 Et
617 5427 783 5479 erant
812 5428 1234 5496 perseverantes
1261 5436 1456 5478 omnes
1476 5419 1772 5478 unanimes
1794 5420 1850 5476 in

243 5513 512 5568 omtlone
541 5523 667 5568 cum
698 5513 1028 5568 mulieribus
1045 5515 1105 5572 et
1117 5509 1296 5568 Maria
1314 5521 1438 5585 quae
1459 5511 1645 5567 l‘uerm
1672 5515 1855 5566 mater

246 5599 918 5674 leametiiatribasejus
936 5603 1078 5674 (Act.
1119 5615 1152 5669 ι,
1189 5598 1293 5672 ιι).
1331 5619 1356 5654 τ)
1394 5597 1463 5656 Et
1506 5598 1632 5655 ideo
1672 5593 1855 5655 enica:

1932 4531 2175 4590 scentias
2223 4531 2406 4588 carnis
2459 4535 2519 4588 et
2563 4525 2854 4587 illecebras
2891 4529 3242 4604 voluptatum
3297 4525 3539 4587 maxime

1931 4619 2094 4679 nobis
2125 4617 2441 4677 necessaria
2469 4627 2572 4677 est.
2618 4615 2779 4676 Unde
2808 4631 2909 4676 nos
2939 4615 3230 4692 Scriptura
3273 4615 3542 4676 admonet

1934 4708 2124 4767 dicens
2158 4729 2168 4765 :
2208 4730 2232 4762 ‹‹
2288 4706 2424 4765 Post
2474 4703 2952 4782 concupiscentiae
2981 4713 3110 4765 tuas
3131 4719 3245 4765 non
3267 4719 3380 4778 eas,
3415 4709 3473 4766 et
3507 4729 3542 4765 a

1934 4798 2222 4855 voluntate
2259 4799 2358 4855 tua
2397 4805 2602 4853 averte.
2638 4793 2696 4853 Si
2744 4799 2976 4869 priestas
3016 4799 3219 4854 animus
3266 4799 3379 4854 tute
3415 4809 3542 4854 con-

1935 4884 2338 4960 cupiscentiam
2393 4889 2534 4959 ejus,
2568 4881 2736 4942 faciet
2782 4891 2839 4941 te
2875 4881 2934 4940 in
2977 4881 3252 4957 gaudium
3301 4881 3542 4941 inimicis

1938 4975 2051 5033 tuis
2095 4978 2282 5038 (Ereti.
2333 4987 2481 5042 xvm,
2523 4973 2636 5044 30).
2675 4987 2700 5028 ι
2726 4971 2900 5030 Amor
2941 4971 3092 5030 enim
3139 4971 3303 5030 istius
3345 4967 3543 5030 mundi

1939 5067 2090 5140 parit
2135 5061 2487 5120 inimicitiam
2537 5059 2659 5119 Dei.
2720 5058 2878 5120 Unde
2910 5061 3180 5136 scriptum
3211 5065 3297 5118 est
3328 5079 3340 5118 :
3375 5073 3401 5118 ι
3431 5055 3541 5130 Qui

1933 5153 2054 5211 vult
2083 5167 2204 5210 esse
2246 5154 2459 5208 amicus
2512 5148 2681 5224 hujus
2710 5149 2918 5219 saeculi,
2951 5147 3211 5208 inimicus
3251 5149 3353 5208 Dei
3405 5159 3539 5207 cons

1931 5243 2191 5300 stituitur
2213 5243 2343 5303 (Jac.
2370 5253 2442 5306 iv,
2475 5239 2552 5312 4).
2608 5255 2634 5292 u
2681 5237 2800 5298 Hoc
2837 5235 2989 5297 enim
3032 5235 3318 5314 apostolus
3358 5235 3539 5297 scietis

1935 5332 2178 5388 Joannes
2200 5323 2502 5404 persuadet
2527 5325 2687 5386 nobis
2728 5331 2786 5386 et
2821 5325 2958 5385 dicit
2988 5343 3000 5384 ξ
3034 5349 3054 5382 ι
3089 5327 3276 5386 Nolite
3304 5323 3538 5407 diligere

1934 5423 2228 5485 mundum,
2263 5429 2375 5476 non
2403 5421 2492 5474 est
2517 5415 2762 5474 charitas
2793 5413 2978 5474 Patris
2993 5412 3051 5474 in
3079 5429 3164 5485 eo,
3197 5411 3332 5491 quia
3371 5427 3538 5475 omne

1933 5511 2082 5582 quod
2132 5507 2188 5564 in
2245 5505 2455 5564 mundo
2495 5511 2580 5565 est
2634 5501 3085 5580 concupiscentia
3107 5507 3292 5564 carnis
3318 5511 3422 5577 est,
3481 5511 3541 5564 et

1935 5597 2387 5672 concupiscentia
2404 5592 2715 5667 oculorum,
2745 5597 2804 5652 et
2821 5591 3088 5670 superbia
3141 5589 3268 5652 vita
3295 5591 3351 5662 (Ι
3375 5593 3536 5652 Joan.
