3982 6158
495 339 636 399 1139

1173 339 1545 396 COMMENT.
1587 341 1667 395 IN
1705 339 2020 396 CANTICA
2055 339 2220 406 ρυλε
2256 340 2352 396 AD
2391 337 2671 396 LAUDES
2709 335 3096 393 DICUNTUR.

3587 334 3695 391 mo

491 480 552 532 ιι,
584 461 670 533 15)
725 482 748 514 ο
801 463 920 518 Hoc
967 471 1025 518 et
1069 463 1421 536 coapostolus
1467 465 1591 535 ejus
1638 465 1846 520 Paulus
1900 480 2096 520 rursus
2115 464 2343 532 Acidis,
2361 464 2658 531 adulteria,
2670 459 3088 527 fornicationes,
3106 467 3202 515 iet
3220 467 3424 518 caetera.
3443 461 3569 516 Cum
3592 475 3697 531 ergo

494 557 687 606 monet
710 557 769 606 et
796 551 966 607 dicit:
1005 572 1030 604 ι
1078 552 1184 618 Qui
1231 559 1428 608 emunt
1471 553 1550 608 sic
1595 553 1709 608 sint
1763 553 1923 624 quasi
1979 570 2090 608 non
2172 553 2242 609 de
2272 554 2454 609 cordis
2485 553 2672 608 radice
2698 551 2912 606 fructus
2945 549 3059 605 sive
3089 549 3217 605 boni
3263 551 3370 606 sive
3397 549 3526 605 mali
3539 553 3701 604 exeant

493 640 864 714 possidentes,
897 647 954 697 et
973 641 1069 712 qui
1092 642 1198 696 hoc
1217 642 1426 696 mundo
1475 648 1732 706 utuntur,
1765 642 1924 714 quasi
1978 659 2090 698 non
2173 660 2397 699 necesse
2452 649 2539 698 est
2592 647 2659 696 ut
2702 641 2947 712 primum
2992 655 3088 694 cor
3160 636 3489 702 mandemus,
3534 635 3698 692 deinde

493 734 746 784 utantur.
767 731 1025 786 Pmterit
1053 731 1203 786 enim
1232 732 1414 803 ﬁgura
1441 732 1609 802 hujus
1635 731 1830 786 mundi
1862 733 1910 798 (Ι
1959 731 2083 786 Cor.
2171 738 2352 804 ipsam
2379 747 2604 788 carnem
2621 737 2873 786 nostram
2894 745 2994 800 per
3014 728 3248 800 jejunia.
3273 733 3324 782 et
3351 727 3544 797 vigilias
3576 731 3624 780 et
3637 725 3702 778 la-

494 835 584 884 vn,
617 815 728 888 30).
766 837 794 872 ν
829 819 992 875 Unde
1019 826 1076 874 et
1119 821 1239 892 ipse
1289 820 1546 875 Salvator
1569 820 1629 876 in
1673 821 1936 893 parabole
1989 838 2092 876 sua

493 907 758 976 ostendit,
782 907 931 979 quod
958 907 1163 964 divitiae
1193 915 1247 964 et
1268 909 1582 981 voluptates
1611 910 1799 967 saeculi
1823 910 2098 966 sulfocant

497 995 726 1052 verbum
763 997 881 1052 :ita
907 1003 972 1052 ut
998 1015 1110 1052 non
1155 998 1300 1053 ferat
1351 999 1616 1054 fructum.
1656 1000 1727 1054 Et
1773 998 1907 1054 alibi
1959 1015 2096 1072 prte-

500 1085 636 1157 cipit
653 1085 844 1140 dicens
876 1104 887 1139 :
923 1105 950 1139 α
975 1087 1082 1152 Qui
1111 1088 1230 1142 vult
1265 1088 1454 1142 venire
1509 1093 1638 1160 post
1689 1105 1798 1155 me,
1857 1087 2098 1159 abneget

497 1175 864 1246 semeptisum
883 1180 940 1230 et
958 1175 1120 1230 tollat
1141 1193 1364 1231 crucem
1391 1193 1573 1242 suam,
1609 1182 1665 1232 et
1685 1183 1958 1249 sequatur.
2005 1193 2096 1232 me

503 1264 717 1330 (Matth.
752 1280 843 1318 xvr
879 1263 992 1334 Ἡ).
1022 1284 1044 1316 ι
1071 1265 1141 1320 Et
1157 1264 1290 1318 item
1315 1283 1325 1318 :
1356 1286 1379 1316 σ
1411 1265 1517 1330 Qui
1539 1282 1650 1320 non
1669 1266 2095 1332 renuntiaverit,

499 1351 702 1425 inquit,
719 1353 979 1407 omnibus
1000 1371 1122 1424 quae
1152 1355 1418 1426 possidet,
1452 1371 1564 1410 non
1588 1360 1771 1426 potest
1798 1372 1957 1410 meus
1977 1372 2098 1409 esse

499 1440 806 1513 discipulus
829 1444 984 1512 (Luc.
1026 1458 1138 1510 xxv,
1170 1442 1282 1512 33).
1319 1463 1346 1496 ι
1382 1445 1510 1498 Haec
1551 1443 1724 1514 igitur
1746 1444 2100 1499 consideran-

497 1536 603 1598 tes,
629 1529 770 1586 bene
799 1532 1058 1586 convenit
1103 1538 1166 1586 ut
1206 1533 1620 1604 perpendamus
1640 1539 1914 1604 quantum
1938 1532 2098 1588 nobis

440 1687 451 1698 l
499 1620 817 1674 necessaria
843 1619 918 1674 sit
959 1621 1326 1687 continentia,
1360 1638 1462 1693 per
1487 1639 1657 1693 quam
1689 1622 1898 1677 Christi
1942 1622 2102 1676 disci-

2177 821 2368 877 borem
2395 822 2592 876 utilem
2619 819 2982 890 castigemus:
3021 834 3093 873 ne
3111 817 3290 872 carnis
3316 815 3474 871 libido
3501 821 3703 868 mentem

2179 911 2421 966 maculet
2434 909 2678 965 :difﬁcile
2697 914 2783 964 est
2795 907 2946 963 enim
2957 913 3021 962 ut
3039 907 3097 962 in
3110 905 3318 960 deliciis
3339 905 3560 960 viventes
3579 918 3705 958 mun-

2177 1001 2314 1056 dum
2342 1016 2439 1054 cor
2461 999 2729 1054 habeant.
2748 997 2905 1053 Unde
2931 996 3072 1051 dixit
3120 994 3412 1072 apostolus
3438 995 3484 1060 (1
3515 994 3621 1049 Cor.
3645 1007 3701 1046 rx.

2176 1089 2268 1158 27)
2301 1109 2314 1143 :
2352 1107 2380 1141 α
2410 1089 2638 1159 Castigo
2671 1103 2873 1159 corpus
2901 1101 3112 1150 meum,
3145 1091 3203 1138 et
3226 1081 3473 1138 servituti.
3498 1079 3706 1151 subjicio.

2180 1196 2250 1233 ne
2270 1179 2412 1232 forte
2433 1195 2559 1232 cum
2591 1177 2716 1231 aliis
2739 1176 3036 1248 praedicem
3063 1174 3182 1246 ipse
3202 1171 3460 1244 reprobus
3475 1169 3665 1225 efﬁciat.
3687 1188 3705 1220 δ

2181 1268 2251 1323 Et
2267 1268 2402 1322 item
2435 1285 2447 1320 :
2477 1287 2499 1318 ι
2521 1265 2628 1330 Qui
2657 1265 2830 1330 enim,
2855 1263 3056 1335 inquit,
3094 1268 3226 1317 sunt
3280 1260 3494 1326 Christi,
3530 1274 3710 1312 carnem

2180 1373 2341 1412 suam
2366 1356 2763 1410 crucifixerunt
2787 1371 2914 1411 cum
2934 1352 3083 1407 vitiis
3109 1358 3168 1406 et
3191 1347 3712 1422 concupiscentiis.So-

2180 1446 2300 1500 brie
2329 1445 2533 1518 quippe
2560 1450 2620 1499 et
2639 1445 2813 1515 juste,
2841 1449 2899 1497 et
2924 1443 3016 1514 pie
3068 1441 3319 1496 vivamus
3345 1439 3400 1494 in
3425 1438 3520 1492 hoc
3557 1435 3712 1491 seculo

2183 1539 2568 1605 exspectantes
2583 1531 2803 1586 beatam
2814 1547 2972 1603 spem
2988 1538 3048 1584 et
3057 1529 3128 1584 ad
3135 1534 3357 1584 ventum
3379 1526 3552 1596 gloria:
3568 1523 3713 1592 magni

2184 1622 2286 1676 Dei
2311 1628 2368 1676 et
2389 1619 2692 1675 Salvatoris
2715 1620 2894 1674 nostri
2941 1619 3074 1672 Jesu
3109 1615 3334 1679 Christi,
3377 1613 3468 1685 qui
3489 1612 3620 1666 dedit
3654 1626 3716 1663 se-

499 1708 738 1780 plinatui
791 1709 1053 1781 condigni
1082 1711 1152 1764 ad
1209 1724 1444 1781 regnum
1471 1711 1749 1782 possimus
1776 1729 1904 1765 cum
1925 1727 1991 1764 eo
2020 1707 2170 1766 ve-B
2188 1710 2490 1782 metipsum
2519 1725 2620 1782 pro
2662 1707 2824 1763 nobis
2865 1717 2929 1762 ut
2957 1723 3060 1762 nos
3103 1705 3420 1766 redimeret,
3447 1709 3501 1756 et
3519 1700 3579 1754 ab
3600 1699 3716 1753 omni

501 1797 625 1852 nire
662 1803 1016 1870 perpetuum.
1051 1799 1409 1854 Continentia
1438 1817 1568 1853 vero
1598 1805 1655 1854 et
1695 1800 1970 1855 sobrietas
1991 1817 2104 1856 non

499 1886 560 1940 in
611 1887 730 1941 sola
775 1887 1100 1957 integritate
1153 1887 1336 1944 carnis
1371 1889 1643 1943 consistit.
1679 1889 1789 1944 Sed
1832 1889 2002 1944 etiam
2045 1889 2103 1944 in

502 1975 678 2042 cultu,
711 1981 769 2030 et
795 1975 854 2030 in
885 1982 1107 2043 ornatu,
1129 1977 1466 2048 vitapariter
1478 1983 1533 2032 et
1551 1977 1800 2032 moribus
1828 1979 2100 2033 consistit.

503 2063 684 2120 Debet
701 2065 853 2120 enim
876 2066 1263 2137 unusquisque
1305 2068 1597 2122 continens
1616 2067 1901 2122 abstinere
1930 2084 1990 2120 se
2035 2067 2106 2122 ab

503 2152 763 2208 omnibus
791 2154 1020 2222 illicitis,
1053 2155 1140 2209 his
1168 2162 1358 2210 autem
1407 2172 1532 2226 qua:
1571 2156 1724 2211 licita
1769 2163 1901 2211 sunt
1941 2156 2107 2211 debet

503 2257 633 2297 cum
663 2243 941 2298 modestia
969 2248 1025 2297 et
1069 2242 1371 2298 sobrietate
1418 2244 1521 2298 uti.
1557 2245 1682 2300 Non
1741 2245 1890 2300 enim
1948 2245 2108 2300 decet

505 2330 889 2387 Christianum
916 2333 1102 2386 saeculi
1147 2333 1318 2386 lucris
1352 2333 1590 2396 inhiare,
1623 2334 1712 2388 cui
1771 2334 2108 2406 promissum

507 2425 595 2474 est
633 2436 870 2490 regnum
928 2421 1152 2476 cceleste
1183 2440 1194 2475 :
1221 2423 1320 2476 sed
1353 2438 1454 2477 suo
1487 2422 1726 2478 Domino
1771 2439 1874 2494 per
1929 2423 2107 2478 conti-

2184 1799 2484 1870 iniquitate
2503 1798 2805 1852 mundaret
2831 1796 2938 1851 sibi
2971 1795 3240 1868 populum
3273 1789 3719 1864 acceptabilem,se-

2185 1895 2458 1944 ctatorem
2487 1887 2761 1944 bonorum
2789 1902 3042 1957 operum,
3082 1890 3148 1938 ut
3175 1901 3303 1938 cum
3335 1880 3536 1936 venerit
3558 1879 3605 1934 in
3634 1893 3721 1931 ma-

2181 1979 2387 2048 jestate
2400 1993 2520 2043 sua,
2543 1993 2669 2030 cum
2699 1981 3021 2030 sanctorum
3039 1973 3369 2044 angelorum
3389 1968 3623 2030 millibus,
3647 1982 3724 2039 pro

2187 2066 2350 2121 bonis
2377 2066 2681 2130 laboribus,
2715 2073 2772 2120 et
2799 2070 2994 2119 sancta
3021 2061 3441 2117 conversatione
3463 2057 3634 2112 reddat
3655 2072 3728 2109 no-

2188 2155 2275 2210 bis
2293 2155 2525 2228 praemia
2543 2155 2667 2209 vitm
2695 2159 2936 2218 aeternae,
2970 2151 3159 2224 potius
3188 2167 3358 2222 quam
3388 2164 3484 2220 pro
3503 2143 3729 2200 desiderio

2189 2250 2246 2298 et
2265 2245 2548 2316 voluptate
2574 2243 2866 2315 praesentis
2875 2242 3019 2306 vitae,
3034 2239 3348 2295 cruciatum
3367 2235 3732 2292 retribuatsem-

2191 2334 2496 2406 piternum.
2524 2353 2550 2386 n
2585 2333 2660 2388 Ut
2681 2349 2814 2403 ergo
2843 2337 3039 2385 contra
3082 2333 3432 2384 tentamenta
3471 2323 3666 2388 diaboli,
3691 2329 3734 2374 et

2191 2429 2387 2478 contra
2411 2422 2594 2476 carnis
2621 2421 2901 2476 desideria
2925 2419 3185 2474 ordinate
3217 2424 3276 2472 et
3303 2415 3511 2471 fortiter
3531 2426 3734 2484 pugnare

504 2509 758 2564 nentiam
803 2510 1078 2581 condigne
1108 2510 1307 2578 vivere,
1343 2515 1407 2565 ut
1434 2511 1611 2583 possit
1636 2528 1764 2566 cum
1787 2528 1853 2566 eo
1891 2513 1950 2568 in
1988 2529 2111 2584 per-
2193 2518 2252 2566 et
2267 2512 2528 2566 resistere
2558 2511 2860 2582 possimus,
2879 2509 3128 2580 primum
3146 2523 3252 2561 nos
3280 2501 3736 2578 oportetscireocto

508 2603 744 2668 petuum
795 2599 1062 2669 gaudere.
1106 2599 1453 2654 Charitatem
1469 2599 1637 2654 debet
1665 2617 1876 2665 amare,
1905 2606 1962 2655 et
1997 2601 2111 2655 for-
2193 2600 2330 2654 vitia
2372 2615 2492 2654 esse
2521 2597 2870 2670 principalia,
2893 2613 2994 2669 per
3022 2613 3145 2667 quae
3177 2594 3434 2649 diabolus
3481 2592 3736 2645 humanum

509 2685 852 2742 nicationem
881 2687 1092 2758 fugere,
1125 2705 1238 2742 non
1267 2689 1513 2744 avaritia
1541 2689 1788 2756 studere,
1821 2690 1918 2744 sed
1963 2689 2111 2746 victu
2193 2706 2373 2761 genus
2395 2704 2754 2758 corrumpere
2767 2684 3291 2757 etdeciperegestit,
3325 2682 3379 2736 id
3407 2686 3504 2745 est,
3535 2697 3560 2732 ι
3586 2692 3736 2748 super-

509 2780 573 2830 et
596 2776 801 2832 vestitu
831 2782 1128 2831 contentus
1159 2793 1299 2843 esse,
1326 2794 1438 2832 non
1453 2777 1761 2849 superbire,
1785 2795 1964 2850 neque
1985 2795 2112 2850 spe-
2194 2778 2346 2832 biam
2375 2794 2504 2832 cum
2533 2793 2676 2831 vana
2727 2776 2928 2846 gloria,
2959 2775 3123 2840 iram,
3155 2772 3444 2837 invidiam,
3474 2766 3734 2822 avaritiam.

514 2880 641 2920 rare
661 2863 721 2918 in
749 2865 964 2920 incerto
1015 2865 1359 2933 divitiarum,
1409 2867 1505 2920 sed
1558 2867 1850 2921 humiliter
1883 2868 2111 2934 sentire,
2193 2868 2405 2940 gulam,
2451 2867 2750 2931 luxuriam,
2783 2864 3092 2929 tristitiam,
3123 2869 3185 2916 et
3213 2860 3479 2916 acediam.
3536 2877 3558 2908 ι
3587 2856 3652 2910 Ex
3673 2853 3738 2906 his

509 2957 570 3008 et
596 2953 793 3008 mundi
817 2971 1079 3027 pompam
1097 2960 1474 3010 contemnere.
1516 2957 1640 3010 Ncn
1681 2955 1848 3010 debet
1874 2974 1996 3012 esse
2019 2974 2116 3012 va-
2153 3025 2164 3027 Α
2198 2973 2328 3011 vero
2358 2955 2640 3010 radicibus
2658 2971 2906 3026 propago
2938 2953 3194 3008 omnium
3241 2949 3495 3004 vitiorum
3521 2944 3739 3008 exoritur,

515 3042 781 3114 niloquax
796 3025 853 3097 et
867 3025 1156 3112 arrogans,
1185 3060 1298 3098 non
1319 3044 2112 3116 mendax,nequeinjuriosus,
2135 3025 2180 3086 (ἶ
2199 3051 2368 3118 atque
2397 3045 2716 3100 succrescit.
2768 3041 3094 3098 Econtrario
3136 3045 3332 3096 autem
3377 3043 3602 3110 quatuor
3640 3037 3742 3086 sunt

514 3146 628 3185 non
644 3129 927 3201 bilinguis,
959 3147 1072 3185 non
1092 3148 1342 3199 susurro,
1387 3149 1499 3186 non
1527 3133 1826 3194 detractor,
1859 3135 1956 3188 sed
1978 3136 2118 3189 veri-
2199 3134 2536 3207 principales
2562 3133 2814 3188 virtutes.
2841 3133 2940 3186 Hae
2959 3136 3111 3196 sunt,
3131 3148 3173 3181 -«
3205 3126 3517 3200 prudentia,
3542 3120 3740 3195 justitia:

517 3224 692 3273 tatem
704 3217 870 3273 debet
897 3235 963 3273 ex
990 3235 1086 3274 ore
1097 3226 1153 3274 et
1180 3221 1344 3275 corde
1361 3221 1629 3292 proferre,
1647 3222 1900 3293 linguam
1953 3239 2116 3278 suam
2198 3223 2592 3296 temperantia,
2617 3221 2906 3286 fortitudo,
2939 3237 3004 3274 ex
3027 3218 3235 3292 quibus
3253 3217 3434 3273 omnis
3447 3209 3743 3286 ornatusyir-

517 3323 554 3361 a
573 3305 929 3379 multiloquio
952 3313 1286 3381 temperare,
1313 3309 1447 3382 quia
1492 3311 1761 3382 scriptum
1804 3319 1891 3366 est
1921 3331 1933 3366 :
1969 3331 1997 3366 α
2053 3313 2117 3368 In
2201 3318 2388 3368 tutum
2407 3311 2677 3384 procedit,
2712 3316 2770 3366 et
2793 3327 2921 3365 cum
2938 3308 3142 3380 quibus
3187 3307 3380 3362 divina
3405 3305 3576 3375 gratia
3602 3299 3744 3370 opitu-

519 3395 876 3468 multiloquio
903 3413 1016 3452 non
1063 3398 1294 3469 effugies
1335 3404 1624 3470 peccatum
1674 3402 1852 3468 (Prov.
1872 3418 1924 3467 x,
1957 3401 2032 3471 9).
2089 3421 2113 3452 ι
2199 3401 2352 3457 lante
2379 3419 2414 3456 a
2435 3400 2644 3456 Christi
2665 3399 2847 3454 milite
2873 3397 3055 3452 omnis
3085 3394 3393 3451 multitudo
3421 3392 3656 3448 vitiorum
3677 3402 3744 3440 su-

517 3484 721 3540 Oculos
739 3491 937 3541 contra
973 3487 1280 3542 vanitatem
1311 3489 1590 3553 claudere,
1623 3489 1878 3544 auditum
1906 3507 1941 3544 a
1969 3506 2120 3546 scur-

516 3573 729 3629 rilitate
759 3581 817 3628 et
845 3575 1110 3643 falsitate,
1140 3577 1252 3631 imo
1273 3577 1342 3631 ab
1371 3578 1523 3632 omni
1546 3579 1766 3649 eloquio
1791 3579 1939 3634 malo
1958 3596 2118 3634 aver-

517 3668 657 3730 tere,
680 3663 858 3719 risum
879 3666 1180 3732 excelsum,
1210 3672 1268 3720 et
1295 3683 1588 3722 excussum
1611 3684 1722 3722 non
1767 3685 1977 3734 amare,
1995 3673 2122 3738 gut-

517 3756 614 3806 tur
645 3758 702 3808 et
729 3769 928 3809 nasum
973 3755 1044 3809 ad
1091 3755 1410 3810 illecebram
1459 3757 1704 3812 dulcium
1759 3757 2030 3824 ciborum,
2065 3763 2123 3812 et

520 3841 775 3896 suavium
796 3843 1031 3898 odorum
1061 3861 1176 3899 non
1208 3845 1450 3899 libenter
1479 3845 1763 3912 adhibere,
1797 3846 1893 3900 sed
1941 3847 2122 3917 magis

519 3929 731 3986 bonum
747 3936 805 3986 et
828 3948 1055 3986 suavem
1075 3934 1303 3988 odorem
1333 3935 1602 3988 virtutum
1613 3941 1896 4006 appetere.
1925 3935 2124 3990 Manus

522 4024 581 4074 et
608 4020 778 4091 pedes
817 4026 874 4075 et
901 4021 1093 4076 omnia
1122 4021 1374 4076 membra
1403 4023 1649 4094 corporis
1679 4023 1913 4078 sollicite
1935 4031 2123 4079 custo-

521 4108 661 4174 dire,
693 4124 763 4162 ne
796 4111 936 4163 ﬁant
956 4126 1118 4164 arma
1157 4110 1471 4181 iniquitatis
1519 4117 1763 4182 peccato,
1796 4113 1894 4168 sed
1941 4114 2120 4184 magis

521 4212 680 4251 arma
689 4197 941 4268 potentia
958 4198 1059 4252 Dei
1078 4199 1148 4252 ad
1168 4199 1570 4254 destruendum
1599 4201 1908 4271 spiritalem
1937 4202 2122 4257 inimi-

520 4301 668 4340 cum.
693 4286 804 4340 Cor
833 4302 1054 4358 quoque
1089 4287 1251 4342 miles
1302 4287 1509 4343 Christi
1555 4289 1721 4344 debet
1766 4297 1898 4345 ante
1933 4291 2122 4346 omnia

2200 3497 2432 3563 peratur
2461 3496 2629 3560 atque
2649 3488 2978 3544 conteritur.

2803 3578 2875 3632 Dc
2902 3578 3178 3646 superbia.

2273 3667 2526 3722 Primum
2541 3683 2786 3738 namque
2806 3665 3112 3736 ignitorum
3128 3664 3375 3718 telorum
3385 3661 3552 3718 hostis
3573 3654 3746 3727 antiqui

2203 3773 2267 3812 ac
2295 3756 2634 3828 praecipuum
2663 3761 2752 3809 est
2763 3753 3060 3826 superbia:
3089 3770 3216 3825 quae
3241 3751 3570 3822 ubicumque
3594 3744 3748 3802 subin-

2204 3845 2436 3901 traverit
2464 3845 2718 3900 omnium
2763 3843 3028 3899 vitiorum
3068 3849 3195 3915 post
3225 3859 3287 3897 se
3339 3848 3547 3896 turmas
3591 3833 3746 3890 trahit.

2205 3935 2380 4006 Cujus
2397 3933 2616 3988 soboles
2644 3933 2830 4006 prima
2855 3932 3082 4004 etquasi
3106 3947 3338 3986 consors
3353 3930 3521 3984 totius
3535 3923 3751 3996 iniquita-

2205 4024 2278 4078 tis
2305 4040 2450 4078 vana
2472 4022 2671 4093 gloria.
2691 4023 2848 4077 Hanc
2861 4038 3081 4093 quoque
3093 4021 3338 4074 maxime
3351 4018 3594 4073 conditor
3601 4017 3753 4068 noster

2202 4111 2534 4166 detestatur.
2567 4111 2726 4165 Unde
2755 4117 2814 4165 et
2833 4110 2983 4165 deea
3000 4109 3272 4180 scriptum
3285 4113 3372 4162 est
3394 4125 3406 4160 :
3434 4127 3456 4158 ε
3489 4101 3666 4160 Omnis
3687 4114 3753 4153 ar-

2202 4200 2460 4271 rogantia
2475 4199 2816 4255 abominatio
2831 4204 2918 4253 est
2935 4198 3084 4270 apud
3101 4198 3282 4252 Deum
3299 4200 3475 4264 (Prov.
3491 4208 3646 4254 xxxvi,
3663 4188 3750 4256 5).»

2203 4291 2272 4344 Et
2287 4291 2422 4344 item
2442 4307 2454 4342 :
2476 4309 2504 4340 (ι
2524 4288 2760 4344 Odibilis
2782 4304 2970 4342 coram
3002 4287 3242 4342 Domino
3268 4293 3327 4341 et
3363 4280 3661 4339 hominibus
3684 4291 3754 4330 su-

519 4374 758 4430 sollicita
783 4346 1039 4430 custodia
1077 4393 1319 4444 servare,
1351 4394 1423 4432 ne
1477 4379 1620 4432 forte
1665 4379 1805 4434 illud
1844 4381 2118 4450 jactantia
2138 4346 2392 4450 Dperbia
2419 4384 2506 4433 est
2537 4379 2700 4445 (Eccl.
2725 4395 2776 4443 x,
2811 4377 2887 4446 7).
2914 4395 2937 4430 υ
2971 4377 3042 4431 Et
3077 4376 3213 4430 item
3240 4394 3252 4428 :
3292 4393 3319 4426 ι(
3353 4371 3603 4445 Superbis
3636 4368 3754 4423 Deus

521 4465 766 4530 extollat,
817 4465 904 4520 ira
946 4465 1296 4521 inﬂammet:
1330 4467 1538 4522 invidia
1579 4469 1841 4540 perforet,
1882 4470 2119 4524 avaritia
2200 4468 2426 4533 resistit,
2452 4466 2759 4522 humilibus
2788 4471 2979 4521 autem
3008 4465 3110 4520 dat
3135 4465 3386 4536 gratiam
3416 4465 3544 4531 (Jac.
3573 4474 3636 4522 vr,
3665 4453 3707 4510 6i
3733 4471 3750 4501 ι

517 4552 762 4620 infestet,
809 4553 984 4609 libido
1037 4562 1254 4622 exurat,
1304 4556 1538 4611 tristitia
1571 4564 1784 4628 gravet,
1821 4565 2016 4630 torpor
2061 4565 2118 4614 et
2201 4557 2452 4611 Primum
2481 4557 2686 4628 quippe
2738 4562 2796 4610 et
2823 4555 3129 4610 maximum
3155 4552 3367 4608 diaboli
3397 4542 3754 4640 Ρεοςξιιξιωῆιξί

517 4639 742 4710 ignavia
759 4649 972 4708 oneret,
989 4649 1046 4697 et
1060 4661 1129 4698 ne
1159 4643 1316 4704 illud,
1349 4644 1500 4716 quod
1524 4646 1750 4715 gravius
1769 4653 1871 4711 est,
1895 4663 1995 4719 per
2023 4664 2120 4702 no-
2200 4645 2480 4718 superbia,
2513 4653 2571 4700 et
2599 4646 2704 4699 hac
2730 4645 2986 4699 homines
3007 4643 3218 4715 primos
3234 4641 3473 4713 decepit.
3489 4636 3633 4694 Unde
3649 4636 3754 4687 scri-

516 4728 755 4784 vitatum
784 4732 1247 4804 praesumptiones
1267 4734 1495 4789 haeresis
1534 4734 1768 4789 scindat.
1803 4735 1910 4800 Qui
1966 4737 2118 4790 enim
2200 4741 2359 4807 ptum
2390 4740 2478 4789 est
2507 4754 2519 4789 :
2559 4755 2582 4786 ‹
2619 4734 2848 4790 Initium
2869 4730 3706 4804 superbiaihominesapostatare
3726 4735 3752 4772 ε

514 4817 698 4873 cordis
716 4820 934 4875 occulta
959 4837 1060 4892 per
1086 4823 1488 4877 continentiam
1519 4824 1712 4894 quieta
1735 4841 1956 4879 servare
1993 4841 2120 4881 con-
2200 4825 2317 4879 Deo
2339 4824 2487 4891 fecit,
2507 4823 2773 4895 quoniam
2790 4822 2860 4877 ab
2891 4839 2957 4878 eo
2987 4822 3083 4894 qui
3112 4820 3244 4876 fecit
3269 4820 3429 4874 illum
3457 4812 3664 4872 recessit
3677 4825 3753 4862 eor

512 4907 713 4974 tendit,
731 4908 928 4980 utique
955 4916 1012 4964 et
1059 4911 1315 4965 membra
1340 4912 1590 4982 corporis
1650 4913 1865 4968 facilius
1920 4920 2116 4969 contra
2197 4914 2339 4983 ejus,
2373 4913 2639 4984 quoniam
2658 4911 2885 4967 initium
2924 4911 3108 4980 omnis
3139 4909 3353 4980 peccati
3399 4912 3484 4962 est
3512 4897 3747 4975 superum

513 5012 715 5067 pravos
753 5004 909 5052 actus
963 4997 1116 5064 foris,
1158 4998 1418 5054 custodit.
1471 5000 1754 5072 Scriptum
1793 5007 1880 5056 est
1915 5020 2065 5077 enim
2099 5023 2110 5058 :
2198 5001 2294 5073 qui
2322 5001 2570 5056 tenuerit
2597 5017 2723 5055 eam
2747 4996 3547 5072 adimplebiturmaledictis,et
3569 4988 3751 5077 subver-

517 5104 542 5137 «
579 5085 746 5142 Omni
762 5086 1016 5141 custodia
1047 5103 1206 5142 serva
1233 5104 1328 5142 cor
1346 5093 1507 5142 tuum
1529 5089 1686 5161 ,quia
1713 5106 1777 5144 ex
1833 5076 1958 5162 ipso
2000 5091 2114 5146 vita
2196 5091 2268 5145 tit
2297 5107 2392 5144 eos
2421 5090 2479 5144 in
2533 5092 2724 5144 tinem.
2776 5090 3081 5160 Propterea
3128 5083 3486 5141 exhonoravit
3523 5076 3746 5137 Dominus

509 5176 762 5247 procedit
791 5177 966 5242 (Prov.
992 5193 1064 5241 v1,
1098 5175 1210 5247 23).
1244 5195 1270 5229 »
1312 5178 1452 5232 Item
1493 5177 1662 5233 alibi:
1703 5198 1728 5230 «
1759 5180 1909 5234 Mors
1955 5197 2113 5236 secus
2197 5184 2500 5234 conventus
2522 5179 2819 5244 malorum,
2847 5184 2905 5232 et
2923 5176 3308 5232 destruxiteos
3330 5189 3502 5244 usque
3521 5171 3575 5224 in
3591 5169 3742 5226 ﬁnem,

509 5263 806 5320 introitum
834 5265 1222 5321 delectationis
1243 5267 1428 5338 posita
1459 5274 1563 5322 est.
1599 5287 1624 5321 ρ
1650 5269 1720 5324 Et
1766 5269 2022 5324 Salvator
2059 5270 2116 5324 in
2198 5269 2358 5324 sedes
2377 5268 2586 5322 ducum
2605 5267 2976 5340 superborum
3008 5265 3282 5321 destruxit
3317 5263 3480 5326 Deus,
3511 5264 3563 5313 et
3587 5252 3742 5310 sedere

513 5353 812 5424 Evangelio
843 5373 854 5408 :
894 5375 916 5406 ι
935 5356 1142 5422 Bonus,
1163 5355 1364 5428 inquit,
1386 5356 1554 5410 homo
1584 5356 1655 5411 de
1675 5356 1822 5412 bono
1851 5358 2116 5414 thesauro
2198 5357 2329 5412 fecit
2346 5357 2512 5412 mites
2531 5374 2632 5429 pro
2663 5357 2791 5411 illis.
2839 5357 3076 5412 Radices
3125 5353 3378 5426 gentium
3421 5345 3742 5420 superbarum

511 5439 695 5492 cordis
741 5441 828 5494 sui
860 5443 1073 5512 profert
1101 5443 1328 5512 bonum,
1361 5450 1418 5499 et
1455 5445 1636 5500 malus
1666 5445 1836 5500 homo
1863 5445 1933 5499 de
1961 5445 2108 5500 malo
2192 5446 2422 5501 arefecit
2451 5447 2616 5510 Deus,
2645 5452 2702 5500 et
2723 5445 2996 5517 plantavit
3008 5443 3248 5499 humiles
3264 5458 3330 5496 ex
3356 5438 3488 5511 ipsis
3500 5431 3736 5506 gentibus.

510 5525 776 5614 thesauro
800 5531 983 5586 cordis
992 5533 1080 5586 sui
1094 5533 1306 5603 profert
1315 5535 1527 5589 malum
1549 5536 1764 5602 (Matth.
1785 5551 1842 5601 Χ,
1861 5531 1972 5603 35).
1989 5552 2015 5588 ι
2041 5535 2111 5591 Et
2190 5537 2391 5592 Terras
2413 5552 2610 5590 eorum
2625 5535 2828 5590 evertit
2838 5535 3130 5600 Dominus,
3155 5539 3212 5588 et
3226 5528 3462 5604 perdidit
3485 5541 3572 5614 eas
3596 5531 3739 5614 ιιειιξξε

509 5613 646 5669 item
670 5636 695 5668 ι
719 5615 800 5672 De
819 5619 1006 5688 corde,
1018 5621 1118 5685 ait,
1139 5627 1346 5676 exeunt
1363 5623 1731 5692 cogitationes
1744 5623 2111 5692 male,homi-
2189 5626 2262 5680 ad
2312 5625 2762 5682 fundamentum.
2789 5624 3043 5680 Arefecit
3114 5639 3181 5678 ex
3232 5619 3386 5692 ipsis,
3425 5621 3479 5670 et
3504 5604 3730 5681 W
