3892 6150
218 300 326 358 u“
1008 286 1104 343 DE
1140 287 1695 345 ECCLESIASTICA
1732 289 2168 347 DISCIPLINA.
2229 319 2293 332 —
2335 289 2473 346 LIB.
2516 291 2617 347 ΙΙΙ.
3302 284 3440 345 1242

213 423 282 480 dit
302 418 426 484 illos,
455 423 508 470 et
529 427 741 470 cessare
770 412 901 466 fecit
935 410 1267 466 memoriam
1308 426 1503 466 eorum
1528 427 1563 465 a
1589 415 1761 467 terra.
1792 416 1829 472 A
1851 413 2262 483 ganimitatem,
2294 419 2353 469 et
2369 430 2469 486 per
2492 413 2770 471 rationem
2796 413 3250 476 intellectualem,
3275 404 3444 483 quam

227 507 439 567 Perdidit
463 506 603 559 Deus
652 500 982 556 memoriam
1038 499 1425 571 superborum,
1460 505 1517 553 et
1546 501 1776 571 reliquit
1855 503 2005 557 Deus
2033 504 2233 558 inserit
2259 503 2541 558 mentibus
2588 504 2867 565 humanis,
2898 508 2957 556 et
2983 519 3083 573 per
3110 500 3449 565 recordatio-

219 595 519 655 memoriam
566 590 865 646 humilium
911 606 1081 643 sensu
1115 590 1277 656 (Eccl.
1310 605 1362 651 X,
1404 589 1517 657 14).
1557 608 1585 641 η
1622 589 1773 654 Qua-
1855 608 1985 645 nem
2010 592 2281 646 orationis
2309 593 2614 647 Dominicse
2643 591 2738 647 ubi
2758 592 2874 647 Deo
2902 591 3133 647 dicitur:
3164 614 3189 639 σε
3212 589 3446 646 Dimitte

216 691 411 760 propter
435 681 577 737 omni
616 679 750 734 vitio
775 678 1022 733 deterior
1050 684 1137 732 est
1175 676 1440 749 superbia
1470 694 1482 730 :
1517 695 1640 749 quae
1668 696 1772 733 sae-
1855 680 2015 736 nobis
2040 680 2229 738 debita
2252 687 2447 738 nostra
2474 682 2619 760 sicut
2645 687 2702 736 et
2729 697 2832 736 nos
2859 680 3196 735 dimittimus
3230 678 3449 734 debito-

222 776 276 830 de
302 780 352 827 et
374 771 437 825 de
463 768 617 823 bonis
646 766 862 822 actibus
908 768 1175 831 nascitur,
1208 767 1340 821 dum
1370 767 1537 822 homo
1568 767 1625 821 in
1655 768 1772 822 suis
1851 770 2008 826 ribus
2037 773 2263 827 nostris.
2281 790 2308 823 »
2326 754 2680 844 Quapropter
2707 771 2756 826 si
2784 771 2936 825 illam
2967 786 3246 825 summam
3274 768 3447 824 divini

221 862 353 917 bonis
381 856 626 941 operibus
671 855 958 929 superbit:
994 861 1051 909 et
1085 856 1190 910 hoc
1230 855 1414 927 perdit
1440 872 1542 927 per
1580 873 1772 928 super-
1852 861 2067 932 praemii
2082 861 2340 933 cupimus
2360 860 2818 933 adipisci,dequo
2836 859 3092 925 dicitur,¢
3108 858 3266 914 Beati
3279 872 3446 913 mun-

216 950 336 1005 binm
361 946 495 1020 quod
527 944 725 1000 habuit
753 962 853 1016 per
878 944 1231 1000 charitatem.
1254 945 1395 999 Item
1417 945 1667 1000 omnium
1693 945 1770 999 vi-
1854 950 1924 1004 do
1947 951 2137 1015 corde,
2154 950 2417 1021 quoniam
2441 949 2548 1021 ipsi
2568 951 2747 1005 Deum
2775 948 3043 1004 videbunt
3055 943 3442 1015 (Matth.v,8),»

218 1040 390 1094 tiorum
418 1034 773 1091 novissimum
819 1039 906 1088 est
947 1033 1228 1105 superbia,
1262 1034 1396 1105 quia
1423 1034 1559 1088 dum
1600 1034 1768 1089 homo
1850 1055 1963 1094 non
1992 1040 2172 1094 solum
2200 1040 2316 1095 hac
2344 1056 2375 1093 e
2401 1039 2609 1094 nostris
2653 1037 2915 1093 cordibus
2959 1036 3307 1108 amputanda
3338 1040 3442 1100 est,

218 1124 475 1181 virtutibus
503 1129 754 1189 ornatur,
784 1129 841 1177 et
882 1121 941 1176 in
978 1122 1067 1176 his
1101 1121 1391 1194 superbire
1419 1121 1667 1194 οωρθνὶῐ,
1700 1122 1769 1176 de
1850 1129 1947 1182 sed
1968 1128 2141 1183 etiam
2172 1128 2241 1183 de
2270 1128 2510 1183 internis
2538 1128 2740 1182 animae
2757 1126 3038 1181 radicibus
3067 1123 3443 1197 exstirpanda.

212 1217 303 1270 alto
327 1213 532 1268 ruinam
554 1211 706 1267 facit.
724 1211 921 1267 Omnis
941 1228 1164 1283 quoque
1181 1211 1482 1283 peccatimt
1498 1211 1758 1277 diximus,
1848 1217 1975 1271 Non
2014 1217 2162 1271 enim
2192 1216 2352 1271 valde
2381 1216 2632 1287 proderit
2660 1215 2963 1271 iracundiae
2986 1214 3263 1270 cohibitus
3292 1212 3449 1268 furor

212 1303 401 1359 initium
428 1300 703 1373 superbia,
720 1301 855 1355 dum
881 1301 1071 1355 anima
1084 1306 1425 1372 praeceptum
1453 1300 1761 1356 contemnit
1844 1306 1904 1360 in
1924 1305 2109 1371 verbo,
2135 1323 2237 1361 nec
2272 1306 2332 1361 in
2364 1306 2624 1359 effectum
2662 1305 2936 1377 prolatus,
2968 1304 3014 1357 si
3046 1303 3201 1358 illam
3227 1302 3447 1357 arcanis

211 1392 469 1455 Creatoris,
495 1407 623 1445 mox
652 1390 710 1444 in
739 1388 1039 1460 cujuslibet
1064 1389 1276 1461 peccati
1294 1390 1507 1444 corruit
1521 1390 1755 1445 foveam.
1844 1394 2088 1465 pectoris
2119 1395 2297 1449 nostri
2328 1395 2498 1459 Deus,
2516 1410 2681 1464 quem
2713 1398 2930 1448 secreta
2956 1393 3208 1447 cordium
3231 1408 3344 1447 non
3370 1392 3449 1446 la-

212 1484 326 1537 Nam
355 1480 521 1534 omnis
543 1478 810 1550 superbia
835 1484 992 1532 tanto
1021 1478 1079 1555 in
1110 1478 1223 1533 imo
1257 1480 1426 1549 jacet.
1460 1485 1671 1550 quanto
1700 1496 1760 1534 se
1844 1490 1990 1552 tent,
2032 1485 2217 1539 inesse
2246 1483 2611 1556 perspexerit.
2645 1483 2814 1548 Quasi
2839 1498 2968 1537 vero
2997 1482 3258 1537 universa
3295 1481 3447 1536 viru-

210 1572 255 1625 in
278 1571 433 1624 altum
457 1568 639 1639 erigit,
665 1573 935 1638 tantoque
962 1567 1294 1639 profundius
1307 1567 1533 1635 labitur,
1553 1575 1763 1639 quanto
1846 1573 1998 1627 lenta
2018 1572 2363 1643 serpentium
2387 1587 2599 1641 genera
2616 1570 2704 1625 vel
2722 1570 2989 1636 ferarum,
3021 1586 3147 1624 cum
3174 1569 3234 1624 in
3256 1568 3448 1623 solitu-

214 1660 444 1714 excelsius
464 1656 847 1721 elevatur.Qui
864 1656 1012 1710 enim
1029 1672 1129 1727 per
1142 1656 1427 1729 propriam
1443 1657 1763 1728 superbiam

1848 1662 1977 1716 dine
2007 1661 2234 1732 suisque
2261 1660 2537 1716 cubilibus
2558 1660 2935 1715 immorantur
2958 1659 3184 1713 innoxia
3196 1674 3449 1729 perseve—

209 1749 572 1837 attollitur,per
582 1745 685 1837 Dei
691 1745 972 1837 justitiam
983 1744 1304 1837 damnatur.
1321 1746 1480 1800 Unde
1499 1746 1767 1818 scriptum
1785 1740 1836 1801 B
1854 1756 1998 1815 rent,
2036 1767 2139 1805 nec
2169 1757 2359 1805 tamen
2382 1766 2447 1804 ex
2471 1766 2536 1803 eo
2556 1748 2911 1821 pronuntiari
2956 1754 3190 1819 possunt
3224 1747 3449 1801 innoxia
3472 1820 3477 1837 ἡ

210 1842 309 1890 est:
341 1856 361 1888 ι
392 1836 530 1890 Ante
560 1834 783 1889 ruinam
813 1834 1056 1888 hominis
1073 1834 1354 1888 exaltatur
1383 1834 1616 1905 spiritus
1646 1836 1769 1905 ejus

211 1927 359 1994 (Ρνου.
386 1942 484 1990 xw,
506 1922 612 1994 18).
635 1942 661 1977 s
681 1922 867 1994 Igitur
886 1922 1026 1977 nihil
1054 1923 1237 1993 magis
1256 1923 1574 1978 Christiano
1596 1924 1771 1978 vitan-

209 2013 319 2067 dum
346 2020 424 2067 est
448 2030 616 2083 quam
664 2011 945 2083 superbia,
982 2029 1105 2083 quae
1150 2012 1294 2066 iram
1336 2012 1437 2066 Dei
1484 2018 1765 2083 provocat.

207 2103 327 2156 Nam
354 2102 607 2173 superbia
635 2118 701 2155 ex
728 2100 942 2172 angelis
972 2101 1254 2156 daemones
1299 2100 1448 2167 fecit,
1479 2101 1769 2156 humilitas

204 2197 365 2245 autem
392 2191 644 2245 homines
671 2191 876 2245 sanctis
895 2190 1112 2261 angelis
1139 2190 1351 2245 similes
1372 2191 1636 2244 reddidit.
1662 2192 1768 2246 Su-

205 2278 337 2349 perbi
363 2279 588 2350 cupiunt
624 2280 684 2334 in
714 2297 774 2334 se
792 2279 1080 2350 praedicari
1098 2279 1244 2351 quod
1273 2296 1387 2333 non
1415 2279 1646 2345 faciunt,
1669 2280 1772 2335 hu-

204 2367 338 2421 miles
372 2366 665 2438 refuginnt
684 2368 957 2440 quidquid
999 2366 1130 2422 boni
1169 2373 1475 2439 aperantur
1518 2369 1765 2438 agnosci.

203 2457 307 2510 Non
320 2457 552 2512 elevetur
572 2474 709 2529 ergo
726 2458 895 2512 homo
924 2457 983 2511 in
1006 2456 1151 2511 bono
1171 2474 1401 2521 suo,nec
1423 2457 1648 2523 laudem
1662 2457 1767 2513 sibi

202 2552 384 2615 quaerat
393 2546 645 2616 quamvis
665 2546 878 2618 aliquid
894 2546 1022 2601 boni
1035 2545 1325 2612 faciat,sed
1347 2547 1526 2600 Deum
1548 2547 1768 2602 laudari

199 2634 363 2704 cupiat
386 2635 440 2688 in
464 2636 630 2690 donis
658 2634 774 2690 suis
800 2634 896 2706 qui
940 2634 1078 2689 nihil
1124 2633 1256 2688 boni
1297 2634 1431 2689 facit
1473 2635 1582 2689 nisi
1619 2637 1764 2706 quod

200 2721 324 2777 Deus
340 2722 559 2779 donavit
585 2724 639 2778 ei
671 2724 853 2778 facere
896 2742 908 2777 :
951 2722 1101 2778 unde
1130 2723 1202 2777 ad
1222 2739 1353 2777 eum
1374 2730 1576 2778 cuncta
1603 2723 1770 2779 debet

201 2811 377 2867 referre
403 2830 521 2884 quae
550 2813 697 2868 bene
727 2813 877 2879 facit,
910 2828 1023 2867 non
1052 2812 1124 2867 ad
1154 2812 1539 2884 semetipsum.

861 2957 935 3010 De
960 2957 1071 3008 ira.

1852 1840 1985 1912 quia
2008 1840 2148 1894 nulli
2177 1845 2436 1894 noceant.
2460 1839 2577 1892 Hoc
2604 1837 2753 1892 enim
2783 1837 2864 1892 eis
2893 1853 3006 1891 non
3035 1837 3266 1891 affectus
3293 1834 3452 1890 boni-

1850 1930 2004 1993 tatis,
2029 1929 2127 1983 sed
2159 1928 2463 1982 necessitas
2514 1924 2835 1981 solitudinis
2875 1924 3107 1980 confert.
3155 1925 3289 1989 Quae
3321 1940 3449 1979 cum

1851 2017 2087 2072 laedendi
2115 2023 2278 2071 nacta
2304 2016 2517 2070 fuerint
2542 2013 2760 2085 copiam
2787 2031 2799 2066 :
2829 2013 2887 2067 in
2914 2012 3229 2083 semetipsis
3258 2028 3451 2067 recon-

1851 2107 2032 2161 ditum
2061 2106 2232 2171 virus,
2279 2109 2337 2160 et
2363 2105 2567 2159 animm
2614 2103 2893 2157 feritatem
2923 2100 3179 2172 protinus
3213 2109 3452 2172 egerunt

1851 2200 2021 2267 atque
2048 2195 2459 2249 demonstrant.
2498 2192 2737 2247 Radices
2768 2190 2920 2245 enim
2959 2189 3222 2244 vitiorum
3262 2189 3449 2259 potius

1852 2284 2029 2339 excidi
2058 2268 2312 2355 praecipit
2328 2281 2682 2353 evangelicus
2709 2296 2895 2334 sermo
2915 2295 3084 2350 quam
3111 2278 3326 2333 fructus
3352 2279 3448 2349 qui

1851 2373 2045 2444 procul
2076 2370 2245 2426 dubio
2295 2368 2500 2425 evulsis
2537 2368 2786 2425 fontibus
2826 2384 3181 2439 nequaquam
3213 2367 3448 2423 ulterius

1851 2461 2225 2533 pullulabunt,
2260 2466 2429 2530 atque
2466 2459 2547 2513 ita
2574 2474 2731 2513 mens
2753 2457 2962 2530 poterit
2982 2456 3198 2527 jugiter
3215 2456 3274 2511 in
3294 2457 3448 2512 omni

1851 2551 2125 2623 patientia
2150 2556 2208 2605 et
2226 2549 2523 2604 sanctitate
2552 2548 2777 2613 durare,
2820 2563 2947 2601 cum
2978 2546 3097 2601 haec
3125 2562 3236 2600 non
3254 2545 3325 2601 de
3350 2562 3449 2601 su-

1850 2640 2076 2712 perficie
2105 2638 2447 2710 operationis
2473 2643 2531 2692 et
2556 2643 2804 2701 actuum,
2832 2635 2926 2690 sed
2959 2635 3029 2689 de
3049 2633 3452 2705 cogitationum

1850 2728 2059 2783 fuerint
2070 2727 2261 2782 evulsa
2279 2725 2677 2798 penetralibus.
2693 2725 2763 2779 Et
2777 2724 2982 2778 idcirco
2994 2740 3064 2778 ne
3084 2721 3451 2777 homicidium

1850 2822 2226 2890 perpetretur,
2262 2816 2365 2881 ira,
2392 2815 2695 2885 odiumque
2724 2812 3031 2871 succiditur
3063 2832 3075 2867 :
3109 2812 3231 2866 sine
3251 2809 3452 2882 quibus
3494 2846 3511 2857 κ

1850 2906 2137 2961 homicidii
2160 2905 2356 2959 vitium
2387 2904 2542 2958 nullo
2561 2903 2727 2957 modo
2756 2902 2965 2957 valebit
2991 2901 3232 2956 admitti.
3277 2919 3305 2951 α
3345 2900 3452 2965 Qui

1851 2988 2111 3049 irascitur
2131 2993 2281 3048 enim
2310 2992 2472 3047 fratri
2488 3009 2608 3057 suo,
2639 3008 2770 3046 reus
2792 2990 2902 3046 erit
2923 2989 3136 3062 judicio
3158 2990 3375 3058 (Matth.
3396 3005 3448 3054 v,

257 3080 387 3135 Dum
410 3097 541 3151 ergo
569 3080 733 3135 miles
753 3079 1134 3134 Christianam
1161 3079 1402 3150 gloriam
1446 3080 1636 3135 studet
1674 3097 1766 3135 ca-
1786 3060 1833 3121 ο
1851 3082 1961 3151 2‘2).
1996 3082 2103 3148 Qui
2130 3081 2250 3136 odit
2299 3081 2533 3135 fratrem
2562 3096 2727 3135 suum
2755 3060 3038 3133 homicida
3065 3084 3174 3145 est,_
3221 3095 3248 3128 ι)
3290 3076 3349 3131 in
3388 3092 3454 3130 eo

199 3183 306 3221 vere
334 3186 495 3240 quam
520 3171 648 3224 fons
677 3168 849 3223 totius
879 3168 1013 3222 mali
1040 3167 1302 3239 superbia
1319 3168 1511 3233 edidit,
1543 3186 1770 3225 necesse

196 3255 343 3311 habet
370 3264 431 3313 ut
457 3260 555 3313 iraa
586 3257 968 3328 vitium,quod
990 3256 1250 3311 similiter
1279 3257 1474 3312 eadem
1500 3259 1672 3329 pestis
1689 3259 1771 3329 gi-

196 3346 525 3415 gnit,caveat,
542 3364 616 3402 ne
636 3363 702 3401 eo
723 3346 780 3400 in
796 3346 1043 3401 furorem
1060 3346 1440 3417 praecipitatus
1461 3347 1771 3402 clementiae

195 3440 244 3488 et
271 3435 450 3505 pietati
474 3436 579 3491 Dei
612 3436 928 3491 contrarius
966 3434 1187 3496 existat,
1228 3434 1358 3506 quia
1406 3435 1681 3490 Dominus
1716 3442 1773 3490 et

195 3521 422 3578 Salvator
446 3532 645 3580 noster
666 3541 768 3579 suo
798 3523 965 3578 verbo
997 3540 1210 3594 suoque
1226 3524 1479 3595 exemplo
1509 3524 1581 3578 ad
1609 3541 1771 3579 man-

191 3614 521 3669 suetudinem
543 3622 604 3669 et
621 3613 953 3685 patientiam
977 3629 1078 3667 nos
1108 3612 1408 3667 instituens
1424 3612 1521 3668 irae
1543 3619 1600 3668 et
1622 3613 1771 3667 furo-

192 3699 255 3754 ris
280 3704 642 3772 pertinaciam
672 3702 897 3775 penitus
929 3700 1222 3768 abdicavit,
1240 3706 1306 3755 ut
1331 3701 1436 3754 hoc
1456 3702 1605 3772 quod
1631 3702 1770 3773 legis

191 3791 434 3846 mandato
455 3791 681 3864 impleri
700 3807 812 3845 non
834 3790 1027 3855 valuit,
1046 3789 1328 3860 Evangelii
1351 3806 1770 3844 consummare-

188 3883 270 3931 tur
294 3887 587 3953 praecepto.
607 3881 718 3936 Lex
749 3880 899 3934 enim
920 3879 1288 3933 homicidium
1322 3877 1641 3949 prohibuit:
1675 3879 1773 3933 sed

189 3967 306 4036 quia
331 3970 479 4025 nasci
509 3969 771 4041 permisit
796 3969 944 4040 quod
964 3966 1331 4023 seminarium
1355 3972 1443 4021 est
1460 3967 1767 4033 homicidii,

188 4053 353 4125 ipsum
379 4058 581 4113 vitium
601 4057 844 4129 perfecte
865 4073 976 4111 non
1007 4055 1258 4110 abstulit.
1292 4055 1636 4127 Redemptor
1663 4056 1771 4110 ita-

188 4159 281 4213 que
300 4154 505 4214 noster,
534 4147 633 4219 qui
663 4163 776 4201 non
805 4145 957 4200 venit
984 4146 1167 4216 legem
1197 4145 1428 4209 solvere,
1468 4145 1565 4199 sed
1589 4145 1771 4199 adim-

187 4233 340 4302 plere,
372 4236 425 4291 id
450 4236 683 4308 quodin
712 4236 839 4306 lege
864 4234 1050 4293 minus
1078 4234 1203 4298 fuit,
1231 4250 1335 4288 sua
1352 4233 1641 4289 sanctione
1670 4234 1771 4288 ad-

1852 3172 2064 3227 scilicet
2088 3188 2198 3241 quo
2215 3187 2344 3224 eum
2358 3169 2524 3225 corde
2543 3170 2732 3241 cupiat
2754 3168 3173 3237 interire,cujus
3194 3181 3454 3220 cruorem

1854 3260 2083 3330 propria
2104 3276 2274 3314 manu
2288 3259 2374 3312 vel
2402 3258 2515 3313 telo
2545 3257 2693 3330 apud
2725 3257 2981 3312 homines
2998 3255 3227 3311 minime
3244 3253 3456 3309 fudisse

1853 3347 2227 3418 cognoscitur.
2275 3347 2494 3400 Affectu
2537 3346 2635 3400 ira:
2678 3344 2962 3400 homicida
2995 3342 3397 3415 pronuntiatur
3422 3358 3457 3395 a

1853 3436 2112 3501 Domino,
2128 3435 2261 3506 quia
2278 3451 2389 3489 non
2419 3434 2601 3489 solum
2629 3449 2731 3504 pro
2753 3431 3094 3504 operationis
3119 3432 3339 3495 effectu,
3355 3430 3454 3485 sed

1854 3524 2020 3579 etiam
2050 3541 2150 3595 pro
2178 3522 2483 3585 voluntatis
2513 3538 2578 3576 ac
2605 3521 2717 3575 voti
2739 3521 3017 3575 desiderio
3034 3520 3335 3590 unicuique
3356 3524 3456 3574 aut

1852 3613 2144 3686 praemium
2171 3612 2369 3666 reddet
2397 3618 2499 3666 aut
2535 3626 2779 3682 poenam.
2808 3609 3079 3679 Egregius
3097 3625 3229 3662 vero
3256 3607 3454 3662 mundi

1852 3702 2183 3775 praedicator
2201 3699 2337 3755 dicit
2368 3719 2379 3754 :
2415 3719 2438 3750 ‹
2464 3699 2661 3755 Omnis
2691 3697 3006 3752 amaritudo
3028 3703 3086 3751 et
3104 3695 3207 3762 ira,
3223 3702 3282 3751 et
3305 3695 3454 3751 indi-

1852 3791 2065 3863 gnatio,
2101 3795 2159 3844 et
2203 3789 2416 3844 clamor
2458 3793 2517 3843 et
2568 3786 2917 3858 blasphemia
2943 3785 3178 3841 tollatur
3223 3801 3259 3839 a
3300 3783 3455 3840 vobis

1855 3881 2165 3952 (Ephes.1v,
2201 3876 2307 3945 31):
2348 3897 2373 3930 ι
2423 3878 2540 3933 Nec
2571 3876 2721 3932 enim
2759 3875 2846 3930 ira
2889 3874 2992 3928 viri
3030 3874 3313 3944 justitiam
3353 3873 3454 3929 Dei

1857 3968 2078 4041 operari
2107 3967 2334 4040 poterit,
2367 3967 2498 4038 quia
2524 3966 2610 4020 ira
2635 3965 2756 4020 sine
2784 3968 3230 4035 temperamento
3259 3978 3455 4034 expers

1855 4064 1940 4112 est
1960 4057 2213 4112 rationis.
2243 4054 2552 4127 Responsio
2596 4054 2781 4108 mollis
2808 4052 3030 4123 mitigat
3073 4053 3247 4117 iram,
3270 4067 3455 4113 sermo

1854 4147 2029 4201 durus
2057 4146 2292 4201 suscitat
2312 4145 2579 4199 furorem.
2619 4164 2641 4195 ι
2668 4143 2768 4219 Vir
2795 4142 3116 4203 iracundus,
3148 4147 3214 4195 ut
3241 4141 3322 4194 ait
3353 4141 3454 4195 Sa-

1854 4237 2065 4302 lomon,
2117 4240 2382 4306 provocat
2418 4233 2608 4301 rixas;
2660 4232 2755 4303 qui
2802 4232 3020 4303 patiens
3075 4235 3179 4294 est,
3233 4229 3459 4298 mitigat

186 4321 437 4393 implevit,
468 4326 567 4381 irae
600 4324 947 4379 occasionem
977 4323 1202 4389 tollens,
1225 4328 1283 4379 et
1310 4339 1421 4377 non
1452 4323 1634 4377 solum
1661 4316 1837 4393 non“
1858 4325 2156 4379 suscitatas
2190 4326 2364 4390 (Prov.
2396 4341 2483 4384 xv,
2516 4320 2629 4389 18).
2662 4340 2687 4370 ι
2727 4321 2999 4392 Spiritum
3027 4335 3159 4372 vero
3179 4317 3454 4388 superbiae

187 4409 333 4466 irasci
364 4414 445 4468 vel
471 4430 587 4468 non
627 4413 878 4468 occidere
918 4412 1109 4483 jussit,
1147 4412 1282 4483 quin
1327 4411 1497 4465 etiam
1542 4405 1840 4467 adversa”
1860 4415 1929 4468 ad
1954 4413 2309 4467 irascendum
2354 4411 2573 4465 facilem
2630 4409 2755 4480 quis
2788 4408 3065 4463 sustinere
3091 4405 3340 4477 poterit?
3370 4406 3456 4461 Ita

187 4515 404 4573 quisque
425 4503 495 4557 ab
517 4502 643 4558 aliis
673 4502 925 4572 irrogata
944 4499 1350 4572 patientissime
1383 4517 1485 4554 nos
1532 4501 1774 4555 tolerare
1857 4519 1970 4557 non
1997 4501 2168 4557 habet
2196 4499 2657 4561 misericordiam,
2683 4514 2786 4552 nec
2801 4512 3103 4567 erumpens
3117 4494 3272 4549 furor
3285 4496 3454 4549 finem

185 4591 450 4662 precepit.
482 4593 569 4648 Ita
598 4591 748 4646 enim
778 4595 865 4644 est
895 4589 1151 4661 quaedam
1179 4589 1366 4661 passio
1387 4590 1612 4656 mentis,
1649 4607 1771 4660 quae
1852 4591 2109 4645 vindictae
2139 4589 2312 4644 novit.
2345 4588 2404 4643 Si
2436 4594 2512 4645 te.
2551 4604 2583 4640 ο
2622 4587 2810 4651 homo,
2844 4583 3313 4657 prmoccupaverit
3347 4583 3451 4651 ira,

184 4677 225 4729 si
250 4680 462 4735 ratione
493 4697 604 4736 non
635 4680 852 4750 regitur
890 4679 948 4733 in
984 4679 1232 4733 furorem
1270 4678 1507 4733 vertitur
1538 4696 1550 4731 :
1584 4678 1664 4732 ita
1707 4685 1771 4733 ut
1855 4680 2054 4749 mitiga
2084 4695 2229 4733 eam.
2255 4678 2358 4733 Illa
2384 4677 2472 4730 ira
2490 4677 2640 4729 mala
2662 4680 2771 4739 est,
2807 4691 2929 4745 quae
2956 4678 3203 4728 mentem
3240 4672 3451 4738 turbat,

184 4764 338 4822 homo
359 4770 448 4824 sui
469 4770 647 4824 animi
666 4768 947 4840 impotens
974 4768 1075 4822 ﬁat
1088 4767 1296 4821 faciens
1324 4768 1473 4838 quod
1503 4785 1615 4822 non
1643 4784 1771 4822 con-

185 4856 338 4910 venit.
375 4858 506 4913 Haec
531 4859 680 4913 enim
701 4858 746 4912 si
769 4858 936 4911 corde
966 4857 1173 4911 insidet
1191 4873 1414 4911 omnem
1430 4857 1623 4910 eximit
1647 4873 1772 4927 pro—

184 4944 476 5002 videntiam
508 4947 577 5001 ab
606 4964 672 5001 eo
700 4947 851 5013 facti,
879 4963 982 5001 nec
1004 4945 1283 5017 judicium
1302 4952 1466 5000 rectae
1488 4946 1773 5000 discretio-

183 5033 261 5087 nis
286 5034 592 5106 inquirere,
636 5053 740 5091 nec
785 5036 1038 5090 honesta
1076 5034 1565 5105 contemplationis
1596 5034 1772 5089 virtu-

181 5126 285 5176 tem
324 5140 427 5178 nec
478 5125 865 5180 maturitatem
904 5124 1121 5178 consilii
1164 5122 1369 5177 habere
1418 5124 1642 5194 poterit,
1675 5125 1773 5178 sed

180 5213 359 5267 omnia
392 5231 496 5285 per
516 5214 886 5286 praecipitium
916 5213 1198 5284 quoddam
1228 5212 1410 5267 facere
1438 5212 1677 5267 videtur.
1694 5214 1775 5267 De

180 5315 282 5368 qua
304 5302 442 5356 item
485 5303 724 5373 pullulat
750 5308 940 5357 tumor
967 5301 1191 5363 mentis,
1225 5301 1374 5365 rixae,
1393 5301 1767 5365 contumeliae,

175 5388 395 5455 clamor,
410 5391 743 5463 indignatio,
761 5391 1139 5463 presumptio,
1155 5390 1532 5461 blasphemiae,
1552 5390 1773 5461 sangui-

179 5478 259 5531 nis
286 5479 505 5547 eﬂ'usio,
531 5481 849 5546 homicidia,
885 5480 1187 5535 ulciscendi
1214 5479 1511 5551 cupiditas,
1536 5479 1771 5550 injuria-

176 5583 295 5624 rum
332 5572 638 5626 memoria:
674 5589 798 5644 qua:
828 5571 1070 5626 vincitur
1095 5587 1196 5642 per
1211 5569 1543 5641 patientiam
1565 5575 1624 5623 et
1649 5568 1769 5624 lon-

1852 4776 1918 4823 ut
1944 4773 2158 4823 rectum
2190 4766 2481 4821 consilium
2515 4764 2732 4835 perdat.
2767 4763 2870 4819 llla
2895 4763 2982 4817 ira
3001 4768 3088 4816 est
3106 4764 3263 4833 justa
3286 4768 3345 4816 et
3363 4778 3457 4816 ne-
3560 4778 3577 4789 ’

1854 4856 2114 4921 cessaria,
2147 4855 2370 4927 quando
2392 4855 2560 4908 homo
2577 4859 2771 4907 contra
2802 4852 3031 4923 propria
3046 4851 3308 4905 irascitur
3333 4867 3457 4921 pec-

1853 4953 1997 5012 cata,
2032 4952 2090 5000 et
2115 4950 2312 4999 contra
2340 4943 2583 5013 seipsum
2613 4941 2943 5011 indignatur
2972 4939 3108 4994 dum
3140 4939 3283 4993 male
3314 4938 3450 5009 agit.

1854 5036 1999 5090 Hinc
2027 5034 2161 5088 dicit
2190 5040 2248 5088 et
2272 5032 2555 5104 Propheta
2586 5050 2597 5084 :
2639 5048 2665 5081 cl
2700 5029 3010 5084 Irascimini
3036 5033 3094 5082 et
3129 5027 3304 5082 nolite
3333 5044 3457 5099 pec-

1856 5141 1982 5179 care
2009 5126 2178 5195 (Psal.
2206 5138 2278 5187 1v,
2312 5120 2386 5190 ει).
2417 5141 2438 5170 ι
2467 5119 2754 5174 Concessit
2771 5118 2918 5189 quod
2942 5122 3159 5171 naturae
3188 5121 3300 5170 est:
3324 5115 3458 5171 tulit

1858 5213 2007 5284 quod
2037 5212 2213 5283 culpa
2240 5215 2343 5264 est.
2381 5208 2490 5264 Sed
2514 5208 2717 5271 adhuc,
2749 5206 2897 5278 quod
2928 5211 3014 5260 est
3039 5205 3288 5276 gravius,
3316 5204 3459 5259 alius

1854 5301 2101 5373 postulat
2128 5305 2366 5355 mortem
2394 5296 2607 5352 inimici
2641 5316 2652 5350 :
2680 5302 2738 5350 et
2765 5312 2894 5350 eum
2925 5311 3093 5366 quem
3122 5293 3310 5365 gladio
3331 5310 3458 5365 pro-

1854 5391 2013 5463 sequi
2040 5406 2153 5444 non
2172 5394 2376 5460 potest,
2410 5385 2767 5458 persequitur
2797 5384 3069 5439 oratione.
3095 5383 3164 5438 Et
3192 5383 3339 5438 vivet
3360 5383 3457 5437 ad-

1852 5480 1963 5536 huc
1993 5478 2089 5551 qui
2117 5477 2489 5541 maledicitur,
2522 5481 2582 5531 et
2609 5481 2802 5530 tamen
2831 5475 2880 5528 is
2908 5473 3005 5546 qui
3036 5472 3455 5543 maledicitjam

1850 5570 1920 5624 de
1948 5573 2131 5623 morte
2158 5566 2309 5621 illius
2337 5582 2467 5622 reus
2493 5570 2738 5620 tenetur.
2760 5562 3093 5619 Jubetenim
3121 5562 3272 5618 Deus
3290 5566 3356 5617 ut
3374 5561 3457 5616 di-
