3982 6158
229 315 376 382 4245

1078 311 1172 378 es
1209 311 1762 382 noonssmsrloa
1798 314 2230 383 DISOIPLINA.
2265 341 2327 367 -ιι
2369 317 2504 380 Lis.
2549 315 2646 379 In.

3371 317 3507 382 1246

228 457 395 505 suam
419 451 673 505 venalem
715 449 887 504 habet
917 450 1108 516 (Eccle.
1144 453 1198 516 κ,
1221 441 1298 518 9).
1331 459 1352 500 t
1377 451 1628 506 Avaritia
1655 453 1824 519 enim,
1845 456 1896 514 Α
1915 463 2005 517 vn,
2042 449 2155 520 29).
2193 473 2220 502 ιο
2260 445 2358 506 Ille
2379 452 2528 504 enim
2557 459 2787 505 nitorem
2821 451 3031 506 habens
3071 449 3233 522 quasi
3260 459 3371 504 non
3405 452 3506 503 lla-

227 551 400 610 quam
417 540 592 595 Graeci
616 539 1020 612 philargyriam
1050 545 1268 604 vocant,
1303 539 1478 593 nimia
1499 545 1584 594 est
1610 543 1828 613 cupidi-

223 631 315 682 tas
343 626 668 682 divitiarum
717 629 1042 699 acquirendi
1081 629 1168 682 vel
1207 626 1456 682 tenendi.
1491 631 1625 694 Quae
1656 631 1829 702 pestis

224 715 578 788 inexplebilis
593 719 696 781 est,
715 721 774 771 et
787 717 1026 788 hydropi
1050 711 1245 770 morbo
1281 717 1578 772 simulatUr
1597 723 1653 773 et
1672 729 1824 774 com-

224 809 478 878 paratur.
516 806 675 861 Sicut
717 806 868 860 enim
900 806 1239 877 hydropicus
1265 812 1474 877 quanto
1503 809 1628 878 plus
1665 808 1820 875 bibit,

221 893 384 948 tanto
409 895 532 965 plus
553 894 690 958 sitit,
708 895 786 948 sic
807 899 864 948 et
878 905 1096 961 avarus,
1123 899 1333 965 quanto
1345 897 1613 965 majorem
1653 902 1824 968 pecu-

223 983 378 1036 niam
394 983 653 1054 acquirit,
673 985 832 1038 tanto
843 984 1118 1053 majorem
1137 983 1346 1037 habere
1361 985 1595 1054 appetit,
1619 991 1675 1038 et
1689 986 1823 1039 dum

225 1073 427 1125 modus
457 1072 509 1125 ei
542 1085 653 1126 non
684 1075 770 1126 est
791 1072 848 1126 in
873 1071 1148 1138 habendo,
1179 1072 1378 1126 modus
1408 1073 1488 1126 illi
1519 1083 1630 1126 non
1675 1075 1823 1127 desi-

221 1155 492 1214 derando.
529 1160 672 1215 Hinc
700 1165 1008 1215 nascuntur
1038 1160 1276 1221 invidiae,
1301 1162 1470 1227 furta,
1508 1163 1820 1225 latrocinia,

221 1249 542 1316 homicidia,
565 1250 874 1312 mendacia,
889 1249 1156 1321 periuria,
1184 1251 1414 1320 rapinae,
1437 1249 1824 1316 violentiee,in-

220 1338 511 1408 quietudo,
556 1339 768 1408 iniusta
787 1339 1021 1408 judicia,
1065 1343 1418 1410 contemptus
1441 1339 1708 1404 veritatis,
1743 1340 1824 1394 fu-

218 1433 364 1482 turae
383 1427 751 1481 besititudinis
781 1427 1006 1493 oblivio,
1047 1427 1342 1481 obduratio
1375 1429 1576 1494 cordis,
1610 1445 1732 1498 quae
1751 1431 1825 1482 sit

214 1517 503 1570 contraria
532 1516 930 1570 misericordiae
959 1522 1015 1570 et
1043 1517 1410 1587 eleemosynte
1440 1518 1498 1572 in
1525 1530 1817 1590 pauperes,

215 1611 273 1658 et
327 1607 502 1659 totius
521 1605 749 1676 pietatis
793 1606 1014 1660 aemula.
1049 1606 1319 1660 Dominus
1347 1623 1480 1676 ergo
1506 1613 1697 1661 noster
1727 1609 1820 1679 qui

215 1707 320 1746 nos
341 1693 614 1764 benignos
633 1709 754 1748 esse
779 1694 848 1748 de
870 1699 1066 1748 nostra
1085 1694 1400 1748 substantia
1410 1697 1749 1766 pauperibus
1767 1704 1824 1750 et

214 1782 440 1836 miseris
459 1783 755 1836 admonet:
783 1783 901 1854 ipse
932 1800 1032 1837 nos
1057 1783 1126 1837 ab
1153 1785 1304 1838 omni
1327 1785 1562 1838 avaritia
1588 1790 1644 1839 et
1669 1786 1819 1856 inju—
1839 1768 1884 1833 Β

213 1877 303 1925 sta
323 1873 576 1942 pecuniis
592 1872 964 1944 acquisitione
985 1872 1264 1944 prohibet.
1281 1873 1390 1937 Qui
1411 1883 1540 1928 vero
1560 1876 1669 1928 ait:
1689 1889 1712 1924 in
1741 1876 1820 1928 De

207 1959 382 2029 justis
410 1959 696 2015 laboribus
721 1961 835 2016 tuis
881 1963 968 2016 fac
1021 1962 1454 2034 eleemosynam,
1488 1983 1516 2011 ι»
1577 1963 1693 2034 ipse
1721 1979 1822 2034 per

209 2050 530 2120 apostolum
544 2065 711 2104 suum
731 2050 990 2104 hortatur
1010 2065 1113 2104 nos
1143 2051 1334 2106 dicens
1357 2069 1368 2104 :
1400 2071 1424 2104 ι
1451 2053 1639 2106 Nolite
1661 2053 1818 2107 frau-

211 2137 541 2192 demfacere
558 2139 790 2194 invicem
814 2140 1004 2208 (1001*.
1039 2155 1129 2205 vn,
1165 2140 1241 2209 5).
1268 2161 1293 2192 »
1329 2141 1471 2195 Nam
1495 2142 1590 2212 qui
1619 2136 1816 2196 fraude

211 2227 469 2298 qualibet
497 2225 708 2298 aliquid
732 2229 1075 2298 acquisierit,
1110 2231 1294 2300 perdit
1315 2231 1552 2300 justitile
1579 2231 1816 2301 aequita-

211 2321 350 2369 tem.
369 2317 437 2370 Et
452 2315 570 2388 ipse
587 2317 857 2372 Dominus
876 2319 935 2372 in
951 2319 1248 2389 Evangelio
1273 2319 1439 2372 dicit:
1469 2331 1495 2371 ι
1515 2320 1716 2373 Cavete
1745 2312 1814 2373 ab

211 2405 369 2458 omni
383 2405 776 2478 avaritia,quia
792 2423 904 2461 non
925 2408 982 2460 in
998 2406 1343 2461 abundantia
1377 2409 1670 2477 cujusdam
1702 2409 1817 2462 vita

1911 540 2022 606 bet,
2058 541 2150 612 qui
2184 542 2261 594 sir
2276 535 2465 594 studet
2485 541 2704 611 placere
2723 541 2968 610 conjilgi,
2991 543 3056 593 ut
3074 555 3187 594 non
3215 533 3509 610 displiceat.

1911 629 2200 700 Conditori
2219 650 2228 696 ;
2251 632 2346 684 flet
2365 643 2605 700 quoque,
2621 630 2718 682 sed
2732 634 3002 699 tanquam
3017 643 3128 682 non
3143 626 3294 693 ﬂeat,
3314 629 3407 699 qui
3426 629 3502 682 sic

1909 715 2314 790 temporalibus
2333 718 2554 772 damnis
2578 718 2866 787 afﬂigitur,
2888 725 2951 771 ut
2976 721 3166 772 tamen
3190 719 3259 772 de
3279 714 3506 771 aeternis

1908 808 2077 862 lucris
2098 817 2320 878 semper
2332 807 2583 861 animum
2609 807 2945 860 consoletur.
2981 807 3202 860 Gaudet
3221 817 3369 866 vero,
3405 807 3498 860 sed

1907 901 2177 966 tanquam
2208 908 2320 950 non
2350 897 2612 966 gaudeat,
2647 895 2740 966 qui
2772 896 2851 949 sic
2880 897 2948 948 de
2979 895 3382 966 temporalibus
3411 896 3504 950 bo-

1906 985 1992 1038 nis
2009 985 2311 1047 hilarescit,
2327 992 2392 1039 ut
2411 996 2634 1054 semper
2653 990 2922 1055 perpetua
2946 987 3224 1038 tormenta
3246 985 3502 1038 conside-

1908 1080 2011 1131 ret,
2037 1081 2091 1126 et
2122 1075 2178 1127 in
2219 1075 2321 1127 hoc
2362 1075 2506 1144 quod
2545 1080 2786 1127 mentem
2815 1074 3022 1142 gaudio
3053 1073 3322 1136 sublevat,
3360 1073 3500 1126 han:-

1907 1163 2173 1216 continuo
2207 1163 2420 1234 providi
2441 1163 2662 1216 timoris
2693 1164 2937 1233 pondere
2961 1165 3197 1232 premat.
3225 1151 3374 1216 Emit
3400 1169 3501 1215 au-

1906 1256 2019 1304 tem
2050 1251 2145 1305 sed
2180 1253 2342 1322 quasi
2395 1263 2503 1305 non
2550 1252 2858 1322 possidens,
2894 1251 2988 1321 qui
3023 1257 3079 1305 et
3106 1251 3176 1304 ad
3207 1264 3370 1304 usum
3394 1255 3499 1305 ter-

1905 1349 2042 1394 rena
2069 1347 2365 1412 praeparat,
2399 1348 2456 1394 et
2482 1347 2670 1394 tamen
2691 1341 2855 1394 cauta
2871 1340 3208 1410 cogitatione
3235 1337 3500 1410 praevidet

1905 1431 2050 1500 qnad
2085 1429 2200 1484 haec
2248 1431 2412 1484 citius
2466 1431 2765 1502 relinquat.
2809 1430 3016 1484 Mundo
3047 1435 3267 1499 quoque
3297 1428 3494 1494 utitur,

1903 1519 2000 1572 sed
2033 1520 2192 1590 quasi
2223 1531 2333 1574 non
2361 1517 2572 1582 utatur,
2591 1521 2685 1589 qui
2708 1525 2763 1572 et
2784 1509 3101 1572 necessaria
3123 1523 3323 1571 cuncta
3345 1521 3497 1572 exte-

1905 1605 2023 1661 rius
2041 1609 2110 1661 ad
2141 1607 2264 1662 vitae
2284 1624 2400 1661 suae
2441 1608 2814 1662 ministerium
2837 1608 3059 1677 redigit,
3083 1611 3140 1660 et
3159 1613 3349 1660 tamen
3381 1608 3501 1660 htec

1905 1697 2102 1750 eadem
2135 1709 2245 1750 non
2274 1697 2410 1751 sinit
2438 1697 2613 1750 menti
2642 1711 2756 1750 sua:
2785 1696 3063 1750 dominari
3098 1713 3108 1748 :
3160 1701 3222 1749 ut
3251 1695 3502 1764 subjecta

1905 1787 2038 1839 toris
2065 1786 2326 1847 serviant,
2347 1792 2404 1839 et
2421 1795 2706 1856 nunquam
2722 1786 3090 1838 intentionem
3107 1785 3280 1838 animi
3299 1785 3369 1838 ad
3383 1785 3497 1839 alta

1901 1875 2184 1928 tendentis
2210 1875 2490 1944 frangant.
2524 1875 2856 1944 Quicunque
2880 1874 3054 1943 igitur
3075 1874 3215 1926 tales
3235 1879 3384 1936 sunt,
3417 1874 3498 1927 eis

1901 1954 2398 2034 profecto'terrena
2443 1964 2632 2018 omnia
2665 1979 2776 2016 non
2797 1962 2866 2016 ad
2900 1957 3258 2026 desiderium,
3293 1961 3386 2016 sed
3428 1963 3499 2016 ad

1900 2062 2065 2107 usum
2103 2053 2326 2116 adsunt,
2358 2053 2492 2122 quia
2524 2053 2690 2106 rebus
2721 2051 2947 2122 quidem
2975 2050 3302 2104 necessariis
3332 2057 3498 2104 utun-

1899 2148 2010 2206 tur,
2043 2142 2140 2194 sed
2162 2142 2302 2194 nihil
2335 2141 2540 2194 habere
2570 2155 2696 2195 cum
2729 2145 2955 2211 peccato
2977 2142 3230 2212 cupiunt.
3251 2141 3330 2193 De
3361 2139 3495 2210 ipsis

1898 2243 2120 2301 quoque
2150 2231 2315 2284 rebus
2338 2231 2544 2284 habitis
2563 2231 2811 2300 quotidie
2835 2231 3121 2283 mercedes
3151 2229 3448 2299 acquirunt
3479 2246 3488 2279 :

1897 2325 1953 2372 et
1983 2321 2106 2390 plus
2123 2320 2372 2389 gaudent
2400 2319 2544 2372 bono
2566 2327 2732 2389 opere
2764 2332 2933 2390 quam
2963 2317 3490 2388 bonapo‘ssessione.

1897 2408 1997 2462 His
2017 2419 2150 2478 ergo
2178 2409 2257 2462 sic
2289 2407 2512 2470 habitis,
2540 2413 2597 2461 et
2625 2409 2928 2462 secundum
2953 2408 3243 2460 veritatem
3277 2405 3355 2460 ita
3369 2413 3493 2476 per-

210 2495 338 2563 ejus
352 2501 439 2548 est
459 2511 523 2548 ex
556 2494 643 2548 his
669 2511 792 2566 quae
813 2495 1081 2566 possidet:
1109 2495 1359 2566 nunquid
1377 2511 1489 2550 non
1519 2496 1717 2550 divites
1745 2497 1815 2550 si-
1895 2497 2116 2568 spectis,
2151 2506 2299 2550 nunc
2349 2497 2818 2551 considerandum
2858 2501 2941 2551 est
2998 2497 3066 2549 de
3105 2494 3488 2566 corporalibus

211 2583 429 2637 militer
449 2583 774 2638 moriuntur
788 2584 931 2637 sicut
951 2591 1005 2637 et
1027 2601 1315 2655 pauperes.
1341 2586 1489 2650 (Luc.
1511 2602 1639 2650 xxn,
1667 2586 1807 2654 15?)»
1893 2579 2128 2651 delictis,
2162 2601 2329 2656 quam
2352 2587 2546 2655 gravia
2562 2585 2691 2639 sint.

210 2672 344 2726 Non
361 2673 627 2743 prodesse
661 2679 891 2744 possunt
919 2669 1189 2726 divitiaein
1219 2673 1309 2726 die
1330 2673 1577 2738 ultionis,
1612 2691 1714 2727 nec
1744 2675 1810 2727 li-

209 2761 494 2816 berabunt
533 2763 680 2816 male
707 2765 930 2816 utentes
959 2761 1040 2814 eis
1069 2776 1102 2814 a
1132 2759 1310 2832 poenis
1341 2761 1717 2832 sempiternis.
1753 2763 1810 2816 Si

207 2851 470 2905 volumus
499 2863 662 2904 nosse
693 2861 861 2922 quam
897 2850 1240 2922 perniciosus
1270 2857 1372 2915 est,
1411 2861 1580 2922 quam
1609 2850 1812 2905 noxius

2565 2731 2633 2780 [)e
2669 2729 2823 2793 gula.

1967 2853 2218 2906 Primum
2231 2852 2381 2906 enim
2399 2857 2485 2906 est
2503 2852 2791 2922 corporale
2807 2855 3094 2922 peccatum
3112 2851 3265 2920 gula,
3300 2847 3356 2902 id
3386 2855 3490 2914 est,

207 2937 1477 3009 fomesiste,nisifueritdiligenterexcisus,ad
1500 2939 1812 3010 ejusinter-
1894 2941 2278 3011 intemperans
2327 2940 2432 2994 cibi
2492 2942 2571 2994 vel
2617 2941 2784 3012 potus
2839 2941 3114 3010 mltiptas,
3167 2947 3269 3010 per
3321 2946 3490 3009 quam

209 3027 359 3082 itum
376 3028 472 3099 qui
489 3038 618 3082 eum
635 3029 848 3100 ceperit
859 3027 1562 3098 fructiﬂcet,otomnigenis
1577 3023 1815 3099 pullulet
1839 3093 1882 3100 Α
1897 3029 2064 3100 primi
2095 3037 2355 3100 parentes
2377 3031 2608 3084 humani
2637 3031 2862 3100 generis
2893 3029 3142 3100 paradisi
3170 3027 3492 3082 felicitatem

212 3093 587 3170 mmuncullis
605 3093 888 3180 vitiorum,
913 3117 1276 3187 respiciamus
1294 3118 1351 3170 in
1372 3093 1815 3188 ludam-aposto-
1835 3093 1883 3155 Ο
1899 3093 2284 3190 perdiderunt,
2311 3125 2368 3172 et
2389 3120 2448 3173 in
2476 3121 2619 3173 hanc
2639 3093 3011 3174 aerumnosam
3031 3119 3202 3190 hujus
3232 3117 3356 3171 vitae
3389 3117 3495 3170 mi-

213 3205 404 3260 lorum
422 3217 661 3260 numero
682 3207 1036 3277 deputatum,
1062 3206 1195 3276 quia
1214 3215 1326 3260 non
1348 3206 1524 3260 Voluit
1542 3206 1816 3276 serpentis

213 3293 389 3363 hujus
400 3301 571 3365 caput
579 3295 784 3349 lethale
796 3300 1022 3348 contere
1029 3311 1086 3347 re
1100 3294 1342 3365 qualiter
1354 3307 1480 3348 eum
1493 3311 1594 3348 suo
1606 3304 1816 3348 Veneno

209 3383 545 3453 peremerit:
563 3389 620 3436 et
633 3383 1092 3454 concupiscentiae
1105 3384 1318 3454 laqueis
1328 3383 1607 3436 irretitum
1619 3384 1686 3437 ad
1699 3389 1817 3436 tam

210 3471 443 3542 abrupti
464 3473 753 3544 praecipitii
767 3473 979 3526 crimen
991 3473 1066 3526 im
1073 3473 1307 3543 pegerit,
1323 3477 1387 3526 ut
1404 3473 1814 3542 redemptorem

210 3562 414 3616 mundi
447 3567 507 3615 et
536 3562 792 3615 humanae
823 3563 1020 3616 salutis
1048 3568 1333 3616 auctorem
1364 3561 1432 3613 ob
1463 3561 1694 3630 triginta
1723 3577 1814 3615 ar-

203 3657 449 3722 genteos
468 3651 813 3723 persuaserit
827 3651 1083 3704 vendere.
1101 3651 1208 3715 Qui
1230 3658 1587 3721 nequaquam
1610 3650 1678 3703 ad
1696 3655 1814 3703 tam

205 3741 514 3794 scelestum
528 3740 859 3812 proditionis
885 3739 1101 3793 facinus
1116 3745 1264 3793 esset
1291 3731 1602 3804 devolutus,
1635 3739 1681 3792 si
1705 3747 1815 3792 non

205 3829 579 3900 phiialgyrize
637 3829 831 3882 morbo
871 3829 1070 3883 fuisset
1099 3828 1354 3892 infectus,
1388 3840 1488 3882 nec
1516 3827 1816 3882 Dominicis

205 3918 537 3988 negationis
567 3929 791 3993 reusac
825 3917 1131 3988 sacrilegus
1171 3917 1492 3981 exstitisset,
1525 3917 1633 3969 nisi
1662 3917 1816 3987 priuS

205 4007 414 4060 solitus
443 4006 643 4060 fuisset
669 4007 908 4060 creditos
936 4006 1041 4060 sibi
1085 3997 1294 4060 loculos
1338 4005 1662 4076 compilare.
1707 4006 1813 4059 Sed

205 4096 348 4150 licet
376 4095 542 4149 multi
565 4095 916 4149 detestentur
931 4095 1111 4149 scelds
1127 4095 1300 4157 Iudae,
1335 4095 1496 4166 pauci
1520 4101 1709 4148 tamen
1739 4095 1814 4146 vi-

205 4189 340 4238 tare
371 4184 622 4238 student.
649 4184 755 4247 Qui
777 4195 909 4253 ergo
931 4195 1059 4237 reus
1082 4183 1381 4238 Dominum
1401 4183 1670 4249 vendidit,
1685 4191 1815 4237 rens

204 4289 340 4327 esse
361 4272 434 4326 ab
475 4273 737 4326 omnibus
767 4273 1141 4343 adjudicatur,
1173 4278 1230 4325 et
1269 4273 1364 4342 qui
1394 4273 1687 4328 veritatem
1715 4283 1816 4343 pro

203 4361 510 4416 mendacio
535 4367 861 4427 commutat,
884 4361 970 4414 vix
993 4377 1026 4414 a
1053 4376 1336 4432 quoquam
1363 4360 1814 4432 reprehenditur.

1837 4413 1884 4471 D

1899 3209 2101 3262 seriam
2135 3209 2336 3278 dejecti
2370 3214 2521 3270 sunt,
2553 3200 2648 3262 ubi
2671 3209 2855 3261 omnis
2888 3209 3054 3261 homo
3073 3216 3174 3278 per
3202 3212 3491 3278 peccatum

1899 3299 2164 3363 nascitur,
2200 3307 2300 3368 per
2331 3298 2577 3351 laborem
2608 3297 2758 3362 vivit,
2809 3309 2910 3367 per
2943 3295 3194 3349 dolorem
3233 3295 3490 3348 moritur.

1900 3387 2036 3450 Quis
2062 3387 2210 3440 enim
2243 3385 2588 3439 sufficienter
2618 3390 2912 3438 enumeret
2941 3395 3063 3454 quae
3092 3389 3148 3436 et
3177 3389 3388 3454 qnanta
3415 3383 3494 3436 illi

1899 3475 2242 3545 protoplasto
2259 3481 2451 3527 nostro
2464 3473 2816 3527 abstinentiae
2827 3477 3182 3542 contemptus
3198 3472 3490 3533 ademerit,

1899 3563 2044 3634 quod
2075 3563 2472 3616 intellectualis
2505 3563 2708 3615 mentis
2736 3562 3011 3630 dignitate
3026 3562 3266 3614 donatus
3293 3559 3494 3629 imagi-

1898 3661 2027 3706 nem
2056 3653 2143 3706 sui
2166 3651 2448 3704 Creatoris
2470 3651 2698 3721 accepit,
2734 3651 2880 3721 quod
2914 3649 3015 3702 soli
3046 3641 3161 3703 Deo
3191 3667 3289 3702 suo
3312 3640 3497 3718 subje-

1897 3747 2020 3795 ctus
2041 3741 2232 3794 omnia
2258 3739 2501 3793 visibilis.
2521 3739 2626 3792 sibi
2652 3738 2904 3808 subjecta
2932 3737 3236 3808 conspexit,
3269 3737 3417 3808 quod
3443 3737 3492 3789 ei

1899 3831 1968 3884 ad
1999 3823 2217 3884 vivendi
2278 3839 2444 3883 usum
2502 3828 2712 3882 allhtim
2767 3828 3049 3897 lignorum
3089 3827 3340 3880 omnium
3371 3838 3531 3896 quae

1899 3924 2061 3972 erant
2087 3918 2144 3971 in
2175 3918 2437 3989 paradiso
2453 3917 2713 3971 feracitas
2739 3913 2927 3970 divina
2941 3907 3194 3987 jussione
3218 3915 3447 3969 servivit
3478 3933 3491 3980 ;

1899 4007 2047 4079 quod
2072 4007 2239 4060 arbor
2260 4007 2383 4060 vitae
2405 4006 2701 4077 mysticum
2733 4005 2917 4059 cibum
2948 4015 3060 4058 non
3087 4001 3235 4058 unde
3265 4003 3490 4066 viveret,

1899 4097 1993 4150 sed
2027 4097 2174 4150 unde
2205 4096 2374 4150 vitam
2404 4096 2654 4166 corporis
2698 4109 2810 4148 non
2855 4086 3062 4159 finiret,
3096 4093 3182 4147 sui
3214 4093 3496 4146 Creatoris

1897 4193 2130 4238 munere
2162 4184 2518 4248 ministravit,
2567 4184 2661 4254 qui
2692 4183 2876 4237 cibum
2907 4181 3153 4252 quandiu
3182 4181 3496 4252 percipere-

1899 4280 2011 4338 tur,
2041 4275 2120 4328 ita
2153 4275 2552 4345 percipientem
2608 4289 2668 4326 se
2711 4272 2766 4326 in
2817 4283 2930 4326 uno
2963 4277 3114 4325 statu
3161 4270 3496 4323 sacramenti

1901 4364 2194 4434 cujusdam
2227 4364 2451 4417 latentis
2502 4361 2743 4430 ﬂgdrata
2792 4360 3199 4426 significatione
3229 4364 3493 4422 servaret,

201 4447 1966 4522 Namquicunquepropteramorempecunite,relcommo-“ut
2011 4468 2138 4506 eum
2189 4469 2289 4506 nec
2335 4452 2448 4505 ulla
2497 4449 2824 4503 inﬁrmitate
2869 4447 3169 4516 corrumpi,
3203 4457 3303 4499 nec
3333 4449 3496 4499 aetate

201 4541 352 4594 dum
403 4545 692 4594 terrenum
727 4539 1018 4593 veritatem
1047 4539 1254 4603 vendit,
1293 4539 1577 4593 Christum
1609 4541 1812 4610 perdit,

202 4635 268 4682 et
288 4629 451 4682 Judae
477 4628 703 4682 sceleris
733 4632 818 4682 est
847 4627 1126 4698 particeps
1150 4647 1162 4694 ;
1199 4627 1279 4682 ait
1299 4629 1447 4682 enim
1475 4629 1594 4698 ipse
1625 4629 1815 4682 Domi-

201 4733 324 4774 nus
353 4735 365 4770 :
397 4737 421 4765 τι
459 4718 573 4788 Ego
604 4725 729 4771 sum
763 4717 866 4781 via,
900 4722 958 4770 et
999 4716 1224 4783 veritas,
1259 4723 1315 4771 et
1354 4717 1466 4770 vita
1503 4719 1683 4780 (JOan.
1708 4727 1815 4783 xlv,

200 4807 290 4874 6).
335 4824 358 4854 η
395 4806 582 4859 Vitam
630 4806 825 4876 utique
872 4805 1099 4870 deserit,
1134 4805 1228 4876 qui
1274 4806 1563 4859 veritatem
1623 4810 1819 4859 contra

202 4895 516 4969 pecuniam
533 4890 742 4958 vendit,
759 4901 816 4948 et
833 4894 961 4947 inde
974 4900 1225 4947 mercatu
1257 4895 1502 4948 infausto
1517 4907 1629 4948 non
1644 4895 1817 4949 vitam

204 4988 469 5038 meretur
497 4988 786 5050 aeternam,
832 4983 928 5036 sed
955 4983 1234 5036 mendacii
1267 4982 1514 5036 debitam
1545 4985 1821 5053 mergitur

205 5075 272 5126 in
302 5081 550 5143 penam.
596 5072 736 5125 Hinc
783 5087 886 5125 nos
913 5072 1122 5126 Paulus
1151 5072 1436 5142 apostolus
1467 5072 1733 5126 admonet
1762 5079 1818 5125 et

203 5162 389 5216 dicit:
439 5179 464 5212 ι
497 5160 741 5231 Tempus
789 5160 956 5214 breve
1006 5165 1108 5222 est,
1165 5161 1445 5231 reliquum
1493 5163 1596 5226 est,
1629 5167 1693 5214 ut
1722 5163 1817 5231 qui

202 5250 431 5304 habent
458 5259 660 5302 uxores
702 5254 975 5320 tanquam
1004 5262 1116 5302 non
1149 5249 1416 5303 habentes
1447 5251 1577 5314 sint,
1627 5255 1684 5303 et
1721 5250 1815 5320 qui

203 5341 357 5393 ﬂent
385 5344 658 5409 tanquam
699 5347 806 5392 non
827 5339 1048 5404 fientes,
1079 5344 1136 5391 et
1161 5339 1257 5408 qui
1277 5339 1530 5407 gaudent
1547 5343 1815 5408 tanquam

203 5443 328 5482 non
361 5427 694 5496 gaudentes,
730 5431 788 5480 et
816 5427 911 5496 qui
956 5433 1154 5480 emunt
1197 5430 1463 5496 tanquam
1498 5435 1608 5479 non
1639 5427 1816 5496 possi-

203 5517 440 5577 dentes,
477 5522 533 5569 et
580 5517 674 5586 qui
726 5520 966 5570 utuntur
1013 5516 1117 5569 hoc
1157 5517 1365 5570 mundo
1406 5520 1675 5584 tanquam
1705 5530 1816 5568 non

207 5612 473 5660 utantur.
511 5604 768 5659 Praeterit
799 5605 947 5658 enim
977 5605 1160 5675 ﬁgura
1189 5607 1357 5674 huius
1387 5599 1582 5657 mundi
1614 5605 1665 5670 (Ι
1690 5606 1810 5658 Ger.

1899 4539 2127 4604 mutari,
2155 4543 2254 4594 aut
2281 4547 2590 4604 senescere,
2624 4547 2724 4591 nec
2746 4537 2970 4590 dissolvi
3002 4541 3180 4589 morte
3211 4535 3497 4606 permitte-

1900 4636 2004 4684 ret.
2040 4631 2162 4684 Non
2190 4627 2538 4699 inquietabat
2580 4627 2818 4680 molesta
2873 4616 3186 4678 sollicitudo
3218 4624 3492 4694 quietum,

1899 4733 2011 4772 non
2041 4717 2480 4787 fatigabatlabOr
2499 4717 2697 4770 anxius
2720 4715 2984 4778 otiosum,
3015 4721 3126 4767 non
3157 4721 3386 4767 somnus
3403 4725 3497 4784 op-

1900 4805 2178 4878 primebat
2199 4806 2454 4868 invitum,
2487 4818 2598 4858 non
2629 4804 2953 4857 amittenda!
2985 4803 3108 4856 vitae
3135 4803 3306 4855 timor
3323 4811 3495 4872 ange-

1868 4897 1879 4904 ”
1901 4888 1998 4949 hat
2033 4889 2458 4948 immortalitate
2487 4902 2766 4950 securam.
2783 4891 3024 4945 habebat
3052 4891 3270 4944 facilem
3291 4891 3494 4944 victum

1900 4997 2101 5055 corpus
2117 4997 2180 5037 ex
2193 4981 2450 5036 omnibus
2479 4981 2732 5052 partibus
2752 4989 2978 5045 sanam,
3003 4979 3368 5049 tranquillum
3385 4995 3497 5033 mo-

1898 5080 2041 5137 tum,
2075 5087 2170 5126 cor
2195 5072 2484 5136 mundum,
2518 5071 2746 5140 ignarus
2767 5069 3002 5140 poenalis
3034 5067 3188 5131 mali,
3215 5066 3494 5120 habitator

1899 5162 2165 5233 paradisi,
2201 5171 2396 5232 expers
2425 5160 2655 5231 peccati,
2689 5171 2860 5230 capax
2891 5157 3009 5212 Dei.
3045 5151 3335 5211 Postremo
3364 5156 3496 5226 quid

1901 5265 1967 5305 eo
1997 5244 2213 5304 felicius
2241 5250 2332 5315 sit,
2364 5249 2454 5303 cui
2485 5255 2605 5302 erat
2627 5249 2776 5302 orbis
2805 5247 3108 5318 subjectus,
3141 5245 3328 5298 nullus
3357 5244 3496 5298 infe-

1901 5345 2042 5405 stus,
2067 5339 2209 5393 liber
2239 5339 2480 5400 animus,
2510 5343 2564 5390 et
2585 5337 2817 5390 visibilis
2833 5337 3023 5390 Deus?
3045 5333 3494 5405 quandoquidem

1901 5429 2010 5482 nisi
2043 5435 2173 5482 ante
2205 5433 2491 5498 peccatum
2516 5429 2691 5480 Deum
2713 5427 2898 5479 videre
2929 5425 2986 5478 in
3015 5423 3396 5492 assumptione
3423 5423 3497 5475 vi-

1901 5517 2078 5571 sibilis
2099 5524 2368 5570 creaturae
2409 5517 2632 5570 soleret.
2682 5515 2960 5585 quomodo
3009 5528 3068 5566 se
3091 5514 3209 5581 jam
3241 5518 3500 5582 peccatur

1900 5607 2128 5660 effectus
2157 5613 2191 5658 a
2217 5605 2358 5658 facie
2378 5603 2478 5657 Dei
2507 5613 2677 5674 quam
2707 5614 2997 5672 nunquam
3018 5599 3492 5656 vidissotabuen-
