3982 6158
583 295 718 352 1247

1165 296 1226 350 Β.
1268 296 1538 353 RABANI
1577 299 1809 355 MAURI
1860 296 2195 353 ARCHIEP.
2237 293 2562 352 MOGUNT.
2603 292 2900 349 OPERUM
2933 292 3120 350 PARS
3153 293 3247 348 III.

3651 295 3752 352 l2t8

579 418 772 474 deret?
802 419 996 475 Potuit
1011 435 1146 492 ergo
1163 420 1245 476 ita
1266 421 1456 479 videre
1475 425 1656 481 Deum
1679 426 2032 499 prius,quam
2052 441 2176 497 pec-
2191 425 2242 485 A
2255 420 2448 493 gulam
2479 437 2602 492 qua
2621 435 2657 475 a
2687 399 3121 492 quadrupedum~
3155 435 3252 475 esu
3278 419 3513 493 prohibet
3537 421 3755 494 vitupere.

581 513 753 574 caret,
786 509 986 575 Adam,
1001 508 1149 564 sicut
1167 527 1298 564 eum
1319 509 1496 568 sancti
1519 515 1853 586 patriarcha
1869 515 2129 569 viderunt
2159 533 2173 580 ;

581 596 680 651 sed
708 597 932 668 quando
991 597 1114 652 ait:
1179 620 1201 650 ι
1239 600 1443 656 Vocem
1483 610 1640 658 tuam
1698 604 1907 669 audivi,
1931 609 1989 658 et
2013 602 2178 658 timui

577 685 734 757 (Gen.
767 703 840 752 Ill,
880 686 984 756 ιο),
1028 703 1094 742 ex
1142 688 1239 742 illa
1261 690 1382 760 jam
1414 691 1640 748 videndi
1671 694 1851 749 Deum
1879 692 2178 748 sanctitate

580 774 876 840 ceciderat,
902 776 996 848 qui
1019 793 1121 848 per
1136 777 1328 848 gulam
1343 779 1671 836 mandatum
1683 782 2178 852 Deitransgressus

579 862 782 918 fuerat.
824 864 958 928 Qua
993 865 1250 920 videlicet
1279 867 1458 923 tribus
1485 869 1667 924 modis
1695 887 1930 942 regnare
1960 870 2179 925 videtur

581 952 639 1006 in
659 952 885 1008 homine
910 973 922 1020 ;
948 953 1003 1008 id
1033 960 1136 1021 est,
1170 955 1304 1010 dum
1341 957 1508 1013 homo
1538 959 1733 1014 horam
1765 960 2091 1014 canonicam
2120 965 2178 1013 et

581 1046 850 1097 statutam
874 1043 1021 1114 gula
1053 1060 1232 1098 causa
1263 1046 1571 1119 anticipare
1600 1049 1773 1121 cupit,
1805 1055 1906 1104 aut
1931 1049 2176 1121 exquisi-

579 1130 753 1185 tiores
779 1131 932 1186 cibos
978 1131 1084 1187 sibi
1131 1150 1450 1206 praparare
1474 1135 1638 1206 jubet
1673 1155 1842 1210 quam
1878 1139 2180 1192 necessitas

579 1220 830 1297 corporis
861 1221 944 1275 vel
989 1239 1104 1276 sua
1133 1223 1376 1294 qualitas
1405 1241 1658 1296 persona
1687 1227 1965 1298 exagitat;
2014 1228 2102 1282 vel
2130 1227 2178 1281 si

579 1309 706 1380 plus
731 1309 970 1381 accipiat
988 1311 1046 1364 in
1077 1311 1292 1366 edendo
1331 1314 1415 1367 vel
1437 1313 1677 1370 bibendo
1707 1322 1938 1388 propter
1958 1316 2178 1371 deside-

581 1399 728 1452 rium
757 1398 1203 1471 intemperantia
1231 1417 1347 1456 sua
1369 1419 1536 1472 quam
1567 1421 1682 1458 sua
1713 1405 1968 1476 proﬁciat
1987 1405 2176 1460 saluti.

581 1486 690 1543 Sed
706 1487 810 1541 hoc
819 1488 1106 1542 sciendum
1121 1494 1208 1544 est
1223 1491 1372 1560 quod
1385 1507 1488 1546 nec
1499 1492 1710 1548 delicia
1722 1493 1984 1564 qualibet
1996 1494 2042 1549 si
2059 1494 2182 1548 abs-

543 1579 554 1590 '
581 1592 689 1647 que
705 1576 982 1631 desiderio
996 1577 1396 1649 percipiantur,
1413 1581 1668 1636 ofﬁciunt
1687 1601 1698 1650 ;
1716 1589 1774 1636 et
1785 1582 1919 1636 viles
1934 1582 2040 1638 cibi
2061 1583 2180 1654 ple-

581 1680 820 1736 rumque
840 1665 1192 1721 abstinentia
1211 1668 1541 1738 profectum,
1571 1670 1618 1724 si
1638 1677 2023 1742 competenter
2041 1671 2183 1727 acci-

2259 527 2404 575 mus,
2431 511 2516 564 vel
2539 510 2875 582 panitentes
2903 510 3155 564 carnium
3185 526 3279 564 esu
3316 509 3566 564 abstinere
3606 513 3755 581 prohi-

2259 597 2512 665 beamus,
2542 599 2638 654 sed
2668 606 2735 654 ut
2761 598 3038 670 quomodo
3065 598 3208 668 gula
3251 597 3433 652 vitium
3466 598 3756 653 devimndum

2259 687 2336 743 sit
2353 689 2672 744 doceamus.
2704 688 2940 760 Oportet
2957 687 3120 743 enim‘
3149 693 3213 742 ut
3239 687 3330 758 qui
3357 703 3390 741 a
3428 687 3542 742 vino
3565 693 3613 741 et
3625 688 3762 742 carni-

2259 777 2364 832 bus
2397 794 2457 831 se
2485 777 2731 832 abstinet
2765 793 2879 832 non
2908 776 2982 830 sit
3011 776 3069 830 in
3097 775 3310 831 cateris
3344 775 3472 830 cibis
3497 775 3569 828 vel
3591 775 3760 846 potibus

2259 866 2408 921 ultra
2438 866 2665 922 modum
2695 865 2891 920 avidus
2940 886 2953 920 :
3011 865 3106 919 sed
3147 864 3204 920 in
3242 863 3486 920 omnibus
3509 863 3688 918 sobrius
3722 873 3761 917 et

2257 955 2601 1010 moderatus.
2636 954 2781 1020 Quid
2813 970 2944 1025 ergo
2975 953 3226 1026 proderit
3250 952 3393 1025 quod
3421 953 3532 1025 quis
3547 952 3760 1008 abstineat

2262 1043 2386 1098 vino
2417 1051 2474 1098 et
2501 1061 2688 1110 carne,
2721 1049 2779 1099 et
2814 1049 3043 1098 cateros
3081 1041 3234 1097 cibos
3260 1041 3343 1097 vel
3366 1048 3517 1113 potus
3540 1059 3684 1114 usque
3713 1045 3762 1098 ad

2260 1133 2596 1188 cruditatem
2619 1133 2706 1187 vel
2724 1132 2994 1188 vomitum
3025 1137 3234 1196 sumat,
3267 1147 3391 1185 cum
3409 1147 3512 1186 non
3526 1147 3673 1201 genus
3693 1133 3766 1186 ali-

2261 1224 2457 1289 menti,
2488 1222 2586 1276 sed
2632 1221 2987 1276 solummodo
3042 1220 3372 1275 comessatio
3423 1226 3478 1274 et
3508 1219 3704 1302 ebrietas
3723 1221 3766 1274 in

2261 1311 2396 1366 vitio
2425 1311 2534 1366 sit?
2559 1311 2719 1366 Unde
2735 1309 3156 1365 consideremus
3170 1309 3546 1380 utdiligentius
3555 1308 3766 1364 sobrieta-

2261 1400 2336 1454 tis
2349 1401 2485 1472 jura
2503 1399 2800 1455 observare
2815 1399 3223 1454 contendamus
3249 1398 3310 1452 in
3335 1397 3578 1453 conviviis
3592 1398 3765 1453 nostri.

2262 1489 2419 1544 Sicut
2455 1489 2920 1544 comessationem
2959 1495 3017 1542 et
3062 1487 3389 1543 ebrietatem
3425 1502 3689 1550 caveamus,
3711 1487 3769 1540 ita

2263 1583 2320 1632 et
2355 1595 2389 1632 a
2417 1577 2585 1632 verbo
2640 1577 3004 1633 detractionis
3033 1583 3090 1632 et
3117 1575 3479 1648 stultiloquio,
3508 1592 3596 1630 nec
3621 1591 3708 1630 non
3729 1582 3770 1627 et

2265 1683 2300 1720 a
2327 1667 2485 1722 vanis
2507 1667 2650 1736 jocis
2698 1667 3051 1722 continentes
3097 1666 3294 1720 simus.
3352 1665 3619 1721 Mimorum
3650 1671 3695 1718 et
3714 1664 3773 1716 hi-

581 1753 826 1824 piantur,
854 1754 1207 1826 impendunt.
1243 1757 1388 1812 Hinc
1417 1763 1504 1812 est
1541 1759 1689 1829 quod
1741 1767 1969 1815 sanctus
1999 1761 2174 1816 David
2194 1751 2241 1812 Β
2262 1756 2540 1810 strionum
2569 1757 2724 1811 lusus
2749 1760 2807 1811 et
2834 1755 3085 1810 carmina
3113 1755 3268 1809 velut
3300 1770 3557 1808 venenum
3581 1752 3773 1807 iziortile-

581 1859 740 1914 aqua
769 1842 827 1897 in
853 1860 912 1897 se
941 1843 1451 1916 concupiscentiam
1502 1847 1820 1918 castigavit,
1853 1846 2022 1921 atque
2053 1866 2177 1905 eam

581 1931 687 1986 sibi
724 1948 759 1986 a
786 1931 902 1986 suis
931 1932 1196 1998 oblatam,
1231 1950 1302 1988 ne
1343 1934 1622 1990 desiderio
1652 1953 1717 1991 ex
1759 1954 1827 1992 ea
1857 1939 2178 1994 satisfacere

579 2020 882 2088 videretur,
900 2021 1130 2076 effudit:
1157 2028 1214 2076 et
1233 2028 1426 2078 sancto
1453 2025 1587 2080 Elia
1617 2026 1900 2098 perceptio
1921 2028 2175 2082 carnium

580 2125 693 2164 non
748 2110 1044 2181 concupita
1087 2127 1199 2165 non
1249 2113 1458 2167 nocuit.
1500 2113 1659 2169 Unde
1714 2115 1884 2170 datur
1937 2116 2176 2187 intelligi

581 2198 729 2270 quod
757 2199 1028 2254 veraciter
1044 2199 1392 2255 abstinentes
1413 2219 1669 2258 escarum
1684 2220 1797 2259 non
1817 2205 2176 2270 naturas,sed

578 2288 1059 2360 concupiscentias
1084 2289 1357 2344 damnent
1377 2305 1392 2338 :
1416 2307 1482 2344 ac
1505 2292 1821 2348 voluntates
1865 2310 1999 2348 suas
2025 2293 2174 2349 desi-

579 2377 687 2431 rati
711 2376 819 2431 cibi
851 2377 935 2433 vel
963 2383 1128 2449 potus
1156 2378 1425 2434 abusione
1463 2380 1818 2436 mortificent.
1843 2382 1952 2448 Qui
1982 2389 2174 2438 autem

577 2482 690 2521 non
715 2467 894 2522 solum
917 2484 950 2521 a
980 2467 1269 2539 qualitate,
1301 2469 1396 2524 sed
1421 2469 1592 2524 etiam
1622 2487 1654 2525 a
1685 2472 2000 2542 quantitate
2027 2472 2176 2528 cibo-

577 2571 705 2610 rum
734 2555 970 2628 cupiunt
991 2555 1292 2623 abstinere,
1335 2557 1476 2613 nihil
1513 2559 1666 2614 aliud
1696 2560 1942 2626 student,
1975 2561 2084 2616 nisi
2114 2569 2179 2617 ut

581 2650 853 2715 quantum
900 2646 1190 2700 stomacho
1233 2646 1536 2702 reﬁciendo
1585 2665 1650 2702 ac
1701 2649 1836 2704 fami
1873 2649 2180 2706 eximenda

581 2733 720 2787 satis
748 2749 870 2787 esse
892 2733 1116 2788 videtur
1138 2734 1486 2806 indulgeant,
1520 2753 1623 2791 nec
1651 2738 1910 2810 expleant
1929 2755 2060 2794 suos
2088 2757 2182 2812 ap-

584 2821 796 2893 petitus
810 2822 1076 2876 aviditate
1095 2823 1458 2895 percipiendi,
1482 2826 1581 2880 sed
1607 2827 2178 2900 comprimant,atque

2260 1861 2386 1899 rum
2427 1862 2779 1917 respuamus,
2825 1845 2958 1916 quia
2985 1843 3239 1900 seductio
3269 1850 3327 1898 et
3365 1849 3646 1898 commenta
3680 1849 3775 1895 sunt

2261 1933 2470 1988 diaboli
2501 1933 2526 1988 ?
2569 1951 2848 1989 memores
2887 1949 3110 2004 semper
3151 1933 3306 1988 illius
3333 1932 3510 1987 divitis
3541 1930 3775 2001 evangelici

2261 2023 2356 2094 qui
2377 2023 2633 2094 sepultus
2663 2023 2724 2078 in
2753 2022 2970 2078 inferno
3001 2021 3324 2094 refrigerari
3367 2021 3466 2076 sibi
3483 2021 3695 2091 linguam
3717 2036 3780 2073 ar-

2257 2111 2482 2166 dentem
2513 2111 2782 2184 poposcit,
2813 2127 2948 2182 quia
2975 2111 3033 2164 in
3053 2111 3322 2166 conviviis
3339 2109 3451 2164 suis
3467 2109 3596 2180 gula
3614 2107 3780 2161 «tami-

2258 2201 2446 2272 ιοίιιιίο
2477 2207 2609 2256 ante
2651 2200 2924 2256 serviunt.
2979 2199 3296 2254 Audiamus
3341 2197 3637 2270 Apostolum
3661 2195 3777 2250 nobs

2256 2289 2596 2360 loquentem:
2634 2309 2660 2341 (‹
2681 2289 2808 2344 Sive
2823 2289 2974 2344 enim
2992 2288 3417 2352 manducemus,
3443 2287 3547 2340 sive
3564 2285 3777 2338 bii-amns.

2255 2378 2370 2432 sive
2414 2378 2569 2434 aliud
2611 2379 2742 2450 quid
2775 2394 3030 2449 agamus,
3064 2376 3259 2432 omnia
3287 2377 3346 2431 in
3371 2375 3589 2447 gloriam
3622 2373 3700 2428 llei
3723 2373 3780 2427 tuo

2255 2467 2470 2522 ciamus
2513 2469 2564 2533 (Ι
2590 2469 2712 2524 σον.
2745 2485 2797 2536 x,
2827 2469 2942 2537 31).
2979 2486 3003 2520 ι

2817 2613 2890 2665 De
2915 2610 3308 2678 fornicatione.

2334 2736 2464 2791 Hac
2492 2736 2562 2790 de
2589 2736 2730 2806 gula
2755 2735 2906 2790 dicta
2941 2735 3246 2791 sufﬁciant.
3279 2751 3428 2790 nunc
3455 2736 3785 2803 consequenter

2261 2824 2395 2895 quid
2417 2823 2487 2879 de
2516 2826 2640 2895 ejus
2653 2830 2911 2880 consorte
2923 2823 3180 2878 videlicet
3190 2823 3548 2879 fornicatione
3562 2822 3755 2892 Scripta:
3764 2836 3786 2870 ει

585 2909 667 2964 eis
695 2927 805 2966 non
838 2911 1070 2966 satietas
1111 2912 1312 2968 edendi
1344 2914 1511 2969 finem
1539 2915 1725 2982 faciat,
1761 2917 1861 2971 sed
1896 2919 2172 2985 voluntas,
2258 2919 2452 2968 sancta
2469 2913 2693 2969 intimet
2719 2913 3026 2968 videamus.
3061 2913 3305 2968 Sanctus
3336 2913 3535 2968 Paulus
3559 2927 3623 2982 ap
3640 2909 3784 2963 istolus

585 2999 718 3069 quia
744 3005 862 3054 tam
900 3016 936 3054 a
983 3001 1291 3072 cupiditate
1321 3003 1694 3073 pretiosorum
1725 3004 1978 3061 ciborum
2009 3023 2178 3078 quam
2208 3074 2243 3083 η
2261 3001 2607 3083 scribens_ad
2638 3003 2938 3075 discipulos
2969 3002 3050 3056 ita
3079 3001 3160 3056 ait
3191 3019 3206 3055 :
3247 3021 3274 3055 ι
3306 3002 3500 3072 Fugite
3527 2998 3786 3054 fornicatio-

582 3088 756 3143 animi
784 3105 819 3142 a
873 3089 1228 3161 perceptione
1273 3091 1466 3146 vilium
1509 3093 1894 3148 continebunt.
1936 3074 2062 3150 Jam
2109 3096 2178 3151 de
2201 3074 2246 3134 ο
2263 3107 2413 3146 nem.
2432 3075 2610 3147 omne
2623 3074 2913 3164 peccatum
2939 3091 3089 3162 quod
3108 3090 3456 3145 commiserit
3481 3089 3648 3152 homo,
3676 3093 3788 3140 extra

580 3176 708 3232 vino
737 3176 1068 3232 abstinendo
1097 3179 1182 3233 vel
1213 3179 1571 3250 percipiendo
1600 3183 1736 3254 quid
1764 3182 1990 3238 dicam?
2021 3185 2178 3240 Unde
2260 3197 2461 3252 corpus
2481 3187 2568 3235 est
2598 3199 2610 3233 :
2663 3181 2759 3252 qui
2803 3186 2992 3252 autem
3040 3179 3372 3245 fornicatur,
3405 3179 3462 3233 in
3506 3194 3682 3248 corpus
3703 3192 3790 3246 pm-

582 3270 809 3321 sanctus
853 3267 1155 3337 Apostolus
1210 3273 1424 3322 certam
1473 3269 1593 3324 ﬁxit
1635 3271 1890 3342 regulam
1928 3273 2119 3328 dicens
2161 3293 2172 3328 :
2260 3269 2445 3340 prium
2496 3275 2691 3340 peccat
2735 3272 2783 3338 (l
2807 3270 2930 3324 Car.
2963 3283 3040 3334 vr,
3081 3266 3188 3338 18).
3224 3288 3248 3319 ι
3306 3268 3636 3339 Exaggerare
3661 3262 3785 3316 voluil

588 3375 610 3405 ι
645 3353 832 3410 Nolite
859 3353 1124 3410 inebriari
1155 3356 1304 3422 vino,
1336 3357 1396 3411 in
1428 3375 1539 3429 quo
1568 3364 1656 3413 est
1682 3358 1905 3414 luxuria
1931 3363 2088 3430 (Eph.
2121 3379 2172 3430 v,
2262 3357 2645 3413 fornicationis
2687 3358 2900 3413 malum
2932 3375 3102 3429 super
3138 3364 3349 3413 catera
3384 3357 3568 3412 omnia
3599 3360 3787 3426 peccata.

583 3441 694 3514 48).
743 3463 767 3496 ι
811 3444 982 3508 Quasi
1013 3445 1242 3512 diceret,
1278 3445 1556 3501 luxuriam
1592 3448 1744 3513 facit,
1783 3456 1841 3503 et
1869 3450 2049 3506 nutrit
2067 3451 2180 3506 vini
2263 3463 2386 3518 qua
2415 3447 2520 3502 etsi
2536 3464 2738 3519 corpus
2756 3446 3118 3512 comitantur,
3142 3463 3259 3502 non
3281 3453 3471 3500 tamen
3486 3445 3703 3499 animum
3720 3441 3789 3494 hu-

583 3533 868 3604 perceptio
899 3533 1092 3600 nimia,
1125 3550 1238 3589 non
1263 3540 1486 3600 natura,
1527 3543 1585 3590 et
1626 3544 1925 3609 pr0pterea
1952 3556 2064 3594 non
2085 3558 2180 3594 vos
2263 3553 2492 3591 manum
2521 3536 2984 3608 concupiscentia
3013 3536 3228 3590 carnali
3260 3536 3344 3591 ita
3372 3535 3612 3590 efficiunt
3637 3529 3788 3584 absim

581 3621 666 3678 uti
691 3621 839 3688 vino,
869 3623 968 3677 sed
988 3621 1256 3678 inebriari
1278 3624 1546 3695 prohibeo
1573 3644 1586 3692 ;
1619 3627 2077 3698 quandoquidem
2099 3628 2180 3684 in-
2262 3631 2416 3679 ctum
2435 3631 2492 3678 et
2519 3625 2840 3690 obnoxium,
2877 3625 3156 3696 quomodo
3173 3625 3235 3679 in
3267 3625 3391 3680 solo
3420 3640 3580 3695 opere
3607 3620 3788 3675 fornica-

580 3711 807 3766 firmum
835 3711 1189 3767 stomachum
1210 3713 1535 3768 moderatus
1552 3730 1690 3769 usus
1747 3715 1859 3769 vini
1880 3717 2175 3784 confortat,
2260 3713 2430 3768 tionis
2462 3714 2768 3784 corporalis
2795 3713 3140 3768 commisceri
3182 3713 3342 3780 facit,
3377 3727 3618 3768 animum
3651 3709 3790 3778 injun-

581 3798 823 3855 ebrietas
876 3800 1128 3856 animum
1165 3817 1477 3872 corpusque
1525 3803 1798 3870 debilitat,
1847 3805 1928 3859 illi
1957 3821 2180 3878 quoque
2259 3819 2399 3874 gens
2426 3820 2528 3874 per
2550 3803 2837 3858 libidinem
2862 3819 2989 3858 cum
3011 3802 3134 3874 ipso
3161 3819 3420 3874 corpore,
3454 3809 3509 3856 et
3536 3815 3687 3854 unum
3704 3811 3791 3849 cum

582 3888 678 3960 qui
707 3894 912 3960 negata
939 3889 1045 3944 sibi
1071 3890 1427 3961 perceptione
1449 3891 1558 3946 vini
1581 3891 1932 3948 diversorum
1951 3896 2180 3966 poculo-
2261 3891 2383 3962 ipso
2413 3891 2826 3963 quodammodo
2845 3891 3212 3963 agglutinari,
3230 3899 3293 3946 et
3312 3891 3619 3964 devinctum
3641 3901 3740 3940 esse
3755 3884 3793 3935 ὶιι

581 3992 709 4030 rum
738 3976 1092 4048 portionibus
1139 3977 1507 4044 inundantur,
1535 3995 1898 4050 nequaquam
1930 3981 2068 4036 mihi
2099 3983 2181 4036 vi-
2261 3986 2483 4036 tantum
2506 3986 2572 4035 ut
2599 3981 2736 4036 nihil
2765 3981 2915 4035 aliud
2948 3981 3071 4040 ipso
3094 3987 3384 4035 momento
3405 3985 3463 4034 et
3480 3977 3796 4049 experimenla

581 4065 788 4118 dentur
813 4064 1212 4120 abstinentiam
1241 4067 1478 4138 implere
1510 4083 1524 4122 :
1558 4069 1653 4139 qui
1678 4075 1736 4122 et
1759 4069 1828 4123 ad
1853 4070 1958 4124 hoc
1986 4087 2045 4124 se
2073 4071 2182 4126 for—
2262 4069 2430 4140 hujus
2459 4075 2577 4125 tam
2602 4069 2792 4142 magni
2825 4068 3023 4141 ﬂagitii
3046 4069 3299 4140 cogitare
3325 4068 3534 4124 homini
3561 4067 3719 4126 liceat,
3731 4067 3797 4113 aut

581 4153 748 4206 tassis
763 4153 935 4208 avino
951 4155 1319 4224 suspendunt,
1335 4161 1399 4210 ut
1427 4162 1750 4212 mereantur
1769 4157 1839 4211 ab
1859 4158 2181 4215 hominibus
2262 4159 2552 4214 intendere
2598 4159 2706 4214 nisi
2746 4158 2894 4230 quod
2944 4157 3172 4212 sibimet
3224 4159 3455 4222 addicit,
3505 4159 3801 4217 mentemque

582 4241 829 4307 laudem,
861 4249 918 4297 et
965 4243 1249 4298 interdicti
1279 4243 1384 4298 sibi
1423 4245 1542 4299 vini
1573 4253 1944 4318 compensant
1970 4249 2184 4319 poculis
2265 4248 2541 4320 captivam
2571 4247 2764 4302 subdit
2791 4247 2915 4318 ipsa
2945 4245 3260 4301 submersio
3291 4265 3303 4299 :
3364 4253 3422 4300 et
3451 4238 3800 4316 quodammml-i

582 4330 933 4386 suavioribus
959 4331 1322 4403 voluptatem.
1366 4334 1639 4389 Similiter
1665 4342 1721 4389 et
1745 4352 1780 4389 a
1805 4337 2184 4408 quadrupedi-
2201 4392 2247 4408 ἢ
2266 4335 2570 4390 absorbitio
2599 4335 2849 4391 libidinis
2879 4342 2937 4389 et
2963 4335 3432 4407 concupiscentia
3451 4332 3687 4388 carnalis.
3706 4329 3803 4382 1drn

583 4420 686 4475 bus
701 4419 1046 4476 abstinentes
1075 4428 1132 4476 et
1151 4422 1345 4478 avibus
1372 4423 1624 4478 altilibus
1651 4429 1752 4478 aut
1779 4425 2027 4496 piscibus
2059 4445 2183 4498 per-
2205 4419 2249 4450 υ
2263 4431 2380 4480 tam
2412 4441 2680 4496 magnum
2726 4425 2938 4478 malum
2976 4424 3149 4494 jussit
3173 4423 3481 4496 Apostolus
3507 4422 3695 4491 fugere.
3723 4429 3803 4468 ιιιιιι

583 4507 848 4564 fruuntur
878 4530 890 4564 :
925 4527 1038 4565 non
1065 4511 1204 4566 mihi
1221 4511 1479 4566 videntur
1505 4529 1759 4567 resecare
1781 4513 2182 4570 delectationes
2230 4519 2380 4568 'tam
2428 4513 2683 4568 videlicet
2720 4513 2840 4568 loco
2885 4529 3056 4584 quam
3095 4513 3324 4580 all‘ectu,
3353 4511 3484 4584 quia
3521 4507 3721 4564 difﬁcile
3743 4511 3804 4554 est

584 4597 671 4652 sui
696 4599 963 4668 corporis,
997 4599 1096 4654 sed
1126 4606 1364 4655 mutare.
1389 4601 1533 4655 Nam
1564 4606 1695 4656 sunt
1725 4601 1899 4673 aliqui
1921 4603 1992 4656 de
2020 4603 2184 4659 falso—
2265 4603 2346 4656 illi
2377 4603 2656 4668 resistere,
2687 4609 2986 4674 postquam
3010 4617 3107 4656 cor
3135 4599 3504 4672 captivaverit
3529 4614 3620 4669 per
3643 4606 3802 4647 mnen-

585 4701 712 4740 rum
739 4685 1143 4743 abstinentium
1173 4705 1429 4753 numero,
1466 4690 1563 4761 qui
1593 4689 1652 4744 in
1681 4691 1786 4745 hoc
1805 4691 2086 4762 parciores
2107 4691 2182 4746 vi-
2266 4691 2616 4763 piscentiam.
2633 4691 2775 4747 Hinc
2802 4691 3038 4745 humani
3064 4691 3291 4760 generis
3311 4695 3530 4745 creator
3545 4681 3808 4775 etcondilm‘

582 4774 704 4829 deri
730 4773 943 4841 volunt,
993 4781 1053 4830 et
1091 4777 1330 4847 gloriam
1359 4777 1466 4831 sibi
1515 4779 1667 4832 velut
1707 4779 1777 4833 de
1831 4779 2184 4835 abstinentia
2267 4781 2417 4834 Deus
2445 4780 2648 4850 opificii
2679 4781 2766 4835 sui
2784 4786 3048 4851 naturam
3075 4796 3190 4852 pra
3219 4778 3484 4834 omnibus
3510 4771 3801 4831 emendatio-

583 4863 942 4919 distinctione
969 4866 1328 4937 conquirunt,
1379 4883 1508 4920 cum
1555 4868 1636 4921 sic
1674 4867 1745 4922 ab
1771 4869 2030 4924 omnibus
2059 4871 2184 4924 ani-
2267 4885 2873 4940 nemquecognoscens,
2893 4869 3008 4923 illic
3033 4885 3231 4923 curam
3261 4866 3521 4922 adhibuit
3545 4858 3802 4918 medicinis

583 4951 825 5008 malibus
847 4953 1108 5024 judicant
1125 4956 1650 5026 temperandum,ut
1672 4958 1984 5029 peregrinis
2001 4959 2183 5030 pomis
2264 4957 2414 5014 unde
2443 4974 2640 5012 causas
2669 4957 2849 5012 morbi
2877 4957 3264 5029 principaliter
3293 4959 3526 5011 noverat
3544 4965 3764 5006 emanau'
3788 4961 3797 4992 :

582 5060 648 5098 ac
693 5042 1114 5099 sorbitiunculis
1161 5043 1436 5110 delicatis,
1483 5046 1813 5118 caterisque
1857 5047 2066 5102 talibus
2093 5047 2180 5103 sui
2266 5065 2293 5100 α
2317 5047 2666 5117 Quicunque,
2697 5045 2976 5116 inquiens,
3007 5045 3213 5108 viderit
3233 5044 3527 5100 mulierem
3555 5039 3619 5095 ad
3645 5048 3795 5091 νοητο-

581 5132 833 5206 corporis
862 5131 1136 5204 impleant
1165 5133 1500 5204 appetitum,
1532 5151 1659 5190 cum
1679 5135 1991 5207 spiritualis
2011 5135 2180 5192 absti-
2261 5135 2588 5208 piscendum
2604 5151 2748 5200 eam,
2761 5135 2882 5205 jam
2899 5135 3209 5189 machatus
3223 5138 3313 5187 est
3332 5148 3457 5186 eam
3484 5131 3540 5184 in
3557 5125 3701 5182 corde
3724 5134 3795 5170 Su“

582 5221 788 5277 nentia
800 5237 913 5276 non
929 5221 1246 5292 aliquorum
1265 5221 1515 5277 ciborum
1528 5240 1713 5290 usum,
1730 5224 1825 5280 sed
1838 5224 2178 5280 desiderium
2264 5225 2474 5292 (Matth.
2510 5240 2563 5288 v,
2596 5223 2706 5292 2'8).
2744 5244 2766 5275 ιι
2793 5223 3119 5278 Petulantes
3147 5221 3340 5277 oculos
3359 5226 3574 5283 notans,
3596 5217 3798 5310 nonda:1

585 5311 786 5364 suadet
815 5310 1300 5380 compescendum.
1355 5312 1424 5367 Et
1473 5311 1554 5366 illi
1605 5313 1785 5384 magis
1817 5313 2180 5385 parsimonia
2262 5329 2358 5367 eos
2384 5313 2591 5384 arguit,
2618 5328 2788 5384 quam
2817 5312 2978 5366 illum
3002 5311 3331 5366 interiorem
3366 5323 3606 5372 sensum,
3627 5296 3802 5373 quiuﬂi-

585 5398 794 5452 servire
815 5399 1076 5454 censendi
1104 5406 1257 5465 sunt,
1281 5401 1378 5472 qui
1399 5399 1505 5455 sibi
1525 5417 1636 5456 non
1649 5401 1965 5474 aliquarum
1989 5419 2179 5457 rerum
2261 5401 2346 5457 cio
2393 5418 2589 5457 eorum
2619 5402 2766 5456 male
2796 5401 2976 5456 utitur
3004 5401 3074 5454 ad
3109 5399 3441 5454 videndum.
3488 5397 3591 5450 Cor
3613 5397 3802 5455 namque

583 5485 990 5558 perceptiones,
1013 5487 1112 5542 sed
1136 5488 1537 5546 delectationes
1553 5491 1802 5563 corporis
1823 5491 2182 5547 interdicunt.
2270 5507 2502 5564 agrum,
2529 5496 2588 5546 et
2613 5489 2928 5546 sauciatum
2955 5489 3204 5545 libidinis
3231 5488 3369 5555 talo,
3395 5485 3537 5559 quod
3561 5482 3624 5537 ad
3648 5488 3802 5534 ciaru-

586 5573 716 5629 Hac
727 5579 920 5629 tamen
950 5591 1064 5630 non
1095 5577 1177 5631 ita
1201 5577 1438 5634 dicimus
1468 5580 1629 5652 quasi
1658 5581 2064 5637 monachorum
2093 5597 2186 5636 re-
2269 5581 2597 5652 piscendum
2621 5580 2791 5646 videt,
2822 5579 3157 5636 beneﬁcium
3175 5577 3381 5633 invitus
3399 5579 3544 5630 recte
3560 5569 3748 5626 sibimet
3773 5573 3796 5609 τι
