3982 6158
218 268 361 327 1249
1065 260 1160 316 DE
1190 260 1746 318 ECCLESIASTICA
1785 259 2219 326 DISCIPLINA.
2251 289 2318 305 --
2357 263 2494 318 LIB.
2538 263 2640 320 III.
3354 269 3498 328 1250

215 394 490 450 Creatore
519 403 839 445 concessum
869 385 1001 441 vitio
1030 386 1101 440 ad
1131 401 1365 458 operum
1404 403 1701 459 pravorum
1721 387 1822 442 mi—
1837 394 1882 450 Α
1899 387 2076 442 solam
2101 388 2400 458 conjugem
2429 404 2591 443 suam
2624 389 2956 460 legitimam,
2987 395 3045 444 et
3083 391 3286 447 mulier
3313 395 3500 452 solum

213 481 454 538 nisteriu
482 483 876 548 contorquens,
929 479 988 528 et
1028 473 1086 528 in
1125 475 1428 547 semetipso
1465 477 1816 531 reconditum
1899 475 2165 530 maritum
2208 494 2370 532 suum
2423 477 2738 547 legitimum
2780 478 3012 532 noverit.
3064 478 3171 544 Qui
3219 499 3351 538 vero
3383 485 3500 540 hac

213 565 682 640 concupiscentia:
707 563 966 619 morbum
1013 563 1504 636 contemplationis
1532 565 1818 619 occasione
1900 565 2332 635 transgreditur,
2361 566 2483 620 sine
2511 565 2679 621 dubio
2698 567 2961 621 adulterii
2983 567 3221 623 crimine
3251 587 3381 626 reus
3407 578 3495 628 te-

213 659 552 730 produccns.
576 653 787 710 Idcirco
816 667 950 722 ergo
980 651 1109 706 huic
1137 651 1294 706 dedit
1315 652 1562 706 salutare
1593 653 1821 707 manda-
1903 659 2088 708 netur.
2149 655 2221 708 Hi
2266 661 2456 709 autem
2487 655 2592 726 qui
2647 655 3006 710 matrimonio
3031 664 3039 672 '
3064 659 3316 714 nondum
3365 668 3499 716 sunt

214 754 340 802 tum
363 764 375 798 ;
411 745 573 815 cujus
593 741 788 796 vitium
807 739 1116 812 pessimum
1140 740 1380 811 languor
1403 741 1555 796 visus
1581 758 1818 813 occupa-
1897 742 2099 812 juncti,
2132 747 2190 797 et
2217 743 2476 799 caelebem
2505 743 2671 799 vitam
2696 745 2927 809 ducunt,
2962 746 3282 802 castitatem
3305 748 3497 805 obser-

214 836 372 890 tione
389 831 790 906 proceditNon
801 829 951 884 enim
966 828 1174 883 dicitur
1189 847 1201 882 :
1220 829 1389 884 Omni
1400 830 1649 884 custodia
1661 845 1821 885 serva

215 924 428 988 oculos.
453 937 592 992 quos
619 920 814 990 utique
843 917 1092 990 oportuit
1117 917 1502 990 principaliter
1528 918 1814 984 custodiri,

213 1013 261 1066 si
288 1029 356 1066 ex
388 1011 528 1082 ipsis
557 1008 809 1082 prodiret
832 1006 1291 1078 concupiscentiae
1309 1007 1574 1074 affectus;
1611 1007 1710 1062 sed
1739 1007 1820 1062 di-

214 1101 393 1155 citur:
417 1097 585 1154 Omni
607 1096 863 1152 custodia
876 1112 1036 1150 serva
1054 1111 1152 1150 cor
1164 1100 1347 1150 tuum.
1378 1095 1466 1152 Illi
1502 1095 1821 1167 potentissi-

102 1219 108 1223 -
218 1205 376 1243 mum
403 1185 671 1258 imposita
688 1191 774 1240 est
795 1183 1098 1238 medicina:
1135 1183 1284 1254 quod
1310 1183 1515 1256 ubique
1535 1183 1692 1239 abuti
1717 1201 1819 1256 pu-

219 1282 330 1331 test
345 1277 638 1330 oculorum
653 1272 1149 1328 ministerio.Unde
1168 1271 1568 1342 cogitationum
1586 1271 1820 1326 lascivos

217 1371 411 1420 motus
436 1365 494 1419 in
513 1362 818 1436 primordio
837 1367 994 1418 ortus
1014 1361 1101 1415 sui
1131 1366 1435 1433 antequam
1457 1361 1670 1435 fructus
1697 1376 1822 1432 ger-

216 1455 441 1509 minent
463 1459 833 1526 peccatorum,
859 1451 1188 1506 studeamus
1209 1451 1582 1522 exstinguere,
1605 1455 1663 1505 et
1693 1449 1820 1504 ﬁliae

1900 836 2034 885 vent
2059 847 2235 902 usque
2264 833 2334 886 ad
2363 839 2588 904 tempus
2607 833 2933 904 nuptiarum
2960 841 3356 906 opportunum,
3392 855 3498 894 nec

1900 918 2281 974 fornicationis
2310 921 2660 993 turpitudine
2680 939 2741 977 se
2768 923 3040 994 polluant,
3067 923 3200 995 quia
3227 926 3495 999 scriptum

1901 1013 2028 1062 est:
2068 1027 2094 1059 «
2143 1009 2530 1065 Fornicatores
2579 1017 2637 1065 et
2690 1011 2977 1066 adulteros
3023 1013 3300 1082 judicabit
3347 1016 3497 1072 Deus

1903 1099 2084 1164 (Hebr.
2103 1111 2217 1153 xm.
2239 1096 2311 1168 4).
2327 1098 2442 1153 ιΙιιί
2461 1105 2653 1154 autem
2670 1101 2766 1172 qui
2785 1100 3128 1172 virginitatis
3144 1104 3492 1174 pr0positum

1899 1191 2096 1241 tenent
2122 1187 2242 1242 sine
2269 1187 2385 1243 ulla
2407 1188 2840 1259 reprehensione
2869 1189 3007 1245 illud
3058 1193 3397 1261 custodiant,
3428 1210 3500 1250 ne

1901 1274 2044 1330 forte
2063 1275 2133 1330 ab
2170 1276 2364 1331 aeterni
2409 1276 2556 1347 regis
2584 1277 2799 1348 nuptiis
2839 1295 2966 1333 cum
2996 1279 3167 1335 fatuis
3191 1281 3500 1352 virginibus

1902 1364 2264 1435 repellantur,
2297 1365 2396 1419 sed
2424 1365 2604 1436 magis
2631 1382 2761 1420 cum
2789 1367 3157 1438 prudentibus
3187 1370 3500 1427 lucentibus

1903 1451 2176 1508 bonorum
2240 1470 2473 1525 operum
2520 1453 2758 1520 meritis,
2811 1462 3008 1511 ornate
3064 1457 3135 1511 ad
3185 1459 3499 1517 convivium

216 1543 525 1616 Babylonis
554 1543 814 1614 parvulos
855 1541 1151 1595 allidamus
1193 1539 1262 1594 ad
1310 1545 1548 1610 petram,
1579 1540 1686 1594 hoc
1712 1544 1816 1605 est,
1835 1558 1882 1618 Β
1903 1542 2094 1614 sponsi
2123 1542 2362 1596 caelestis
2410 1543 2643 1597 intrent.
2687 1543 2958 1598 Similiter
2985 1550 3042 1600 et
3073 1547 3167 1617 qui
3220 1547 3499 1604 vidualem

214 1633 606 1688 fornicationis
633 1630 1020 1702 suggestiones
1048 1634 1106 1682 et
1131 1629 1503 1684 immunditiis
1521 1629 1816 1700 cogitatus,

219 1724 618 1778 mandatorum
631 1718 835 1776 Christi
848 1703 1234 1773 recordatione
1247 1716 1431 1772 subito
1441 1723 1816 1772 conteremus.

219 1812 448 1866 Nullam
466 1809 672 1866 etenim
691 1807 897 1862 virtute
916 1812 1034 1861 tam
1045 1805 1271 1879 proprie
1292 1806 1545 1860 carnales
1565 1805 1820 1860 homines

215 1899 606 1974 spiritualibus
651 1897 866 1969 angelis
911 1896 1225 1951 imitatione
1266 1894 1701 1950 conversationis
1728 1911 1819 1948 se-

215 1996 490 2062 quuntur,
548 2005 718 2060 quam
773 1986 977 2040 merito
1032 1991 1090 2042 et
1136 1985 1325 2056 gratia
1379 1983 1674 2050 castitatis,
1717 1999 1818 2056 per

1902 1631 2302 1685 continentiam
2321 1631 2554 1702 professi
2571 1639 2724 1699 sunt,
2744 1649 2855 1687 non
2871 1634 3104 1688 redeant
3125 1640 3294 1701 retro,
3318 1637 3416 1692 sed
3429 1639 3500 1693 ad

1901 1735 2156 1790 superna:
2184 1719 2490 1774 vocationis
2542 1719 2841 1776 intendant
2879 1722 3192 1793 premium,
3245 1731 3310 1779 ut
3355 1725 3497 1781 illud

1902 1814 2335 1880 consequantur.
2361 1808 2541 1878 Igitur
2561 1825 2756 1864 omnes
2777 1810 2948 1865 simul
2977 1811 3144 1866 fidem
3169 1813 3499 1869 catholicam

1900 1901 2174 1963 tenentes,
2221 1896 2518 1951 audiamus
2573 1898 2908 1968 Apostolum
2949 1899 3110 1954 nobis
3159 1901 3440 1957 dicentem
3474 1921 3487 1969 ;

1903 2003 1928 2036 «
1958 1985 2301 2058 Desponsavi
2325 2002 2422 2040 vos
2453 1985 2553 2040 uni
2585 1985 2702 2040 viro
2730 1987 3005 2057 virginem
3033 1995 3244 2043 castam
3280 1989 3502 2045 exhibe-

214 2094 388 2150 quam
417 2078 601 2132 adhuc
630 2076 687 2132 in
726 2082 881 2130 terra
927 2074 1214 2144 degentes,
1245 2071 1475 2139 habent,
1507 2072 1814 2128 secundum
1897 2089 1960 2127 re
1981 2073 2204 2128 Christo
2233 2075 2315 2143 (ll
2339 2075 2460 2129 Cor.
2493 2091 2564 2142 xx,
2591 2073 2668 2144 2).
2707 2095 2730 2126 ››

209 2167 564 2240 Apostolum,
618 2165 1024 2236 municipatum
1061 2162 1121 2217 in
1159 2162 1331 2228 caelis,
1363 2161 1512 2234 quod
1561 2161 1816 2232 deposita

209 2255 534 2326 corruptela
556 2253 768 2308 carnali
803 2251 1093 2307 habituros
1121 2257 1344 2306 sanctos
1373 2249 1722 2322 promittitur
1757 2250 1816 2305 in

209 2344 402 2399 futuro
457 2345 560 2399 Hic
581 2344 702 2415 jam
725 2343 785 2398 in
813 2359 981 2397 carne
1025 2341 1210 2412 fragili
1256 2341 1624 2414 possidentes.
1656 2340 1816 2396 Unde

209 2431 464 2502 qualiter
477 2430 633 2484 illam
651 2429 950 2500 pradictus
977 2427 1233 2498 gentium
1262 2428 1564 2500 Apostolus
1583 2427 1818 2483 Thessa-
1898 2427 2128 2497 vigilare
2148 2427 2436 2495 debemus,
2457 2429 2590 2500 quia
2615 2431 2736 2501 ipsa
2759 2429 3086 2486 certissimae
3107 2433 3304 2488 mortis
3332 2433 3497 2489 colla-

205 2519 588 2576 lonicensibus
621 2518 871 2573 scribens
915 2517 1215 2572 virtutibus
1256 2516 1568 2588 praetulerit
1592 2517 1816 2571 univer-
1899 2516 2010 2570 trix
2028 2523 2130 2582 est,
2165 2517 2212 2571 si
2237 2534 2350 2571 non
2379 2523 2660 2573 caveatur.
2679 2519 2838 2574 Unde
2859 2520 3159 2590 Apostolus
3187 2522 3497 2578 admonens

206 2610 288 2662 sis
348 2609 665 2674 audiamus,
702 2626 728 2659 «
763 2608 891 2662 Haec
921 2612 1024 2673 est,
1073 2605 1352 2678 inquiens,
1400 2606 1659 2660 voluntas
1713 2604 1814 2658 Dei
1900 2621 2002 2659 nos
2055 2592 2226 2660 dicit:
2263 2607 2575 2661 «Gaudete
2623 2607 2682 2662 in
2730 2608 2968 2662 Domino
3015 2625 3256 2680 semper,
3287 2610 3495 2667 iterum

203 2697 578 2752 sanctiﬁcatio
629 2703 816 2752 vestra
843 2697 891 2764 (Ι
922 2697 1094 2751 Thess.
1148 2712 1218 2762 iv,
1264 2693 1339 2764 3).
1367 2716 1390 2746 ι
1428 2695 1498 2750 Et
1543 2710 1619 2748 ne
1671 2693 1813 2748 forte
1895 2693 2020 2748 dico
2039 2694 2309 2764 gaudete:
2331 2695 2608 2751 modestia
2634 2703 2820 2750 vestra
2846 2702 2981 2751 nota
3000 2697 3076 2752 sit
3100 2698 3360 2755 omnibus
3388 2701 3490 2754 ho-

204 2786 447 2842 dubium
491 2784 653 2841 nobis
698 2783 1043 2855 relinqueret
1069 2783 1156 2836 vel
1185 2781 1504 2848 obscurum,
1539 2781 1808 2853 quidnam
1890 2781 2156 2848 minibus,
2201 2784 2474 2839 Dominus
2515 2801 2687 2857 prope
2737 2791 2840 2844 est.
2876 2785 3017 2840 nihil
3065 2786 3288 2842 solliciti
3343 2788 3486 2855 sitis,

2514 2219 2587 2270 De
2617 2219 2871 2271 tristitia.

1969 2340 2084 2394 Nec
2116 2339 2304 2394 minus
2333 2357 2466 2410 ergo
2496 2346 2692 2396 contra
2720 2347 2936 2412 pestem
2955 2342 3200 2399 tristitiae
3215 2345 3496 2401 saecularis

206 2874 712 2930 sanctilicationem
726 2873 966 2928 voluerit
979 2871 1288 2944 appellare:
1306 2877 1495 2926 utrum
1503 2870 1804 2940 justitiam,
1825 2885 1868 2945 ρ
1889 2871 1988 2925 sed
2014 2871 2073 2925 in
2093 2871 2244 2926 omni
2273 2872 2543 2937 oratione,
2572 2879 2630 2928 et
2655 2873 3040 2958 obsecratione
3067 2874 3366 2946 petitiones
3394 2893 3490 2931 ve-

206 2981 282 3019 an
313 2963 669 3028 charitatem,
703 2978 777 3017 an
819 2961 1214 3027 humilitatem,
1249 2976 1320 3014 an
1365 2958 1718 3032 patientiam,
1753 2957 1812 3013 in

209 3052 480 3107 omnibus
506 3051 655 3106 enim
685 3051 808 3106 istis
833 3049 1133 3105 virtutibus
1161 3040 1412 3104 creditur
1437 3047 1652 3120 acquiri
1681 3063 1814 3102 san-

205 3141 519 3196 ctiﬁcatio:
556 3139 726 3194 infert
767 3145 826 3193 et
877 3138 1171 3193 manifeste
1223 3137 1481 3206 designat
1519 3137 1653 3208 quid
1693 3154 1817 3208 pro-

207 3229 336 3301 prie
361 3227 863 3283 sanctiﬁcationem
889 3227 1131 3282 voluerit
1157 3226 1458 3298 appellare.
1505 3246 1528 3277 ι
1555 3226 1684 3280 Haec
1707 3231 1810 3292 est,

205 3318 417 3389 inquit.
451 3318 709 3372 voluntas
760 3316 862 3372 Dei
907 3315 1277 3370 sanctificatio
1305 3319 1508 3380 vestra,
1543 3321 1609 3369 ut
1647 3314 1816 3369 absti-

205 3407 397 3462 neatis
427 3423 525 3461 vos
554 3423 588 3460 a
617 3404 1012 3460 fornicatione:
1046 3410 1112 3458 ut
1139 3403 1282 3458 sciat
1305 3403 1695 3474 unusquisque
1719 3419 1813 3456 ve-

201 3502 394 3551 strum
421 3511 588 3550 suum
608 3512 704 3550 vas
733 3494 1014 3566 possidere
1041 3495 1102 3548 in
1138 3493 1577 3548 sanctiﬁcatione
1623 3497 1682 3546 et
1709 3492 1814 3546 ho-

201 3601 366 3651 nore,
385 3601 499 3638 non
518 3585 576 3639 in
589 3584 848 3656 passione
870 3582 1152 3649 desiderii,
1170 3582 1318 3638 sicut
1339 3588 1397 3636 et
1431 3587 1648 3653 gentes,
1686 3598 1808 3652 quae

201 3674 478 3744 ignorant
503 3673 702 3728 Deum.
729 3693 756 3725 ν»
788 3672 1006 3727 Videtis
1035 3671 1238 3744 quibus
1267 3688 1393 3727 eam
1415 3670 1810 3742 laudibuspro-

199 3768 483 3834 sequatur
508 3762 798 3827 honorem,
833 3761 999 3826 vasis,
1024 3761 1077 3814 id
1106 3765 1209 3826 est,
1244 3760 1492 3832 corporis
1521 3759 1719 3825 nostri,
1753 3765 1810 3814 et

198 3849 713 3904 sanctilicationem
741 3849 1028 3920 appellans
1059 3865 1204 3903 eam.
1259 3849 1440 3919 Igitur
1467 3865 1498 3902 e
1527 3847 1809 3903 contrario

201 3939 305 4010 qui
332 3938 390 3993 in
413 3938 674 4010 passione
697 3938 959 3993 desiderii
991 3942 1094 4003 est,
1119 3943 1178 3992 et
1203 3937 1262 3992 in
1291 3937 1604 4008 ignominia
1632 3944 1689 3992 et
1703 3937 1810 3991 im-

201 4027 498 4082 munditia
523 4027 794 4093 consistit,
825 4031 884 4081 et
905 4025 1124 4081 alienus
1154 4043 1188 4080 a
1215 4025 1658 4080 sanctiﬁcatione
1685 4043 1810 4080 ver-

202 4122 390 4171 eatur.
411 4116 602 4170 Tertio
626 4131 850 4187 quoque
879 4121 1007 4187 post
1031 4131 1211 4186 pauca
1233 4115 1418 4180 infert,
1461 4130 1658 4169 rursus
1685 4130 1810 4168 eam

1895 2965 2024 3015 strae
2053 2960 2404 3016 innotescant
2426 2962 2574 3033 apud
2602 2963 2780 3017 Deum
2813 2964 3039 3031 (Philip.
3071 2981 3144 3027 iv,
3179 2965 3253 3032 4).
3289 2983 3313 3016 ι
3347 2965 3490 3021 Cum

1897 3065 2031 3120 ergo
2059 3049 2238 3104 Deum
2264 3049 2646 3121 quaerentibus
2673 3051 2910 3122 ejusque
2939 3051 3229 3122 promissis
3257 3053 3491 3108 creden-

1896 3137 2049 3193 tibus
2078 3138 2256 3193 laztari
2280 3145 2450 3210 atque
2463 3139 2711 3210 gaudere
2720 3156 2944 3211 semper
2953 3140 3294 3212 praacipitur,
3301 3145 3492 3213 procul

1895 3227 2066 3281 dubio
2093 3227 2338 3282 letaliter
2355 3228 2678 3282 contristari
2711 3228 3058 3299 prohibetur.
3085 3229 3181 3284 Est
3201 3230 3372 3284 etiam
3390 3248 3491 3301 ge-

1896 3331 2002 3370 nus
2029 3315 2273 3370 tristitia;
2304 3316 2630 3387 pestiferum
2659 3332 2724 3370 ac
2753 3317 3124 3383 mortiferum,
3152 3317 3299 3390 quod
3332 3319 3494 3390 quasi

1897 3403 2104 3474 passim
2135 3420 2237 3474 per
2265 3403 2514 3474 singulos
2533 3420 2750 3470 cursus,
2768 3421 2834 3458 ac
2862 3405 3044 3458 varios
3061 3421 3223 3459 casus
3241 3405 3494 3462 obtinen-

1893 3491 1950 3544 di
1979 3492 2229 3546 animam
2271 3498 2521 3546 nostram
2556 3492 2818 3547 habuerit
2866 3493 3210 3558 facultatem,
3243 3494 3315 3548 ab
3339 3494 3490 3550 omni

1893 3596 1994 3634 nos
2021 3595 2123 3650 per
2149 3586 2436 3634 momenta
2453 3580 2679 3650 singula
2688 3589 2916 3653 reparat
2932 3581 3131 3637 divinae
3148 3584 3492 3654 contempla-

1890 3668 2058 3723 tionis
2086 3668 2313 3732 intuitu,
2346 3668 2640 3740 ipsamque
2670 3675 2915 3725 mentem
2947 3669 3018 3724 ab
3047 3671 3304 3726 universo
3340 3677 3492 3728 statu

1892 3757 2156 3828 puritatis
2184 3757 2460 3827 dejectam
2498 3757 2750 3812 funditus
2793 3758 3092 3814 labefactat
3119 3766 3178 3814 et
3205 3760 3488 3832 deprimit,

1892 3846 2018 3900 Non
2037 3845 2320 3900 orationes
2351 3862 2477 3900 eam
2507 3847 2728 3917 explere
2747 3863 2874 3902 cum
2903 3848 3068 3903 solita
3094 3849 3278 3904 cordis
3297 3849 3494 3904 alacri-

1891 3939 2008 3988 tate
2039 3933 2334 4005 permittit,
2368 3951 2480 3990 non
2510 3951 2797 3990 sacrarum
2827 3937 3130 3992 lectionum
3146 3937 3283 3993 sinit
3310 3954 3492 3994 reme-

1893 4023 2000 4076 diis
2021 4021 2308 4090 incubare,
2338 4023 2706 4096 tranquillam
2741 4041 2963 4098 quoque
2996 4032 3055 4080 et
3081 4026 3276 4082 mitem
3305 4027 3492 4084 fratri-

1891 4111 1998 4166 bus
2024 4127 2146 4166 esse
2165 4128 2277 4167 non
2295 4112 2528 4184 patitur,
2563 4118 2619 4168 et
2661 4113 2732 4168 ad
2763 4119 2964 4169 cuncta
2990 4116 3381 4187 Operationum
3408 4118 3495 4172 vel

203 4205 646 4261 sanctimoniam
664 4203 1064 4276 pronuntians:
1095 4223 1118 4255 ι
1144 4205 1277 4258 Non
1306 4203 1460 4258 enim
1478 4202 1696 4258 vocavit
1715 4200 2182 4270 nosDreligionis
2210 4201 2394 4256 officia
2449 4201 2836 4274 impatientem
2867 4209 2924 4258 et
2979 4221 3241 4276 asperum
3287 4205 3488 4272 reddit,

203 4295 364 4349 Deus
393 4293 454 4348 in
475 4293 862 4365 ignominiam,
892 4293 988 4348 sed
1021 4293 1080 4347 in
1135 4291 1584 4348 sanctimoniam.
1617 4292 1814 4362 Itaque

203 4383 309 4454 qui
338 4383 460 4437 hzcc
489 4381 722 4454 spernit,
751 4399 864 4437 non
895 4381 1182 4436 hominem
1213 4381 1449 4454 spernit,
1481 4380 1578 4435 sed
1609 4380 1808 4436 Deum.

203 4471 321 4534 Qui
346 4471 521 4525 etiam
563 4471 722 4526 dedit
761 4471 1034 4544 Spiritum
1063 4476 1319 4525 sanctum
1367 4486 1534 4525 suum
1563 4469 1622 4524 in
1652 4468 1812 4524 nobis

206 4561 264 4626 (1
300 4560 480 4615 Thess.
517 4577 590 4626 1v,
614 4559 732 4628 8),»
778 4560 1172 4615 auctoritatem
1200 4564 1477 4632 praecepto
1505 4575 1607 4614 suo
1632 4558 1812 4612 invio-

203 4647 440 4702 labilem
467 4647 664 4713 vinxit,
690 4647 914 4702 dicens:
940 4665 966 4700 α
997 4647 1104 4712 Qui
1132 4647 1251 4702 haec
1287 4647 1524 4719 spernit,
1560 4665 1584 4700 ι
1619 4647 1676 4702 id
1705 4652 1810 4713 est,

207 4753 340 4808 qua:
367 4737 439 4792 de
467 4735 841 4791 sanctimonia
867 4727 1130 4808 praefatus
1151 4749 1296 4801 sum,
1330 4755 1352 4786 ι
1387 4751 1501 4790 non
1528 4735 1814 4790 hominem

207 4824 453 4897 spernit,
489 4842 517 4877 ι
548 4823 606 4879 id
635 4830 739 4890 est,
769 4841 884 4879 non
928 4840 1019 4879 me
1051 4825 1147 4895 qui
1194 4823 1314 4878 haec
1351 4823 1631 4895 praecipio,
1667 4842 1695 4874 α
1715 4822 1814 4878 sed

209 4914 421 4980 Deum,
460 4932 486 4965 ι
518 4913 614 4984 qui
643 4913 702 4968 in
731 4929 820 4968 me
840 4912 1108 4984 loquitur,
1129 4912 1223 4983 qui
1244 4912 1414 4967 etiam
1451 4911 1683 4984 Spiritui
1713 4928 1814 4968 suo

211 5007 415 5058 sancto
443 5017 540 5056 cor
555 5008 811 5057 nostrum
840 5001 1232 5056 habitaculum
1253 5001 1559 5074 deputavit.

287 5091 422 5146 Ilaec
441 5106 575 5161 ergo
604 5090 893 5146 nobiscum
918 5096 1243 5156 tractemus,
1267 5090 1372 5144 hoc
1401 5094 1588 5145 mente
1613 5089 1816 5161 saepius

209 5181 587 5246 revolvamus,
624 5180 729 5234 hoc
767 5184 886 5234 toto
933 5179 1061 5234 nisu
1108 5179 1329 5234 efficere
1375 5177 1721 5241 festinemus,
1753 5181 1819 5232 ut

205 5268 353 5324 casti
381 5284 616 5341 corpore
635 5269 706 5323 de
731 5267 935 5340 spiritu
956 5267 1338 5324 habitaculum
1369 5265 1611 5339 Spiritus
1639 5264 1818 5321 sancti

206 5357 338 5413 ﬁeri
359 5373 698 5414 mereamur.
733 5356 843 5422 Qui
871 5372 1006 5427 ergo
1042 5355 1402 5412 matrimonio
1443 5353 1628 5426 juncti
1657 5359 1806 5419 sunt,

205 5446 534 5502 castitatem
566 5446 919 5518 conjugalem
948 5450 1190 5511 servent,
1223 5461 1326 5500 nec
1353 5460 1414 5499 se
1455 5441 1814 5500 meretricum

206 5535 301 5590 vel
353 5533 792 5592 concubinarum
841 5533 1150 5606 prostibula
1199 5531 1580 5606 coinquinent,
1607 5531 1706 5588 sed
1733 5530 1820 5586 vir

1897 4289 2164 4362 omnique
2193 4289 2409 4360 perdito
2433 4290 2644 4344 salubri
2664 4291 2916 4357 consilio,
2939 4298 2997 4347 et
3015 4294 3200 4348 cordis
3227 4300 3492 4350 constan-

1893 4378 1977 4432 tia
2001 4378 2346 4449 perturbata,
2376 4379 2530 4434 velut
2555 4385 2839 4434 amentem
2867 4381 2998 4436 facit
3023 4387 3082 4436 et
3107 4371 3344 4437 ebrium.
3361 4383 3495 4439 Sen-

1893 4483 2018 4522 sum
2047 4467 2275 4537 frangit,
2308 4472 2367 4520 et
2385 4467 2590 4532 obruit,
2625 4468 3014 4538 desperatione
3043 4471 3268 4541 poenali,
3301 4487 3495 4543 quam-

1895 4555 2084 4610 obrem
2107 4571 2218 4610 non
2233 4555 2436 4610 minori
2457 4562 2755 4628 prospectu
2776 4556 2823 4611 si
2842 4557 3150 4629 spiritualis
3168 4559 3363 4630 agonis
3381 4575 3498 4614 cer-

1894 4644 2112 4700 tamina
2137 4643 2386 4716 legitime
2409 4661 2691 4710 curamus,
2719 4645 2995 4700 desudare
3022 4645 3113 4700 hic
3140 4663 3363 4720 quoque
3390 4664 3494 4704 no-

1894 4733 1982 4788 bis
2009 4733 2291 4788 curandus
2310 4737 2399 4788 est
2411 4733 2658 4788 morbus.
2675 4733 2832 4789 Sicut
2853 4733 3005 4789 enim
3020 4735 3176 4792 tinea
3191 4737 3493 4793 vestimen-

1894 4827 1974 4887 to,
2015 4827 2074 4876 et
2101 4821 2308 4876 vermis
2333 4821 2506 4891 ligno,
2532 4821 2614 4876 ita
2645 4821 2879 4877 tristitia
2907 4830 3095 4879 vestra
3124 4831 3288 4880 nocet
3315 4825 3490 4881 cordi.

1897 4910 2046 4965 Satis
2074 4909 2362 4965 evidenter
2389 4927 2454 4965 ac
2485 4911 2708 4982 proprie
2739 4911 2850 4966 vim
2883 4912 3032 4968 noxii
3073 4913 3242 4983 hujus
3284 4919 3342 4969 et
3371 4930 3496 4986 per-

1895 4998 2090 5054 niciosi
2118 4987 2238 5053 vitii
2257 4998 2487 5070 spiritus
2515 4999 2736 5056 divinus
2763 5001 3055 5072 expressit.
3079 5001 3495 5056 Vestimentum

1896 5103 2141 5158 namque
2189 5103 2289 5142 esu
2343 5087 2626 5143 tinearum
2682 5088 2753 5143 ad
2806 5095 3020 5144 tactum
3076 5089 3287 5145 nullius
3329 5088 3495 5162 pretii

1897 5177 1983 5232 vel
2012 5176 2324 5232 honestatis
2351 5175 2561 5248 poterit
2585 5176 2824 5232 ulterius
2841 5177 3047 5234 habere
3073 5177 3490 5245 commercium,

1898 5264 2286 5336 tantidemque
2298 5264 2516 5336 lignum
2533 5265 2817 5321 vermibus
2838 5271 3129 5324 exaratum
3153 5283 3266 5324 non
3275 5267 3399 5338 jam
3423 5268 3492 5322 ad

1894 5358 2156 5410 ornatum
2183 5353 2270 5407 vel
2315 5353 2624 5432 mediocris
2646 5353 2883 5421 mdiﬂcii,
2916 5355 3015 5410 sed
3055 5355 3128 5411 ad
3163 5354 3499 5412 combustio-

1899 5459 2027 5499 nem
2057 5440 2205 5513 ignis
2241 5440 2552 5497 merebitur
2585 5441 2862 5514 deputari.
2894 5443 2995 5499 Est
3019 5443 3192 5500 etiam
3231 5444 3369 5501 illud
3395 5444 3495 5502 de-

1901 5529 2214 5588 testabilius
2525 5547 2724 5602 genus,
2756 5531 2908 5604 quod
2922 5548 3050 5590 non
3091 5533 3494 5593 correctionem
