3892 6150
497 245 636 302 12M

1102 242 1162 294 Β.
1204 238 1476 298 RABANI
1511 237 1746 300 mum
1783 235 2119 296 ARCHIEP.
2161 235 2486 296 uoounr.
2527 193 2826 296 cresim
2862 235 3047 296 rans
3085 237 3181 291 ιιι.

3579 247 3680 310 ﬁt!

493 369 638 433 vitae.
667 383 771 426 nec
799 366 1256 426 emendationem
1291 363 1576 427 vitiorum,
1605 362 1704 420 sed
1737 346 2092 434 pernicioiiisa
2109 359 2454 424 Ainutiliter
2481 360 2649 416 faciat
2693 377 2824 416 eum
2872 364 3118 430 torpere,
3148 367 3202 420 et
3249 363 3458 423 minime
3492 367 3544 427 in
3563 367 3683 428 bonis

494 459 695 519 simam
746 455 1200 525 desperationem
1245 451 1444 509 animae
1495 451 1680 521 injicit
1727 450 2095 520 delinquenti.

495 545 656 609 Quod
685 561 787 602 nec
819 560 944 600 eam
971 543 1100 600 fecit
1127 548 1254 613 post
1281 541 1652 598 fratricidium
1675 539 1964 610 poenitere,
1999 555 2100 598 nec

493 634 700 693 ludam
725 639 853 704 post
879 632 1256 704 proditionem
1303 631 1374 688 ad
1417 629 1814 685 satisfactionis
1848 628 2098 684 remedia

492 723 776 786 festinare,
802 722 900 778 sed
929 722 1000 778 ad
1023 719 1387 792 suspendium
1415 718 1601 788 laquei
1631 735 1692 772 se
1720 734 1822 774 sua
1841 718 2099 787 despera-

498 813 650 870 tione
680 810 969 882 pertraxit.
1004 809 1248 879 Ideoque
1280 807 1440 866 nobis
1459 807 1614 866 utilis
1643 823 1756 862 una
1788 823 1846 862 re
1876 811 2097 862 tantum

493 901 725 962 tristitia
743 899 1051 969 iudicanda
1082 905 1202 956 est:
1239 914 1365 952 eum
1392 897 1534 952 hane
1565 895 1912 966 paenitudine
1958 893 2098 950 deli-

497 995 715 1048 ctorum
747 989 830 1046 Vel
864 987 1141 1044 desiderio
1158 985 1512 1056 perfectionis
1542 983 1758 1040 accensi
1791 985 1874 1038 vel
1901 983 2100 1038 futurae

496 1077 864 1134 beatitudinis
887 1075 1360 1148 contempla-tione
1381 1075 1744 1144 eupimus.De
1764 1089 1876 1142 qua
1897 1078 1953 1127 et
1973 1071 2100 1128 bea-

497 1173 589 1228 tus
601 1166 920 1237 Apostolus,
931 1181 1086 1234 «quae
1099 1164 1406 1220 secundum
1422 1164 1598 1218 Deum
1613 1169 1698 1218 est
1715 1161 1968 1225 tristitia,
1981 1161 2099 1218 nin-

497 1255 637 1325 quit,
649 1275 670 1308 c
681 1254 1008 1325 poenitentia
1028 1254 1095 1308 ad
1111 1254 1350 1318 salutem
1367 1251 1624 1308 stabilem
1637 1251 2099 1320 Operaturzéeecu-

491 1343 733 1402 lieutem
751 1343 982 1398 tristitia
1011 1348 1248 1396 mortem
1271 1346 1537 1410 operatur
1559 1341 1642 1400 (11
1663 1342 1783 1394 Uor.
1803 1356 1894 1402 vn,
1932 1336 2034 1396 10.]
2072 1359 2098 1392 ι)

496 1433 602 1492 Sed
617 1433 716 1490 illa
726 1432 956 1488 tristitia
966 1448 1088 1500 quin
1101 1429 1486 1500 paenitentiam
1500 1428 1846 1498 operaturad
1857 1428 2101 1484 salutem

495 1521 753 1582 stabilem
784 1519 1048 1574 obediens
1074 1526 1177 1582 est,
1211 1518 1465 1580 affabilis,
1503 1517 1751 1580 humilis,
1785 1523 2098 1582 mansueta,

491 1593 677 1666 suavis
698 1626 761 1666 ac
785 1609 1021 1679 patiens,
1037 1613 1229 1678 utpote
1248 1625 1312 1660 ex
1334 1607 1429 1661 Dei
1446 1606 1720 1662 cliaritate
1735 1605 2096 1669 descendens,

2181 449 2444 520 operibus
2496 449 2792 510 desudare.
2823 449 3032 508 Acedia
3088 450 3233 508 enim
3278 459 3357 508 est
3398 455 3560 524 pestis,
3593 474 3682 528 qua

2181 539 2300 594 Deo
2325 537 2727 596 famulantibu
2775 539 3016 597 multum
3062 555 3256 596 nocere
3283 541 3554 610 probatur:
3587 547 3685 606 dum

2181 627 2393 685 otiosus
2449 628 2615 684 homo
2673 627 2943 698 torpescit
2991 627 3052 685 in
3099 628 3376 686 desideriis
3417 634 3682 701 carnalibus,

2180 733 2284 771 nec
2309 717 2369 774 in
2401 733 2567 787 opere
2593 717 2805 786 gaudet
2831 717 3112 786 spirituali
3152 734 3251 773 nec
3277 717 3332 772 in
3359 720 3516 776 salute
3538 724 3689 782 animai

2183 822 2297 862 suae
2327 805 2568 868 laetatur,
2608 822 2712 862 nec
2753 805 2811 859 in
2839 806 3118 875 adjutorio
3147 807 3367 866 fraterni
3395 807 3569 866 laboris
3591 813 3690 868 hila-

2183 893 2350 952 roscit
2383 913 2392 952 :
2430 894 2524 948 sed
2556 899 2780 952 tantum
2809 894 3150 964 concupiscit
3168 901 3228 950 et
3275 896 3542 964 desiderat,
3560 901 3692 958 otiose

2181 988 2449 1047 tractans,
2483 1001 2584 1053 per
2612 983 2804 1040 omnia
2840 983 3122 1042 discurrit.
3155 985 3289 1047 Quae
3318 985 3440 1040 dum
3475 988 3694 1044 miserabi-

2183 1073 2292 1126 lem
2322 1072 2538 1128 obsidet
2586 1079 2853 1136 mentem,
2885 1073 3077 1130 multis
3130 1090 3254 1132 eam
3303 1073 3464 1132 inﬁcit
3494 1076 3692 1140 miseriis,

2183 1178 2306 1231 quae
2337 1161 2514 1218 multa
2534 1161 2734 1218 docent
2755 1163 2921 1218 mala.
2945 1163 3024 1218 De
3055 1178 3165 1230 qua
3187 1163 3427 1218 nascitur
3448 1166 3696 1222 somnolen-

2183 1249 2282 1315 tia,
2307 1249 2536 1320 pigritia
2555 1249 2740 1320 operis
2762 1241 2908 1312 boni.
2930 1250 3286 1308 instabilitas.
3303 1251 3421 1317 loci,
3448 1256 3696 1324 pervagatio

2183 1339 2253 1392 de
2276 1339 2394 1394 loco
2424 1339 2481 1394 in
2515 1339 2717 1403 locum,
2749 1339 3014 1409 tepiditas
3067 1339 3374 1402 laborandi,
3393 1341 3585 1399 aedium
3608 1360 3697 1398 cor-

2184 1427 2290 1490 dis,
2323 1428 2694 1484 murmuretio
2721 1434 2778 1484 et
2801 1427 3140 1498 vaniloquia,
3163 1446 3288 1498 quae
3316 1429 3493 1500 utique
3517 1446 3546 1483 a
3569 1432 3698 1486 milite

2185 1516 2392 1573 Christi
2423 1516 2664 1575 vincitur
2684 1533 2784 1586 per
2811 1517 3061 1574 studium
3090 1517 3363 1580 lectionis,
3378 1519 3701 1588 perassiduita-

2185 1610 2298 1662 tem
2319 1605 2504 1674 operis
2519 1603 2670 1668 boni,
2687 1622 2787 1674 per
2802 1605 3157 1664 desiderium
3191 1606 3530 1676 praemiorum
3553 1607 3700 1662 futura

490 1704 548 1758 et
575 1699 646 1758 ad
675 1714 898 1756 omnem
929 1698 1179 1754 dolorem
1208 1695 1455 1765 corporis
1472 1711 1536 1748 ac
1554 1694 1784 1764 spiritus
1803 1694 2094 1750 contritio-
2118 1680 2163 1739 Β
2182 1693 2566 1759 beatitudinis,
2599 1711 2700 1764 per
2727 1694 3128 1752 confessionem
3172 1695 3488 1750 tentationis
3509 1713 3644 1766 quam
3663 1697 3702 1752 in

491 1804 623 1846 nom
651 1785 1076 1856 lnfatigabiliter
1103 1784 1462 1854 semetipsum
1492 1783 1772 1840 desiderio
1801 1781 2095 1852 perfectio-

494 1875 580 1933 nis
603 1874 925 1938 extendens,
960 1879 1017 1928 et
1055 1872 1465 1942 quodammodo
1496 1872 1642 1934 beta,
1675 1888 1740 1926 ne
1779 1887 1880 1941 spe
1909 1887 2098 1940 prove-

493 1968 615 2022 ctus
643 1963 730 2022 sui
750 1967 1293 2032 vegeuita,cnnctam
1314 1959 1660 2018 mobilitatis
1678 1965 1736 2012 et
1764 1959 2097 2028 longanimi-

491 2052 626 2106 tatis
646 2051 852 2105 retinet
869 2050 1222 2114 suavitatem,
1239 2049 1451 2106 habens
1482 2048 1539 2104 in
1563 2049 1864 2118 semetipsa
1903 2064 2097 2105 omnes

492 2140 706 2194 fructus
729 2141 971 2210 Spiritus
1000 2139 1176 2192 sancti
1197 2158 1207 2190 :
1228 2155 1367 2212 quos
1387 2145 1682 2191 enumerat
1699 2137 1844 2190 idem
1865 2138 2099 2205 Aposto-

489 2230 577 2283 lus
600 2247 610 2280 :
651 2251 676 2280 (ί
707 2229 940 2282 Fructus
961 2233 1151 2281 autem
1171 2227 1403 2297 spiritus
1421 2233 1506 2279 est
1525 2226 1786 2288 Charitas,
1803 2225 2092 2295 gaudium,

494 2317 924 2388 pax,patientia,
952 2315 1370 2386 longanimitas,
1395 2315 1634 2378 bonitas,
1654 2315 1810 2379 ﬁdes,
1833 2329 2096 2370 mansue-

489 2407 646 2471 tudo,
665 2404 1360 2475 benignitas,continentia
1377 2405 1518 2470 (Gal.
1549 2421 1598 2468 v,
1633 2402 1745 2467 ‘22).
1773 2422 1797 2454 ι
1822 2403 1951 2458 Ilaec
1971 2419 2110 2477 vero

492 2495 822 2566 asperrima,
874 2494 1192 2563 impatiens,
1236 2493 1600 2557 infructuosa,
1636 2493 1801 2562 plena
1844 2507 2095 2555 rancore,

493 2590 551 2644 et
580 2584 802 2646 timore,
837 2583 996 2644 dura,
1029 2599 1092 2635 ac
1118 2582 1509 2651 desperatione
1540 2581 1744 2650 pmnali
1768 2597 1895 2634 eum
1931 2596 2097 2649 quem

496 2672 787 2740 complexa
805 2671 974 2729 fuerit
992 2670 1062 2726 ab
1094 2669 1372 2726 industria
1396 2676 1452 2724 et
1487 2669 1686 2726 salutis
1722 2669 1912 2726 dolore
1941 2668 2095 2722 fran-

491 2760 596 2829 git,
624 2777 688 2817 ac
718 2764 942 2820 revocat
979 2763 1171 2828 utpote
1203 2757 1602 2814 irrationabilis
1642 2763 1699 2815 et
1735 2756 2098 2826 intercipiens

489 2865 602 2904 non
632 2848 814 2908 solum
857 2847 1175 2904 orationum
1206 2846 1528 2910 efﬁcaciam,
1565 2845 1932 2902 verumetiam
1966 2846 2094 2900 uni-

493 2953 682 2994 versos
712 2953 849 3006 quos
866 2935 1224 3006 prtediximus
1243 2935 1458 2992 fructus
1478 2935 1797 3005 spirituales
1819 2949 2094 2990 evacuans

2181 1787 2370 1838 mente
2401 1781 2588 1841 habet.
2625 1800 2726 1852 per
2753 1783 3113 1840 stabilitatem
3148 1783 3257 1840 loci
3279 1790 3334 1840 et
3361 1785 3594 1854 propositi
3624 1787 3700 1844 sui.

2181 1877 2350 1940 atque
2381 1871 2708 1929 exercitium
2738 1871 3038 1940 cujuslibet
3059 1871 3200 1928 artis
3229 1878 3288 1926 et
3314 1871 3504 1930 laboris
3527 1873 3596 1926 vel
3621 1889 3708 1930 ore-

2181 1959 2372 2024 tionis,
2401 1966 2459 2016 et
2481 1960 2800 2029 vigiliarum
2831 1960 3159 2018 instantiam
3187 1979 3199 2012 :
3237 1968 3299 2014 ut
3327 1977 3582 2032 nunquam
3601 1962 3705 2016 otio-

2183 2065 2278 2106 sus
2307 2049 2626 2106 inveniatur
2661 2066 2852 2107 servus
2897 2049 3017 2108 Dei.
3051 2049 3348 2108 Difﬁcilius
3390 2051 3526 2104 enim
3549 2050 3708 2104 invenit

2182 2136 2439 2194 diabolus
2469 2139 2728 2194 tentandi
2758 2139 2940 2195 locum
2985 2138 3044 2194 in
3073 2139 3308 2196 homine
3334 2156 3490 2209 quem
3515 2139 3564 2194 in
3585 2155 3707 2208 opem

2181 2225 2393 2284 invenit
2423 2226 2585 2290 bono,
2614 2243 2780 2301 quam
2830 2243 2960 2282 eum
3010 2243 3178 2296 Quem
3224 2227 3458 2286 otiosum
3484 2227 3654 2298 reperit
3669 2232 3708 2282 et

2183 2313 2320 2372 nihil
2353 2313 2484 2370 boni
2513 2320 2792 2384 agentem.
2823 2315 2984 2378 Quod
3031 2315 3338 2372 otiositatis
3381 2315 3558 2374 vitium
3583 2316 3708 2370 etiam

2183 2403 2636 2472 sapientissimus
2662 2403 2926 2462 Salomon
2944 2404 3366 2462 evidentissima
3379 2409 3526 2462 notet
3539 2404 3586 2457 in
3610 2404 3711 2458 mul-

2183 2491 2272 2557 tis,
2297 2492 2579 2548 itadicens
2604 2511 2616 2544 :
2644 2514 2668 2542 ι
2694 2492 2798 2555 Qui
2821 2498 3070 2550 sectatur
3090 2493 3598 2564 otium,implebitur
3611 2510 3712 2563 pau-

2182 2586 2400 2649 pertate
2429 2582 2513 2638 vel
2543 2581 2744 2636 visibili
2775 2582 2859 2635 vel
2881 2581 3164 2640 invisibili.
3187 2583 3326 2652 quia
3355 2599 3560 2641 necesse
3582 2588 3649 2637 est
3667 2599 3710 2633 o—

2180 2668 2384 2725 tiosum
2402 2687 2680 2740 quemque
2697 2677 2752 2724 et
2763 2670 3035 2728 universis
3046 2671 3196 2726 vitiis
3211 2671 3513 2731 involutum
3522 2677 3708 2729 tenetur.

2183 2762 2240 2813 et
2265 2757 2513 2814 alienum
2543 2775 2767 2829 semper
2794 2759 3034 2816 existere
3055 2761 3520 2830 contemplatione
3543 2759 3710 2820 Dei.vel

2180 2845 2390 2902 divitiis
2421 2846 2804 2917 spiritualibus
2836 2851 3014 2908 (Prov.
3049 2864 3241 2911 xxvm,
3275 2849 3381 2912 l9).
3409 2869 3432 2902 ο
3462 2849 3535 2910 De
3561 2846 3712 2918 quibus

2179 2933 2376 2990 beatus
2395 2937 2724 3006 Apostolus:
2755 2955 2780 2990 α
2805 2937 2952 3000 Quia
2979 2937 3035 2994 in
3061 2937 3345 3002 omnibus,
3361 2938 3548 3008 inquit.
3567 2936 3712 2990 divites

488 3042 628 3094 quos
658 2996 812 3082 novit
839 2996 934 3081 illa
961 2996 1600 3094 confer-re.Quapr0pter
1626 3023 1834 3092 absque
1857 3022 1951 3080 illa
1971 3039 2094 3092 quae
2117 2996 2158 3052 Ο
2176 3023 2308 3080 facti
2331 2996 2466 3080 estis
2495 3025 2555 3080 in
2587 3025 2701 3090 illo,
2733 3025 2790 3082 in
2821 2996 2972 3084 omni
2999 3025 3188 3092 verbo,
3225 3032 3283 3084 et
3311 2996 3368 3083 in
3410 2996 3550 3082 omni
3579 3025 3714 3080 seleu-

489 3113 574 3170 vel
605 3129 705 3182 pro
727 3112 961 3168 salutari
993 3112 1324 3182 pernitentia
1353 3112 1438 3165 vel
1467 3128 1568 3181 pro
1596 3112 1783 3168 studio
1805 3111 2096 3180 perfectio-

485 3201 573 3254 nis
604 3218 702 3259 seu
732 3217 832 3270 pro
857 3201 1133 3262 desiderio
1162 3199 1500 3270 suscipietur
1516 3199 1854 3259 futurorum.
1895 3199 2090 3256 Omnis

493 3289 725 3350 tristitia
753 3295 1022 3360 tanquam
1052 3289 1239 3344 seaculi.
1265 3295 1324 3342 et
1341 3305 1463 3358 quae
1498 3295 1737 3346 mortem
1769 3288 1974 3344 inferat
2021 3306 2089 3342 ee-

487 3379 733 3448 qualiter
753 3377 1076 3448 repellenda
1105 3383 1207 3442 est,
1242 3395 1306 3434 ac
1349 3377 1492 3432 sicut
1521 3376 1900 3434 fornicationis
1928 3377 2088 3447 spiri-

485 3474 578 3525 tus
607 3466 965 3537 philargyrize
989 3467 1074 3520 vel
1092 3467 1206 3529 irae,
1236 3467 1308 3522 de
1331 3466 1534 3522 nostris
1573 3465 1835 3520 cordibus
1864 3466 2089 3534 penitus

487 3556 1010 3617 exstruendaJiano
1021 3555 1196 3624 igitur
1207 3554 1733 3626 perniciosissimam
1749 3553 2082 3624 passionem,

483 3645 564 3700 ita
593 3645 662 3700 de
683 3643 844 3700 nobis
864 3645 1138 3714 expellere
1160 3660 1478 3713 possumus,
1504 3643 1550 3698 si
1574 3647 1818 3699 mentem
1839 3648 2090 3700 nostram

484 3733 763 3804 spirituali
799 3733 1163 3790 meditatione
1190 3732 1403 3802 jugiter
1424 3737 1750 3801 occupatam
1782 3731 1972 3786 futura
1991 3749 2089 3801 spe

487 3829 544 3878 et
554 3823 1024 3892 contemplatione
1041 3821 1391 3891 repromissae
1402 3819 1768 3874 beatitudinis
1783 3820 1993 3888 erigam
2003 3836 2084 3876 us.

488 3912 604 3968 Hoc
635 3911 786 3970 enim
810 3911 975 3970 modo
1017 3910 1278 3966 universa
1322 3909 1684 3964 tristitiarum
1717 3925 1928 3976 genere
1973 3909 2088 3964 sive

487 4016 609 4070 quae
629 4017 695 4057 ex
731 3999 1066 4069 praecedenti
1103 3997 1186 4052 ira
1222 3998 1586 4062 descendunt,
1619 3997 1733 4052 sive
1764 4013 1886 4067 quae
1923 3997 2089 4052 amis-

487 4087 642 4146 sione
674 4087 812 4142 lucri
845 4088 926 4142 vel
960 4085 1286 4144 detrimenti
1316 4086 1457 4140 illati
1497 4085 1656 4146 nobis
1699 4085 1945 4148 veniunt,
1985 4102 2085 4144 seu

484 4176 571 4232 vel
598 4175 847 4244 irrogata
863 4181 1211 4244 generantur
1237 4174 1463 4244 injuria,
1497 4175 1610 4230 sive
1641 4192 1762 4244 quae
1780 4174 2082 4233 irrationa—

483 4261 582 4320 bili
611 4265 817 4322 mentis
847 4263 1170 4321 confusione
1199 4263 1526 4333 procedunt,
1557 4280 1656 4319 seu
1677 4280 1800 4333 quae
1817 4263 2082 4322 lethalem

484 4353 931 4424 desperationem
953 4351 1116 4412 nobis
1137 4351 1426 4416 inducunt,
1443 4351 1751 4406 valebimus
1775 4369 2077 4420 superare:

484 4459 611 4498 cum
631 4447 987 4498 externarum
1005 4457 1192 4500 rerum
1209 4458 1273 4500 ae
1294 4441 1614 4496 futurarum
1632 4439 1840 4496 intuitu
1863 4457 2084 4510 semper

482 4529 594 4587 laeti
623 4534 792 4600 atque
820 4528 1135 4589 immobiles
1165 4528 1554 4599 perdurantes,
1597 4544 1700 4582 nec
1739 4527 1958 4582 casibus
1991 4528 2086 4580 de-

475 4618 611 4687 jecti
643 4617 1029 4688 praesentibus,
1049 4634 1150 4675 nec
1169 4617 1451 4688 prosperis
1480 4615 1749 4674 fuerimus
1765 4616 2082 4680 elati,utra-

484 4722 593 4776 que
611 4706 763 4765 velut
780 4707 990 4764 caduca
1015 4712 1073 4764 et
1089 4723 1216 4764 mox
1237 4701 1590 4764 transeuntia
1617 4705 2077 4775 contemplantes.

1137 4850 1206 4901 Dr
1235 4850 1440 4903 acc/lia.

557 4975 826 5032 Octavum
863 4989 995 5042 ergo
1025 4990 1090 5028 ae
1131 4972 1494 5030 novissimum
1538 4978 1660 5028 octo
1689 4971 2084 5044 principalium

486 5063 746 5122 vitiorum
789 5061 940 5116 virus
982 5068 1068 5118 est
1093 5061 1304 5126 acedia,
1337 5078 1436 5131 per
1479 5078 1647 5130 quam
1687 5067 1847 5130 tepor
1875 5059 2079 5116 mentis

483 5157 541 5206 et
569 5151 834 5221 segnities
855 5150 1021 5204 noxia
1049 5150 1244 5215 oritur,
1269 5167 1392 5219 quae
1422 5149 1702 5204 hominem
1723 5149 1978 5206 inutilem
2009 5149 2080 5202 ad

487 5256 651 5294 omne
681 5257 822 5313 opus
850 5239 1060 5294 bonum
1093 5257 1158 5295 ac
1187 5239 1486 5309 proclivem
1517 5238 1587 5294 ad
1633 5238 1922 5295 interitum
1951 5237 2080 5291 red-

485 5327 594 5385 dit.
636 5328 792 5388 Unde
848 5328 1118 5398 scriptum
1159 5333 1282 5390 est:
1328 5347 1350 5378 ι
1400 5326 1667 5386 Otiositas
1710 5325 1939 5382 inimica
1992 5330 2080 5380 est

487 5416 708 5480 animae,
743 5435 766 5470 ι
815 5433 986 5487 quam
1015 5417 1275 5477 inimicus
1315 5416 1488 5474 totius
1525 5415 1655 5470 boni
1688 5415 1944 5473 diabolus
1980 5432 2080 5485 per

488 5509 861 5566 muneratam
890 5505 1092 5568 mediae
1113 5505 1370 5568 morbum
1396 5505 1610 5567 homini
1630 5505 1872 5575 ingerit:
1907 5503 1988 5566 ita
2017 5510 2082 5562 ut

2176 3111 2257 3166 tia
2280 3115 2330 3179 (Ι
2357 3114 2477 3167 Ger.
2503 3131 2537 3176 ι,
2565 3115 2634 3172 5).
2661 3133 2682 3166 ι
2709 3115 2887 3170 Multa
2915 3114 3066 3172 enim
3095 3116 3252 3173 mala
3273 3115 3460 3170 docuit
3497 3114 3712 3171 otiosius.

2177 3201 2308 3263 Quae
2325 3201 2918 3272 evidenterApostolus
2930 3204 3511 3260 enumeravitdicens:
3547 3227 3564 3250 υ
3593 3200 3716 3258 Audi-

2173 3289 2374 3354 vimus,
2399 3291 2600 3360 inquit,
2615 3292 2886 3360 quosdam
2905 3292 3055 3347 inter
3075 3309 3170 3346 vos
3195 3292 3483 3351 ambulare
3501 3291 3711 3362 inquieta.

2172 3379 2311 3434 nihil
2325 3386 2640 3450 operantes,
2669 3381 2766 3436 sed
2777 3381 2994 3436 curiose
3005 3387 3242 3451 agentes
3267 3384 3346 3441 (II
3358 3382 3522 3437 Thess.
3542 3397 3609 3439 ιιι.
3626 3377 3682 3440 Ἰδ-
3698 3398 3710 3422 ι

2173 3467 2426 3537 Huicque
2438 3469 2570 3524 vitio
2584 3468 2874 3538 subjunxit
2883 3470 3164 3539 quoddam
3182 3470 3381 3526 statim
3399 3469 3714 3524 medicamen-

2173 3561 2294 3610 tum
2322 3555 2513 3610 dicens
2547 3574 2558 3608 :
2597 3557 2938 3631 «Rogamus
2967 3573 3080 3622 vos,
3105 3556 3335 3620 fratres,
3369 3557 3510 3628 quod
3537 3569 3712 3626 operam

2172 3643 2316 3698 detis
2338 3650 2402 3700 ut
2422 3644 2600 3714 quieti
2624 3644 2766 3708 sitis,
2793 3651 2925 3700 etut
2945 3651 3128 3700 vestra
3147 3645 3380 3715 negotia
3397 3651 3714 3716 agenwsope-

2172 3732 2374 3789 remini
2406 3732 2664 3790 manibus
2685 3734 2886 3788 vestris
2917 3740 2974 3787 et
3001 3735 3238 3792 honeste
3271 3734 3559 3791 ambuletis
3582 3731 3716 3785 adeo:

2173 3820 2266 3889 qui
2288 3821 2424 3876 foris
2451 3828 2584 3877 sunt
2603 3828 2661 3876 et
2678 3822 2891 3879 nullius
2911 3822 3120 3893 aliquid
3143 3823 3478 3882 desideratis
3495 3824 3571 3888 (II
3583 3811 3715 3878 Thes.

2170 3909 2318 3975 11,1).
2347 3937 2366 3958 ι-
2395 3911 2538 3966 Nam
2571 3928 2709 3980 quos
2741 3911 2908 3968 etiam
2949 3911 3304 3970 inordinatos
3327 3930 3391 3967 ac
3413 3910 3624 3969 rebelles
3643 3924 3716 3962 ne-

2170 4003 2270 4060 tat,
2303 3997 2375 4052 ab
2405 3999 2493 4052 his
2523 3999 2801 4054 studiosos
2833 4017 3082 4078 quosque
3123 4001 3413 4071 segregari
3444 3998 3718 4070 praecipiens

2168 4085 2305 4142 dicit
2335 4102 2346 4138 :
2389 4115 2400 4134 ι
2431 4087 2843 4143 Denuntiamus
2871 4092 3062 4142 autem
3110 4088 3287 4150 vobis.
3320 4089 3536 4150 fratres,
3571 4086 3616 4138 in
3643 4099 3716 4138 no-

2167 4175 2318 4233 mine
2348 4174 2572 4232 Domini
2593 4174 2772 4231 nostri
2801 4175 2830 4230 J
2835 4192 2932 4230 esu
2963 4175 3193 4240 Christi,
3226 4181 3293 4232 ut
3320 4173 3720 4234 subtrahatisvoi
3824 4167 3825 4232 Ῐ

2167 4262 2238 4318 ab
2265 4263 2417 4318 omni
2447 4262 2621 4320 fratre
2672 4263 2988 4318 inordinate
3019 4270 3077 4322 et
3125 4265 3382 4335 inquieto
3425 4263 3716 4320 ambulante.
3823 4259 3825 4324 ξ

2165 4356 2223 4404 et
2269 4367 2380 4410 non
2424 4351 2730 4406 secundum
2787 4353 3147 4412 traditionem
3191 4371 3365 4423 quam
3413 4350 3669 4423 accepistis
3696 4365 3720 4403 τι
3823 4355 3825 4364 ‘

2165 4438 2326 4494 nobis
2353 4441 2434 4505 (Il
2470 4440 2643 4494 Thess.
2678 4456 2753 4505 ill,
2799 4439 2872 4507 6).
2910 4459 2933 4492 ι
2969 4439 3040 4494 Et
3067 4457 3189 4511 qua;
3219 4441 3393 4496 fuerit
3421 4441 3512 4496 ma
3536 4436 3719 4496 "adma
3824 4427 3825 4466 ἓ

2163 4527 2424 4598 protinus
2450 4526 2740 4596 subjunxit
2758 4527 2974 4582 dicens:
3011 4547 3040 4582 ιι
3071 4529 3184 4599 Ipsi
3207 4529 3361 4589 enim
3391 4529 3536 4584 scitis
3561 4542 3718 4598 quem-

2165 4617 2469 4673 admodum
2509 4622 2768 4686 oporteat
2812 4617 3022 4674 imitari
3053 4633 3158 4674 nos
3188 4637 3199 4670 :
3237 4619 3499 4688 quoniam
3536 4631 3631 4672 non
3655 4612 3718 4668 in-

2165 4705 2340 4776 quieti
2369 4705 2577 4762 fuimus
2606 4706 2754 4762 inter
2773 4722 2886 4770 vos,
2917 4722 3100 4776 neque
3129 4722 3337 4780 panem
3364 4704 3536 4776 gratis
3557 4701 3618 4756 ab
3643 4697 3718 4754 ali-

2165 4812 2276 4864 quo
2303 4795 2783 4860 manducavimus,
2814 4794 2911 4850 sed
2942 4795 3000 4849 in
3029 4793 3220 4850 labore
3259 4801 3320 4850 et
3353 4796 3408 4854 in
3439 4790 3718 4863 fatigatione

2163 4890 2326 4942 nocte
2353 4888 2410 4938 et
2437 4883 2528 4940 die
2557 4889 2872 4954 operantes,
2900 4899 2972 4940 ne
2998 4883 3246 4956 aliquem
3277 4889 3518 4940 vestrum
3553 4892 3714 4950 gr!“-

2166 4989 2372 5038 remus,
2409 4989 2522 5028 non
2560 4973 2722 5042 quasi
2768 4989 2882 5028 non
2916 4972 3250 5030 haberemus
3283 4977 3616 5044 potestatem,
3638 4964 3710 5020 sed

2161 5067 2227 5116 ut
2270 5061 2643 5131 nosmetipsos
2687 5063 2924 5116 formam
2953 5062 3217 5118 daremus
3244 5061 3400 5116 vobis
3439 5060 3506 5116 ad
3532 5056 3711 5112 imiten-

2163 5151 2297 5205 dum
2329 5167 2433 5206 nos
2464 5151 2647 5215 (Ibid,
2667 5166 2716 5202 υ.
2734 5147 2808 5216 7).
2839 5168 2866 5204 ι
2895 5149 3088 5214 Qualis
3115 5167 3250 5220 ergo
3277 5151 3375 5206 ille
3391 5157 3475 5204 est
3491 5143 3710 5203 Christia-

2163 5255 2268 5296 nus
2297 5239 2392 5308 qui
2425 5255 2552 5294 eum
2581 5255 2748 5298 mane
2775 5256 2809 5292 a
2839 5239 2982 5294 lecto
3019 5238 3308 5296 ebrietatis
3355 5255 3466 5294 suae
3494 5246 3706 5290 sumre-

2159 5327 2253 5393 rit,
2285 5343 2396 5382 non
2453 5326 2642 5400 aliquo
2693 5326 2848 5397 operi
2898 5326 3024 5386 utili
3071 5326 3301 5390 insistit,
3333 5343 3443 5386 non
3483 5323 3549 5380 ad
3574 5319 3707 5376 eccle-

2161 5415 2304 5474 siam
2332 5414 2602 5476 orationis
2621 5431 2794 5472 causa
2817 5414 2985 5480 vadit,
3021 5431 3136 5474 non
3163 5414 3232 5472 ad
3263 5411 3588 5474 audiendum
3613 5420 3703 5460 τοτ’

2159 5501 2294 5560 bum
2327 5501 2430 5560 Dei
2460 5503 2764 5568 consumit,
2787 5519 2903 5564 non
2931 5503 3319 5582 eleemqsynas
3340 5515 3502 5572 agere
3515 5492 3699 5564 satagit.
