3982 6158
483 214 620 273 1255

1075 211 1139 264 Β.
1181 209 1454 264 RABANI
1489 206 1724 264 MAURI
1759 205 2098 262 ARCHIEP.

2139 205 2464 263 uocum.
2507 187 2805 262 eranum
2841 203 3026 260 rans
3063 205 3160 260 ιιι.
3566 203 3686 266 1258

480 337 730 395 nominis
747 337 978 409 pollent,
1009 339 1076 389 ut
1099 332 1243 388 bene
1271 332 1492 404 incepta
1521 331 1614 404 pio
1634 337 1693 386 et
1721 330 1964 386 discreto
1983 347 2074 384 co-
2089 341 2138 400 Α
2159 336 2351 386 ruunt.
2385 329 2558 396 Quasi
2587 347 2720 402 ergo
2743 333 2934 401 aperte
2962 328 3166 384 feriens
3193 328 3348 384 hasta
3372 335 3452 384 est
3467 330 3611 402 culpa
3629 331 3686 385 de

479 427 707 485 nemine
729 425 801 480 ad
827 423 1036 479 bonum
1067 422 1238 477 ﬁnem
1270 421 1601 494 perducant.

557 515 940 584 Temperantia
974 511 1180 584 quippe
1203 516 1406 582 quarta
1419 509 1632 582 species
1651 508 1875 564 virtutis
1895 513 1987 563 est
1998 525 2082 562 ra-

478 603 765 661 tionabilis
795 603 853 657 in
903 601 1212 664 libidinem,
1247 605 1416 671 atque
1467 599 1526 654 in
1573 599 1714 653 alios
1757 614 1870 652 non
1899 603 2082 652 rectos

484 693 660 749 animi
691 693 858 746 firma
885 697 942 745 et
971 689 1268 744 moderata
1303 687 1614 742 dominatio
1640 705 1652 740 :
1685 688 1920 758 ejusque
1950 703 2081 758 par-

479 788 566 838 tes
593 787 729 836 sunt
751 781 1115 843 continentia,
1145 779 1455 840 clementia,
1489 777 1772 830 modestia.
1789 777 2084 830 Continen-

484 873 566 926 tia
587 871 738 925 enim
769 875 856 924 est
883 884 985 940 per
1012 883 1179 939 quam
1201 865 1388 920 omnis
1402 865 1553 919 mala
1571 865 1848 936 cupiditas
1879 880 2086 935 magna

481 959 702 1015 consilii
719 957 1128 1029 gubernatione
1147 955 1362 1026 regitur
1393 961 1449 1008 et
1467 953 1822 1025 deprimitur.
1844 955 2086 1008 Clemen-

485 1051 566 1104 tia
583 1053 690 1110 est,
713 1063 814 1118 per
833 1063 1000 1117 quam
1017 1044 1210 1116 jurgia
1239 1049 1296 1098 et
1313 1042 1444 1098 odia
1463 1043 1587 1098 miti
1616 1042 1805 1097 animo
1833 1041 2084 1097 retinen-

483 1142 596 1193 tur.
644 1137 904 1192 Modestia
928 1141 1033 1196 est,
1071 1150 1174 1206 per
1201 1149 1370 1204 quam
1401 1131 1576 1186 totius
1611 1131 1736 1186 vitae
1757 1131 1958 1186 modus
1985 1147 2086 1185 seu

421 1265 429 1284 ι
484 1225 660 1282 animi
689 1241 789 1280 seu
819 1223 876 1278 in
905 1221 1154 1294 corporis
1193 1221 1439 1276 motibus
1463 1220 1671 1292 ubique
1702 1219 1924 1275 honesti
1951 1236 2088 1274 cura

485 1319 758 1370 servatur.
793 1313 988 1367 Honor
1017 1310 1252 1366 eximius
1285 1315 1372 1364 est
1398 1325 1588 1364 coram
1620 1307 1940 1364 hominibus
1968 1309 2088 1363 haec

484 1402 752 1468 servanti,
789 1407 846 1456 et
865 1401 988 1454 laus
1013 1399 1162 1471 apud
1189 1399 1390 1454 Deum.
1424 1398 1780 1470 Quapropter
1797 1396 1941 1452 bono
1963 1403 2085 1452 stu-

485 1491 579 1547 dio
610 1498 668 1546 et
695 1491 789 1562 pio
836 1489 1027 1544 labore
1061 1487 1483 1552 contendamus,
1525 1491 1590 1541 ut
1622 1487 1738 1541 haec
1784 1485 2086 1545 observan-

485 1586 573 1636 tes
601 1579 771 1650 digne
801 1577 1010 1633 Christi
1041 1575 1331 1631 servitium
1361 1592 1615 1646 agamus,
1652 1581 1710 1630 et
1736 1575 1998 1642 maxime,
2022 1579 2088 1629 ut

488 1669 549 1724 in
570 1667 658 1722 via
661 1666 898 1738 justitiaa
911 1672 968 1720 et
987 1664 1238 1720 veritatis
1253 1665 1632 1720 ambulemus:
1665 1664 1798 1735 quia
1814 1663 2086 1735 scriptum

487 1762 601 1813 est:
631 1757 875 1810 «Justus
912 1753 1185 1809 Dominus
1214 1753 1566 1824 etjustitiam
1605 1753 1818 1814 dilexit,
1851 1752 2088 1824 aequita-

488 1851 604 1900 tem
633 1843 970 1899 viditvultus
990 1843 1114 1914 ejus
1135 1845 1275 1913 (Psa.
1296 1859 1352 1908 x,
1377 1842 1454 1914 7).
1481 1861 1509 1895 ι
1545 1842 1614 1896 Et
1646 1841 1779 1896 alibi
1807 1859 1819 1893 :
1855 1861 1879 1893 ι
1913 1841 2089 1896 Justi-

486 1933 568 1990 tia
595 1933 854 1987 liberavit
879 1949 914 1986 a
939 1937 1122 1987 morte
1155 1934 1334 1998 (Prov.
1366 1947 1418 1997 x,
1442 1929 1522 2002 2).
1558 1949 1584 1984 ι
1618 1931 1688 1986 Et
1716 1931 1882 1985 item:
1918 1949 1947 1982 α
1981 1929 2088 1995 Qui

493 2021 752 2093 sequitur
773 2020 1054 2092 Justitiam
1084 2025 1142 2074 et
1169 2019 1485 2087 veritatem,
1527 2018 1774 2074 inveniet
1804 2019 1994 2085 vitam,
2032 2024 2090 2073 et

483 2110 786 2183 justitiam,
821 2115 874 2164 et
895 2109 1155 2180 gloriam.
1181 2107 1504 2164 vHabemus
1531 2125 1666 2179 ergo
1679 2109 1748 2162 ad
1761 2109 1867 2162 hoc
1885 2107 2088 2162 fortem

487 2201 826 2271 adjutorem,
857 2204 916 2252 et
943 2198 1098 2270 pium
1127 2202 1524 2269 protectorem,
1556 2197 1920 2252 Mediatorem
1939 2196 2090 2250 vide-

488 2288 619 2344 licet
638 2288 739 2344 Dei
769 2293 827 2342 et
853 2287 1168 2353 hominum,
1201 2287 1272 2341 de
1302 2303 1414 2356 quo
1441 2287 1712 2358 scriptum
1735 2291 1822 2341 est
1853 2304 1864 2340 :
1888 2304 1944 2337 ια
1974 2285 2087 2340 Ve-

489 2375 629 2432 ritas
656 2376 726 2430 de
752 2381 908 2430 terra
935 2381 1060 2430 orta
1091 2381 1194 2440 est,
1222 2380 1281 2430 et
1301 2374 1528 2446 justitia
1553 2374 1622 2429 de
1643 2375 1782 2428 coelo
1803 2373 2089 2446 prospexit

491 2467 594 2532 (Ps.
629 2482 842 2530 Lxxxw,
873 2463 989 2533 12).
1025 2483 1052 2516 »
1087 2464 1444 2536 Quapropter
1471 2463 1530 2518 in
1559 2463 1714 2518 nullo
1743 2463 2083 2528 ditfidamus,

489 2553 630 2609 nihil
669 2554 1050 2624 desperemus,
1089 2551 1186 2606 sed
1215 2551 1276 2606 in
1303 2551 1464 2606 illum
1502 2558 1679 2607 totam
1708 2567 1866 2624 spem
1893 2551 2090 2606 salutis

493 2648 699 2698 nostra:
739 2658 1032 2712 ponamus,
1065 2641 1199 2712 quia
1224 2640 1294 2695 de
1335 2657 1402 2695 eo
1430 2640 1700 2713 scriptum
1741 2647 1828 2695 est
1861 2658 1873 2692 :
1909 2659 1937 2692 «
1965 2641 2092 2694 Non

2162 421 2314 488 vitio,
2348 426 2406 475 et
2439 420 2599 492 quasi
2631 437 2692 474 ex
2721 419 2936 474 occulto
2964 418 3257 473 vulnerans
3282 418 3348 472 de
3367 419 3688 490 pharetrasa-

2161 511 2306 582 gitta
2331 515 2434 573 est,
2468 509 2635 580 culpa
2670 509 2740 563 de
2767 508 2990 562 virtute.
3027 507 3133 562 Sed
3169 513 3472 562 sanctorum
3497 508 3690 579 provida

2162 599 2424 654 discretio
2470 598 2602 652 dum
2635 597 2870 652 sollicite
2915 596 3340 668 circumquaque
3368 597 3620 668 conspicit,
3643 599 3690 652 in

2165 689 2339 743 altum
2367 687 2551 760 posita
2580 687 2904 758 priusquam
2945 685 3134 740 veniat
3169 685 3330 756 culpa
3363 685 3694 756 deprehendit,

2165 793 2400 848 eamque
2430 793 2540 848 quo
2564 776 2858 847 vigilanter
2881 779 3244 846 praenotat,eo
3257 774 3465 828 fortiter
3479 774 3696 830 declinat.

2165 867 2356 921 Primo
2393 866 2544 920 enim
2593 864 2809 933 militiae
2837 863 3046 918 Christi
3092 863 3485 934 providendum
3513 869 3602 928 est,
3643 880 3698 918 ne

2165 956 2316 1010 mala
2342 954 2603 1026 quaelibet
2630 958 2797 1026 agat:
2829 951 3074 1007 secundo
3116 968 3246 1006 vero
3273 952 3389 1005 loco
3416 951 3695 1016 consideret,

2166 1062 2237 1100 ne
2265 1044 2413 1098 bona
2431 1043 2654 1098 incaute
2687 1041 2874 1107 faciat,
2903 1047 2962 1097 et
2993 1046 3289 1112 postquam
3318 1056 3478 1113 prava
3493 1039 3698 1110 subjece—

2168 1135 2260 1200 rit,
2295 1134 2416 1206 ipsa
2462 1133 2633 1188 etiam
2685 1131 2792 1186 sibi
2829 1130 3106 1202 subjicere
3135 1135 3288 1184 recta
3323 1129 3619 1184 contendat:
3644 1145 3698 1184 ne

2167 1223 2216 1278 si
2258 1221 2464 1276 mentis
2506 1219 2818 1276 dominium
2860 1225 3176 1284 transeunt,
3210 1221 3271 1274 in
3307 1219 3546 1274 elationis
3569 1219 3701 1290 culpa

2166 1317 2479 1367 vertantur.
2500 1310 2646 1375 Quia
2663 1309 2834 1376 enim,
2857 1309 3004 1364 sicut
3022 1307 3283 1380 superius
3293 1307 3594 1374 dictumest,
3612 1308 3700 1379 ple-

2167 1417 2406 1471 rumque
2425 1417 2492 1454 ex
2511 1398 2670 1454 bonis
2685 1415 2785 1470 per
2795 1398 3024 1454 incuria
3048 1397 3247 1452 vitium
3261 1397 3406 1451 mala
3427 1401 3698 1458 nascuntur,

2165 1489 2418 1560 vigilanti
2445 1487 2631 1543 studio
2651 1487 3081 1558 contemplatur,
3109 1486 3386 1558 quomodo
3411 1503 3472 1539 ex
3497 1485 3705 1539 doctrina

2167 1577 2508 1650 arrogantia,
2542 1593 2606 1631 ex
2635 1575 2858 1647 justitia
2893 1575 3217 1641 crudelitas,
3247 1591 3312 1629 ex
3338 1575 3531 1646 pietate
3554 1573 3706 1628 remis-

2105 1662 2272 1733 Bsio,
2322 1684 2388 1721 ex
2432 1667 2548 1721 zelo
2579 1665 2683 1730 ira,
2733 1682 2799 1720 ex
2841 1664 3276 1719 mansuetudine
3306 1669 3491 1734 torpor
3514 1661 3704 1716 oriatur.

2171 1757 2425 1828 Cumque
2471 1754 2617 1810 bona
2646 1755 2764 1808 haec
2791 1753 2946 1824 agit?
2981 1753 3132 1825 quod
3152 1759 3348 1807 contra
3365 1769 3423 1806 se
3450 1752 3613 1806 hostes
3632 1767 3709 1822 per

2171 1847 2314 1900 hanc
2341 1861 2640 1915 exsurgere
2666 1843 2890 1898 valeant
2919 1841 3208 1914 conspicit.
3233 1843 3374 1897 Nam
3403 1857 3520 1896 cum
3545 1839 3710 1910 adipis-

2169 1935 2362 1989 cendis
2389 1933 2657 1988 doctrinae
2686 1931 2889 1987 studiis
2905 1930 3174 1996 elaborat,
3203 1937 3444 1986 mentem
3461 1927 3708 1984 sollicitam

2170 2029 2366 2078 contra
2393 2028 2680 2077 certamen
2717 2019 3052 2092 arrogantiae
3075 2025 3370 2092 praeparat.
3403 2019 3532 2072 Cum
3557 2017 3710 2086 culpas

2169 2111 2617 2183 delinquentium
2641 2111 2794 2180 juste
2824 2107 3015 2163 ulcisci
3043 2108 3330 2163 desiderat
3359 2125 3372 2160 :
3409 2105 3711 2177 sagacissime

2170 2201 2342 2256 evitat
2369 2217 2440 2254 ne
2459 2200 2689 2254 modum
2712 2197 2951 2270 justitiae
2963 2197 3269 2252 crudelitas
3296 2195 3536 2250 vindicta:
3557 2201 3708 2248 trans-

2169 2291 2388 2344 cendat.
2414 2289 2556 2344 Cum
2575 2287 2785 2360 pietate
2812 2287 3035 2341 frenare
3058 2303 3118 2340 se
3146 2285 3366 2350 nititur,
3387 2284 3598 2338 solerter
3611 2297 3710 2354 pro-

2168 2379 2366 2452 spiciat
2385 2395 2455 2433 ne
2473 2395 2585 2450 qua
2605 2375 2910 2448 disciplinae
2928 2375 3298 2430 dissolutione
3315 2376 3567 2430 vincatur.
3596 2373 3708 2425 Cum

2167 2468 2306 2524 recti
2353 2467 2456 2522 zeli
2500 2466 2756 2521 stimulos
2805 2465 3028 2531 excitat,
3080 2480 3440 2536 summOpere
3482 2460 3708 2534 providet,

2170 2574 2242 2614 ne
2267 2557 2567 2628 plusquam
2595 2571 2822 2610 necesse
2851 2559 2938 2608 est
2974 2554 3070 2608 irae
3099 2571 3159 2608 se
3191 2555 3416 2608 flamma
3440 2550 3712 2607 succendat.

2173 2647 2313 2702 Cum
2326 2661 2532 2716 magna
2559 2642 3008 2698 mansuetudinis
3033 2641 3439 2714 tranquillitate
3465 2656 3518 2695 se
3541 2644 3713 2709 tempe-

495 2731 851 2801 derelinquet
869 2746 1064 2784 omnes
1083 2729 1178 2802 qui
1191 2735 1422 2800 sperant
1440 2729 1501 2784 in
1521 2747 1582 2784 se
1605 2732 1708 2792 iPs.
1755 2745 1948 2796 xxxm,
1975 2727 2086 2797 ‘23).
2172 2741 2278 2801 rat,
2299 2733 2624 2805 vigilantem
2653 2724 2928 2796 observat,
2955 2748 3026 2786 ne
3055 2737 3286 2802 torpore
3311 2731 3572 2802 frigescat.
3599 2724 3714 2790 Quia

493 2819 563 2874 Et
583 2817 968 2873 misericordia
986 2819 1036 2888 ej
1043 2835 1108 2872 us
1135 2834 1169 2872 a
1197 2817 1463 2890 progenie
1485 2819 1544 2872 in
1575 2817 1872 2890 progenies
1885 2818 2090 2872 timen-
2171 2839 2304 2894 ergo
2317 2821 2624 2895 spiritualis
2638 2820 2833 2876 militis
2848 2820 3188 2892 cogitatione
3202 2836 3366 2875 omne
3380 2817 3558 2872 vitium
3570 2814 3714 2887 prius-

492 2907 648 2963 tibus
665 2924 814 2962 eum.
849 2924 877 2960 ι
911 2907 1010 2961 His
1029 2923 1159 2961 vero
1185 2906 1265 2960 ita
1283 2907 1556 2962 veraciter
1572 2905 1958 2968 existentibus,
1967 2907 2088 2976 jam
2109 2965 2148 2985 η
2171 2929 2340 2985 quam
2370 2911 2654 2982 surripere
2677 2910 2853 2982 possit
2886 2908 3176 2981 aspicitur,
3209 2914 3358 2964 recte
3391 2909 3458 2962 de
3476 2905 3647 2960 eodem
3669 2901 3714 2956 in

497 3012 648 3051 nunc
672 2997 742 3050 de
770 2995 966 3050 fraude
993 2995 1214 3066 antiqui
1260 2995 1438 3050 hostis
1465 3001 1524 3050 et
1563 2995 1879 3050 necessaria
1903 3001 2090 3050 vestra
2107 2995 2150 3024 υ
2171 2999 2311 3054 libro
2330 3000 2435 3054 Job
2451 2999 2685 3054 dicitur:
2703 3021 2726 3048 ι
2759 2999 2960 3054 Procul
2989 2997 3190 3053 odorat
3208 2997 3417 3053 bellum
3436 2997 3710 3064 (Job.xxxtxe

495 3084 714 3139 cautela
739 3089 935 3138 contra
963 3082 1198 3138 insidias
1226 3083 1349 3153 ejus
1379 3083 1680 3138 dicendum
1709 3100 1830 3138 esse
1855 3082 2091 3138 arbitra-
2169 3085 2284 3156 25).
2315 3106 2342 3140 ι)
2366 3088 2674 3144 Induamus
2695 3103 2795 3142 nos
2816 3087 3124 3142 secundum
3143 3087 3470 3158 Apostolum
3487 3082 3636 3138 lorica
3645 3080 3715 3150 ju-

499 3173 890 3244 mur.0portet
905 3178 1095 3226 autem
1109 3187 1570 3242 unumquemque
1591 3171 1686 3244 qui
1699 3171 1758 3226 in
1769 3171 2091 3226 Christiana

499 3261 701 3316 militia
719 3261 1056 3315 constitutus
1093 3265 1196 3327 est,
1228 3265 1294 3314 ut
1323 3265 1486 3315 caute
1515 3265 1713 3315 contra
1740 3260 1958 3332 antiqui
1985 3260 2089 3314 ho-

494 3349 595 3405 stis
636 3349 946 3422 nequitiam
983 3348 1264 3404 instanter
1308 3348 1557 3420 vigilent,
1608 3366 1678 3404 ne
1705 3349 1848 3404 forte
1877 3349 2084 3404 dolosis

491 3438 810 3494 ﬁctionibus
831 3439 954 3510 ejus
981 3438 1300 3506 reducatur,
1339 3438 1471 3510 quia
1490 3438 1668 3492 hostis
1687 3437 1921 3493 callidus
1950 3453 2084 3492 con-

487 3533 580 3582 tra
599 3527 887 3599 caelestem
901 3527 1391 3603 militemﬁiversa
1409 3526 1834 3598 percussionum
1853 3527 2087 3582 vulnera

489 3615 806 3689 exquirens,
825 3616 992 3672 modo
1007 3633 1073 3670 ex
1093 3617 1362 3687 pharetra
1377 3632 1478 3688 per
1493 3615 1724 3670 insidias
1736 3631 1865 3670 eum
1880 3616 2087 3687 sagitta

489 3705 764 3772 vulnerat,
797 3705 962 3760 modo
1005 3711 1138 3760 ante
1193 3706 1316 3776 ejus
1365 3704 1562 3760 faciem
1605 3705 1826 3760 hastam
1851 3703 2081 3759 vibrat:

489 3793 623 3866 quia
643 3793 904 3850 videlicet
931 3793 1085 3860 vitia,
1117 3799 1176 3848 et
1201 3794 1315 3848 alia
1340 3793 1445 3848 sub
1470 3793 1742 3849 virtutum
1763 3793 1945 3866 specie
1959 3809 2086 3848 con-

488 3883 650 3956 tegit,
683 3889 742 3938 et
796 3883 912 3938 alia
938 3887 1004 3937 ut
1045 3887 1182 3938 sunt
1227 3888 1424 3954 aperta
1473 3883 1595 3954 ejus
1625 3882 1802 3937 oculis
1832 3881 2082 3954 opponit.

489 3971 596 4029 Ubi
625 3971 776 4026 enim
791 3971 1068 4026 inﬁrmari
1083 3970 1188 4026 Dei
1209 3971 1447 4026 militem
1485 3971 1774 4042 conspicit,
1806 3971 1921 4025 illic
1938 3971 2086 4026 frau-

487 4059 576 4114 dis
598 4059 879 4114 velamina
906 4075 1019 4114 non
1049 4059 1308 4132 requirit.
1340 4058 1448 4116 Ubi
1477 4065 1668 4115 autem
1691 4059 1954 4114 resistere
1978 4059 2086 4114 sibi

491 4149 697 4204 fortem
726 4148 1065 4214 considerat,
1100 4148 1216 4203 illic
1254 4153 1451 4203 contra
1494 4149 1640 4204 vires
1684 4149 1882 4220 procul
1916 4147 2086 4204 dubio

489 4238 650 4294 dolos
678 4241 870 4310 parat._
892 4238 1039 4292 Nam
1070 4254 1198 4292 cum
1224 4235 1514 4292 infirmum
1544 4237 1866 4310 quempiam
1885 4237 1946 4292 in
1969 4253 2088 4292 car-

489 4327 580 4383 nis
609 4326 870 4382 illecebra
889 4325 1058 4391 videt,
1083 4330 1277 4398 aperte
1291 4325 1535 4398 speciem
1545 4327 1794 4398 corporis
1809 4343 1934 4398 quae
1950 4343 2086 4381 con-

488 4417 699 4490 cupisci
723 4415 908 4470 valeat
937 4415 1060 4486 ejus
1091 4414 1380 4470 obtutibus
1412 4414 1623 4486 objicit.
1659 4415 1719 4470 Si
1750 4419 1940 4470 autem
1970 4415 2085 4470 for-

489 4512 640 4560 tasse
667 4503 916 4560 validum
961 4509 1160 4559 contra
1207 4504 1504 4559 avaritiam
1533 4503 1728 4570 cernit,
1763 4503 2086 4575 importune

491 4593 614 4664 ejus
640 4591 1072 4662 cogitationibus
1101 4592 1536 4649 domesticorum
1577 4609 1808 4648 suorum
1838 4591 2086 4664 inopiam

489 4680 762 4752 suggerit,
796 4687 862 4736 ut
888 4680 1024 4736 dum
1056 4697 1217 4736 mens
1250 4681 1321 4735 ad
1353 4680 1684 4753 provisionis
1703 4697 1896 4736 curam
1926 4680 2087 4752 quasi

489 4769 582 4844 pie
611 4769 874 4836 ﬂectitur,
897 4769 1128 4825 seducta
1153 4769 1350 4824 furtim
1378 4769 1438 4824 in
1459 4785 1650 4824 rerum
1665 4769 1881 4824 ambitu
1898 4769 2088 4841 inique

493 4858 764 4932 rapiatur.
798 4859 959 4931 Smpe
987 4875 1139 4914 enim
1185 4857 1556 4913 tentationem
1587 4857 1848 4930 proponit
1867 4858 1936 4913 de
1958 4857 2087 4913 libi-

487 4947 640 5013 dine,
690 4953 749 5003 et
799 4947 985 5004 subito
1033 4945 1448 5002 fraudulentius
1505 4962 1749 5011 cessans,
1787 4945 2087 5002 elationem

488 5035 744 5108 suggerit
761 5036 831 5090 de
861 5041 1082 5090 servata
1109 5033 1389 5090 castitate.
1422 5035 1492 5090 Et
1521 5040 1656 5089 sunt
1683 5034 1957 5100 nonnulli,
1991 5035 2088 5106 qui

490 5125 627 5180 dum
658 5125 865 5180 multos
893 5140 961 5180 ex
987 5123 1262 5180 castitatis
1307 5139 1438 5180 arce
1483 5123 1542 5178 in
1570 5123 1832 5178 elationis
1869 5123 2087 5179 foveam

490 5212 757 5270 cecidisse
774 5212 1143 5286 conspiciunt,
1173 5212 1300 5270 vitae
1328 5229 1444 5268 suae
1470 5212 1780 5268 custodiam
1802 5212 2088 5285 negligen-

489 5306 580 5357 tes
596 5299 656 5356 in
673 5301 1090 5359 immunditiam
1113 5299 1360 5358 libidinis
1371 5302 2085 5374 demerguntur.Suntvero

493 5405 526 5444 e
555 5387 774 5444 diverso
803 5377 1080 5458 nonnulli,
1110 5389 1208 5462 qui
1236 5390 1372 5446 dum
1393 5390 1643 5446 libidinis
1663 5390 2084 5446 immunditiam

492 5473 720 5549 fugiunt
736 5493 839 5552 per
861 5477 1132 5534 castitatis
1160 5478 1384 5536 culmen
1408 5477 1469 5535 in
1486 5479 1812 5552 voraginem
1821 5478 2084 5537 elationis

2171 3176 2338 3232 stitiae
2381 3181 2438 3231 et
2481 3177 2646 3248 galea
2675 3176 2893 3238 salutis,
2941 3174 3216 3230 habentes
3262 3179 3473 3229 scutum
3515 3169 3643 3233 ﬁdei,
3671 3167 3714 3220 in

2173 3282 2282 3337 quo
2301 3265 2582 3337 possimus
2601 3265 2791 3320 omnia
2805 3264 2921 3318 tela
2932 3263 3266 3335 nequissimi
3287 3263 3444 3334 ignea
3455 3259 3717 3328 exstingue-

2170 3371 2270 3409 re:
2303 3359 2358 3409 et
2401 3353 2655 3425 gladium
2703 3353 2984 3425 spiritum,
3031 3351 3182 3424 quod
3232 3358 3317 3406 est
3359 3349 3572 3405 verbum
3617 3345 3712 3400 Dei.

2167 3443 2567 3498 Contineamus
2594 3459 2696 3498 nos
2725 3459 2760 3496 a
2800 3442 2986 3514 pravis
3022 3441 3356 3505 actionibus,
3388 3437 3716 3494 custodiamus

2167 3547 2228 3585 os
2257 3537 2515 3586 nostrum
2554 3548 2589 3586 a
2626 3531 2806 3586 noxiis
2853 3537 2912 3586 et
2953 3530 3148 3586 otiosis
3192 3529 3550 3592 sermonibus,
3585 3532 3635 3580 et
3654 3523 3715 3578 sic

2167 3635 2463 3676 caveamus
2493 3637 2564 3675 ne
2585 3620 2856 3675 lasdamur
2883 3637 2918 3674 a
2938 3620 3102 3674 malis
3122 3617 3558 3691 cogitationibus,
3579 3629 3639 3669 ne
3652 3611 3714 3665 vi-

2165 3709 2401 3764 ctoriam
2422 3725 2590 3780 quam
2607 3708 3001 3781 acquisivimus
3020 3726 3124 3780 per
3138 3708 3522 3772 constantiam,
3551 3701 3715 3776 perda-

2167 3813 2296 3852 mus
2316 3814 2418 3869 per
2435 3797 2692 3853 elationis
2721 3797 3054 3853 vecordiam.

2242 3886 2582 3941 Studeamus
2611 3903 2834 3958 quoque
2859 3892 2926 3942 ut
2950 3887 3010 3942 in
3047 3886 3311 3942 omnibus
3339 3879 3716 3941 adversitatibus

2167 3991 2294 4047 quae
2323 3975 2483 4030 nobis
2516 3975 2822 4031 adveniunt
2853 3975 3184 4047 patientiam
3213 3990 3493 4030 servemus
3511 3991 3524 4025 :
3545 3969 3657 4042 quia
3671 3966 3715 4020 in

2166 4063 2323 4118 nulla
2349 4063 2465 4118 alia
2482 4081 2543 4119 re
2571 4065 2774 4120 melius
2800 4063 2979 4119 hostis
2997 4069 3191 4118 noster
3214 4064 3467 4128 vincitur,
3500 4059 3586 4132 qui
3611 4071 3717 4129 quo-

2165 4151 2306 4207 tidie
2327 4153 2606 4224 quomodo
2630 4169 2734 4208 nos
2753 4152 2950 4225 perdat
2975 4152 3348 4208 machinatur.
3371 4151 3462 4206 Ait
3477 4149 3610 4204 enim
3626 4145 3715 4198 Do-

2167 4240 2356 4296 minus
2374 4245 2567 4296 noster
2587 4258 2601 4298 :
2635 4261 2658 4292 ι
2683 4242 2748 4296 In
2768 4241 3043 4314 patientia
3059 4246 3246 4296 vestra
3268 4235 3600 4313 possidebitis
3615 4230 3714 4288 ani-

2166 4346 2288 4384 mas
2338 4335 2554 4384 vestras
2593 4329 2746 4402 (Luc.
2803 4346 2916 4394 xxx,
2947 4329 3056 4398 19).
3095 4348 3118 4381 ι
3169 4329 3449 4384 Patientia
3483 4339 3600 4380 vero
3647 4324 3714 4374 est

2167 4418 2352 4473 aliena
2378 4419 2527 4474 mala
2555 4417 2946 4490 aequanimiter
2968 4419 3210 4490 perpeti:
3239 4423 3428 4474 contra
3447 4412 3712 4488 proximum

2168 4523 2392 4579 quoque
2439 4507 2534 4579 qui
2582 4507 2735 4562 mala
2780 4507 2995 4578 irrogat
3043 4507 3198 4562 nullo
3258 4507 3444 4561 dolore
3488 4495 3709 4557 morderi.

2169 4595 2468 4651 Sciendum
2506 4601 2697 4650 tamen
2743 4601 2830 4650 est
2879 4596 3029 4667 quod
3057 4595 3241 4650 tribus
3271 4593 3446 4650 modis
3480 4583 3709 4664 patientia

2169 4683 2414 4738 exerceri
2441 4683 2602 4738 solet.
2635 4683 2763 4737 Alia
2789 4699 3034 4754 namque
3078 4687 3230 4749 sunt,
3263 4697 3384 4753 quae
3406 4697 3440 4734 a
3479 4679 3597 4741 Deo,
3623 4671 3711 4726 alia

2171 4786 2294 4843 quae
2321 4771 2393 4826 ab
2423 4771 2654 4842 antiquo
2672 4771 3012 4838 adversario,
3047 4771 3160 4826 alia
3185 4787 3308 4844 quae
3327 4787 3362 4824 a
3375 4767 3602 4841 proximo
3615 4775 3709 4816 sus-

2093 4902 2131 4936 ,
2168 4860 2435 4916 tinemus.
2499 4861 2549 4916 Α
2604 4860 2858 4932 proximo
2910 4877 3155 4932 namque
3205 4857 3609 4932 persecutiones,
3662 4852 3706 4901 et

2168 4949 2394 5015 damna,
2423 4953 2482 5004 et
2503 4949 2871 5004 contumelias
2895 4968 2908 5017 ;
2962 4948 3033 5004 ab
3063 4949 3296 5020 antiquo
3327 4946 3470 5002 enim
3496 4943 3706 4998 adversa-

2168 5037 2255 5092 rio
2278 5042 2646 5102 tentamenta,
2665 5053 2696 5092 a
2713 5031 2829 5093 Deo
2846 5043 3036 5092 autem
3054 5038 3275 5108 ﬂagella
3299 5037 3598 5090 toleramus.
3618 5023 3702 5082 Sed

2167 5124 2226 5180 in
2247 5124 2505 5181 omnibus
2521 5125 2704 5182 tribus
2733 5125 2822 5180 his
2855 5126 3037 5181 modis
3067 5125 3315 5196 vigilanti
3352 5122 3500 5178 oculo
3540 5117 3703 5172 semet-

2166 5213 2346 5288 ipsam
2379 5213 2547 5270 debet
2589 5231 2750 5270 mens
2786 5214 3246 5286 circumspicere:
3275 5229 3346 5268 ne
3371 5215 3550 5266 contra
3583 5199 3701 5258 mal!

2166 5303 2406 5376 proximi
2425 5303 2787 5376 pertrahatur
2805 5303 2874 5358 ad
2897 5303 3323 5359 retributionem
3350 5297 3493 5362 mali,
3513 5311 3577 5350 ne
3599 5303 3700 5344 con-

2165 5395 2258 5446 ιω
2280 5396 2620 5448 testamenta
2647 5391 2953 5448 adversarii
2983 5391 3284 5447 seducatur
3311 5389 3380 5444 ad
3420 5377 3698 5440 delectatio-

2166 5494 2299 5536 nem
2325 5480 2414 5536 vel
2437 5495 2776 5538 consensum
2805 5480 3028 5548 delicﬁ;
3060 5495 3134 5537 ne
3167 5484 3358 5537 conm
3381 5471 3582 5546 ﬂagelli
3598 5462 3696 5536 οΡί·

2101 4289 2150 4350 D
