3982 6158
281 270 416 328 1ἳ57

1131 270 1226 358 DE}
1263 269 1818 327 ECCLESIASTICA
1853 271 2284 329 DISCIPLINA.
2321 305 2384 314 —
2424 274 2561 329 LIB.
2594 274 2694 329 III.

3418 277 3553 335 1258

279 395 401 449 ﬂcis
429 395 502 449 ad
529 409 816 448 excessum
842 377 1078 466 proruat
1118 395 1598 450 murmurationis.
1631 396 1881 452 Perfecte
1896 398 2169 458 Ascelera
2209 414 2330 464 sua,
2379 414 2492 452 non
2534 398 2810 470 dirigetur
2841 417 2853 453 :
2883 401 2980 471 qui
3020 406 3213 456 autem
3265 401 3553 458 confessus

280 484 432 538 enim
461 483 818 538 adversarius
843 483 1102 549 vincitur,
1130 485 1356 554 quando
1378 501 1539 540 mens
1582 491 1776 540 nostra
1823 492 1880 541 et

279 573 432 627 inter
459 577 810 626 tentamenta
828 573 994 642 ejusa
1009 573 1378 628 delectatione
1393 579 1563 645 atque
1582 591 1874 642 consensu,

281 667 340 714 et
365 661 516 716 inter
561 661 932 716 contumelias
974 662 1213 733 proximi
1255 663 1568 718 custoditur
1613 663 1683 718 ab
1728 665 1874 730 odio,

279 755 338 803 et
366 750 516 804 inter
541 750 764 820 ﬂagella
790 749 892 804 Dei
919 751 1296 821 compescitur
1328 770 1364 805 a
1409 752 1874 806 murmuratione.

636 867 711 919 Dc
739 867 1070 934 confessione
1106 872 1156 919 et
1179 870 1520 936 pauitantia.

354 971 462 1026 Sed
490 977 682 1025 tamen
712 971 878 1025 militi
906 972 1134 1039 Christi,
1165 973 1212 1026 si
1242 973 1430 1044 aliquo
1452 973 1617 1028 modo
1636 991 1670 1027 a
1689 974 1880 1029 doloso

281 1059 508 1114 inimico
537 1060 842 1126 seduc1tur,
882 1061 968 1115 vel
997 1061 1180 1116 carnis
1223 1061 1527 1133 fragilitate
1559 1069 1875 1133 superatur,

280 1166 394 1204 non
423 1155 510 1203 est
537 1149 973 1221 desperandum,
1003 1151 1101 1205 sed
1133 1151 1312 1222 magis
1339 1152 1680 1206 studendum
1699 1157 1762 1206 ut
1784 1168 1883 1223 per

275 1254 467 1292 veram
495 1239 901 1294 confessionem
929 1240 1376 1312 condignamque
1407 1241 1802 1312 pmnitentiam
1825 1247 1882 1294 et

277 1328 765 1400 compunctionem
785 1329 1164 1401 lacrymarum
1192 1330 1557 1400 semetipsum
1587 1335 1882 1402 recuperet

274 1416 612 1488 veniamque
640 1417 974 1472 delictorum
1003 1436 1037 1472 a
1064 1418 1421 1473 misericorde
1462 1419 1651 1489 judice
1699 1419 1878 1490 impe-

275 1512 409 1573 tret,
427 1522 638 1578 perque
655 1505 932 1561 bonorum
961 1512 1188 1562 actuum
1228 1513 1520 1562 strenuum
1551 1508 1879 1562 exercitium

278 1595 348 1648 ad
372 1595 576 1666 prioris
599 1596 724 1650 vita)
753 1601 984 1663 statum,
1007 1602 1065 1650 et
1087 1597 1155 1650 ad
1176 1597 1469 1668 praemium
1494 1599 1781 1667 promissae
1795 1613 1880 1651 re-

275 1683 600 1739 tributionis
629 1685 920 1756 pervenire
945 1691 1247 1740 mereatur.

814 1804 886 1858 Dc
914 1806 1348 1870 compunctionc.

345 1909 712 1982 Compunctio
742 1909 916 1979 igitur
945 1909 1127 1964 cordis
1175 1925 1241 1962 cx
1289 1907 1625 1962 humilitatis
1671 1909 1878 1963 virtute

275 1985 551 2053 nascitur.
591 1999 673 2053 De
724 1998 1150 2070 compunctione
1187 1997 1460 2052 confessio
1499 2002 1873 2068 peccatorum,

272 2087 346 2142 de
374 2088 724 2142 confessione
753 2087 1102 2158 paenitentia,
1135 2087 1204 2140 de
1233 2085 1566 2157 pcenitentia
1583 2103 1713 2140 vero
1743 2103 1876 2156 pro-

271 2175 464 2230 veniet
507 2176 842 2230 delictorum
884 2175 1252 2246 indulgentia.
1287 2175 1656 2246 Compunctio
1693 2175 1876 2229 cordis

272 2271 362 2319 est
385 2265 677 2320 humilitas
711 2265 918 2320 mentis
943 2282 1069 2319 cum
1099 2264 1361 2336 lacrymis
1395 2270 1454 2318 et
1488 2263 1875 2318 recordatione

269 2360 651 2426 peccatorum,
693 2360 750 2408 et
803 2355 1005 2408 timore
1050 2353 1268 2424 judicii.
1317 2353 1395 2408 Ex
1431 2353 1677 2424 genuino
1723 2353 1874 2407 fonte

272 2443 724 2515 compunctionis
762 2444 945 2498 solent
974 2445 1253 2514 proﬂuere
1305 2443 1585 2514 lacrymze,
1655 2442 1711 2496 id
1767 2447 1871 2507 est,

274 2533 416 2586 dum
449 2550 607 2588 mens
625 2549 860 2604 operum
876 2549 1107 2587 suorum
1121 2531 1447 2602 diligentius
1457 2531 1610 2586 mala
1622 2532 1876 2585 conside-

1957 486 2147 552 fuerit,
2181 493 2238 542 et
2268 487 2559 558 reliquerit
2587 504 2671 554 ea,
2704 487 3147 544 misericordiam
3183 497 3558 562 consequetur

1962 579 2140 642 (Pror.
2180 593 2360 642 xxvm,
2409 576 2516 644 13).
2571 597 2596 628 ››
2631 578 2899 647 Magnum
2946 585 3032 632 est
3076 579 3273 634 salutis
3310 579 3554 634 medica-

1960 671 2214 720 mentum
2236 682 2347 719 non
2364 665 2570 719 iterare
2590 682 2713 736 quae
2753 667 2924 738 impie
2955 667 3250 737 gessimus,
3283 685 3385 723 nec
3412 670 3560 740 prio-

1960 770 2080 808 rem
2127 754 2443 808 cicatricem
2485 755 2780 809 vulnerum
2826 757 3156 811 resauciare.
3208 758 3368 812 Unde
3422 757 3561 812 dicit

1961 843 2203 896 Joannes
2231 843 2575 913 evangelista
2608 862 2619 895 :
2658 865 2680 895 ι
2715 845 2773 899 Si
2801 846 3174 900 conﬁteamur
3195 851 3425 918 peccata
3453 863 3556 902 no-

1962 937 2099 998 stra,
2133 932 2312 985 ﬁdelis
2337 939 2423 986 est
2437 933 2585 987 Deus
2605 939 2663 986 et
2675 934 2863 1003 justus
2881 935 3210 989 utremittat
3239 935 3398 990 nobis
3427 953 3557 1007 pec-

1962 1025 2104 1086 cata,
2139 1025 2196 1074 et
2222 1021 2456 1074 mundet
2475 1038 2575 1075 nos
2614 1021 2684 1075 ab
2722 1022 2874 1076 omni
2914 1023 3215 1094 iniquitate
3241 1024 3298 1094 (Ι
3321 1027 3481 1088 Joan,
3516 1042 3554 1091 ι,

1961 1108 2034 1175 9).
2073 1127 2098 1162 ι
2133 1109 2403 1163 Similiter
2432 1115 2489 1167 et
2517 1110 2816 1164 Psalmista
2845 1112 2926 1166 ait
2955 1130 2967 1164 :
3005 1132 3029 1163 ι
3063 1113 3206 1178 Dixi,
3240 1113 3560 1168 Conﬁtebor

1961 1197 2258 1252 adversum
2289 1215 2378 1252 me
2409 1198 2747 1269 injustitiam
2775 1217 2960 1254 meam
2988 1201 3246 1268 Domino,
3279 1208 3334 1256 et
3362 1208 3425 1256 tu
3472 1219 3558 1258 re-

1962 1287 2165 1342 misisti
2195 1287 2544 1358 impietatem
2575 1288 2787 1359 peccati
2816 1289 2926 1344 mei
2959 1292 3124 1356 (Psal.
3157 1307 3310 1356 xxxx,
3346 1292 3418 1360 5).
3456 1311 3480 1343 ι

2199 1431 2270 1484 De
2303 1447 2415 1484 non
2447 1433 2722 1485 tardando
2752 1437 2994 1487 converti
3016 1435 3090 1487 ad
3111 1436 3304 1488 Deum.

2031 1555 2236 1609 Vivens
2265 1557 2603 1610 confiteatur
2629 1563 2887 1626 peccator
2931 1574 3052 1628 quae
3103 1558 3250 1623 fecit,
3280 1559 3412 1629 quia
3446 1575 3560 1614 non

1961 1648 2049 1698 est
2070 1643 2354 1698 fructuosa
2377 1645 2650 1699 confessio
2679 1645 2829 1716 apud
2856 1645 3084 1712 inferos,
3116 1663 3219 1700 nec
3231 1647 3563 1718 paenitentia

1894 1714 2032 1786 Bad
2076 1733 2316 1788 salutem
2351 1733 2668 1804 proﬁciens.
2702 1714 2839 1788 Ecce
2877 1752 3025 1790 nunc
3064 1714 3287 1807 tempus
3337 1737 3557 1803 salutis,

1961 1837 2086 1874 ecce
2115 1838 2264 1875 nunc
2291 1828 2516 1893 tempus
2535 1821 2874 1892 acceptabile
2895 1823 3030 1878 Deo.
3043 1825 3289 1895 Tempus
3305 1830 3393 1880 est
3411 1842 3560 1881 nunc

1960 1908 2308 1964 remissionis
2338 1911 2760 1982 paenitentibus,
2793 1912 2891 1966 sed
2910 1917 3135 1984 tempus
3156 1913 3264 1966 erit
3273 1921 3399 1985 post
3414 1931 3561 1968 mor—

1961 2003 2076 2051 tem
2113 1999 2369 2053 vindicta:
2415 2000 2830 2070 negligentibus
2875 2001 3128 2054 confiteri
3179 2003 3389 2057 scelera
3432 2021 3554 2058 sua.

1959 2085 2168 2141 Omnes
2193 2087 2346 2141 enim
2375 2089 2531 2159 impii
2559 2081 3051 2143 amaram'habent
3073 2089 3130 2143 in
3163 2091 3342 2160 poenis
3375 2093 3556 2161 pumi-

1957 2177 2214 2242 tentiam,
2247 2177 2344 2231 sed
2377 2194 2488 2231 non
2517 2179 2737 2248 proﬁcit
2765 2177 2844 2231 eis
2875 2178 3206 2249 pmnitentia
3245 2179 3317 2232 ad
3362 2181 3558 2235 remis-

1956 2265 2171 2319 sionem
2199 2284 2210 2318 :
2246 2267 2343 2320 sed
2375 2265 2713 2320 conscientia
2740 2272 2968 2337 torquet
2986 2283 3080 2320 eos
3102 2267 3173 2320 ad
3188 2273 3557 2338 augmentum

1957 2371 2247 2423 poenarum
2279 2371 2401 2425 quae
2429 2355 2741 2426 patiuntur.
2775 2355 3088 2410 Potuerunt
3106 2355 3328 2427 sibiper
3346 2357 3558 2412 confes-

1957 2443 2171 2496 sionem
2220 2460 2527 2513 praecavere
2567 2449 2979 2498 tormentorum
3027 2445 3459 2514 immanitatem,
3501 2452 3558 2499 et

1960 2533 2346 2602 neglexerunt.
2388 2533 2474 2586 Ita
2503 2532 2647 2586 sicut
2668 2533 2817 2586 foras
2846 2533 3106 2600 ﬂammis,
3132 2535 3214 2588 ita
3242 2534 3398 2589 intus
3428 2552 3556 2590 con-

274 2629 388 2688 rat,
414 2628 514 2676 aut
548 2623 684 2676 dum
718 2621 996 2676 desiderio
1016 2627 1237 2675 aeternae
1263 2621 1390 2675 vita;
1420 2620 1685 2692 suspirat.
1718 2621 1878 2676 Unde
1961 2621 2194 2675 scientia
2218 2621 2446 2692 propria
2473 2627 2825 2692 torquentur.
2851 2621 3142 2687 Quomodo
3159 2628 3345 2694 potest
3383 2625 3554 2678 medi-

275 2715 338 2764 et
350 2710 630 2782 Propheta
651 2711 734 2765 ait
757 2729 768 2763 :
797 2729 822 2761 ((
838 2709 1024 2765 Sitivit
1033 2710 1224 2764 anima
1236 2727 1362 2764 mea
1388 2710 1458 2763 ad
1471 2710 1650 2764 Deum
1672 2709 1873 2776 vivum,
1961 2727 2061 2765 eus
2089 2727 2288 2764 sanare
2319 2710 2468 2780 quod
2495 2716 2738 2780 :egrotus
2751 2709 3052 2765 ostendere
3069 2711 3383 2766 erubescit?
3403 2713 3552 2768 Deus

276 2800 504 2870 quando
517 2800 821 2866 veniam,et
831 2799 1112 2871 apparebo
1123 2805 1253 2854 ante
1265 2798 1462 2853 faciem
1475 2799 1575 2853 Dei
1587 2799 1611 2852 ?
1623 2799 1876 2854 Fuerunt
1957 2800 2108 2854 enim
2131 2800 2416 2854 desiderat
2434 2799 2839 2854 confessionem
2859 2806 3128 2864 nostram,
3141 2805 3206 2854 ut
3212 2802 3428 2871 justam
3449 2803 3552 2856 ha-

273 2888 419 2942 mihi
459 2889 722 2961 lacrymze
768 2905 906 2943 mea:
939 2905 1111 2960 panes
1141 2889 1230 2944 die
1271 2905 1337 2942 ac
1363 2893 1525 2942 nocte
1560 2890 1725 2954 (Psal.
1762 2904 1868 2954 xu,
1957 2888 2086 2943 beat
2113 2905 2341 2942 causam
2370 2889 2722 2958 ignoscendi.
2749 2889 2855 2954 Qui
2900 2896 3129 2961 peccata
3173 2907 3278 2944 sua
3318 2891 3558 2945 occultat

274 2975 352 3041 3).
383 2995 412 3030 ι
442 2977 698 3042 Quatuor
723 2978 858 3032 item
887 2970 1029 3032 sunt
1050 2977 1350 3048 qualitates
1365 2977 1738 3042 aﬂectionum,
1755 2976 1876 3047 qui-
1899 3035 1936 3049 η
1956 2983 2015 3032 et
2038 2977 2319 3032 erubescit
2346 2977 2649 3032 salubriter
2661 2979 2933 3044 confiteri,
2951 2979 3147 3045 Deum,
3169 2996 3334 3049 quem
3346 2983 3551 3034 testem

271 3035 384 3120 bus
414 3035 678 3138 cogitatio
703 3067 842 3138 justi
871 3067 1036 3122 taedio
1064 3035 1275 3121 salubri
1305 3035 1736 3138 compungiturr
1758 3035 1874 3120 floc
1895 3035 1936 3095 Ο
1957 3067 2144 3133 habet,
2179 3067 2385 3122 iterum
2414 3067 2644 3122 habebit
2671 3084 2800 3121 eum
2811 3035 3071 3121 ultorem.
3096 3035 3320 3138 optime
3340 3085 3400 3123 se
3405 3069 3554 3138 judi-

268 3161 363 3210 est
405 3157 680 3211 memoria
723 3157 1135 3228 praeteritorum
1181 3155 1511 3222 facinorum,
1561 3155 1873 3210 recordatio
1957 3156 2306 3210 cathomoin
2325 3157 2430 3210 hac
2447 3157 2580 3222 vita,
2600 3173 2669 3210 ne
2683 3156 3162 3226 judiceturaDeo
3196 3157 3556 3212 damnatione

265 3244 595 3300 futurarum
646 3261 958 3317 pcenarum,
993 3244 1364 3299 consideratio
1408 3245 1876 3316 peregrinationis
1958 3251 2246 3316 perpetua.
2280 3246 2570 3316 Duplicem
2601 3245 2809 3299 habere
2837 3245 3005 3300 debet
3050 3246 3246 3300 ﬂetum
3286 3247 3345 3300 in
3375 3247 3554 3317 poeni-

268 3350 391 3388 suaa
420 3333 480 3388 in
509 3333 679 3404 hujus
708 3333 830 3388 vitae
860 3333 1105 3398 miseria,
1137 3333 1478 3388 desiderium
1507 3350 1762 3405 superna:
1784 3350 1877 3404 pa-
1958 3333 2138 3388 tentia
2167 3333 2348 3388 omnis
2377 3341 2636 3405 peccator
2665 3353 2675 3387 :
2712 3335 2825 3388 sive
2857 3335 2990 3405 quia
3023 3351 3126 3404 per
3153 3335 3553 3405 negligentiam

265 3423 418 3490 triae,
452 3428 729 3496 quatenus
758 3421 829 3476 ad
859 3439 984 3476 eam
1031 3423 1408 3494 quantocitius
1454 3423 1639 3477 valeat
1682 3439 1878 3494 perve-
1959 3422 2170 3476 bonum
2199 3439 2312 3476 non
2341 3422 2488 3486 fecit,
2537 3439 2634 3476 seu
2679 3423 2812 3492 quia
2852 3423 3066 3475 malum
3115 3439 3218 3492 per
3259 3423 3553 3477 audaciam

267 3511 420 3566 nire.
446 3512 682 3576 Quando
701 3529 834 3582 ergo
846 3511 955 3565 ista
973 3512 1032 3564 in
1052 3511 1218 3565 corde
1238 3511 1484 3566 hominis
1507 3513 1667 3577 fiunt,
1703 3512 1880 3566 scien-
1960 3511 2304 3582 perpetravit
2327 3529 2339 3577 ;
2370 3511 2518 3582 quod
2545 3516 2855 3581 opportune
2887 3527 2999 3564 non
3022 3511 3216 3580 gessit,
3262 3512 3410 3581 quod
3440 3528 3552 3566 non

266 3600 411 3654 dum
443 3607 531 3656 est
555 3608 690 3655 tunc
708 3617 830 3655 esse
861 3601 1038 3654 Deum
1058 3617 1161 3672 per
1181 3601 1422 3671 gratiam
1456 3601 1702 3655 humano
1725 3601 1878 3655 cordi
1961 3599 2211 3672 oportuit
2223 3599 2354 3670 egit.
2371 3601 2516 3653 Nam
2530 3599 2784 3652 Salvator
2799 3598 2856 3651 in
2883 3599 3180 3668 Evangelio
3210 3600 3554 3670 poenitentiae

265 3696 630 3761 praesentem.
655 3689 814 3745 Unde
837 3689 970 3744 etin
990 3689 1212 3744 Psalmo
1230 3689 1438 3744 dicitur
1469 3708 1481 3744 :
1517 3707 1545 3743 α
1589 3691 1758 3756 Deus,
1796 3689 1876 3743 vi-
1960 3691 2225 3744 virtutem
2257 3687 2501 3742 ostendit
2527 3687 2718 3740 dicens
2746 3705 2758 3739 :
2795 3705 2821 3738 ί
2854 3687 3252 3742 Paenitentiam
3272 3688 3439 3758 agite,
3459 3705 3554 3761 ap-

261 3785 394 3834 tam
414 3796 602 3834 meam
621 3779 874 3835 nuntiavi
892 3778 1014 3846 tibi,
1053 3779 1290 3850 posuisti
1327 3779 1604 3850 lacrymas
1634 3796 1789 3832 meas
1817 3779 1875 3833 in
1957 3776 2356 3850 propinquabit
2408 3775 2557 3829 enim
2614 3792 2850 3844 regnum
2901 3776 3170 3830 caelorum
3220 3779 3433 3844 (Matth.
3475 3795 3548 3844 nr,

264 3875 576 3940 conspectu
608 3875 726 3935 tuo,
757 3869 904 3924 sicut
942 3868 1001 3922 in
1037 3868 1406 3940 promissione
1430 3875 1532 3922 tua
1559 3871 1723 3934 (Psal.
1782 3884 1872 3934 Lx,
1957 3867 2030 3934 ‘2).
2056 3886 2084 3916 ι)
2118 3867 2187 3922 Et
2229 3867 2471 3920 Joannes
2520 3863 2771 3934 Baptista
2813 3882 2824 3916 :
2865 3884 2888 3914 (ι
2942 3865 3149 3931 Facite,
3191 3865 3288 3930 ait,
3338 3865 3552 3922 fructus

264 3959 345 4027 9).
385 3977 408 4008 ι
442 3957 746 4012 Promissio
773 3956 1154 4028 indulgentiae,
1188 3974 1354 4029 quam
1383 3957 1655 4012 habemus
1673 3973 1708 4010 a
1735 3957 1871 4024 Deo,
1957 3955 2156 4026 dignos
2180 3953 2520 4026 poenitentiae
2545 3954 2724 4020 (lbid.,
2743 3969 2792 4006 υ.
2812 3952 2887 4011 8).
2910 3971 2936 4005 »
2968 3953 3205 4008 Fructus
3233 3953 3439 4025 dignus
3469 3963 3556 4011 est

265 4047 556 4118 lacrymas
580 4046 920 4118 poenitentiae
939 4045 1144 4101 excitat
1179 4047 1334 4101 cordi
1376 4053 1587 4112 nostro,
1615 4045 1712 4100 sed
1740 4051 1875 4099 tunc
1957 4044 2298 4116 penitentiae
2320 4049 2604 4097 transacta
2624 4043 2759 4096 ﬂere
2779 4048 3022 4113 peccata,
3050 4049 3107 4098 et
3126 4043 3323 4098 eadem
3345 4043 3552 4100 iterum

263 4134 518 4190 salubris
537 4141 623 4190 est
653 4134 776 4206 ipsa
803 4135 1154 4206 compunctio
1178 4135 1401 4207 quando
1426 4134 1710 4189 hominem
1740 4151 1872 4205 pro-
1955 4149 2068 4188 non
2081 4150 2266 4205 agere,
2281 4132 2427 4187 sicut
2439 4130 2729 4202 Scriptura
2743 4131 2854 4186 ait:
2871 4150 2894 4182 ‹‹
2912 4131 2994 4186 Ne
3010 4131 3241 4202 adjicias
3262 4137 3552 4204 peccatum

262 4229 436 4280 vocat
464 4224 536 4278 ad
556 4223 960 4279 confessionem
983 4231 1359 4295 peccatorum,
1383 4229 1442 4278 et
1463 4223 1534 4278 ad
1555 4223 1872 4278 conversio-
1955 4239 2127 4294 super
2153 4227 2460 4293 peccatum,
2477 4225 2535 4274 et
2563 4219 2718 4274 dicas
2752 4239 2763 4273 :
2791 4219 3076 4274 Miseratio
3103 4221 3206 4275 Dei
3235 4238 3440 4292 magna
3467 4227 3554 4275 est

263 4330 407 4370 nem
437 4313 686 4368 melioris
714 4313 860 4368 vitae.
890 4314 1164 4368 Hortatur
1189 4315 1378 4384 itaque
1399 4329 1502 4367 nos
1519 4312 1722 4383 saepius
1743 4329 1873 4366 san-
1888 4355 1937 4413 Β
1956 4311 2222 4382 quoniam
2243 4309 2792 4364 misericordiaetira
2806 4309 2876 4363 ab
2897 4309 2992 4362 illo
3007 4315 3093 4362 est
3112 4311 3298 4371 (Ecclz'.
3332 4327 3386 4376 v,
3411 4311 3482 4379 5).
3519 4327 3547 4362 ι

260 4408 365 4457 cta
393 4402 687 4474 Scriptura
713 4403 782 4456 ad
815 4401 1227 4456 medicamenta
1251 4402 1444 4473 fugere
1482 4401 1865 4467 confessionis,
1894 4397 1936 4413 ν
1955 4419 1978 4451 ι
2013 4399 2321 4463 Lavamini,
2361 4417 2383 4448 ι
2415 4398 2550 4452 dicit
2567 4398 2839 4451 Dominus
2861 4413 2962 4468 per
2974 4397 3176 4450 Isaiam
3191 4399 3544 4470 prophetam,

261 4507 388 4547 non
410 4491 561 4563 quod
590 4491 739 4546 Deus
755 4491 1007 4562 indigeat
1021 4490 1616 4557 confessionisnostrae,
1637 4490 1726 4545 cui
1748 4507 1869 4544 om-
1957 4508 1985 4562 ς
2015 4493 2071 4542 et
2098 4487 2291 4542 mundi
2329 4493 2507 4540 estote
2529 4487 2656 4554 (Ira.
2699 4503 2733 4550 ι,
2777 4483 2880 4551 16).
2919 4503 2944 4536 ι
2968 4485 3212 4540 Lavatur
3257 4486 3448 4557 itaque
3492 4492 3552 4542 et

261 4581 368 4637 nia
397 4586 600 4653 praesto
647 4587 781 4636 sunt
807 4596 930 4651 quae
976 4579 1305 4651 cogitamus,
1335 4579 1634 4651 loquimur,
1665 4585 1723 4633 et
1750 4577 1871 4649 agi-
1953 4577 2197 4631 mundus
2241 4581 2345 4632 est.
2389 4574 2484 4644 qui
2529 4580 2586 4628 et
2630 4574 2914 4645 praeterita
2959 4575 3192 4646 plangit,
3234 4582 3291 4630 et
3337 4577 3546 4632 iterum

260 4687 438 4738 mus;
473 4669 572 4724 sed
602 4685 706 4724 nos
733 4669 898 4723 aliter
921 4668 1060 4723 salvi
1093 4669 1216 4724 ﬁeri
1254 4685 1368 4723 non
1411 4684 1728 4739 possumus.
1760 4667 1869 4721 nisi

258 4760 643 4815 conﬂteamur
655 4758 989 4830 pcenitentes
1005 4758 1152 4829 quod
1169 4758 1359 4830 inique
1388 4755 1667 4827 gessimus
1695 4755 1870 4826 negli-

254 4853 490 4921 gentes.
515 4847 622 4912 Qui
650 4847 898 4918 seipsum
929 4852 1155 4901 accusat
1183 4847 1240 4902 in
1271 4845 1513 4918 peccatis
1551 4845 1686 4910 suis,
1719 4845 1867 4899 hunc

256 4936 528 4994 diabolus
543 4953 656 4990 non
675 4935 848 4991 habet
865 4936 1072 4991 iterum
1093 4953 1357 4991 accusare
1386 4934 1446 4990 in
1466 4934 1557 4989 die
1570 4933 1788 5004 judicii,
1821 4934 1868 4987 si

257 5034 463 5082 tamen
510 5027 782 5081 confitens
824 5025 1147 5098 pmniteddo
1189 5025 1356 5080 diluit
1398 5041 1519 5096 qua;
1570 5023 1720 5089 fecit,
1765 5039 1868 5078 nec

249 5117 476 5172 iterum
525 5119 760 5170 renovat
783 5131 906 5186 quae
936 5115 1070 5186 egit.
1107 5132 1137 5165 α
1167 5112 1544 5180 Conﬁtemini,
1569 5131 1597 5165 ιδ
1623 5111 1762 5167 dicit
1778 5113 1869 5167 Ja-

252 5204 437 5260 cobus
487 5203 790 5276 apostolus,
843 5222 867 5255 ι
919 5204 1262 5259 alterutrum
1307 5207 1539 5276 peccata
1575 5205 1780 5266 vestra,
1813 5205 1870 5255 et

1951 4666 2139 4721 ﬂenda
2166 4680 2279 4719 non
2299 4662 2564 4718 admittit.
2583 4664 2826 4717 Lavatur
2844 4670 2902 4718 et
2921 4681 3031 4718 non
3046 4671 3132 4718 est
3163 4665 3424 4731 mundus,
3449 4666 3544 4736 qui

1951 4754 2170 4827 plangit
2196 4753 2344 4824 quod
2370 4751 2564 4824 gessit,
2597 4768 2700 4806 nec
2727 4751 2953 4812 deserit.
3005 4759 3062 4807 et
3103 4759 3232 4824 post
3266 4754 3543 4826 lacrymas

1949 4843 2068 4899 haec
2088 4859 2210 4914 qua:
2249 4842 2480 4896 ﬂeverat
2512 4841 2734 4911 repetit.
2765 4841 2846 4894 De
2875 4840 2961 4895 his
2989 4841 3085 4912 qui
3111 4847 3239 4912 post
3265 4842 3542 4914 lacrymas

1949 4933 2020 4988 ad
2048 4933 2252 4987 delicta
2280 4936 2638 4985 revertuntur
2666 4930 2872 5001 priora,
2905 4929 3101 4984 beatus
3143 4931 3343 4984 Petrus
3382 4931 3543 4984 terri-

1950 5021 2134 5078 biliter
2156 5021 2236 5075 ait
2267 5039 2278 5074 :
2313 5039 2341 5073 ‹‹
2379 5020 2548 5074 Canis
2577 5035 2831 5073 reversus
2856 5019 2926 5072 ad
2954 5018 3227 5072 vomitum
3260 5034 3428 5072 suum
3469 5021 3548 5083 (ΙΙ

1949 5112 2092 5166 Patr.
2115 5127 2171 5176 υ,
2195 5109 2307 5172 ‘21).
2331 5129 2357 5160 »
2387 5128 2410 5160 ε
2435 5108 2562 5174 Fili,
2605 5107 2652 5162 si
2683 5107 2943 5178 peccasti,
2981 5127 3003 5156 ι
3051 5106 3258 5161 dicitur
3293 5107 3354 5162 in
3400 5107 3545 5162 Scri-

1947 5203 2120 5270 ptura
2148 5203 2360 5265 sancta,
2396 5215 2422 5250 α
2452 5213 2524 5251 ne
2541 5196 2774 5267 adjicias
2793 5195 3016 5262 iterum,
3041 5195 3138 5250 sed
3153 5195 3222 5251 de
3242 5195 3542 5267 praeteritis

253 5299 424 5349 orate
453 5308 555 5364 pro
580 5291 838 5358 invicem,
859 5297 926 5348 ut
947 5292 1240 5348 salvemini
1272 5292 1404 5368 (Jac.
1437 5307 1491 5356 v,
1523 5288 1628 5359 16).
1667 5309 1689 5340 ι
1723 5291 1866 5346 Item
1948 5287 2248 5360 deprecare
2273 5292 2338 5342 ut
2355 5286 2720 5342 remittantur
2747 5284 2850 5339 tibi
2882 5286 3065 5350 (Eccli.
3106 5297 3220 5351 xxI,
3254 5285 3328 5355 1).
3364 5303 3392 5338 υ
3424 5284 3544 5342 Ρω-

252 5383 470 5437 beatus
497 5380 784 5452 apostolus
812 5381 1022 5436 Paulus
1048 5399 1060 5435 :
1094 5400 1120 5434 ((
1141 5381 1251 5436 Ore
1269 5385 1478 5444 autem,
1513 5379 1717 5449 inquit,
1740 5395 1868 5432 con-
1947 5378 2187 5434 nitentia
2209 5393 2340 5432 vera
2370 5392 2483 5430 non
2536 5391 2814 5428 annorum
2857 5390 3092 5430 numero
3133 5380 3414 5440 censetur.
3445 5376 3543 5430 sed

253 5471 436 5528 fessio
467 5470 618 5524 fitad
638 5470 878 5525 salutem
903 5472 1074 5538 (Rom.
1098 5487 1154 5536 x,
1179 5470 1285 5538 10).
1310 5489 1338 5522 »
1371 5469 1479 5525 Sed
1508 5474 1566 5523 et
1603 5467 1866 5523 Salomon
1947 5466 2324 5522 amaritudine
2353 5465 2546 5520 animi.
2580 5463 2739 5520 Unde
2767 5462 2966 5518 beatus
2994 5463 3193 5518 Petrus
3214 5480 3342 5519 mox
3369 5481 3404 5518 a
3438 5463 3544 5518 Do-

255 5561 338 5615 de
369 5557 720 5614 confessione
745 5564 1102 5632 peccatorum
1130 5559 1273 5614 dixit
1302 5577 1313 5612 :
1351 5577 1378 5612 «
1429 5557 1537 5622 Qui
1577 5556 1866 5612 abscondit
1945 5557 2100 5612 mino
2128 5555 2537 5625 indulgentiam
2571 5552 2799 5622 recepit,
2832 5553 2966 5623 quia
2991 5552 3344 5608 amarissime
3392 5552 3544 5608 ﬂevit

654 5659 922 5721 ΡΑτιιοι..
951 5658 1132 5721 CXII.

3153 5649 3233 5711 40
