3982 6158
512 314 644 370 1ῗὸ9
1101 317 1159 368 Β.
1197 315 1464 368 RABANI
1506 315 1736 368 MAURI
1773 313 2084 366 ARClllEP

2150 311 2473 367 MOGUNT.
2518 313 2814 367 OPERUM
2852 312 3034 366 PARS
3073 311 3171 364 III.
3599 309 3709 368 i260

503 441 666 495 trime
697 439 1010 510 negationis
1054 439 1296 508 culpam.
1350 438 1686 496 Poenitentia
1727 437 1981 506 quamvis
2024 437 2098 490 sit
2115 442 2530 507 Aeontemptus
2555 437 2816 490 dominus
2845 437 2968 506 ejus
2997 433 3254 504 superbia
3278 435 3475 492 feriret.
3514 437 3707 490 vulnera

507 529 692 598 exigui
707 528 994 600 temporis,
1012 527 1059 580 si
1077 527 1278 580 intima
1297 528 1482 580 cordis
1498 527 1871 580 amaritudine
1893 527 2096 596 agitur,
2183 527 2447 580 districta
2478 525 2975 579 animadversionis
3012 524 3305 593 indigeret.
3339 525 3465 578 Ecce
3491 541 3580 578 nos
3605 543 3709 596 pec-

507 633 620 670 non
647 616 1112 687 despiciturapud
1130 615 1376 685 judicem
1393 617 1608 685 justum
1635 617 1832 674 Deum,
1857 615 1952 685 qui
1985 631 2102 668 cor-
2183 616 2360 668 cando
2397 615 2610 670 auctori
2651 621 2842 668 nostro
2878 621 3038 683 terga
3065 613 3125 666 in
3171 612 3360 666 faciem
3400 613 3641 677 dedimus,
3666 623 3711 668 et

503 705 592 760 dis
618 711 834 760 secreta
861 705 1194 759 considerat.
1229 707 1354 758 Non
1373 705 1522 758 enim
1541 704 1946 773 longitudinem
1963 709 2104 756 tem-
2185 711 2375 758 tamen
2387 705 2750 768 sustinemur,
2775 703 3013 773 superbe
3033 717 3254 755 aversos
3270 701 3708 771 benignerevocat:

505 795 658 866 poris
684 800 906 849 tantum
938 794 1176 864 requirit
1198 795 1366 859 Deus,
1399 799 1672 864 quantum
1703 793 1964 846 affectum
1993 795 2103 845 sin-
2185 801 2241 846 et
2272 794 2367 864 qui
2406 793 2572 846 ferire
2611 810 2712 846 nos
2750 797 3068 846 aversantes
3109 791 3304 860 potuit,
3335 796 3396 844 ut
3422 795 3716 844 revertamur

505 883 756 938 caritatis
783 889 982 954 pensat
1006 883 1346 953 paenitentis.
1380 883 1486 946 Qui
1525 882 1674 936 enim
1715 882 1770 935 in
1819 882 2103 935 Christum
2185 899 2422 936 munera
2459 882 2754 953 promittit.
2785 883 2966 936 Tanta
2990 879 3218 934 obsecro
3263 879 3544 933 conditoris
3575 879 3716 933 nostri

507 979 630 1026 tota
657 977 848 1026 mente
873 971 1121 1036 confidit,
1159 971 1376 1024 etiamsi
1406 971 1598 1024 multis
1621 971 1896 1024 moriatur
1916 987 2105 1041 pecca-
2187 971 2568 1028 misericordia
2605 971 2872 1024 duritiam
2911 969 3088 1026 nostri
3132 975 3321 1024 réatus
3365 968 3592 1025 emolliat
3630 986 3639 1019 :
3675 977 3718 1021 et

505 1061 598 1120 tis,
633 1062 770 1115 ﬁdes
801 1077 905 1114 sua
930 1061 1066 1114 vivit
1092 1059 1150 1113 in
1179 1067 1450 1115 mternum
1489 1079 1500 1112 :
1535 1059 1680 1114 sicut
1695 1059 1812 1130 ipse
1832 1059 2104 1113 Dominus
2187 1061 2354 1116 homo
2388 1061 2483 1136 qui
2515 1061 2725 1115 malum
2756 1059 2906 1130 quod
2937 1059 3062 1113 iecit
3093 1057 3329 1128 experiri
3360 1072 3624 1128 percussus
3647 1073 3720 1128 po-

505 1151 588 1205 ait
613 1151 672 1204 in
696 1150 1027 1219 Evangelia:
1059 1169 1080 1200 ι
1108 1149 1357 1218 Egosum
1378 1149 1714 1202 resurrectio
1736 1155 1791 1202 et
1821 1149 1934 1202 vita
1967 1166 1978 1200 :
2009 1148 2105 1218 qui
2188 1155 2354 1210 terat,
2389 1149 2588 1202 saltem
2613 1154 2965 1219 exspectatus
2980 1147 3292 1201 erubescat.
3310 1145 3600 1206 Habeamus
3616 1161 3721 1215 ergo

505 1240 684 1294 credit
708 1239 764 1292 in
789 1257 899 1303 me,
928 1239 1148 1292 etiamsi
1181 1245 1436 1292 mortuus
1463 1238 1634 1291 fuerit
1651 1238 1816 1296 vivet,
1843 1244 1898 1290 et
1920 1237 2102 1290 omnis
2186 1238 2447 1292 ﬁduciam
2479 1239 2547 1290 de
2577 1237 2961 1292 misericordia
2989 1235 3291 1292 conditoris
3320 1234 3487 1293 nostri
3516 1252 3526 1286 :
3552 1233 3721 1304 cogite-

507 1329 602 1399 qui
629 1327 760 1382 vivit
777 1335 836 1381 et
853 1327 1032 1380 credit
1065 1327 1124 1380 in
1163 1343 1272 1391 me,
1306 1344 1416 1380 non
1443 1328 1716 1380 morietur
1743 1326 1802 1379 in
1829 1332 2101 1380 aeternum
2185 1344 2310 1384 mus
2341 1343 2463 1402 quae
2493 1327 2746 1390 facimus,
2771 1325 3144 1394 recogitemus
3163 1341 3288 1396 qua:
3315 1323 3549 1382 fecimus.
3572 1323 3724 1392 Largi-

501 1417 686 1485 (Joan.
714 1434 785 1482 xr,
808 1416 920 1482 25).
953 1417 1069 1468 iDe
1093 1423 1272 1468 morte
1295 1415 1495 1472 animae
1533 1415 1689 1478 dixit,
1727 1432 1849 1485 qua:
1875 1419 2103 1485 propter
2185 1421 2358 1470 tatem
2390 1431 2645 1488 superna:
2675 1415 2900 1485 pietatis
2929 1413 3290 1484 aspiciamus,
3312 1409 3724 1468 etadmisericor-
3775 1439 3782 1446 -

505 1513 862 1576 peccatorum
893 1504 1282 1574 aegritudinem
1315 1504 1464 1557 venit
1489 1503 1588 1556 illi.
1611 1505 1758 1558 Deus
1775 1510 1979 1557 natura
2003 1503 2104 1556 mi-
2185 1505 2311 1560 dem
2319 1504 2588 1574 judicem,
2605 1504 2740 1563 dum
2753 1503 2936 1558 adhuc
2953 1507 3258 1579 exspectat,
3271 1518 3396 1559 cum
3415 1500 3723 1570 lacrymisve—

505 1594 743 1648 sericors
770 1599 872 1646 est.
901 1594 1139 1646 Paratus
1165 1599 1250 1645 est
1278 1594 1492 1646 salvare
1522 1609 1624 1662 per
1661 1593 2100 1645 misericordiam
2186 1593 2426 1648 niamus.
2449 1593 2881 1648 Consideremus
2902 1607 3144 1662 namque
3164 1589 3314 1660 quod
3329 1590 3508 1658 justus
3527 1587 3606 1652 sit,
3624 1602 3724 1657 pec-

506 1699 648 1753 quos
671 1699 784 1736 non
825 1682 978 1735 venit
1004 1682 1219 1734 salvare
1247 1699 1349 1751 per
1370 1681 1668 1750 justitiam,
1700 1681 1796 1751 qui
1822 1682 1942 1734 vult
1981 1698 2104 1734 om-
2185 1689 2312 1735 cata
2363 1689 2555 1735 nostra
2601 1699 2711 1734 non
2760 1680 3132 1752 negligemus.
3177 1678 3590 1735 Consideremus
3625 1693 3726 1745 ergo

507 1788 607 1826 nes
619 1771 876 1824 homines
894 1771 1075 1824 salvos
1095 1771 1218 1823 ﬁeri
1235 1777 1292 1823 et
1311 1771 1596 1824 neminem
1616 1771 1819 1841 perire,
1867 1771 1962 1840 qui
2005 1757 2164 1840 perB
2184 1771 2330 1841 quod
2360 1771 2482 1842 pius
2509 1771 2600 1830 sit,
2633 1787 2744 1824 non
2767 1771 3147 1839 desperemus.
3181 1767 3400 1821 Praebet
3427 1767 3558 1836 apud
3586 1766 3726 1818 Deum

508 1859 846 1930 Prophetam
876 1859 956 1912 ait
987 1877 998 1912 :
1025 1875 1050 1909 α
1070 1860 1134 1912 In
1163 1875 1495 1928 quacunque
1514 1859 1604 1912 die
1625 1859 2104 1913 conversusfuerit
2185 1860 2398 1914 homini
2425 1859 2706 1920 ﬁduciam,
2739 1859 2888 1912 Deus
2919 1859 3086 1911 homo
3115 1862 3202 1910 est
3233 1855 3390 1910 nobis
3425 1872 3540 1926 spes
3565 1869 3730 1922 magna

509 1953 782 2018 peccator,
819 1948 936 2001 vita
956 1947 1118 2012 vivet,
1149 1953 1205 2001 et
1232 1964 1344 2001 non
1375 1948 1870 2015 morietur(Ezcch..
1910 1964 2098 2012 xxxvii,
2119 2011 2132 2018 ς
2184 1948 2606 2020 pmnitentibus,
2641 1947 2774 2018 quia
2802 1947 3103 2000 advocatus
3127 1951 3322 1999 noster
3350 1945 3518 1998 factus
3551 1947 3624 1996 est
3657 1943 3730 2010 ju-

508 2036 612 2096 12ι.
651 2057 674 2088 ι
707 2036 974 2101 Quamvis
997 2036 1236 2107 quisque
1263 2035 1338 2089 sit
1361 2043 1637 2107 peccator,
1661 2043 1718 2091 et
1738 2037 1942 2107 impius
1965 2037 2012 2090 si
2031 2036 2101 2090 ad
2185 2039 2288 2091 dex
2318 2045 2528 2091 noster.
2560 2037 2719 2092 Unde
2749 2053 2976 2090 necesse
3007 2041 3092 2089 est
3121 2041 3186 2090 ut
3207 2034 3496 2088 audiamus
3523 2031 3637 2102 quia
3655 2029 3733 2083 mi-

507 2126 895 2196 pamitentiam
924 2132 1300 2191 convertatur,
1329 2127 1593 2196 consequi
1613 2144 1672 2179 se
1693 2143 1857 2196 posse
1883 2125 2099 2179 veniam
2185 2127 2421 2180 sericors
2479 2133 2582 2190 est,
2615 2131 3010 2180 convertamur
3051 2141 3085 2178 a
3128 2123 3390 2195 peccatis,
3426 2121 3732 2176 recordantes

507 2231 606 2285 per
634 2215 736 2269 Dei
765 2214 1208 2268 misericordiam
1234 2231 1346 2268 non
1375 2215 1612 2268 dubitet.
1665 2217 1726 2269 In
1765 2216 1869 2268 hoc
1901 2215 2102 2268 saeculo
2185 2216 2334 2286 quod
2358 2216 2548 2284 justus
2581 2211 2683 2278 est,
2721 2215 3182 2285 pertimescamus
3215 2212 3472 2266 recedere
3490 2207 3732 2279 ajustitia.

506 2302 894 2374 pomitentiam
918 2302 1252 2357 facientibus
1279 2303 1379 2356 Dei
1409 2303 1792 2356 misericordia
1825 2302 2098 2368 subvenit,
2185 2321 2257 2357 ne
2287 2305 2612 2358 inchoantes
2647 2304 2790 2356 bona
2819 2319 3007 2374 opera,
3041 2302 3164 2355 sine
3192 2300 3524 2372 perfectione
3550 2299 3635 2351 illa
3657 2297 3735 2349 de-

504 2392 563 2446 in
591 2391 782 2446 futuro
809 2398 1000 2445 autem
1031 2391 1363 2462 paenitentia
1398 2408 1509 2444 non
1537 2393 1771 2462 proﬁcit,
1806 2392 1904 2444 sed
1939 2392 2103 2446 ratio-
2186 2410 2456 2457 seramus,
2491 2409 2560 2446 ne
2588 2394 2687 2445 ﬁat
2709 2393 2856 2462 quod
2895 2391 3168 2463 scriptum
3199 2399 3286 2445 est
3320 2408 3330 2440 :
3369 2411 3390 2435 ι
3433 2388 3623 2442 Omnes
3663 2384 3736 2455 qui

501 2496 632 2535 nem
676 2487 997 2535 nostrorum
1033 2497 1268 2551 operum
1304 2481 1576 2534 reddituri
1625 2497 1838 2534 sumus.
1887 2482 1950 2534 In
2004 2482 2105 2533 hac
2187 2481 2969 2551 viderintincipiantilludere
2991 2480 3040 2533 ei
3060 2478 3457 2533 dicentes:Hic
3483 2478 3737 2529 homocm-

506 2569 620 2623 vita
649 2575 871 2622 tantum
903 2569 1244 2638 pmnitentiae
1273 2575 1429 2638 patet
1445 2568 1700 2622 libertas:
1726 2575 2104 2639 postmortem
2189 2572 2268 2641 pit
2305 2571 2600 2630 aedificare.
2636 2577 2692 2624 et
2719 2587 2830 2623 non
2861 2569 3046 2640 potuit
3065 2583 3460 2622 consummare
3483 2567 3615 2630 (Luc.
3649 2578 3735 2619 xn'.

505 2673 636 2710 vero
668 2657 1026 2710 correctionis
1051 2663 1136 2710 est
1167 2657 1410 2710 licentia.
1445 2658 1799 2727 QuaprOpter
1841 2657 2104 2710 festinare
2186 2661 2297 2730 29),
2339 2681 2357 2708 υ
2395 2660 2544 2730 quia,
2575 2661 2736 2729 juxta
2765 2659 2924 2712 Pauli
2963 2675 3174 2718 vocem,
3229 2656 3597 2727 spectaculum
3635 2650 3737 2704 facti

505 2745 673 2800 debet
705 2745 1087 2814 unusquisque
1118 2751 1372 2798 nostrum
1403 2746 1472 2798 ad
1505 2747 1682 2799 Deum
1731 2747 2103 2800 eonvertendo
2186 2766 2381 2802 sumus
2411 2749 2620 2802 mundo
2649 2754 2705 2801 ct
2729 2749 2944 2816 angelis
2972 2753 3028 2800 et
3057 2746 3402 2810 hominibus,
3447 2750 3501 2797 et
3527 2743 3580 2797 in
3606 2755 3737 2793 omne

505 2833 640 2888 dum
670 2838 854 2903 potest
888 2851 898 2884 :
933 2850 1004 2886 ne
1033 2833 1079 2885 si
1103 2834 1236 2886 dum
1252 2835 1704 2903 potestuoluerit,
1723 2836 2104 2895 omnino,cum
2187 2839 2334 2908 quod
2364 2837 2585 2906 agimus
2612 2837 2966 2890 considerare
2995 2836 3246 2890 occultos
3290 2832 3622 2888 adversarios
3662 2845 3740 2882 no-

505 2922 665 2977 tarde
694 2921 948 2982 voluerit,
981 2939 1092 2974 non
1123 2923 1314 2992 possit.
1349 2923 1582 2993 Semper
1609 2940 1744 2992 ergo
1791 2931 2102 2976 extremum
2187 2933 2332 2980 stros
2351 2926 2638 2990 debemus,
2672 2926 2766 2995 qui
2811 2942 3034 2994 semper
3077 2924 3290 2978 nostris
3333 2921 3581 2993 cperibus
3631 2917 3741 2971 insi-

505 3011 658 3066 diem
701 3010 967 3064 debemus
1020 3019 1289 3068 metuere,
1354 3029 1744 3082 quemcunque
1807 3029 2102 3082 possumus
2128 3073 2160 3085 Α
2186 3021 2360 3078 stunt,
2395 3031 2616 3085 semper
2645 3032 2708 3067 ex
2748 3019 2940 3067 nostro
2969 3013 3188 3067 defectu
3223 3012 3591 3083 gratulantur.
3621 3009 3742 3070 Quos

507 3099 828 3169 praevidere.
867 3100 1003 3164 Ecce
1033 3116 1181 3152 nunc
1203 3099 1384 3169 ipsum
1413 3101 1562 3152 diem
1593 3101 1647 3153 in
1680 3117 1790 3170 quo
1822 3073 2164 3170 loquimurC
2187 3105 2468 3174 Propheta
2497 3104 2724 3160 intuens
2751 3104 2832 3156 ait
2867 3121 2878 3154 :
2921 3123 2944 3150 ιι
2973 3103 3121 3156 Deus
3151 3118 3336 3165 meus,
3370 3101 3428 3154 in
3460 3106 3510 3152 te
3545 3095 3742 3150 conﬁdo.

507 3188 579 3244 ad
606 3187 860 3242 inducias
885 3188 1260 3241 conversionis
1289 3188 1602 3258 accepimus
1636 3195 1732 3242 :et
1747 3195 1936 3242 tamen
1955 3190 2103 3242 mala
2187 3209 2299 3246 non
2346 3192 2692 3254 erubescam,
2741 3209 2922 3262 neque
2970 3190 3252 3244 irrideant
3298 3205 3388 3246 me
3427 3185 3623 3241 inimici
3664 3181 3750 3236 mei

505 3292 630 3346 qua
660 3275 889 3330 fecimus
917 3279 1053 3330 ﬂere
1073 3293 1414 3330 recusamus.
1441 3278 1564 3334 Non
1593 3278 1772 3330 solum
1801 3279 2101 3332 commissa
2185 3285 2346 3350 (Psal.
2381 3298 2528 3344 xxiv,
2545 3281 2622 3346 2).
2656 3301 2676 3330 ι
2703 3282 2767 3334 In
2789 3280 2950 3333 bonis
2969 3279 3125 3333 enim
3157 3277 3429 3349 operibus
3457 3273 3639 3329 intenti
3667 3271 3748 3332 nisi

507 3381 622 3420 non
650 3365 988 3435 plangimus,
1019 3366 1116 3418 sed
1137 3365 1308 3419 etiam
1331 3383 1453 3436 quae
1476 3367 1790 3420 deileantur
1800 3383 2092 3436 augemus.
2181 3376 2378 3423 contra
2399 3369 2675 3439 malignos
2695 3369 2924 3440 spiritus
2948 3368 3192 3422 sollicite
3216 3367 3530 3436 vigilemus,
3553 3363 3682 3434 ipsos
3696 3359 3750 3412 ir-

505 3455 580 3509 At
607 3452 654 3508 si
681 3453 869 3524 aliqua
897 3470 1001 3508 nos
1027 3453 1302 3523 aegritudo
1333 3454 1616 3525 corripiat,
1632 3455 1676 3508 si
1698 3455 1860 3525 signa
1875 3455 2098 3524 aagritu-
2181 3459 2390 3513 risores
2420 3459 2671 3529 patimur
2698 3475 2836 3528 quos
2867 3457 2938 3510 ad
2983 3457 3197 3510 malum
3235 3455 3527 3510 habemus.
3557 3452 3620 3506 Et
3651 3448 3749 3501 ideo

507 3541 656 3599 diuis
685 3541 927 3597 vicinam
953 3549 1192 3601 mortem
1221 3543 1574 3608 denuntient,
1602 3543 1854 3597 inducias
1879 3543 2096 3598 vivendi
2182 3547 2417 3601 sollicite
2447 3547 2803 3600 considerare
2833 3546 3122 3610 debemus,
3149 3561 3224 3598 ne
3253 3562 3358 3615 per
3372 3536 3752 3614 pusillanimita-

502 3630 825 3702 querimus,
857 3637 923 3685 ut
949 3637 1177 3702 peccata
1207 3639 1399 3686 nostra
1427 3632 1757 3697 defleamus,
1787 3639 1844 3686 et
1866 3650 1962 3686 eas
1974 3650 2100 3687 cum
2182 3643 2294 3689 tem
2311 3653 2624 3706 pereamus,
2650 3653 2722 3689 ne
2733 3637 2921 3691 hostes
2943 3635 3146 3704 spiritu
3160 3635 3302 3698 ales,
3328 3649 3468 3704 quos
3479 3632 3752 3684 innumera-

505 3735 712 3790 magno.
740 3726 880 3775 testu
908 3720 1172 3774 desiderii
1201 3721 1464 3790 petimus,
1499 3738 1622 3791 quae
1653 3729 1894 3792 acceptae
1936 3723 2101 3776 modo
2185 3724 2324 3778 biles
2355 3724 2644 3791 habemus,
2677 3741 2806 3778 cum
2829 3723 3074 3777 viderint
3103 3739 3207 3776 nos
3257 3722 3332 3776 de
3378 3727 3526 3775 statu
3549 3714 3745 3787 iustitia!

509 3825 610 3879 pro
637 3809 816 3864 nihilo
841 3808 1141 3863 habentur.
1167 3810 1473 3864 Pensemus
1491 3826 1636 3863 nunc
1657 3827 1826 3880 super
1847 3827 1948 3863 nos
1969 3811 2102 3864 divi-
2185 3813 2481 3879 corruisse,
2518 3829 2742 3868 omnem
2774 3812 3022 3866 laborem
3051 3817 3312 3865 nostrum
3335 3811 3394 3863 in
3413 3806 3689 3862 novissimo
3705 3801 3748 3854 in

505 3897 616 3954 tias
643 3898 946 3952 conditoris
983 3898 1181 3958 nostri,
1215 3915 1446 3968 peccare
1475 3915 1578 3952 nos
1601 3899 1741 3952 vidit
1760 3904 1817 3952 et
1851 3900 2098 3968 pertulit.
2186 3902 2433 3956 derisum
2466 3901 2570 3955 sibi
2599 3902 2810 3955 ducant
2835 3902 3006 3956 vitam
3037 3905 3312 3954 nostram.
3338 3905 3398 3952 et
3417 3895 3570 3951 nobis
3593 3894 3643 3946 in
3671 3905 3749 3960 op-

507 3986 616 4050 Qui
641 4003 744 4042 nos
773 3993 907 4040 ante
931 3987 1150 4057 culpam
1184 4003 1414 4056 peccare
1443 3986 1749 4056 prohibuit,
1779 3987 1950 4051 etiam
1981 3994 2106 4058 post
2186 3990 2473 4061 probrium
2485 3996 2724 4044 vertant.
2751 3991 2960 4054 Quales
2980 3989 3130 4043 enim
3152 3988 3484 4057 egrediente
3506 3979 3754 4037 animoin-

505 4075 730 4144 culpam
755 4079 1076 4144 exspectare
1095 4075 1168 4128 ad
1188 4075 1410 4129 veniam
1423 4091 1534 4128 non
1547 4076 1786 4130 desistit.
1819 4077 1955 4130 Ecce
1987 4077 2104 4146 ipse
2189 4079 2475 4133 veniemur
2493 4079 2740 4150 profecto
2758 4079 2830 4132 ab
2845 4084 3075 4133 auctore
3100 4085 3317 4143 nostro,
3347 4077 3485 4130 tales
3507 4067 3752 4142 judicabi-

509 4179 612 4218 nos
642 4179 810 4233 quem
837 4163 1380 4234 despeximusvocat,
1405 4165 1585 4218 aversi
1605 4164 1675 4218 ab
1699 4165 1796 4218 illo
1815 4183 2010 4221 sumus
2052 4171 2109 4219 et
2189 4183 2335 4221 mur.
2360 4168 2519 4222 Unde
2540 4169 2810 4239 scriptum
2830 4172 2947 4222 est:
2977 4185 3002 4217 ί(
3033 4167 3309 4222 Dominus
3342 4160 3613 4236 judicabit
3638 4159 3750 4211 fines

508 4257 701 4308 tamen
730 4268 844 4305 non
871 4252 1091 4306 avertit.
1127 4252 1284 4307 Unde
1311 4269 1412 4322 per
1436 4253 1640 4307 Isaiam
1670 4253 1876 4308 dicitur
1907 4273 1916 4306 :
1956 4277 1981 4306 ι
2042 4255 2111 4309 Et
2189 4262 2354 4310 terrae
2371 4258 2423 4323 (1
2451 4259 2572 4323 Reg.
2598 4273 2653 4322 ιι,
2682 4257 2790 4325 10).
2818 4277 2843 4309 ››
2867 4257 2983 4311 Nec
2999 4272 3100 4313 nos
3110 4256 3276 4326 juvat
3291 4255 3437 4308 bene
3459 4250 3688 4332 capiam,
3718 4242 3754 4295 εί

509 4345 679 4396 erunt
704 4341 850 4396 oculi
879 4341 966 4395 tui
995 4341 1246 4394 videntes
1267 4347 1665 4412 praeceptorem
1677 4349 1923 4407 tuum,et
1943 4360 2108 4398 aures
2191 4346 2489 4416 contigerit
2517 4346 2662 4400 male
2692 4345 2872 4406 ﬁnire.

507 4436 621 4485 tua
639 4429 872 4486 audient
895 4446 1084 4484 vocem
1114 4434 1244 4500 post
1267 4437 1490 4500 tergum
1509 4431 1793 4486 monentis
1813 4434 1940 4498 (lca.
1967 4448 2100 4498 xxx,
2121 4425 2170 4485 D

507 4515 623 4590 90).
652 4538 678 4570 ι
710 4519 884 4582 Quasi
910 4518 970 4574 in
996 4518 1197 4574 faciem
1222 4519 1396 4574 homo
1437 4520 1686 4574 monitus
1724 4527 1828 4586 est,
1859 4522 2101 4592 quando,

509 4607 582 4664 ad
605 4607 886 4678 justitiam
918 4607 1196 4674 conditus,
1221 4614 1499 4680 praecepta
1509 4609 1860 4663 rectitudinis
1871 4611 2104 4680 accepit.
2264 4612 2339 4666 Ut
2357 4612 2854 4684 ergolonganimes
2875 4626 3235 4682 perseverare
3248 4609 3530 4682 possimus
3557 4606 3610 4658 in
3638 4603 3754 4655 bono

510 4695 620 4752 Sed
667 4711 796 4750 cum
842 4696 961 4750 haec
1005 4697 1201 4752 eadem
1249 4704 1528 4768 praecepta
1561 4699 1914 4768 contempsit,
1951 4700 2110 4770 quasi
2193 4701 2342 4772 quod
2367 4701 2657 4772 cmpimus,
2681 4701 3034 4773 imploranda
3061 4707 3148 4754 est
3179 4696 3561 4753 misericordia
3577 4690 3751 4750 divina.

509 4783 786 4840 conditori
819 4801 921 4840 suo
942 4785 1176 4840 dorsum
1204 4785 1409 4840 mentis
1439 4786 1498 4840 in
1547 4786 1746 4842 faciem
1793 4788 1967 4842 dedit.
2002 4788 2108 4842 Sed
2191 4797 2256 4845 ut
2283 4789 2668 4848 misericordia
2697 4807 2819 4862 quae
2849 4806 2951 4844 nos
2981 4787 3250 4860 praevenit
3284 4787 3647 4856 subsequatur
3671 4791 3751 4831 n05

511 4890 641 4929 ecce
685 4873 870 4928 adhuc
910 4880 1038 4945 post
1070 4880 1294 4945 tergum
1325 4875 1600 4945 sequitur,
1643 4880 1701 4930 et
1729 4882 1940 4941 monet,
1979 4876 2112 4947 quia
2191 4878 2454 4933 omnibus
2489 4879 2687 4933 diebus
2728 4880 2854 4934 vitae
2899 4884 3124 4932 nostrae.
3159 4875 3534 4947 Cogitandum
3582 4867 3752 4941 «ιυὶρρε

507 4963 632 5034 jam
657 4968 715 5018 et
737 4979 768 5017 a
797 4961 960 5017 nobis
977 4969 1335 5034 contemptus
1363 4972 1467 5028 est,
1500 4970 1558 5018 et
1584 4970 1776 5019 tamen
1806 4983 1908 5020 nos
1929 4966 2110 5020 adhuc
2191 4968 2350 5021 valde
2380 4974 2466 5025 est
2495 4973 2769 5039 quantum
2795 4967 2956 5022 nobis
2986 4966 3097 5020 erit
3123 4964 3398 5020 terribilis
3423 4964 3560 5016 hora
3584 4961 3751 5013 nostra?

511 5066 710 5107 vocare
737 5067 850 5106 non
880 5058 1080 5106 cessat.
1105 5052 1276 5116 Quasi
1298 5053 1526 5106 dorsum
1559 5053 1611 5107 ei
1641 5053 1695 5108 in
1729 5054 1928 5107 faciem
1952 5055 2111 5109 dedi-
2195 5057 2550 5111 resolutionis
2595 5057 2689 5128 qui
2736 5073 2908 5128 pavor
2935 5054 3214 5120 maeroris,
3253 5057 3469 5124 quanta
3513 5056 3634 5103 tunc
3659 5055 3751 5096 0m-

515 5154 660 5205 mue,
691 5141 852 5210 cujus
881 5140 1048 5194 verba
1076 5140 1432 5210 despicimus,
1456 5142 1617 5211 cujus
1644 5149 1924 5214 praecepta
1940 5144 2113 5198 calca-
2195 5146 2350 5200 nium
2383 5147 2658 5200 malorum
2690 5145 2981 5212 memoria,
3015 5161 3138 5215 quae
3161 5142 3368 5197 oblivio
3387 5143 3662 5195 transacta
3687 5131 3748 5184 ΐο-

512 5242 656 5284 lnus.
690 5228 799 5291 Sed
819 5234 974 5283 stans
995 5235 1122 5300 post
1148 5234 1371 5298 tergum
1414 5246 1515 5284 nos
1562 5231 1825 5285 adversos
1861 5240 2102 5298 revocat,
2187 5233 2436 5298 licitatis,
2468 5251 2590 5304 quae
2618 5233 2860 5288 formido
2889 5238 2948 5287 et
2969 5231 3352 5287 consideratio
3632 5215 3746 5284 Quid

515 5315 690 5383 quiet
712 5317 863 5372 videt
890 5317 1038 5388 quod
1067 5317 1388 5388 despicitur,
1409 5325 1467 5372 et
1496 5325 1686 5373 tamen
1709 5338 1808 5390 per
1833 5329 2108 5394 przecepta
2190 5339 2322 5393 ergo
2340 5339 2460 5376 esse
2482 5321 2643 5376 nobis
2663 5322 2730 5376 de
2751 5322 3118 5393 praesentibus
3150 5320 3222 5376 ad
3244 5317 3658 5377 delectationem
3669 5308 3746 5360 de-

511 5401 738 5468 clamat,
773 5422 871 5475 per
899 5407 1229 5476 patientiam
1253 5414 1552 5478 exspectat.
1585 5411 1890 5464 Pensemus
1910 5429 2042 5481 ergo
2063 5413 2108 5465 si
2191 5411 2302 5475 bet,
2338 5412 2560 5483 quando
2591 5411 2808 5465 cunctis
2833 5411 3000 5464 simul
3031 5407 3454 5463 transeuntibus
3488 5419 3592 5466 non
3633 5396 3744 5483 VSM

515 5490 742 5548 cuilibet
762 5501 1016 5549 nostrum
1044 5497 1291 5566 loquenti
1325 5498 1570 5551 famulus
1610 5517 1747 5552 suus
1790 5500 1972 5554 subito
2023 5518 2111 5554 su—
2191 5481 2432 5554 transire
2445 5501 2591 5572 quod
2615 5499 2891 5557 imminet.
2917 5499 3140 5570 quando
3170 5505 3227 5552 et
3252 5497 3362 5550 hoc
3387 5493 3626 5550 funditus
3651 5481 3746 5539 ﬁni»

515 5579 786 5649 perhnret,
817 5587 978 5652 terga
1013 5583 1073 5638 in
1129 5585 1330 5640 faciem
1384 5587 1656 5652 mitteret,
1691 5589 1942 5657 nunquid
1997 5605 2109 5642 non
2191 5595 2285 5642 tur
2314 5591 2466 5659 quod
2495 5590 2768 5660 diligitur,
2795 5595 2854 5644 et
2878 5589 3020 5644 illud
3047 5587 3313 5658 incipitur
3340 5583 3438 5638 ubi
3463 5579 3611 5635 dolor
3633 5585 3746 5629 ιιιιθ

2643 4491 2715 4543 De
2736 4491 2875 4542 bona
2903 4489 3334 4556 perseverantia.
