3892 6150
252 232 352 292 13.31
1470 220 1566 282 DE
1601 220 1922 280 VIDENDO
1963 221 2181 276 DEUM.
3327 228 3461 294 126-2

244 371 386 427 quam
423 347 648 409 ﬁnitur?
693 347 850 400 Tunc
886 345 1116 416 maligni
1165 347 1415 420 spiritus,
1466 347 1847 418 egredienteA
1874 347 2144 402 veraciter
2173 349 2433 410 fatemur,
2458 349 2588 419 quia
2611 350 2867 424 princeps
2888 353 3057 422 hujus
3080 353 3275 407 mundi
3295 353 3466 409 habet

239 444 415 504 anima,
431 454 522 491 sua
535 435 1473 507 operarequirunt,tuncmalaquae
1486 442 1788 490 suaserunt
1869 437 1924 489 in
1958 437 2120 491 nobis
2151 439 2344 491 multa.
2381 438 2488 490 Sed
2519 447 2708 492 tamen
2741 441 2934 494 mortis
2965 447 3168 496 nostrae
3209 449 3462 514 tempore

237 531 493 604 replicant,
522 532 586 580 ut
613 524 820 578 sociam
850 524 922 577 ad
953 529 1236 606 tormenta
1267 526 1513 580 trahant.
1552 525 1660 578 Sed
1689 541 1788 578 cur
1863 526 1982 594 jam
2007 542 2107 579 nos
2131 543 2328 596 rapere
2360 543 2470 579 non
2501 527 2664 588 valet,
2700 528 2831 600 quia
2857 530 2979 598 ejus
3005 530 3252 584 membra
3268 549 3465 588 sumus

237 623 324 674 hoc
343 619 403 672 de
419 629 666 688 perversa
685 613 1034 667 solummodo
1063 613 1253 666 anima
1283 613 1540 679 dicimus,
1567 631 1694 667 cum
1714 613 1786 666 ad
1869 613 1928 666 in
1958 631 2068 688 quo
2089 631 2200 688 non
2231 613 2399 667 habet
2415 615 2744 686 quidquam.
2777 617 2883 670 Sed
2908 617 3040 687 quid
3073 619 3466 692 prodestquod

236 710 413 763 electos
440 719 682 776 quosque
701 702 1052 771 egredientes
1077 702 1318 768 veniant,
1341 708 1399 756 et
1418 702 1655 756 suumin
1674 702 1786 756 illis
1870 703 2054 756 eidem
2079 703 2418 774 redemptori
2435 709 2626 758 nostro
2651 722 2752 775 per
2777 705 2944 760 ﬁdem
2960 707 3282 778 jungimur:
3319 709 3365 763 si
3395 710 3466 764 ab

237 797 276 852 si
291 793 600 867 praevaleant
613 791 827 862 aliquid
847 791 1157 862 requirant.
1183 792 1338 845 Unus
1353 791 1503 844 enim
1523 791 1580 844 in
1603 789 1786 844 omni-
1870 808 1935 844 eo
1967 790 2214 845 moribus
2235 791 2662 862 disjungamur?
2688 795 2814 864 Ipse
2845 797 3056 849 etenim
3083 797 3253 852 dicit:
3289 817 3314 850 ς(
3337 799 3464 853 Non

237 886 322 940 bus
349 881 558 944 exstitit,
589 880 684 952 qui
716 885 846 934 ante
877 879 1194 952 passionem
1245 896 1406 933 suam
1438 879 1614 933 libera
1655 896 1787 934 voce
1873 880 2022 934 enim
2055 881 2150 950 qui
2174 881 2310 934 dicit
2332 881 2468 934 mihi
2495 881 2552 934 in
2581 881 2678 935 illa
2692 883 2802 946 die,
2830 884 3087 951 Domine,
3114 886 3470 952 Domine,in-

234 973 374 1030 dixit:
401 990 423 1024 α
447 971 566 1024 Jam
593 985 706 1022 non
725 969 903 1022 multa
917 969 1118 1038 loquar
1135 967 1434 1046 vobiscum.
1453 967 1621 1021 Venit
1638 968 1789 1024 enim
1873 968 2046 1022 trahit
2075 969 2132 1022 in
2161 986 2395 1039 regnum
2416 971 2684 1025 caelorum
2722 973 2936 1038 (Matth.
2965 990 3055 1037 vn,
3088 973 3195 1043 '21).
3232 995 3255 1026 ι
3290 976 3465 1030 Recta

233 1062 461 1138 princeps
479 1058 671 1112 mundi
691 1058 879 1128 hujus,
895 1063 952 1110 et
981 1056 1038 1110 in
1057 1074 1146 1110 me
1161 1074 1272 1111 non
1293 1056 1461 1112 habet
1481 1057 1789 1127 quidquam
1875 1074 2008 1127 ergo
2038 1074 2208 1130 opera
2226 1059 2356 1112 ﬁdei
2376 1065 2538 1113 rectae
2562 1061 2853 1131 jungenda
2871 1067 3021 1116 sunt.
3039 1063 3186 1119 Mala
3199 1081 3320 1140 qua;
3345 1065 3472 1119 feci-

233 1152 387 1220 ann.
419 1165 524 1212 xxv,
549 1145 662 1217 30).
701 1167 724 1198 »
761 1145 906 1210 Quia
933 1145 1083 1203 enim
1114 1147 1262 1200 hunc
1289 1146 1583 1201 mortalem
1615 1144 1792 1199 homi-
1875 1163 1999 1204 mus
2027 1163 2128 1217 per
2155 1146 2479 1217 quotidiana
2511 1149 2758 1203 lamenta
2785 1150 3112 1216 defleamus,
3159 1157 3471 1208 transactas

233 1257 338 1294 nem
366 1237 510 1302 vidit,
544 1253 710 1292 suum
741 1235 798 1288 in
828 1235 922 1288 illo
958 1235 1152 1289 mundi
1184 1235 1442 1306 princeps
1468 1233 1680 1306 aliquid
1711 1234 1794 1287 in-
1877 1242 2098 1289 nostras
2120 1235 2397 1306 nequitias
2416 1237 2706 1306 surgentia
2724 1237 2792 1290 ab
2809 1255 3000 1293 amore
3025 1239 3125 1293 Dei
3147 1246 3206 1294 et
3229 1243 3470 1313 proximi

230 1327 392 1382 venire
419 1342 578 1398 posse
607 1341 665 1378 se
709 1324 964 1378 credidit.
1017 1324 1124 1378 Sed
1168 1323 1288 1377 sine
1332 1325 1446 1378 ullo
1488 1330 1714 1394 peccato
1759 1340 1792 1376 a
1880 1329 2031 1377 recta
2057 1340 2230 1394 opera
2255 1329 2540 1394 superent,
2566 1325 2720 1378 nulla
2735 1341 2858 1396 qua:
2887 1343 3183 1396 possumus
3205 1328 3471 1385 fratribus

233 1415 401 1470 mundi
429 1413 782 1485 corruptione
815 1412 966 1479 exiit,
991 1412 1086 1484 qui
1113 1413 1232 1466 sine
1258 1419 1484 1486 peccato
1528 1412 1586 1466 in
1626 1428 1792 1466 mun-
1879 1412 2202 1482 impendere
2232 1411 2378 1466 bona
2406 1429 2746 1468 recusemus.
2789 1401 2985 1484 Neque
3015 1416 3164 1470 enim
3191 1418 3354 1472 aliter
3381 1436 3471 1473 re-

229 1503 342 1557 dum
372 1502 532 1556 venit.
550 1503 670 1556 Hoc
699 1502 768 1555 de
799 1518 858 1554 se
887 1507 1084 1555 contra
1105 1501 1300 1555 mundi
1343 1501 1652 1572 principem
1693 1517 1795 1554 nec
1879 1501 2188 1572 demptoris
2219 1500 2396 1554 nostri
2426 1500 2677 1555 membra
2706 1501 2998 1569 efﬁcimur,
3024 1504 3129 1557 nisi
3152 1505 3473 1562 inhaerendo
3551 1523 3563 1528 ‘

230 1591 596 1646 Petrusdicere
614 1589 988 1661 praesumpsit,
1004 1589 1100 1660 qui
1119 1590 1314 1643 audire
1329 1589 1558 1644 meruit:
1585 1611 1605 1636 ο
1631 1591 1794 1653 Quae-
1819 1663 1846 1666 Α
1881 1590 2016 1654 Deo,
2050 1595 2107 1642 et
2135 1589 2526 1660 compatiendo
2558 1591 2829 1660 proximo.
2866 1592 2966 1646 Ille
2995 1593 3261 1652 nimirum
3311 1601 3474 1666 aptus

227 1697 420 1750 cunque
446 1679 706 1750 ligaveris
738 1695 906 1749 super
942 1684 1172 1743 terram,
1208 1678 1377 1749 ligata
1424 1683 1590 1732 erunt
1635 1684 1692 1731 et
1737 1678 1796 1732 in
1817 1663 1862 1723 Β
1883 1685 1965 1732 est
1999 1695 2170 1748 regno
2194 1678 2484 1746 ccelorum,
2507 1677 2602 1748 qui
2633 1679 2988 1734 dilectionem
3009 1681 3108 1735 Dei
3139 1682 3198 1735 in
3229 1663 3482 1741 custodia

225 1769 385 1822 caelis:
425 1778 480 1822 et
514 1768 888 1839 quodcunque
919 1767 1149 1821 solveris
1197 1784 1368 1839 super
1409 1773 1641 1832 terram,
1691 1766 1798 1822 erit
1887 1768 2280 1820 mandatorum
2313 1768 2434 1836 ejus
2463 1773 2595 1820 ante
2623 1767 2814 1821 omnia
2844 1786 3022 1840 usque
3060 1771 3130 1824 ad
3156 1772 3326 1826 ﬁnem
3355 1773 3480 1828 vita:

225 1858 448 1916 solutum
479 1862 536 1910 et
564 1856 624 1910 in
657 1855 808 1910 caelis
829 1857 1044 1924 (Matth.
1069 1872 1172 1921 xv1,
1208 1854 1309 1925 'l9).
1333 1874 1358 1908 »
1390 1855 1507 1909 Hoc
1537 1872 1638 1909 nec
1659 1855 1799 1910 Pau-
1887 1856 2094 1910 habere
2123 1856 2347 1925 satagit,
2369 1862 2427 1908 et
2445 1855 2802 1910 dilectionem
2825 1858 3084 1928 proximi,
3109 1859 3162 1912 in
3188 1861 3484 1916 necessita-

223 1943 871 2018 lusdicereprmsumpsit,
891 1945 987 2015 qui
999 1943 1328 2016 priusquam
1340 1943 1797 1998 mortisdebitum
1883 1944 2032 1998 tibus
2059 1945 2182 2014 ejus
2212 1949 2486 2015 quantum
2518 1945 2781 2014 praevalet
2799 1947 3157 2010 consulendo,
3192 1949 3486 2004 manifeste

219 2035 452 2100 solveret,
489 2034 561 2089 ad
605 2033 728 2088 σα)ιί
770 2032 924 2087 tertii
957 2039 1173 2088 secreta
1217 2033 1496 2104 pervenit;
1550 2033 1654 2086 hoc
1697 2049 1799 2086 nec
1885 2051 1986 2107 per
2013 2051 2183 2105 opera
2204 2033 2466 2087 ostendit.
2503 2033 2633 2086 Haec
2663 2049 2795 2102 ergo
2817 2035 3236 2089 considerantes
3274 2036 3485 2094 bonum

217 2123 440 2179 Joannes
471 2123 660 2178 dicere
690 2140 859 2176 ausus
889 2128 992 2188 est,
1027 2121 1122 2196 qui
1166 2138 1268 2192 pro
1297 2137 1490 2176 amore
1520 2121 1799 2193 praecipuo
1885 2129 2172 2177 certamen
2205 2129 2504 2187 certemus,
2538 2139 2764 2176 cursum
2795 2123 2988 2192 agonis
3019 2124 3198 2178 nostri
3217 2142 3484 2180 consum-
3578 2153 3587 2157 -

216 2210 268 2266 in
293 2212 660 2286 redemptoris
691 2212 776 2266 sui
819 2217 1043 2284 pectore
1074 2211 1130 2264 in
1159 2227 1319 2264 coena
1345 2209 1618 2264 recubuit.
1654 2211 1798 2264 Nam
1886 2229 2040 2266 mare
2079 2212 2429 2275 studeamus,
2483 2211 2650 2264 ﬁdem
2694 2228 2914 2266 servare
2961 2229 3240 2266 curemus.
3287 2215 3488 2270 Nullus

215 2317 330 2355 cum
357 2302 642 2373 Propheta
664 2301 831 2354 dicat:
871 2318 894 2350 ί(
933 2300 1067 2354 Ecce
1114 2299 1264 2354 enim
1295 2299 1353 2352 in
1408 2297 1799 2370 iniquitatibus
1888 2308 2144 2356 nostrum
2174 2301 2242 2354 de
2257 2298 2482 2370 justitia
2497 2316 2600 2352 sua
2615 2305 2942 2370 praesumat:
2969 2301 3067 2355 sed
3089 2319 3154 2355 ea
3183 2319 3308 2372 qua:
3335 2311 3486 2358 retro

215 2396 496 2463 conceptus
521 2407 674 2455 sum,
693 2395 750 2444 et
775 2390 835 2444 in
855 2389 1072 2442 delictis
1092 2388 1311 2460 peperit
1340 2404 1431 2441 me
1460 2393 1642 2456 mater
1673 2403 1802 2441 mea
1891 2397 2021 2445 sunt
2038 2389 2368 2444 obliviscens
2387 2388 2442 2442 in
2464 2388 2750 2442 anteriora
2777 2405 2838 2442 se
2857 2406 3079 2460 semper
3103 2391 3383 2457 extendat,
3407 2410 3490 2446 se-

213 2481 361 2546 (Psal.
396 2495 445 2546 L,
471 2482 546 2544 7),
577 2497 608 2532 io
633 2479 755 2534 sine
785 2478 950 2548 culpa
971 2477 1029 2530 in
1063 2477 1273 2532 mundo
1305 2493 1426 2530 esse
1457 2493 1569 2530 non
1593 2476 1798 2547 potuit,
1893 2495 2070 2550 quens
2107 2494 2363 2549 supernae
2401 2475 2704 2531 vocationis
2759 2477 3073 2548 praemium,
3125 2481 3490 2551 quoadusque

213 2567 362 2638 quiin
402 2568 686 2623 mundum
711 2584 840 2622 cum
860 2567 1024 2637 culpa
1047 2566 1216 2620 venit.
1239 2565 1385 2619 Hinc
1401 2581 1645 2636 namque
1659 2565 1806 2619 idem
1892 2557 2030 2622 illud
2063 2572 2457 2637 consequatur.
2484 2567 2661 2619 Nemo
2689 2581 2822 2634 ergo
2851 2566 2956 2619 scit
2986 2567 3118 2636 quid
3143 2568 3212 2620 de
3233 2585 3292 2622 se
3318 2568 3375 2622 in
3403 2586 3491 2623 oc-

207 2653 474 2728 PrOpheta
494 2658 612 2712 ait:
645 2675 670 2707 «
697 2657 822 2711 Non
842 2655 992 2710 enim
1003 2654 1408 2726 justiﬁcabitur
1431 2654 1490 2707 in
1509 2659 1809 2725 conspectu
1895 2656 2058 2712 cultis
2083 2656 2184 2710 Dei
2207 2655 2433 2726 judiciis
2456 2654 2662 2724 agitur,
2697 2655 2831 2724 quia
2871 2655 3033 2708 multi
3079 2655 3274 2721 vocati,
3331 2657 3493 2728 pauci

207 2750 295 2799 tuo
321 2747 502 2800 omnis
548 2747 745 2800 vivens
777 2747 941 2818 (Psal.
975 2760 1136 2806 cxnn,
1168 2743 1244 2804 ‘2).
1283 2763 1305 2794 ι
1358 2743 1502 2796 Ηὶηο
1547 2742 1811 2798 Salomon
1895 2762 2025 2799 vero
2054 2744 2236 2799 electi.
2270 2743 2416 2808 Quia
2452 2743 2624 2814 igitur
2653 2743 2794 2797 nulli
2833 2743 2901 2797 de
2931 2761 2992 2798 se
3021 2750 3236 2799 certum
3267 2751 3350 2799 est
3379 2746 3494 2800 ele-

203 2833 309 2888 ait:
347 2855 371 2886 ι
404 2837 534 2891 Non
568 2843 662 2890 est
688 2835 855 2890 homo
887 2834 946 2888 in
975 2839 1130 2888 terra
1158 2833 1253 2904 qui
1283 2832 1450 2886 faciat
1491 2831 1700 2886 bonum
1752 2837 1810 2884 et
1895 2840 2046 2888 ctum
2076 2850 2136 2887 se
2167 2849 2308 2896 esse,
2341 2839 2517 2886 restat
2543 2837 2606 2886 ut
2649 2848 2843 2886 omnes
2870 2832 3170 2904 trepident,
3200 2850 3395 2888 omnes
3425 2835 3494 2889 de

205 2937 306 2978 non
329 2931 544 2994 peccet.
573 2943 604 2976 ι)
652 2925 794 2978 Hinc
821 2924 1064 2978 Joannes
1105 2921 1274 2976 dicit:
1337 2939 1362 2972 (ι
1395 2919 1454 2975 Si
1498 2918 1804 2972 dixerimus
1829 2982 1868 2994 η
1892 2939 1994 2976 sua
2021 2921 2238 2976 actione
2265 2921 2587 2986 formident,
2619 2937 2813 2976 omnes
2841 2921 2902 2974 in
2926 2922 3044 2975 sola
3088 2921 3277 2978 divina
3322 2923 3490 2978 mise-

205 3011 325 3080 quia
343 3020 651 3084 peccatum
667 3029 779 3066 non
806 3010 1096 3076 habemus,
1129 3009 1236 3082 ipsi
1254 3026 1355 3063 nos
1392 3007 1714 3064 seducimus
1745 3013 1802 3062 et
1825 2982 1868 3040 C
1903 3010 2149 3066 ricordia
2179 3010 2482 3079 gaudeant,
2534 3009 2722 3062 nullus
2759 3009 2827 3062 de
2874 3010 2991 3064 suis
3041 3009 3249 3064 viribus
3289 3029 3504 3086 praesu-

206 3100 404 3156 veritas
428 3103 489 3156 in
528 3101 697 3156 nobis
737 3117 850 3154 non
890 3106 977 3154 est
1021 3101 1208 3170 (Joan.
1261 3116 1296 3164 ι,
1351 3097 1424 3165 8).
1462 3117 1488 3149 »
1533 3097 1676 3150 Hinc
1724 3096 1820 3150 Ja-
1905 3104 2043 3153 mat.
2073 3099 2171 3152 Est
2198 3098 2294 3170 qui
2325 3097 2578 3170 perficiat
2623 3098 2885 3152 ﬁduciam
2929 3105 3209 3153 nostram:
3261 3100 3357 3154 ille
3387 3101 3494 3155 sci-

205 3187 375 3244 cobus
398 3191 514 3245 ait:
556 3209 585 3242 (ι
621 3190 686 3244 In
712 3188 904 3242 multis
929 3188 1080 3242 enim
1101 3187 1436 3242 offendimus
1464 3202 1658 3241 omnes
1678 3189 1815 3247 (Jac.
1905 3189 2036 3244 licet
2064 3187 2159 3260 qui
2182 3187 2241 3242 in
2270 3204 2330 3241 se
2357 3187 2622 3257 dignatus
2647 3194 2734 3241 est
2761 3204 3046 3242 assumere
3092 3193 3354 3244 naturam
3392 3207 3495 3246 no-

201 3293 267 3340 ui,
294 3277 369 3348 2).
408 3301 434 3330 »
489 3280 735 3334 Constat
764 3277 916 3332 enim
957 3292 1059 3331 nec
1107 3292 1313 3346 negare
1360 3292 1678 3346 possumus,
1725 3275 1819 3328 sed
1907 3279 2102 3327 stram.

201 3485 548 3502 *—

643 3671 1294 3769 BEATI
1379 3667 2233 3769 RABANI
2328 3663 3060 3763 MAURI

878 3878 1276 3934 FULDENSIS
1314 3877 1620 3933 ABBATIS
1658 3876 1748 3932 ET
1785 3874 2202 3931 MOGUNTINI
2240 3873 2817 3942 ARCHIEPISCOPI,

285 4053 398 4182 ΒΕ
480 4053 869 4186 “00000
943 4053 1209 4197 0000,
1290 4053 1395 4182 0E
1473 4051 1894 4182 PURITATE
1967 4047 2268 4182 00000
2344 4051 2448 4180 ET
2523 4049 2757 4178 M000
2829 4048 3380 4180 PlENITENTl/E

1504 4399 1508 4402 _
1595 4317 1850 4388 LIBRI
1900 4318 2154 4404 TRES,

1417 4475 1514 4529 AD
1552 4475 1900 4530 BONOSUM
1938 4477 2293 4530 ABBA’I‘EM.

751 4777 967 4833 LIBER
984 4779 1274 4834 PRIMUS.
1897 4780 2151 4836 ordinem
2180 4781 2318 4834 ﬁant
2349 4782 2399 4845 (Ι
2421 4779 2542 4834 Cor.
2579 4793 2690 4843 xxv,
2723 4776 2832 4843 40).
2870 4794 2897 4827 ι)
2931 4775 3090 4832 Unde
3133 4776 3306 4830 miror
3343 4776 3492 4850 quod

1895 4869 2126 4939 quidam
2156 4886 2221 4923 ex
2253 4867 2476 4932 nostris,
2519 4883 2630 4920 non
2659 4871 2882 4936 tempus
2912 4880 3015 4917 nec
3047 4863 3276 4918 modum
3307 4864 3494 4918 obser-

1901 4965 2115 5023 vantes,
2167 4957 2236 5012 de
2267 4957 2496 5011 secretis
2523 4955 2623 5010 Dei
2671 4959 2729 5009 et
2755 4952 3072 5012 coelestibus
3118 4953 3400 5024 mysteriis
3435 4953 3493 5007 in

247 5045 614 5118 Apostolica
641 5060 742 5100 nos
773 5044 1043 5098 admonet
1067 5046 1347 5098 sententia
1404 5047 1574 5113 (Rom.
1625 5062 1714 5103 xu.
1766 5043 1885 5122 3)D
1909 5046 2181 5101 conviviis
2213 5046 2329 5100 suis
2366 5045 2516 5100 inter
2543 5045 2741 5114 pocula
2770 5043 3078 5124 disputant,
3125 5039 3368 5112 qualiter
3397 5058 3498 5112 pos

174 5140 237 5189 ut
267 5154 294 5186 ε(
315 5152 442 5190 non
477 5134 626 5206 plus
647 5133 880 5186 velimus
901 5149 1097 5204 sapere
1119 5149 1286 5204 quam
1305 5139 1526 5204 Oportet
1543 5150 1757 5204 sapere,
1786 5151 1812 5186 ιι
1901 5137 2044 5190 hanc
2071 5135 2238 5190 vitam
2283 5134 2444 5188 electi
2481 5133 2652 5188 visuri
2699 5139 2831 5188 sunt
2865 5131 3165 5186 Dominum
3214 5129 3274 5183 in
3320 5146 3494 5201 regno

173 5224 272 5279 sed
304 5239 532 5302 sapere
570 5221 648 5274 ad
683 5221 1064 5288 sobrietatem,
1113 5228 1171 5275 et
1199 5223 1507 5278 secundum
1539 5223 1817 5302 rationem
1901 5224 2139 5291 caelesti;
2166 5224 2325 5301 quasi
2351 5223 2494 5276 idem
2516 5221 2757 5276 officium
2779 5221 2852 5274 sit
2867 5219 3135 5290 cauponis
3163 5225 3218 5273 et
3243 5227 3496 5274 contem-

172 5313 345 5380 ﬁdei;
382 5300 449 5367 et
495 5311 666 5365 idem
715 5310 975 5364 hortatur
1014 5327 1116 5364 nos
1165 5316 1228 5364 ut
1265 5300 1548 5382 quidquid.
1584 5326 1818 5382 agamus
1901 5300 2266 5385 plationis,et
2285 5311 2442 5385 quasi
2467 5310 2725 5384 poculum
2751 5309 2862 5362 vini
2891 5308 3238 5362 amatoribus
3253 5309 3369 5362 suis
3392 5310 3496 5364 hoc

169 5403 511 5473 prudenter
540 5404 614 5455 et
631 5399 936 5454 secundum
966 5399 1243 5456 rationem
1260 5400 1441 5455 facere
1469 5400 1814 5466 studeamus,
1905 5414 2019 5452 una
2045 5397 2183 5450 hora
2209 5395 2387 5466 possit
2412 5393 2662 5448 conferre
2692 5393 2839 5464 quod
2887 5391 2970 5445 illi
3019 5398 3190 5447 antea
3227 5393 3390 5464 longe
3437 5393 3496 5448 in

183 5497 246 5547 ta
275 5491 496 5554 dicens
525 5507 541 5544 :
600 5505 630 5540 ε
663 5473 868 5543 Omnia
911 5495 1100 5544 vestra
1140 5489 1372 5544 honeste
1413 5494 1469 5544 et
1509 5489 1818 5546 secundum
1904 5484 2207 5556 Scripturis
2238 5483 2412 5538 sacris
2441 5482 2656 5536 intente
2675 5482 2980 5536 noluerunt
3009 5481 3312 5536 meditari?
3353 5497 3495 5554 prae-

751 4919 820 4958 DE
839 4918 1072 4960 VIDENDO
1110 4920 1177 4958 DE
1183 4920 1257 4960 UM
1265 4943 1278 4957 .
