3982 6158
528 320 664 382 1263
1107 319 1170 374 Β.
1212 317 1484 374 RABANI
1520 315 1753 373 MAURI
1797 315 2135 372 ARCHIEP.
2176 314 2502 372 MOGIIN'I‘.
2544 315 2844 373 OPERUM
2879 316 3065 374 PARS
3100 317 3202 374 III.
3594 322 3697 380 1254

525 447 722 503 sertim
762 460 886 500 cum
925 442 1227 500 Psalmista
1271 441 1396 497 illos
1440 440 1635 496 beatos
1695 444 1981 513 nuncupet
2017 438 2113 512 qui
2131 439 2656 512 AniamipsiDeum
2672 439 2939 497 videbunt
2953 443 3170 509 (Matth.
3190 458 3242 509 v,
3255 443 3324 512 8).
3341 461 3362 493 ι
3383 443 3699 516 Sedqnoniam

530 555 556 588 σ
587 533 931 591 immaculati
960 533 1020 588 in
1044 531 1136 587 via
1176 531 1469 587 ambulant
1503 531 1561 585 in
1597 530 1721 603 lege
1766 526 2014 596 Domini,
2061 533 2120 584 et
2197 529 2395 585 amicis
2423 529 2630 585 nostris
2652 529 2980 602 rogantibus
3007 535 3067 586 et
3090 531 3319 586 maxime
3342 532 3704 606 Ludovicorege

523 624 621 697 qui
649 629 964 680 scrutantes
991 621 1316 678 testimonia
1338 621 1479 691 ejus,
1504 619 1564 675 in
1592 625 1712 674 toto
1737 619 1904 674 corde
1928 617 2118 690 exqui-
2197 617 2548 685 exhortante,
2579 619 2649 674 de
2676 618 2870 674 futura
2893 619 3104 675 visione
3132 619 3232 676 Dei
3279 620 3470 693 aliquid
3510 622 3703 677 scribere

523 718 660 769 runt
685 729 815 769 eum
845 713 1012 782 (Psal.
1043 727 1222 777 cxvm,
1247 711 1324 780 1).
1359 726 1387 762 ν
1418 709 1487 764 Et
1530 725 1601 762 ne
1643 707 1828 764 subito
1875 707 1963 762 vel
2006 707 2115 761 im-
2196 711 2422 762 coactus
2450 723 2596 774 sum,
2629 708 2735 763 hoc
2763 707 2948 780 ipsum
2990 724 3105 764 non
3146 708 3437 764 secundum
3475 711 3705 782 propriam

521 802 828 875 prudenter
845 801 972 872 quis
1001 799 1070 855 de
1097 796 1361 854 invisibili
1389 803 1448 853 et
1473 797 1741 852 ineffabili
1768 796 1885 853 Deo
1910 811 2117 868 praesu-
2196 795 2536 869 opinionem,
2567 797 2666 851 sed
2694 797 3003 852 secundum
3029 801 3339 852 sanctorum
3383 797 3630 854 doctorum
3664 805 3709 854 et

521 897 642 947 mat
666 890 973 962 disputare,
1008 889 1158 944 idem
1195 888 1469 960 propheta
1495 903 1562 942 ex
1608 903 1848 958 persona
1892 885 2117 940 Domini
2196 883 2600 940 catholicorum
2627 885 2860 940 Patrum
2886 885 3247 940 traditionem
3267 885 3474 957 aggredi
3507 885 3707 946 tantabo.

521 979 694 1037 dicit:
731 999 753 1031 ‹
771 979 981 1034 Vacate
1005 983 1064 1032 et
1086 977 1270 1031 videte
1319 976 1598 1049 quomodo
1642 993 1744 1046 ego
1791 991 1916 1029 sum
1966 975 2115 1030 Deus
2198 979 2256 1028 et
2281 973 2368 1029 vel
2395 990 2590 1029 eorum
2622 973 2930 1029 sententias
2949 975 3227 1047 ponendo,
3253 974 3360 1029 sive
3373 975 3590 1047 ipsorum
3611 992 3710 1031 sen-

522 1069 686 1134 (Psal.
720 1083 848 1131 xcv,
868 1065 980 1135 ii).
1007 1083 1030 1116 ι
1057 1064 1116 1120 Si
1147 1063 1371 1135 quidem
1385 1063 1480 1134 qui
1494 1079 1690 1118 vacare
1714 1062 1833 1118 Deo
1858 1061 2112 1134 negligit,
2197 1078 2322 1117 sum
2351 1062 2595 1134 propriis
2625 1061 2828 1127 verbis,
2875 1061 3164 1119 brevitatis
3205 1078 3383 1130 causa,
3427 1062 3709 1135 explicando,

519 1172 622 1212 suo
651 1155 757 1211 sibi
779 1154 992 1226 judicio
1029 1153 1222 1208 lumen
1247 1153 1370 1222 ejus
1402 1151 1633 1207 visionis
1661 1150 1986 1219 abscondit;
2019 1151 2116 1222 qui
2197 1156 2474 1222 quantum
2501 1151 2703 1218 sentio,
2725 1152 3020 1207 ostendere
3036 1150 3261 1207 curabo.
3286 1151 3502 1223 Scripsit
3514 1151 3638 1208 enim
3659 1153 3713 1208 de

518 1250 711 1300 autem
740 1241 1254 1317 perturbationibus
1275 1241 1575 1296 indiscrete
1593 1256 1652 1295 se
1671 1239 2034 1305 intermiscet,
2056 1243 2116 1294 et
2195 1237 2300 1293 hoc
2327 1237 2525 1295 beatus
2536 1240 2885 1311 Augustinus
2908 1240 2968 1295 in
2984 1241 3267 1313 plerisque
3281 1240 3426 1306 locis,
3449 1245 3501 1295 et
3524 1241 3713 1296 maxime

518 1334 796 1390 tumultus
824 1349 1012 1388 rerum
1043 1329 1441 1403 temporalium
1477 1329 1628 1384 intra
1672 1333 1917 1384 mentem
1951 1346 2112 1384 suam
2193 1327 2255 1382 in
2281 1328 2520 1401 epistola
2548 1329 2621 1384 ad
2648 1329 2945 1386 Paulinam
2965 1330 3037 1385 de
3067 1329 3305 1385 videndo
3331 1330 3456 1396 Deo,
3491 1329 3573 1384 ubi
3609 1329 3712 1401 quid

519 1422 732 1477 versari
743 1421 1038 1494 permittit,
1053 1419 1282 1474 omnino
1303 1423 1516 1473 secreta
1535 1417 1826 1473 invisibilis
1841 1418 1942 1474 Dei
1957 1435 2114 1472 scru-
2194 1415 2314 1488 ipse
2342 1417 2599 1485 senserit,
2629 1419 2716 1472 vel
2736 1418 2870 1490 quid
2897 1418 3083 1475 ceteri
3097 1419 3277 1474 sancti
3290 1419 3473 1473 Patres
3487 1423 3600 1473 ante
3614 1434 3714 1473 eum

519 1512 628 1566 tari
643 1510 906 1566 inhabilis
918 1510 1002 1572 ﬁt,
1022 1509 1245 1580 quando
1275 1507 1370 1579 qui
1384 1506 1987 1563 didiceruntaDomino
1996 1508 2112 1562 Deo
2195 1505 2538 1578 scripserint,
2562 1523 2677 1562 non
2695 1513 2863 1563 tacet.
2885 1506 3036 1563 Dicit
3053 1507 3202 1563 enim
3226 1508 3284 1562 in
3304 1507 3486 1563 eadem
3502 1506 3711 1579 epistola:

515 1601 651 1656 Jesu
681 1599 904 1654 Christo
931 1597 1097 1652 mites
1126 1613 1246 1652 esse
1275 1601 1334 1651 et
1368 1596 1612 1651 humiles
1639 1596 1804 1650 corde
1825 1597 1951 1668 plus
1968 1596 2114 1668 cogi-
2195 1594 2287 1649 Sic
2316 1595 2596 1650 credimus
2624 1594 2813 1650 videre
2839 1595 3039 1663 Deum,
3073 1611 3188 1650 non
3235 1596 3365 1667 quia
3408 1595 3617 1650 vidimus
3651 1594 3715 1648 vel

517 1688 690 1744 tando
720 1692 779 1742 et
805 1686 1036 1751 orando,
1058 1685 1408 1758 simplicique
1427 1684 1595 1740 corde
1623 1684 1782 1740 illum
1812 1685 2112 1757 quaerendo
2130 1755 2161 1758 _
2191 1701 2294 1758 per
2319 1685 2509 1740 oculos
2537 1684 2806 1756 corporis,
2831 1684 2977 1740 sicut
2992 1683 3248 1739 videmus
3282 1685 3425 1740 hunc
3458 1683 3626 1749 solem,
3653 1683 3718 1738 vel

525 1775 840 1848 proficiunt,
905 1790 1077 1846 quam
1130 1773 1486 1845 supervacuis
1550 1773 2110 1833 sermocinationibus
2129 1755 2176 1816 Β
2193 1774 2400 1829 mentis
2429 1755 2669 1839 obtuitu,
2700 1773 2846 1828 sicut
2863 1790 2924 1828 se
2939 1773 3178 1846 quisque
3192 1771 3422 1830 interius
3430 1773 3563 1828 videt
3576 1772 3718 1828 viven-

515 1864 854 1938 disputando
869 1869 1036 1936 atque
1063 1862 1419 1918 decertando.
1454 1861 1613 1928 Quod
1630 1868 1819 1917 autem
1835 1861 1915 1916 sic
1931 1862 2112 1917 cautis
2192 1868 2327 1929 tem,
2363 1864 2516 1919 videt
2540 1863 2838 1928 volentem,
2867 1863 3022 1919 videt
3042 1868 3404 1936 quaerentem,
3432 1862 3568 1919 videt
3585 1861 3719 1918 sciet»

518 1952 919 2027 quastionibus
948 1968 1060 2007 non
1089 1952 1165 2005 sit
1185 1951 1630 2016 deserviendum,
1663 1951 1872 2006 Paulus
1892 1951 1963 2006 ad
1991 1951 2110 2007 dis-
2190 1957 2327 2018 tem,
2359 1952 2510 2007 videt
2543 1952 2906 2008 nescientem.
2957 1953 3041 2008 Tu
3086 1952 3282 2024 itaque
3321 1953 3439 2024 ipsa
3474 1951 3612 2006 lectis
3652 1951 3720 2006 his

513 2043 761 2115 cipulum
788 2041 870 2096 ita
897 2040 1177 2113 inquiens,
1212 2040 1480 2106 scribens,
1515 2039 1797 2095 ostendit:
1836 2058 1862 2093 ε
1895 2040 2109 2096 Stultus
2189 2041 2412 2108 litteris,
2446 2042 2620 2096 solem
2651 2041 2879 2114 quidem
2908 2042 3114 2097 vidisse
3143 2047 3201 2096 te
3244 2041 3436 2098 recolis
3460 2057 3552 2114 per
3573 2039 3722 2097 oculos

513 2138 572 2187 et
609 2131 731 2187 sine
775 2130 1073 2202 disciplina
1121 2129 1456 2202 quaestiones
1501 2129 1705 2194 devita,
1757 2129 1939 2185 sciens
1975 2129 2112 2202 quia
2189 2131 2456 2202 corporis,
2490 2135 2650 2202 potes
2676 2131 2846 2185 etiam
2874 2131 3068 2186 statim
3098 2130 3306 2198 videre,
3347 2131 3394 2186 si
3420 2138 3500 2186 est
3522 2130 3573 2184 id
3607 2135 3721 2184 tem-

510 2225 787 2292 generant
811 2219 967 2274 lites:
1003 2235 1226 2274 servum
1269 2223 1460 2273 autem
1490 2218 1715 2273 Domini
1743 2234 1857 2272 non
1885 2223 2109 2291 oportet
2188 2220 2359 2291 poris,
2401 2225 2460 2274 et
2486 2236 2552 2274 eo
2579 2220 2686 2274 loci
2726 2236 2787 2274 es
2814 2219 2913 2275 ubi
2941 2236 3008 2275 ex
3043 2236 3112 2274 ea
3153 2226 3317 2292 parte
3361 2219 3545 2275 caelum
3585 2217 3723 2273 oculis

512 2309 755 2382 litigare,
783 2308 881 2363 sed
915 2313 1272 2363 mansuetum
1285 2324 1407 2362 esse
1439 2306 1509 2361 ad
1539 2323 1755 2371 omnes,
1786 2305 2102 2373 docibilem,
2186 2308 2300 2363 tuis
2327 2325 2505 2380 usque
2533 2307 2604 2363 ad
2621 2309 2797 2363 solem
2818 2308 3200 2364 contuendum
3227 2313 3398 2382 patet.
3425 2308 3504 2363 Ad
3525 2307 3610 2362 illa
3623 2322 3724 2362 vero

512 2399 820 2472 patientem
843 2398 921 2467 (ll
946 2399 1085 2452 Tim.
1117 2414 1172 2464 ιι,
1203 2396 1318 2463 23).
1354 2416 1379 2445 ι)
1413 2395 1656 2450 Proinde
1696 2395 1858 2450 decet
1884 2401 1950 2451 ut
1976 2395 2106 2468 qui-
2186 2397 2427 2452 videnda
2453 2413 2578 2469 quae
2604 2404 2793 2452 mente
2810 2397 3052 2470 conspici
3080 2397 3218 2462 dixi,
3249 2397 3307 2451 id
3335 2402 3434 2464 est,
3463 2395 3725 2468 quodvivas

509 2504 730 2561 cunque
758 2487 828 2542 de
856 2485 1142 2558 mysteriis
1184 2484 1501 2540 ccelestibus
1546 2485 1667 2540 vult
1712 2484 1970 2551 serutari,
2018 2485 2106 2539 vel
2187 2486 2337 2558 quod
2363 2485 2554 2541 videre
2580 2486 2761 2540 Deum
2793 2487 2948 2553 velis,
2978 2486 3127 2558 quod
3155 2485 3216 2542 id
3244 2487 3508 2559 requiras,
3535 2485 3659 2557 quod
3681 2494 3724 2537 te

509 2577 816 2651 disputare,
843 2576 1069 2630 studeat
1097 2574 1252 2647 prius
1280 2591 1375 2630 cor
1411 2591 1447 2628 a
1475 2573 1777 2629 mundanis
1813 2572 2105 2629 desideriis
2186 2573 2367 2630 vivere
2395 2579 2455 2630 et
2478 2575 2620 2629 velle
2669 2581 2729 2630 et
2769 2591 3020 2647 quaerere
3064 2575 3228 2642 scias,
3273 2575 3538 2648 quomodo
3571 2577 3721 2628 autem

506 2672 568 2722 et
585 2665 849 2721 vitiorum
880 2663 1138 2719 sordibus
1166 2679 1496 2735 expurgare,
1529 2668 1588 2718 et
1613 2663 1694 2718 sic
1729 2663 1958 2718 demum
1982 2679 2105 2735 spe-
2183 2663 2335 2718 Deus
2354 2663 2613 2719 videatur
2638 2663 2854 2719 nescias
2879 2683 2893 2732 ;
2923 2664 2994 2720 ad
3014 2664 3150 2730 haec,
3174 2664 3427 2737 inquam,
3464 2663 3632 2718 omnia
3660 2660 3723 2714 vi-

509 2759 599 2809 ret
615 2770 677 2810 se
703 2769 806 2825 per
831 2753 935 2808 Dei
959 2753 1203 2824 gratiam
1250 2751 1527 2824 spiritalia
1550 2751 1699 2806 dona
1727 2767 1887 2822 posse
1936 2751 2103 2822 plane
2184 2751 2386 2819 denda,
2415 2768 2528 2808 non
2539 2752 2997 2825 oculoscorporis
3017 2752 3272 2821 adhibes,
3296 2769 3398 2808 nec
3424 2749 3724 2806 intervallum

508 2842 814 2914 percipere.
835 2841 995 2897 Unde
1016 2845 1360 2895 memoratus
1373 2839 1660 2910 apostolus
1687 2839 1852 2894 docet
1868 2839 2060 2894 dicens
2083 2856 2096 2893 :
2182 2840 2309 2908 loci,
2331 2857 2434 2913 per
2447 2840 2596 2912 quod
2613 2841 2941 2898 intendatur
2957 2841 3211 2910 obtutus,
3230 2848 3295 2898 ut
3319 2841 3388 2897 ad
3409 2858 3475 2897 ea
3495 2836 3725 2896 cernenda

512 2950 536 2982 ι
557 2929 922 2987 Renovamini
944 2926 1145 3001 spiritu
1156 2928 1361 2984 mentis
1381 2934 1576 2984 vestrae
1591 2933 1650 2983 et
1665 2927 1881 2983 induite
1896 2944 2103 2984 novum
2183 2929 2489 3001 perveniat,
2519 2930 2695 2985 sentis
2715 2936 2818 2986 aut
2843 2930 3065 3002 qumris.
3101 2931 3196 2987 Sic
3221 2930 3375 2987 vides
3400 2930 3558 2985 vitam
3580 2933 3722 2989 tuam,

506 3019 815 3086 hominem,
848 3018 945 3090 qui
973 3017 1280 3072 secundum
1307 3018 1485 3072 Deum
1515 3022 1736 3072 creatus
1763 3022 1850 3072 est
1869 3016 1924 3071 in
1937 3017 2103 3088 justi-
2123 3072 2164 3092 ﬂ
2182 3019 2548 3079 voluntatem,
2571 3018 3017 3092 inquisitionem,
3040 3019 3358 3081 scientiam,
3382 3015 3722 3091 ignorantiam.

1029 3105 1281 3162 veritatis
1310 3106 1513 3176 (Ephcs.
1532 3120 1608 3170 ιγ,
1640 3104 1749 3174 ‘23).
1783 3124 1809 3158 (ι
1844 3106 1916 3160 Et
1937 3072 2098 3161 item:
2121 3072 2167 3133 Ο
2183 3106 2318 3180 quia
2335 3072 2440 3164 nec
3654 3072 3726 3158 ne;

512 3216 536 3249 ι
569 3197 921 3264 Mortificate,
943 3195 1148 3268 inquit,
1167 3194 1424 3249 membra
1440 3200 1627 3248 vestra
1647 3210 1770 3266 quae
1781 3199 1915 3249 sunt
1933 3211 2102 3267 super
2181 3195 2361 3264 scias;
2392 3197 2490 3262 sic,
2524 3196 2778 3268 inquam,
2803 3195 2956 3252 vides
2980 3197 3098 3254 hac
3127 3198 3322 3254 omnia
3336 3197 3473 3253 utin
3488 3201 3541 3252 te
3556 3193 3722 3253 videas.

503 3291 737 3352 terram,
786 3284 1232 3349 fornicationem,
1284 3282 1736 3349 immundidiam,
1786 3281 2094 3350 libidinem,
2181 3285 2330 3357 apud
2357 3290 2415 3340 te
2433 3284 2676 3340 habeas:
2707 3303 2772 3340 ac
2788 3287 2908 3342 sine
2928 3286 3059 3342 ullis
3078 3287 3393 3358 ﬁgurarum
3409 3280 3721 3344 liniamentis,

504 3373 1010 3447 concupiscentiam
1034 3373 1239 3427 malam
1268 3377 1327 3427 et
1343 3371 1656 3438 avaritiam,
1682 3389 1806 3444 qum
1825 3378 1913 3427 est
1931 3372 2101 3428 simu-
2180 3374 2543 3446 colorumque
2561 3374 2858 3443 nitoribus,
2871 3380 3032 3432 tanto
3051 3374 3262 3432 clarius
3279 3382 3334 3432 et
3349 3375 3545 3431 certius
3553 3374 3723 3445 quanto

503 3465 785 3520 lacrorum
813 3461 1072 3528 servitus,
1100 3466 1332 3534 propter
1359 3477 1483 3533 quae
1510 3460 1662 3516 venit
1689 3460 1777 3516 ira
1800 3460 1903 3516 Dei
1931 3477 2104 3534 super
2181 3461 2490 3534 simplicius
2516 3462 2866 3537 interiusque
2900 3463 3237 3537 conspicias.
3283 3466 3421 3520 Cum
3459 3461 3616 3534 igitur
3646 3473 3726 3515 nec

503 3552 649 3608 filios
694 3550 1122 3619 incredulitatis,
1172 3549 1233 3604 in
1279 3549 1483 3622 quibus
1519 3564 1579 3605 et
1626 3566 1722 3605 vos
1769 3549 2100 3607 ambulastis
2181 3551 2358 3606 oculis
2399 3551 2665 3624 corporis,
2720 3551 2866 3608 sicut
2905 3568 3142 3625 corpora
3184 3553 3303 3609 sive
3347 3550 3596 3613 caelestia,
3636 3547 3725 3602 sive

502 3641 806 3713 aliquando
833 3656 960 3696 cum
994 3639 1254 3695 viveretis
1281 3638 1342 3693 in
1367 3637 1497 3694 illis.
1529 3639 1692 3694 Nunc
1715 3644 1904 3695 autem
1925 3639 2100 3712 depo-
2179 3640 2491 3703 terrestria,
2524 3657 2628 3696 nec
2644 3641 2852 3696 mentis
2868 3648 3098 3714 aspectu
3127 3641 3280 3698 sicut
3304 3658 3373 3697 ea
3387 3647 3518 3698 sunt
3531 3651 3727 3712 quorum

501 3730 620 3786 nite
647 3735 708 3785 et
729 3747 828 3786 vos
848 3729 1068 3784 omnia:
1104 3728 1268 3795 iram,
1297 3725 1766 3799 indignationem,
1798 3727 2095 3795 malitiam,
2181 3730 2452 3786 nonnulla
2470 3729 2923 3798 commemoravi,
2946 3744 3070 3804 quae
3088 3731 3244 3804 apud
3272 3729 3614 3803 temetipsum
3632 3741 3727 3781 cer.

498 3818 931 3892 blasphemiam,
991 3823 1213 3890 turpem
1243 3833 1562 3872 sermonem
1606 3815 1678 3872 de
1737 3833 1833 3872 ore
1891 3822 2093 3872 vestro.
2180 3816 3363 3887 tissimeintueris,nuncvideamusDeum;
3385 3835 3486 3875 cur
3499 3814 3730 3872 credimus

501 3908 689 3964 Nolite
713 3906 941 3962 mentiri
960 3906 1214 3983 invicem,
1233 3906 1607 3979 exspoliantes
1625 3922 1722 3960 vos
1741 3911 1985 3960 veterem
2000 3906 2098 3961 hoc
2178 3922 2308 3962 eum
2368 3906 2564 3972 videri,
2610 3906 2720 3962 nisi
2769 3907 2905 3979 quia
2949 3907 3254 3980 Scriptum
3295 3904 3730 3964 accommodamus

501 3996 713 4052 minem
741 4012 870 4052 cum
897 3994 1115 4051 actibus
1142 3995 1285 4065 ejus,
1303 4001 1361 4050 et
1386 3994 1683 4050 induentes
1713 4011 1940 4062 novum,
1964 4012 2097 4050 cum
2177 3995 2346 4050 ﬁdem
2375 3995 2473 4051 ubi
2509 3995 2753 4067 legitur:
2792 4015 2820 4048 α
2852 3996 3014 4052 Beati
3042 3997 3256 4052 mundo
3297 3995 3480 4064 corde,
3509 3992 3626 4067 quia
3648 3988 3729 4063 ipsi

502 4083 598 4156 qui
611 4089 914 4140 renovatur
940 4083 1001 4138 in
1012 4083 1300 4154 agnitione
1320 4083 1629 4139 secundum
1655 4083 1962 4156 imaginem
1971 4085 2096 4156 ejus
2177 4084 2357 4139 Deum
2379 4083 2651 4140 videbunt
2673 4103 2688 4153 ;
2717 4104 2744 4136 ι)
2776 4090 2835 4140 et
2856 4084 3038 4158 siqua
3063 4085 3179 4141 alia
3196 4086 3257 4142 in
3275 4086 3422 4142 hanc
3438 4079 3729 4140 sententiam

501 4172 598 4246 qui
625 4172 836 4228 creavit
861 4189 1015 4240 cum,
1044 4171 1140 4227 ubi
1159 4188 1273 4227 non
1293 4177 1381 4226 est
1399 4171 1626 4244 gentilis
1647 4177 1708 4228 et
1726 4172 1975 4241 Iudaeus,
1993 4173 2097 4227 cir-
2178 4173 2375 4228 eadem
2404 4172 2595 4228 divina
2620 4174 2954 4229 auctoritate
2979 4175 3300 4248 conscripta
3325 4179 3474 4240 sunt,
3518 4170 3600 4227 cui
3642 4183 3730 4224 non

499 4261 766 4318 cumcisio
781 4267 838 4317 et
855 4261 1212 4334 praeputium,
1230 4259 1503 4316 barbarus
1520 4266 1583 4317 et
1605 4261 1895 4334 Scytha,et
1904 4278 2096 4317 servus
2178 4262 2405 4317 credere
2432 4261 2589 4317 nefas
2615 4261 2893 4330 ducimus,
2916 4264 3146 4320 credere
3180 4269 3377 4320 autem
3406 4259 3618 4336 pietatis
3634 4270 3730 4312 esse

499 4357 558 4408 et
581 4351 741 4419 liber,
776 4351 875 4406 sed
903 4350 1093 4406 omnia
1121 4356 1180 4406 et
1205 4350 1265 4405 in
1307 4349 1565 4406 omnibus
1606 4350 1868 4406 Christus
1899 4351 2091 4419 (Calas.
2109 4386 2160 4447 Β
2177 4350 2411 4405 minime
2438 4349 2799 4406 dubitamus?
2827 4352 2984 4408 Inter
2998 4351 3186 4408 videre
3208 4368 3434 4425 quoque
3462 4355 3519 4406 et
3540 4346 3732 4404 credere

498 4454 585 4496 ιη.
615 4441 692 4510 5).
730 4460 754 4494 ι
776 4440 972 4511 Imago
994 4439 1145 4495 enim
1161 4440 1263 4495 Dei
1279 4439 1376 4512 qui
1395 4439 1756 4511 incorporeus
1772 4444 1858 4495 est
1874 4456 1985 4494 non
2009 4444 2097 4496 est
2112 4438 2154 4447 ⁷
2176 4438 2282 4494 hoc
2307 4438 2518 4494 distare
2545 4439 2817 4507 dicamus,
2853 4440 2988 4512 quia
3006 4441 3310 4513 praesentia
3337 4440 3601 4503 videntur,
3632 4448 3730 4489 cre-

497 4529 555 4584 in
584 4545 815 4601 corpore
841 4529 1108 4596 humano,
1135 4527 1285 4601 quod
1313 4528 1692 4602 corrumpitur
1731 4535 1789 4583 et
1824 4533 2096 4600 gravatur
2175 4527 2390 4583 duntur
2400 4527 2677 4596 absentia,
2698 4529 2865 4602 plane
2882 4529 3273 4586 forsitansatis
3292 4534 3399 4599 est,
3410 4527 3458 4585 si
3477 4521 3733 4601 praesentit

497 4617 803 4674 secundum
827 4617 1107 4673 desideria
1127 4617 1354 4684 erroris,
1378 4617 1476 4673 sed
1495 4617 1556 4673 in
1583 4617 1785 4690 spiritu
1803 4623 1861 4674 et
1879 4617 2088 4686 anima,
2173 4615 2273 4671 illa
2296 4616 2403 4672 hoc
2429 4617 2551 4672 loco
2581 4616 2964 4690 intelligamus
3011 4617 3183 4686 dicta,
3232 4635 3359 4692 qua:
3396 4621 3588 4690 praesto
3621 4615 3731 4667 sunt

497 4705 633 4780 quia
645 4706 876 4778 spiritus
892 4710 978 4762 est
990 4707 1142 4762 Deus
1160 4705 1258 4778 qui
1276 4705 1466 4762 omnia
1477 4711 1780 4774 scrutatur,
1801 4722 1906 4762 nec
1921 4707 2095 4778 possi-
2174 4704 2450 4774 sensibus,
2481 4705 2598 4761 sive
2607 4705 2784 4762 animi
2802 4707 2919 4763 sive
2937 4708 3206 4780 corporis,
3238 4707 3392 4764 unde
3411 4705 3573 4762 etiam
3589 4701 3728 4757 ducto

493 4794 607 4850 bile
621 4801 711 4851 est
725 4801 793 4850 ut
813 4800 1102 4851 terrenum
1123 4794 1388 4868 etfragile
1407 4793 1619 4868 aliquid
1641 4793 1957 4851 celsitudini
1969 4795 2094 4867 ejus
2173 4793 2441 4850 vocabulo
2503 4794 2803 4866 prmsentia
2847 4796 3236 4852 nominantur.
3286 4796 3382 4852 Sic
3425 4793 3568 4850 enim
3611 4790 3729 4844 hanc

494 4889 664 4957 atque
691 4883 993 4940 aeternitati
1011 4889 1387 4957 comparetur,
1419 4883 1555 4955 quia
1565 4881 1687 4956 ipse
1706 4888 1795 4940 est
1819 4883 1952 4948 vita,
1967 4899 2092 4956 quae
2172 4881 2356 4939 lucem
2372 4883 2624 4955 corporis
2642 4899 2834 4951 sensu,
2857 4883 2939 4940 sic
2953 4889 3014 4941 et
3029 4901 3217 4942 meam
3238 4885 3575 4940 voluntatem
3591 4877 3726 4952 plane

494 4970 738 5030 vivi'iicat
763 4971 974 5041 omnia,
1007 4972 1103 5046 qui
1142 4973 1296 5028 solus
1324 4970 1497 5027 habet
1520 4971 2005 5028 immortalitatem
2033 4976 2093 5027 et
2170 4969 2349 5037 video,
2379 4970 2516 5044 quia
2541 4977 2748 5044 presto
2775 4978 2862 5030 est
2886 4973 3066 5030 animi
3112 4972 3226 5030 mei
3272 4971 3545 5036 sensibus,
3587 4971 3724 5037 atque

492 5063 676 5120 lucem
700 5061 923 5118 habitat
966 5060 1428 5117 inaccessibilem.
1480 5061 1607 5133 Ipse
1653 5065 1741 5116 est
1788 5060 1941 5116 enim
1995 5061 2090 5116 lux
2171 5058 2325 5115 intus
2353 5059 2493 5114 mihi
2515 5077 2764 5133 praesens
2790 5067 2895 5118 est.
2929 5063 2989 5119 Si
3021 5059 3152 5136 quis
3196 5077 3331 5119 vero
3376 5059 3512 5117 mihi
3552 5054 3724 5112 indicet

494 5169 625 5209 vera
652 5171 679 5205 α
697 5169 821 5226 quae
840 5149 1124 5206 illuminat
1141 5166 1366 5205 omnem
1390 5149 1676 5205 hominem
1693 5149 2007 5206 venientem
2028 5149 2087 5204 in
2169 5148 2516 5205 voluntatem
2543 5166 2725 5218 suam,
2757 5152 2920 5222 cujus
2938 5169 3001 5208 os
3020 5158 3194 5208 etvox
3222 5150 3367 5207 mihi
3384 5162 3614 5224 praesens
3636 5145 3718 5200 est.

492 5240 642 5298 hunc
665 5241 939 5297 mundum
963 5261 1012 5308 ι,
1036 5245 1094 5295 et
1111 5238 1238 5296 ideo
1258 5238 1514 5312 quisquis
1524 5238 1824 5295 illiuslucis
1841 5243 2090 5294 contem-
2168 5243 2361 5294 tamen
2389 5236 2524 5311 quia
2547 5238 2673 5312 ipsa
2700 5240 2956 5296 voluntas
2983 5257 3156 5314 quam
3196 5240 3337 5296 mihi
3363 5237 3582 5301 indicat.
3610 5232 3720 5286 W

491 5329 738 5401 platione
748 5328 859 5387 frui
876 5329 1162 5386 desiderat
1178 5327 1238 5384 in
1251 5332 1464 5384 aeterna
1475 5327 1844 5395 beatitudine,
1858 5343 2086 5385 necesse
2169 5343 2400 5383 sensum
2423 5327 2674 5400 corporis
2701 5333 2762 5385 et
2801 5329 2981 5388 animi
3016 5329 3146 5397 mei,
3196 5327 3383 5397 credo,
3422 5341 3533 5384 non
3569 5319 3714 5381 video.

491 5423 582 5473 est
593 5422 660 5474 ut
679 5418 914 5474 mundet
932 5435 1030 5475 cor
1047 5418 1107 5474 in
1125 5417 1295 5489 hujus
1311 5416 1436 5473 vita
1456 5417 1928 5490 peregrinatione,
1952 5416 2087 5489 quia
2167 5420 2271 5472 aut
2293 5415 2343 5471 si
2371 5431 2502 5471 eum
2518 5416 2746 5473 mentiri
2775 5418 3052 5487 existimo,
3072 5435 3185 5476 non
3196 5416 3362 5476 credo
3384 5435 3398 5485 ;
3431 5420 3489 5472 et
3515 5411 3563 5468 si
3579 5410 3711 5467 forte.

490 5520 606 5562 non
634 5505 801 5562 aliter
825 5506 898 5562 ad
931 5507 1053 5578 ejus
1078 5505 1351 5562 visionem
1378 5506 1700 5580 pertingere
1744 5505 1972 5580 poterit,
2013 5505 2084 5562 de
2164 5509 2232 5560 ut
2256 5503 2410 5572 dicit,
2437 5503 2520 5560 ita
2545 5505 2638 5561 sit.
2670 5506 2994 5565 Creduntur
3017 5524 3153 5580 ergo
3180 5507 3276 5564 illa
3321 5521 3447 5579 que
3475 5500 3659 5559 absunt
3686 5507 3715 5548 ι

491 5609 604 5665 quo
629 5592 751 5666 ipsa
777 5592 1000 5649 Veritas
1045 5594 1162 5649 ait:
1216 5611 1246 5647 ar
1268 5594 1427 5650 Beati
1464 5595 1675 5652 mundo
1715 5595 1901 5662 corde,
1941 5610 2082 5667 quo-
2164 5592 2418 5650 sensibus
2447 5594 2674 5663 nostris,
2706 5595 2756 5653 si
2782 5596 3005 5654 videtur
3031 5597 3264 5653 idoneus
3309 5593 3405 5666 qui
3433 5592 3500 5649 de
3540 5588 3613 5644 eis
3641 5588 3710 5638 te-
