3982 6158
335 265 468 322 1265

1726 287 1818 342 DE
1855 287 2176 344 VIDENDO
2215 290 2435 345 DEUM.

3474 293 3612 351 126ίὶ

329 389 656 488 stimonium
667 399 944 471 perhibet,
960 403 1420 462 videnturnutem
1436 425 1560 480 quae
1570 417 1774 481 praesto
1787 417 1924 467 sunt
1943 412 2242 474 Avidendo
2266 413 2382 468 Deo
2393 415 2526 480 sint,
2562 431 2674 469 non
2701 415 2771 469 de
2792 416 2926 484 viso,
2945 417 3052 488 ipsi
3081 419 3232 473 enim
3256 419 3435 474 Deum
3465 420 3614 475 vide-

329 481 478 536 unde
494 489 552 538 et
579 489 878 557 praesentia
889 491 1273 561 nominantur,
1288 495 1373 549 vel
1389 495 1562 550 animi
1587 499 1670 552 vel
1686 499 1934 571 corporis

329 571 604 629 sensibus.
622 577 858 634 Constat
876 581 1052 652 igitur
1060 589 1255 636 nostra
1273 584 1506 639 scientia
1519 602 1584 639 ex
1609 586 1738 641 visis
1767 587 1931 642 rebus

330 667 388 716 et
413 663 660 732 creditis,
679 669 776 722 sed
795 668 852 724 in
876 669 964 724 his
985 687 1108 742 quae
1122 671 1364 727 vidimus
1402 675 1490 727 vel
1523 674 1795 744 videmus,
1829 694 1932 732 nos

325 751 434 823 ipsi
450 759 829 812 testessumus
860 777 872 812 :
907 760 967 815 in
999 761 1086 816 his
1105 768 1294 816 autem
1329 779 1454 834 quae
1481 765 1778 831 credimus,
1808 766 1932 821 aliis

325 840 564 898 testibus
574 861 866 902 movemur
899 849 970 904 ad
987 851 1176 918 fidem,
1201 867 1328 906 cum
1355 869 1548 906 earum
1571 869 1760 908 rerum
1791 872 1930 926 quas

326 945 429 983 nec
468 931 668 988 vidisse
700 951 800 990 nos
829 939 1126 994 recolimus
1138 956 1241 994 nec
1254 940 1532 1006 videmus,
1547 943 1755 998 dantur
1769 943 1930 1013 signa

325 1020 483 1075 velin
515 1023 758 1090 vocibus,
783 1028 866 1080 vel
903 1027 961 1082 in
994 1028 1215 1096 litteris,
1259 1031 1343 1085 vel
1372 1029 1431 1084 in
1443 1030 1930 1102 quibusquedocu—

324 1109 551 1176 mentis,
565 1112 767 1182 quibus
797 1113 926 1169 visis
961 1133 1073 1172 non
1102 1118 1221 1172 visa
1245 1119 1566 1173 credantur.
1585 1120 1708 1174 Non
1737 1125 1927 1174 autem

320 1195 605 1254 immerito
644 1201 785 1256 scire
813 1219 916 1258 nos
947 1205 1184 1262 dicimus
1214 1224 1328 1262 non
1369 1208 1550 1262 solum
1579 1225 1646 1262 ea
1700 1225 1822 1279 quae
1850 1208 1926 1262 vi-

319 1283 508 1340 dimus
555 1295 657 1343 aut
704 1289 974 1360 videmus,
1025 1310 1215 1349 verum
1251 1301 1308 1350 et
1341 1295 1439 1350 illa
1467 1313 1589 1368 quae
1618 1296 1832 1352 idoneis
1851 1297 1924 1352 ad

320 1389 602 1447 quamque
632 1394 752 1432 rem
783 1383 1048 1436 commoti
1076 1385 1412 1439 testimoniis
1440 1385 1525 1439 vel
1553 1386 1790 1441 testibus
1809 1403 1924 1442 cre-

317 1460 556 1518 dimus-z
589 1483 758 1536 porro
787 1468 834 1522 si
863 1471 1003 1525 scire
1056 1488 1170 1528 non
1216 1473 1651 1544 incongruenter
1685 1475 1924 1532 dicimur

316 1550 492 1605 etiam
505 1552 642 1608 illud
674 1557 822 1626 quod
842 1559 1218 1616 certissimum
1245 1563 1544 1629 credimus,
1565 1563 1694 1618 hinc
1709 1564 1920 1620 factum

317 1647 406 1694 est
421 1645 484 1696 ut
507 1642 680 1699 etiam
715 1652 885 1717 recte,
905 1655 962 1704 et
989 1650 1037 1704 si
1059 1667 1172 1706 non
1187 1652 1378 1707 adsint
1403 1652 1660 1708 sensibus
1689 1655 1914 1720 nostris,

2015 500 2173 562 bunt,
2191 502 2405 556 dictum
2435 509 2521 558 est
2541 522 2553 570 ;
2573 519 2703 567 non,
2747 503 3054 573 Viderunt;
3084 512 3142 560 et
3169 523 3304 574 non,
3332 507 3610 576 Vidimus,

2014 590 2130 656 sed,
2145 591 2472 646 Videbimus
2500 609 2628 646 eum
2643 593 2806 646 sicuti
2817 599 2903 647 est
2919 613 2930 647 :
2947 595 3179 665 proinde
3201 595 3288 650 his
3317 597 3614 653 sententiis

2013 696 2126 734 non
2153 685 2240 734 est
2281 681 2664 735 contrarium:
2705 701 2728 732 «
2753 682 2932 736 Deum
2952 699 3118 738 nemo
3171 685 3310 756 vidit
3361 702 3612 757 unquam

2016 769 2196 835 (Joan.
2230 785 2268 833 1,
2307 767 2413 838 18).
2448 789 2476 823 a
2511 768 2793 824 Videbunt
2820 770 2970 826 enim
3001 789 3166 842 quem
3193 789 3304 828 non
3331 773 3610 842 viderunt,

2013 857 2109 926 qui
2138 858 2348 911 mundo
2393 859 2560 912 corde
2599 859 2698 912 ﬁlii
2727 859 2828 914 Dei
2859 876 2979 914 esse
3009 861 3324 916 voluerunt.
3353 863 3497 928 Quid
3528 871 3614 918 est

2011 945 2185 1015 igitur
2214 964 2225 998 :
2265 964 2291 998 ((
2331 947 2458 1000 Vidi
2489 947 2671 1002 Deum
2703 948 2842 1002 facie
2860 949 2930 1002 ad
2955 949 3175 1016 faciem,
3210 958 3266 1006 et
3292 952 3446 1006 salva
3465 955 3614 1008 facta

2011 1040 2099 1088 est
2118 1035 2309 1088 anima
2337 1052 2464 1089 mea
2487 1037 2638 1096 (Gen.
2669 1052 2842 1103 xxxn,
2871 1036 2961 1107 30)
2995 1038 3058 1091 ?3
3089 1041 3174 1093 An
3196 1047 3252 1094 et
3273 1041 3376 1096 hoc
3393 1049 3610 1097 contra-

2012 1123 2158 1176 rium
2181 1123 2260 1177 illi
2292 1125 2439 1194 quod
2469 1125 2680 1179 dictum
2713 1132 2815 1191 est,
2864 1145 2889 1177 (ι
2923 1127 3103 1181 Deum
3140 1145 3306 1184 nemo
3335 1129 3473 1184 vidit
3501 1143 3627 1186 un-‘

2009 1228 2177 1283 quam
2210 1213 2280 1265 ?»
2299 1213 2367 1267 Et
2381 1213 2520 1267 illud
2534 1214 2679 1284 quod
2698 1215 2768 1268 de
2779 1215 2969 1286 Moyse
2986 1222 3256 1288 scriptum
3285 1223 3388 1284 est,
3427 1237 3453 1272 α
3477 1219 3612 1290 quia

2007 1301 2340 1372 loquebatur
2362 1319 2490 1356 cum
2522 1303 2638 1356 Deo
2665 1303 2804 1356 facie
2831 1304 2899 1356 ad
2947 1303 3167 1372 faciem,
3198 1306 3343 1360 sicut
3371 1307 3498 1378 quis
3523 1307 3609 1362 lo-

2007 1389 2199 1459 quitur
2251 1390 2321 1444 ad
2367 1390 2610 1444 amicum
2659 1407 2825 1445 suum
2881 1393 3063 1459 (Exod.
3095 1410 3278 1461 xxxm,
3334 1396 3518 1466 11):»
3551 1403 3609 1450 et

2003 1477 2140 1531 illud
2185 1479 2334 1549 quod
2383 1480 2658 1549 propheta
2705 1479 2879 1534 Isaias
2903 1481 2973 1534 de
3003 1482 3185 1552 seipso
3213 1483 3448 1554 loquens
3477 1485 3560 1538 ait
3588 1503 3602 1538 :

2006 1585 2031 1617 «
2064 1566 2504 1622 VidiDominum
2537 1567 2783 1622 Sabaoth
2813 1569 3100 1624 sedentem
3131 1571 3191 1624 in
3219 1571 3422 1626 throno
3455 1574 3606 1640 (Isaz'.

2001 1672 2068 1720 vi,
2113 1655 2181 1724 l),
2218 1675 2243 1708 »
2275 1663 2332 1710 et
2361 1657 2407 1710 si
2450 1673 2562 1728 qua
2591 1657 2700 1711 alia
2747 1657 2930 1712 solent
2957 1657 3162 1712 similia
3187 1659 3513 1715 testimonia
3540 1678 3606 1716 ex

314 1730 504 1787 videre
520 1743 708 1792 mente
737 1738 1012 1794 dicamur.
1039 1740 1283 1796 Scientia
1298 1742 1502 1814 quippe
1529 1743 1706 1797 menti
1719 1731 2198 1799 tribui-Beadem
2259 1745 2594 1800 auctoritate
2661 1746 2919 1816 proferri,
2981 1747 3261 1817 quomodo
3319 1765 3430 1803 non
3474 1756 3606 1804 sunt

313 1825 429 1888 tur,
463 1823 578 1878 sive
607 1841 709 1896 per
745 1829 994 1899 corporis
1037 1846 1252 1897 sensus,
1284 1831 1404 1885 sive
1439 1849 1539 1902 per
1583 1831 1767 1904 ipsum
1796 1830 1914 1886 ani-

307 1928 470 1968 mum
498 1915 710 1988 aliquid
751 1927 1076 1992 perceptum
1105 1922 1500 1994 cognitumque
1545 1923 1804 1989 retineat,
1855 1929 1913 1980 et

307 2001 451 2057 ﬁdes
486 2004 610 2076 ipsa
651 2013 838 2062 mente
874 2009 1064 2081 itaque
1092 2011 1330 2074 videtur,
1361 2012 1612 2084 quamvis
1645 2013 1746 2067 hoc
1801 2013 1910 2068 ﬁde

303 2093 574 2148 credatur
600 2097 746 2166 quod
777 2114 889 2152 non
918 2099 1155 2154 videtur.
1190 2100 1349 2156 Unde
1378 2101 1663 2172 apostolus
1710 2101 1912 2156 Petrus

302 2181 475 2236 dicit:
496 2201 524 2235 ι(
551 2184 615 2238 In
640 2201 808 2256 quem
825 2189 991 2243 modo
1021 2205 1134 2243 non
1164 2189 1416 2245 videntes
1429 2190 1654 2244 creditis
1687 2190 1738 2255 (Ι
1763 2192 1906 2244 Petr.

300 2287 343 2326 1.
369 2268 450 2339 8),
475 2277 533 2326 et
560 2273 681 2346 ipse
708 2275 981 2331 Dominus
1014 2295 1026 2330 :
1063 2297 1089 2331 α
1124 2277 1298 2343 Beati,
1341 2279 1542 2349 inquit,
1570 2278 1665 2349 qui
1704 2295 1814 2332 non
1836 2278 1913 2332 vi-

299 2359 514 2416 derunt
539 2369 595 2416 et
613 2364 971 2420 crediderunt
991 2366 1172 2436 (Joan.
1187 2383 1279 2432 xx,
1297 2365 1408 2436 29).
1445 2386 1472 2419 »
1497 2367 1601 2420 Illa
1615 2367 1765 2420 enim
1785 2383 1910 2438 quae

296 2447 472 2516 videt,
496 2451 704 2507 adsunt
727 2454 1002 2521 sensibus,
1025 2455 1110 2510 vel
1149 2454 1326 2510 animi
1351 2457 1433 2510 vel
1463 2456 1710 2527 corporis
1737 2475 1749 2524 ;
1783 2473 1906 2526 quae

296 2543 494 2592 autem
520 2541 715 2608 credit,
739 2543 990 2598 absunta
1005 2544 1261 2600 sensibus
1283 2552 1341 2599 et
1353 2543 1528 2599 animi
1553 2551 1610 2598 et
1629 2544 1898 2616 corporis,

295 2628 558 2697 quamvis
571 2636 628 2684 et
647 2633 904 2687 voluntas
944 2635 1067 2704 ejus
1099 2651 1133 2688 a
1155 2650 1264 2705 quo
1287 2635 1448 2689 audit
1475 2640 1540 2688 ut
1571 2633 1765 2686 credat
1791 2649 1903 2686 non

294 2716 377 2770 sit
396 2719 700 2788 prater-ita,
719 2721 812 2776 sed
830 2722 1124 2777 maneatin
1149 2723 1430 2794 loquente,
1453 2739 1622 2794 quam
1643 2722 1704 2775 in
1719 2721 1903 2792 seipso

291 2804 450 2861 idem
485 2807 604 2879 ipse
621 2809 718 2880 qui
747 2810 996 2882 loquitur
1031 2811 1192 2866 videt.
1212 2812 1311 2866 Ille
1341 2828 1469 2866 vero
1482 2811 1576 2882 qui
1607 2810 1766 2864 audit
1793 2826 1905 2864 non

293 2912 426 2951 eam
453 2897 620 2964 videt,
637 2899 734 2954 sed
745 2899 942 2955 credit.
957 2901 1312 2956 Resurrectio
1329 2907 1518 2956 autem
1541 2899 1748 2956 Christi
1769 2915 1906 2970 prae-

1993 1833 2275 1888 contraria
2308 1834 2602 1888 sententiae
2633 1851 2746 1904 qua
2771 1834 2980 1888 dictum
3009 1841 3095 1889 est
3129 1853 3140 1888 :
3177 1855 3200 1887 ‹
3230 1837 3412 1892 Deum
3437 1854 3603 1892 nemo

1994 1922 2132 1976 vidit
2149 1939 2398 1993 unquam
2425 1922 2449 1975 ?
2480 1942 2505 1974 »

2065 2012 2256 2082 Ipsum
2271 2027 2493 2082 quoque
2509 2011 2872 2082 Evangelium
2889 2017 3074 2082 potest
3118 2015 3303 2084 putari
3333 2012 3440 2068 sibi
3479 2031 3601 2069 esse

1993 2099 2338 2156 contrarium
2362 2101 2672 2170 ;quomodo
2688 2099 2842 2154 enim
2872 2117 3066 2154 verum
3097 2105 3183 2154 est
3226 2101 3376 2172 quod
3415 2102 3475 2156 in
3533 2120 3598 2156 eo

1993 2189 2200 2244 dicitur
2233 2206 2244 2241 :
2275 2207 2300 2239 «
2335 2188 2442 2252 Qui
2480 2205 2570 2243 me
2599 2189 2757 2256 vidit,
2791 2189 2930 2243 vidit
2948 2195 3006 2242 et
3027 2189 3255 2244 Patrem
3279 2191 3594 2260 (J0an.x1x-,

1994 2275 2068 2345 9),
2099 2297 2127 2327 ιι
2168 2277 2215 2330 si
2245 2275 2548 2330 Dominum
2602 2293 2766 2331 nemo
2814 2276 2954 2332 vidit
2977 2278 3270 2348 unquam?
3307 2278 3596 2342 Quomodo

1992 2382 2186 2419 verum
2217 2372 2320 2430 est,
2356 2385 2381 2417 α
2430 2366 2630 2435 Angeli
2671 2383 2866 2421 eorum
2895 2383 3121 2438 semper
3157 2367 3348 2422 vident
3394 2367 3594 2422 faciem

1989 2454 2174 2508 Patris
2205 2455 2362 2508 mei?
2414 2474 2438 2506 »
2473 2455 2531 2508 Si
2569 2456 2748 2509 Deum
2779 2471 2946 2509 nemo
2972 2455 3113 2508 vidit
3139 2472 3388 2527 unquam
3419 2457 3442 2510 ?
3471 2457 3595 2522 Qua

1985 2543 2162 2612 igitur
2198 2543 2394 2614 regula
2419 2543 2805 2614 intelligentia:
2833 2543 2943 2598 ista
2988 2544 3158 2600 veluti
3217 2545 3499 2599 contraria
3537 2552 3594 2600 et

1984 2632 2375 2702 repugnantia,
2409 2647 2522 2685 non
2542 2649 2664 2686 esse
2693 2633 2975 2686 contraria
3003 2649 3104 2686 nec
3124 2649 3438 2704 repugnare
3467 2650 3593 2704 pro-

1985 2719 2280 2774 babimus?
2309 2721 2504 2790 Neque
2525 2721 2675 2774 enim
2699 2721 2822 2774 fieri
2842 2721 2956 2774 ullo
2976 2721 3142 2774 modo
3171 2725 3356 2792 potest
3384 2727 3449 2775 ut
3473 2721 3592 2776 haec

1989 2809 2406 2880 Scripturarum
2419 2810 2724 2864 auctoritas
2745 2809 2934 2880 aliqua
2965 2826 3031 2863 ex
3069 2814 3230 2880 parte
3258 2810 3586 2864 mentiatur.

1989 2897 2046 2953 Si
2077 2897 2314 2952 dicimus
2337 2897 2391 2952 in
2420 2914 2485 2952 eo
2517 2899 2664 2969 quod
2695 2898 2966 2968 scriptum
2988 2903 3075 2953 est
3105 2916 3116 2950 :
3155 2917 3179 2948 «
3213 2897 3390 2952 Deum
3421 2914 3587 2952 nemo

291 2985 469 3040 terita
496 2994 600 3053 est,
625 3005 793 3060 quam
830 3006 932 3044 nec
958 2989 1039 3044 illi
1077 2990 1338 3044 viderunt
1357 2990 1612 3044 homines
1643 2987 1739 3060 qui
1774 2993 1905 3042 tunc
1924 3048 1960 3060 Α
1985 2987 2123 3041 vidit
2172 3005 2442 3058 unquam,
2477 3005 2503 3040 ι
2566 2987 2822 3042 homines
2846 2987 3240 3041 tantummodo
3267 2985 3586 3056 intelligen-

291 3075 544 3130 t‘uerunt.
560 3048 700 3132 Nam
715 3078 810 3150 qui
827 3079 1086 3136 viderunt
1100 3078 1374 3133 viventem
1389 3048 1692 3142 Christum,
1731 3093 1896 3149 quem
1919 3048 1960 3107 Ο
1982 3077 2101 3138 dos,
2136 3048 2287 3131 sicut
2310 3048 2480 3130 etiam
2507 3075 2647 3129 illud
2675 3076 2888 3130 dictum
2910 3081 3031 3130 est:
3056 3096 3078 3126 ι
3111 3077 3291 3130 Nemo
3321 3075 3428 3129 scit
3447 3048 3586 3146 quid

290 3163 556 3220 viderant
593 3167 948 3235 morientem,
980 3169 1157 3239 ipsam
1177 3173 1369 3223 tamen
1408 3167 1894 3234 resurrectionem,

291 3269 426 3308 cum
445 3257 623 3321 fieret,
639 3272 752 3310 non
771 3257 1047 3323 viderunt,
1065 3257 1163 3313 sed
1185 3273 1307 3312 eam
1324 3257 1633 3312 certissime
1649 3255 1896 3312 credide-

289 3348 452 3409 runt,
467 3343 788 3411 videndo,et
797 3346 1077 3417 tangendo
1086 3346 1270 3402 vivum
1291 3363 1456 3418 quem
1472 3351 1742 3400 noverant
1751 3361 1896 3400 mor-

289 3436 485 3486 tuum.
501 3433 616 3488 Nos
635 3440 817 3490 totum
835 3435 1132 3503 credimus,
1159 3442 1218 3491 et
1241 3437 1388 3508 quod
1419 3434 1808 3502 resurrexerit,
1839 3439 1896 3488 et

290 3523 448 3592 quod
477 3523 548 3576 ab
567 3524 888 3580 hominibus
899 3532 1032 3582 tunc
1047 3526 1194 3582 visus
1205 3532 1263 3580 et
1276 3532 1550 3582 tractatus
1561 3525 1654 3591 sit,
1680 3531 1737 3579 et
1747 3525 1895 3596 quod

289 3627 448 3665 nunc
467 3611 615 3666 vivat
641 3613 698 3668 in
728 3616 900 3681 cmlis,
925 3632 1028 3670 nec
1067 3617 1187 3686 jam
1225 3616 1500 3671 moriatur
1526 3621 1583 3668 et
1613 3630 1766 3668 mors
1815 3611 1896 3666 illi

289 3700 447 3754 ultra
471 3717 584 3756 non
610 3702 950 3760 dominetur.
984 3705 1094 3760 Res
1121 3711 1312 3760 autem
1350 3705 1473 3776 ipsa
1501 3720 1618 3786 nec.
1649 3699 1896 3774 corporis

288 3790 475 3844 nostri
487 3791 741 3847 sensibus
753 3793 930 3861 adest,
955 3794 1100 3850 sicut
1124 3795 1284 3849 adest
1299 3795 1404 3848 hoc
1416 3793 1616 3848 caelum
1635 3798 1692 3846 et
1717 3797 1890 3855 terra,

287 3894 398 3934 nec
427 3885 635 3935 nostrae
654 3883 859 3937 mentis
892 3883 1361 3950 obtutibus,sicut
1388 3883 1549 3937 adest
1568 3881 1706 3936 fides
1747 3880 1888 3950 ipsa,

288 3985 406 4042 qua
435 3969 542 4025 hoc
587 3971 883 4026 credimus.
917 3973 1221 4028 Veniamus
1274 3973 1344 4028 ad
1397 3989 1643 4027 causam.
1676 3969 1893 4024 Scimus

287 4078 460 4134 posse
489 4063 667 4118 Deum
698 4063 892 4130 videri,
923 4063 1186 4136 quoniam
1213 4063 1484 4134 scriptum
1515 4068 1601 4116 est
1633 4079 1644 4114 :
1675 4080 1696 4110 ι
1733 4057 1891 4113 Beati

289 4151 703 4220 mundocorde,
744 4153 1010 4226 quoniam
1041 4153 1147 4224 ipsi
1177 4153 1354 4207 Deum
1378 4150 1643 4205 videbunt
1675 4147 1886 4217 (Matth.

285 4261 350 4314 v,
379 4241 456 4313 8).
485 4262 511 4294 ι)
544 4244 630 4298 Αη
659 4242 800 4299 forte
825 4259 940 4300 non
959 4241 1126 4296 debui
1147 4242 1351 4307 dicere,
1373 4241 1608 4299 Scimus,
1622 4239 1738 4304 sed,
1765 4238 1894 4290 Cre-

289 4338 482 4395 dimus
515 4356 527 4391 :
561 4334 822 4408 quoniam
855 4335 1034 4390 Deum
1062 4349 1164 4388 nec
1183 4347 1413 4404 corpore
1429 4328 1729 4399 aliquando
1757 4326 1958 4424 vidi-D

291 4444 424 4483 mus
447 4426 592 4482 sicut
609 4427 750 4482 hanc
777 4426 978 4491 lucem,
997 4441 1100 4479 nec
1128 4428 1332 4485 mente,
1351 4419 1498 4475 sicut
1515 4417 1696 4488 ipsam
1717 4416 1778 4471 in
1800 4431 1896 4468 no-

291 4515 402 4580 bis,
437 4533 550 4587 qua
573 4516 649 4583 id,
681 4513 1162 4581 credimus,ﬁdem
1187 4512 1214 4566 ?
1243 4511 1338 4565 sed
1367 4515 1589 4564 tantum
1615 4505 1749 4576 quia
1769 4502 1902 4558 scri-

292 4611 459 4678 ptum
483 4611 569 4660 est
596 4605 656 4660 in
695 4621 761 4660 ea
780 4605 1058 4675 scriptura
1087 4603 1248 4672 cujus
1276 4599 1468 4654 ﬁdeles
1515 4612 1728 4660 sumus,
1752 4592 1902 4664 quod

291 4713 494 4752 verum
540 4696 632 4762 sit,
663 4695 896 4750 minime
943 4689 1305 4748 dubitamus?
1359 4685 1660 4758 Apostolus
1711 4689 1902 4737 tamen

293 4785 544 4841 Joannes
559 4803 686 4840 cum
717 4785 830 4840 tale
858 4781 1068 4852 aliquid
1103 4780 1339 4834 diceret:
1363 4796 1388 4830 (ι
1422 4775 1660 4832 Scimus,
1692 4771 1902 4842 inquit,

295 4877 432 4949 quia
451 4893 581 4931 cum
607 4872 952 4946 apparuerit,
985 4870 1196 4924 similes
1209 4868 1260 4922 ei
1286 4865 1514 4929 erimus,
1533 4860 1797 4934 quoniam
1825 4859 1902 4949 vi-

295 4948 559 5020 debimus
587 4981 716 5019 eum
743 4962 909 5018 sicuti
947 4965 1034 5015 est
1065 4961 1111 5026 (l
1136 4961 1298 5014 Joan.
1327 4973 1400 5018 Ill,
1429 4952 1506 5023 ‘2).
1535 4971 1562 5005 υ
1597 4951 1733 5005 Ecce
1763 4948 1902 5002 scire

295 5073 358 5112 se
379 5056 538 5122 dixit,
571 5054 718 5126 quod
755 5051 1008 5108 nondum
1037 5048 1246 5102 factum
1275 5044 1474 5106 fuerat,
1509 5057 1612 5096 nec
1641 5036 1900 5100 videndo,

298 5147 399 5202 sed
446 5145 725 5200 credendo
765 5145 1120 5212 cognoverat.
1173 5136 1344 5190 Recte
1399 5132 1592 5202 itaque
1641 5127 1902 5190 diximus,

300 5239 512 5296 scimus
581 5249 744 5306 posse
795 5231 978 5286 Deum
1033 5224 1226 5288 videri,
1287 5219 1540 5294 quamvis
1621 5229 1909 5306 euimﬂ'no‘n

306 5301 632 5390 viderimus,
655 5322 751 5378 sed
781 5319 982 5375 divinae
1002 5311 1344 5374 auctoritati,
1372 5326 1496 5380 quae
1523 5305 1731 5360 sanctis
1755 5301 1911 5358 libris

309 5417 630 5476 continetur
661 5453 675 5479 ,
723 5406 1125 5465 crediderimus
1173 5420 1185 5462 ;
1228 5399 1364 5472 quid
1413 5403 1501 5451 est
1555 5409 1691 5463 ergo
1769 5391 1915 5462 quod

313 5507 513 5563 eadem
541 5501 676 5557 dicit.
704 5496 1030 5560 auctoritas,
1054 5493 1234 5548 Deum
1262 5504 1428 5543 nemo
1455 5483 1596 5538 vidit
1621 5480 1916 5552 unquam?

317 5599 401 5656 An
422 5595 660 5650 fortasse
689 5585 1079 5660 respondetur,
1137 5578 1286 5652 quod
1334 5576 1430 5635 illa
1477 5569 1806 5628 testimonia
1846 5569 1915 5624 de

1980 3171 2184 3236 agatur
2209 3166 2267 3219 in
2297 3167 2542 3231 homine,
2575 3165 2684 3219 nisi
2717 3165 2949 3235 spiritus
2968 3165 3212 3218 hominis
3244 3164 3340 3235 qui
3371 3163 3430 3218 in
3459 3164 3582 3234 ipso

1978 3257 2130 3326 est(l
2153 3258 2312 3310 Joan.
2351 3271 2416 3320 vr,
2455 3253 2540 3320 1'2)
2575 3272 2586 3307 :
2623 3277 2646 3302 ο
2685 3270 2850 3307 nemo
2892 3253 3106 3324 utique,
3139 3253 3236 3306 sed
3266 3253 3581 3308 hominum.

1977 3345 2172 3415 Neque
2193 3345 2343 3398 enim
2379 3344 2484 3396 hoc
2505 3342 2573 3396 de
2592 3343 2707 3396 Deo
2737 3342 2913 3412 accipi
2937 3347 3140 3412 potest,
3165 3357 3294 3395 cum
3325 3341 3394 3395 de
3425 3341 3584 3395 Chri-

1977 3440 2063 3488 sto
2091 3433 2361 3504 scriptum
2393 3431 2468 3485 sit
2491 3447 2604 3484 non
2617 3447 2758 3500 opus
2787 3430 2958 3484 fuisse
2979 3436 3044 3484 ut
3059 3429 3354 3499 quisquam
3373 3428 3454 3482 illi
3471 3434 3582 3482 tes-

1974 3522 2272 3577 timonium
2295 3519 2611 3591 perhiberet
2636 3519 2705 3572 de
2727 3518 2974 3584 homine,
3006 3517 3272 3588 quoniam
3302 3517 3424 3586 ipse
3446 3515 3580 3570 scie-

1978 3611 2075 3666 bat
2104 3610 2239 3681 quid
2259 3614 2409 3663 esset
2435 3609 2504 3662 de
2523 3608 2770 3662 homine.
2798 3607 2943 3660 Nam
2973 3606 3078 3658 hoc
3125 3604 3428 3676 Apostolus
3457 3604 3578 3674 pla-

1979 3700 2106 3754 nius
2134 3698 2434 3770 explicans,
2459 3717 2480 3746 ι
2502 3697 2681 3761 Quem
2709 3693 3105 3764 nemo,inquit,
3123 3692 3417 3746 hominum
3441 3691 3580 3746 vidit

1978 3804 2080 3842 nec
2106 3788 2294 3842 videre
2318 3792 2504 3858 potest
2517 3786 2574 3857 (I
2603 3786 2743 3838 Tim.
2779 3781 3008 3850 vl,16).»
3035 3781 3093 3836 Si
3110 3797 3244 3850 ergo
3269 3779 3351 3833 ita
3365 3779 3577 3833 dictum

1978 3883 2080 3940 est,
2113 3897 2136 3928 ι
2169 3877 2351 3930 Deum
2371 3891 2537 3928 nemo
2568 3873 2708 3927 vidit
2726 3887 2995 3942 unquam,
3035 3891 3056 3919 ι
3087 3886 3153 3923 ac
3203 3868 3250 3922 si
3297 3869 3578 3922 diceretur

1974 3983 2140 4021 nemo
2169 3965 2490 4030 hominum;
2523 3963 2792 4016 hactenus
2829 3961 2927 4014 illa
2947 3959 3180 4030 quaestio
3211 3957 3397 4012 soluta
3418 3957 3572 4010 vide-

1974 4056 2144 4120 bitur,
2181 4060 2242 4108 ut
2270 4069 2382 4107 non
2415 4052 2487 4106 sit
2517 4051 2646 4105 huic
2701 4049 2992 4104 sententiae
3023 4046 3369 4102 contrarium
3426 4046 3577 4116 quod

1975 4144 2248 4200 Dominus
2267 4143 2348 4195 ait
2378 4161 2391 4194 :
2430 4160 2455 4192 «
2480 4141 2680 4211 Angeli
2700 4155 2894 4193 eorum
2925 4153 3148 4208 semper
3164 4135 3352 4189 vident
3378 4133 3576 4188 faciem

1977 4232 2160 4288 Patris
2191 4232 2300 4285 mei
2331 4231 2546 4300 (Matth.
2579 4246 2728 4294 xvm,
2759 4226 2862 4298 10),
2917 4247 2940 4280 »
2973 4233 3037 4280 ut
3087 4225 3299 4279 scilicet
3350 4223 3578 4293 angelos

1976 4324 2157 4378 Deum
2185 4321 2373 4374 videre
2399 4320 2714 4384 credamus,
2747 4335 2912 4388 quem
2943 4332 3108 4369 nemo
3139 4313 3277 4366 vidit
3303 4327 3576 4382 unquam,

1979 4409 2370 4472 subaudiatur,
2403 4407 2712 4462 hominum.
2743 4404 3032 4469 Quomodo
3061 4418 3194 4470 ergo
3231 4401 3412 4454 Deum
3439 4399 3581 4452 vidit

1980 4499 2286 4562 Abraham,
2333 4497 2506 4561 Isaac,
2557 4501 2614 4548 et
2665 4492 2852 4558 Jacob,
2884 4491 3007 4556 Job,
3039 4491 3277 4560 Moyses,
3311 4487 3576 4549 Micheas,

1984 4589 2178 4652 Isaias,
2213 4591 2268 4640 et
2299 4585 2347 4638 si
2389 4584 2485 4654 qui
2528 4582 2622 4636 alii
2673 4587 2822 4646 sunt,
2857 4580 2926 4633 de
2965 4577 3166 4649 quibus
3225 4575 3584 4630 veracissima.

1985 4677 2274 4748 Scriptura
2333 4677 2575 4726 testatur
2620 4670 2766 4740 quod
2820 4667 3078 4732 viderint,
3114 4666 3162 4720 si
3199 4666 3380 4719 Deum
3415 4681 3582 4718 nemo
3612 4697 3620 4711 ι

1986 4782 2240 4837 unquam
2267 4762 2562 4817 hominum
2585 4758 2742 4823 vidit,
2774 4774 2876 4811 nec
2912 4756 3098 4809 videre
3146 4753 3371 4825 potest?
3400 4753 3584 4816 Quan-

1984 4871 2152 4926 quam
2181 4850 2696 4908 nonnullivolentes
2722 4846 2958 4918 probare
2971 4845 3140 4899 etiam
3158 4841 3588 4914 impiosvisuros

1983 4946 2184 5008 Deum,
2217 4959 2251 4996 a
2273 4939 2492 4995 diabolo
2523 4953 2744 5008 quoque
2781 4935 2900 5007 ipso
2930 4935 3110 4988 Deum
3136 4932 3318 4985 visum
3362 4934 3584 5001 putant,

1987 5033 2066 5088 sic
2095 5029 2431 5101 accipientes
2460 5027 2608 5098 quod
2635 5025 2904 5096 scriptum
2929 5029 3015 5077 est
3043 5023 3102 5076 in
3150 5020 3290 5074 libro
3341 5017 3469 5083 Job,
3492 5032 3589 5070 ve-

1988 5121 2140 5176 nisse
2171 5135 2301 5172 cum
2320 5116 2534 5186 angelis
2563 5120 2620 5168 et
2643 5113 2926 5167 diabolum
2957 5112 3014 5165 in
3045 5114 3343 5180 conspectu
3371 5106 3494 5172 Dei,
3527 5112 3593 5160 ut

1985 5213 2106 5280 jam
2129 5213 2187 5262 et
2214 5206 2354 5260 illud
2374 5204 2560 5258 veniat
2586 5203 2644 5256 in
2675 5202 3061 5274 quaestionem,
3079 5196 3358 5270 quomodo
3379 5195 3592 5250 dictum

1994 5299 2070 5354 sit
2099 5316 2110 5350 :
2145 5316 2170 5349 (ι
2206 5295 2366 5350 Beati
2395 5292 2606 5348 mundo
2631 5291 2816 5357 corde,
2849 5291 2980 5362 quia
3001 5289 3107 5360 ipsi
3127 5289 3308 5343 Deum
3327 5284 3597 5339 videbunt

2001 5387 2216 5457 (Matth.
2249 5401 2302 5451 v,
2327 5382 2382 5452 8)
2417 5401 2429 5450 ;
2466 5402 2488 5432 ι
2522 5388 2579 5435 et
2607 5381 2744 5434 illud
2774 5399 2785 5433 :
2817 5398 2842 5430 ί(
2881 5380 3082 5434 Pacem
3133 5373 3424 5431 sectamini
3466 5390 3596 5430 cum

1998 5475 2260 5533 omnibus
2289 5479 2346 5526 et
2369 5469 2890 5535 sanctiﬁcationem,
2923 5468 3043 5522 sine
3075 5485 3186 5539 qua
3203 5483 3370 5520 nemo
3389 5463 3599 5537 poterit

1996 5567 2186 5622 videre
2207 5565 2386 5625 Deum
2419 5563 2600 5629 (Hebr.
2631 5557 2852 5627 1:11.14).
2889 5577 2916 5608 »
2949 5557 3188 5613 Multum
3217 5555 3369 5609 enim
3397 5555 3592 5619 miror,
