3892 6150
205 273 320 330 1269

1422 273 1514 326 DE
1557 272 1878 330 VIDENDO
1916 273 2134 330 DEUH.

3288 276 3310 330 1
3321 271 3426 334 270

201 401 317 454 facie
348 398 414 453 ad
470 398 664 453 faciem
713 399 1076 472 loquebatur:
1115 420 1137 452 ι
1181 399 1240 454 Si
1273 397 1458 452 inveni
1503 368 1812 466 gratiamA
1828 397 1995 468 paulo
2025 402 2154 451 ante
2180 397 2398 453 dixerat
2439 399 2706 456 visionem
2749 401 2819 456 ad
2851 408 3152 472 utrumque
3177 399 3426 456 referen-

201 497 312 544 ante
356 496 424 548 te,
477 487 701 546 ostende
748 488 886 542 mihi
925 489 1284 560 temetipsum
1343 487 1528 547 (Είτυιί.
1564 503 1744 553 XXXIII,

189 578 294 636 '13).
314 596 338 630 ι
368 577 501 642 Quid
529 578 699 646 ergo?
735 578 834 632 Ille
863 595 976 632 non
1006 584 1128 632 erat
1156 577 1316 647 ipse?
1351 576 1408 630 Si
1436 592 1548 630 non
1579 583 1665 629 est
1694 583 1750 628 et

201 669 316 738 ipse.
346 683 447 720 non
475 666 524 719 ei
551 665 778 732 diceret,
811 687 832 716 ‹
868 667 1113 722 Ostende
1143 665 1281 720 mihi
1307 665 1683 735 temetipsum,
1720 684 1744 714 ι

199 757 296 819 sed,
330 755 557 810 Ostende
577 755 714 808 mihi
742 755 939 820 Deum,
961 761 1019 808 et
1047 761 1235 809 tamen
1263 755 1309 807 si
1337 755 1460 824 ejus
1485 759 1746 808 naturam

198 844 638 914 substantiamque
687 845 1049 914 conspiceret,
1098 843 1276 898 multo
1307 843 1493 896 minus
1517 842 1743 906 diceret,

199 956 218 987 ι
246 933 464 987 Ostende
490 933 626 986 mihi
655 919 1035 1004 temetipsum.
1085 953 1106 983 ι
1141 933 1264 1003 Ipse
1289 947 1422 1001 ergo
1453 937 1574 985 erat
1600 931 1656 984 in
1683 947 1750 984 ea

196 1022 350 1092 specie
376 1038 481 1091 qua
508 1039 776 1094 apparere
807 1023 1075 1075 voluerat.
1119 1023 1242 1075 Non
1282 1027 1472 1074 autem
1502 1020 1621 1090 ipse
1647 1037 1746 1090 ape

194 1109 393 1181 parebat
417 1110 472 1164 in
502 1116 702 1164 natura
732 1111 960 1181 propria
988 1127 1156 1180 quam
1185 1111 1404 1180 Moyses
1441 1108 1622 1161 videre
1649 1125 1746 1162 cu-

190 1198 368 1270 piebat,
387 1205 440 1252 et
455 1216 578 1269 quae
593 1199 942 1270 promittitur
970 1199 1176 1252 sanctis
1197 1198 1255 1252 in
1284 1198 1394 1251 alia
1425 1197 1552 1251 vita.
1587 1197 1744 1251 Unde

193 1287 315 1360 quod
342 1303 662 1358 responsum
696 1295 781 1342 est
809 1287 984 1359 Moysi
1013 1305 1204 1342 verum
1229 1294 1332 1352 est,
1357 1287 1489 1358 quia
1509 1307 1530 1336 ι
1579 1302 1744 1339 nemo

191 1382 347 1448 potest
371 1377 564 1430 faciem
594 1377 694 1430 Dei
734 1377 939 1442 videre,
974 1383 1030 1431 et
1056 1377 1236 1430 vivere
1268 1377 1426 1444 (Ibid.
1463 1393 1510 1428 υ.
1553 1372 1677 1440 20);
1717 1395 1740 1426 ι)

189 1466 236 1519 id
271 1473 362 1530 est,
408 1483 570 1520 nemo
604 1472 786 1537 potest
815 1483 944 1520 eum
975 1466 1032 1519 in
1062 1467 1165 1520 hac
1193 1465 1308 1518 vita
1337 1465 1527 1518 vivens
1557 1456 1745 1517 videre

189 1554 326 1608 sicuti
352 1561 448 1609 est.
479 1555 624 1609 Nam
655 1555 820 1609 multi
851 1554 1126 1620 viderunt,
1167 1555 1264 1608 sed
1295 1554 1446 1626 quod
1494 1553 1746 1607 voluntas

188 1642 345 1712 elegit,
386 1659 494 1696 non
525 1643 674 1713 quod
724 1650 926 1697 natura
977 1641 1254 1708 formavit,
1309 1648 1362 1695 et
1412 1641 1548 1696 illud
1598 1641 1746 1711 quod

1831 486 1981 550 dam,
2014 502 2163 542 nunc
2192 503 2317 542 eam
2345 504 2454 542 non
2487 489 2663 544 menti
2693 489 2789 544 sed
2817 489 2992 544 oculis
3011 489 3184 555 dedit,
3209 505 3340 555 non,
3365 495 3430 544 ut

1831 574 2048 645 opinor,
2082 575 2433 646 negligenter
2461 595 2566 632 sua
2591 577 2760 632 verba
2805 578 3129 649 respiciens,
3167 577 3265 632 sed
3295 577 3428 649 quia

1833 663 2093 718 usitatius
2121 665 2180 718 in
2207 665 2485 736 loquendo
2517 668 2761 721 solemus
2790 667 2964 722 oculis
3013 665 3320 722 attribuere
3351 666 3428 720 vi-

1831 753 2064 817 sionem,
2100 753 2244 807 sicut
2271 755 2512 824 speciem
2543 757 2781 826 corpori.
2811 757 2958 810 Nam
2979 761 3038 810 et
3069 755 3160 810 hic
3189 771 3310 810 mos
3341 756 3424 810 lo-

1832 841 2038 911 quendi
2068 841 2318 897 crebrius
2343 851 2649 915 usurpatur
2673 845 2732 899 in
2754 843 2939 909 rebus,
2973 861 3097 914 quae
3125 845 3262 900 locis
3291 861 3427 898 con-

1831 929 2100 996 tinentur,
2135 931 2529 1003 varianturque
2559 932 2854 988 coloribus.
2899 934 3008 988 Sed
3045 934 3092 988 si
3121 934 3278 992 nulla
3305 916 3427 1004 spe-

1829 1020 1939 1072 cies
1968 1026 2114 1072 esset
2125 1027 2310 1074 mente
2328 1023 2662 1088 contuenda,
2687 1039 2797 1078 non
2816 1023 3099 1077 diceretur
3126 1022 3220 1080 ille
3245 1043 3267 1074 ι
3302 1038 3428 1092 spe-

1831 1107 2012 1162 ciosus
2033 1108 2212 1162 forma
2229 1126 2343 1180 prae
2363 1111 2492 1164 filiis
2509 1111 2800 1166 hominum
2826 1113 2932 1179 (Ps.
2969 1128 3112 1176 XLIV,
3147 1111 3220 1179 3).
3261 1131 3282 1162 ι
3318 1111 3425 1165 Ne-

1828 1213 1935 1268 que
1962 1197 2111 1250 enim
2145 1198 2248 1252 hoc
2274 1200 2581 1254 secundum
2609 1217 2836 1256 carnem
2858 1201 3073 1255 dictum
3105 1205 3210 1266 est,
3233 1207 3292 1254 et
3309 1215 3423 1258 non

1826 1287 2130 1340 secundum
2149 1288 2388 1358 speciem
2413 1289 2738 1358 spiritalem.
2755 1289 2997 1344 Proinde
3009 1295 3276 1347 narrante
3293 1289 3425 1344 Uni.

1823 1375 2036 1444 genito,
2069 1377 2164 1446 qui
2194 1381 2280 1430 est
2307 1376 2364 1430 in
2393 1377 2520 1431 sinu
2547 1377 2752 1441 Patris,
2787 1379 3111 1433 narratione
3133 1377 3420 1444 inetfabili,

1827 1469 2082 1517 creatura
2111 1465 2401 1520 rationalis
2431 1467 2642 1520 munda
2670 1472 2727 1520 et
2769 1473 2963 1522 sancta
3001 1467 3268 1538 impletur
3319 1467 3424 1522 Dei

1826 1552 2038 1606 visione
2085 1553 2374 1620 ineffabili,
2426 1572 2596 1625 quam
2638 1562 2772 1610 tunc
2819 1571 3244 1628 consequemur,
3293 1572 3425 1610 cum

1828 1642 2068 1712 aequales
2097 1643 2311 1712 angelis
2337 1643 2468 1698 facti
2497 1644 2788 1710 fuerimus,
2823 1645 2959 1715 quia
2993 1645 3140 1700 sicut
3166 1645 3424 1700 videntur

185 1732 396 1785 Joannes
414 1731 508 1796 ait,
533 1732 584 1784 si
607 1736 754 1786 recte
779 1731 1147 1801 intelligitur:
1183 1750 1204 1780 α
1234 1729 1612 1791 Dilectissimi,
1645 1729 1812 1798 ﬁlii];
1836 1731 1944 1784 ista
1978 1729 2500 1802 visibilia.corporis
2536 1732 2790 1788 sensibus
2817 1740 2969 1799 nota,
2993 1753 3016 1784 ι
3043 1735 3224 1788 Deum
3255 1751 3423 1792 nemo
3489 1760 3499 1768 κ

186 1819 266 1874 Dei
286 1837 484 1886 sumus,
505 1827 563 1874 et
584 1821 832 1875 nondum
845 1820 1109 1892 apparuit
1125 1819 1272 1890 quod
1289 1819 1522 1885 erimus;
1539 1818 1746 1871 scimus

185 1909 295 1979 quia
319 1926 438 1962 cum
457 1910 803 1981 apparuerit,
831 1909 1041 1964 similes
1063 1908 1112 1961 ei
1129 1908 1357 1970 erimus,
1383 1906 1644 1977 quoniam
1664 1907 1744 1959 vi-

183 1997 407 2052 debimus
439 2015 568 2052 eum
604 1999 769 2052 sicuti
789 2005 876 2052 est
908 2001 959 2054 ll
982 2001 1142 2051 Joan.
1164 2015 1242 2062 Ill,
1276 2000 1354 2062 2),
1400 2019 1423 2046 »
1461 2012 1572 2050 non
1603 1995 1745 2048 sicut

183 2104 290 2140 eum
312 2087 555 2141 homines
577 2087 838 2142 viderunt
867 2081 1092 2157 quando
1118 2085 1311 2151 voluit,
1344 2084 1404 2138 in
1432 2083 1614 2154 specie
1636 2101 1746 2154 qua

180 2174 346 2240 voluit,
377 2191 482 2228 non
514 2191 574 2228 ιη
614 2181 836 2240 natura,
859 2191 980 2244 quae
1009 2173 1067 2226 in
1093 2173 1394 2243 semetipso
1422 2172 1594 2227 etiam
1619 2187 1744 2226 cum

181 2261 448 2329 videretur,
475 2263 660 2328 latuit,
704 2264 798 2316 sed
832 2263 976 2316 sicut
1018 2268 1120 2326 est,
1152 2262 1301 2334 quod
1329 2261 1398 2314 ab
1427 2279 1492 2314 eo
1522 2259 1745 2330 peteba-

179 2357 393 2416 tur,cum
405 2351 768 2416 eidiceretur,
783 2373 803 2402 ι
825 2351 1072 2406 Ostende
1089 2351 1226 2404 mihi
1238 2351 1654 2420 temetipsum»,
1673 2347 1742 2401 ab

179 2455 232 2492 eo
251 2440 335 2510 qui
361 2457 483 2494 cum
501 2441 600 2494 illo
620 2440 761 2494 facie
782 2440 851 2494 ad
869 2439 1066 2494 faciem
1090 2439 1441 2509 loquebatur.
1470 2439 1593 2492 Non
1610 2437 1742 2508 quia

177 2528 259 2582 Dei
284 2530 682 2600 plenitudinem
715 2529 950 2600 quisque
981 2545 1093 2582 non
1123 2529 1304 2582 solum
1343 2527 1516 2581 oculis
1553 2542 1742 2596 corpo-

178 2617 257 2684 ris,
291 2619 380 2672 sed
427 2619 511 2672 vel
555 2619 682 2690 ipsa
736 2625 924 2672 mente
953 2616 1254 2688 aliquando
1296 2615 1736 2686 comprehendit.

175 2707 316 2761 Aliud
342 2715 424 2762 est
441 2709 596 2763 enim
615 2707 821 2772 videre,
852 2706 1005 2760 aliud
1038 2712 1123 2760 est
1139 2710 1320 2760 totum
1341 2704 1574 2758 videndo
1597 2721 1742 2758 com-

175 2797 504 2865 prehendere,
533 2796 989 2868 quandoquidem
1007 2795 1061 2848 id
1073 2795 1308 2862 videtur,
1330 2794 1476 2865 quod
1501 2810 1741 2866 praesens

173 2891 444 2957 utrumque
471 2887 718 2941 sentitur
751 2905 763 2951 ;
811 2891 994 2940 totum
1025 2890 1212 2937 autem
1251 2882 1742 2955 comprehenditur

173 2973 400 3042 videndo,
419 2977 572 3048 quod
595 2975 674 3030 ita
693 2975 930 3038 videtur,
965 2978 1028 3026 ut
1046 2971 1189 3026 nihil
1219 2974 1341 3042 ejus
1361 2973 1534 3026 lateat
1557 2972 1741 3026 viden-

1827 1819 1966 1872 vidit
1991 1836 2261 1890 unquam.
2294 1840 2314 1870 ι»
2337 1821 2614 1884 Quoniam
2657 1822 2702 1874 si
2725 1823 3027 1892 aliquando
3047 1840 3113 1878 eo
3144 1824 3310 1878 modo
3338 1823 3422 1878 vi-

1827 1925 1922 1962 sus
1943 1913 2045 1972 est,
2071 1925 2182 1962 non
2204 1909 2348 1962 sicut
2376 1909 2483 1962 ista
2511 1916 2714 1964 natura
2745 1911 2984 1990 videtur,
3007 1913 3106 1966 sed
3136 1913 3422 1966 voluntate

1829 1997 1974 2051 visus
2003 2005 2106 2062 est,
2131 1999 2313 2067 specie
2335 2014 2445 2068 qua
2461 1999 2638 2052 voluit
2658 2014 2954 2069 apparens,
2983 2001 3194 2056 latente
3217 2007 3422 2056 natura

1827 2091 1996 2156 atque
2013 2084 2071 2140 in
2091 2103 2150 2139 se
2163 2086 2700 2141 incommutabiliter
2720 2093 3102 2158 permanente.
3138 2089 3216 2144 Eo
3231 2095 3421 2144 autem

1828 2175 1992 2228 modo
2015 2192 2125 2245 quo
2141 2175 2360 2229 videtur
2377 2175 2543 2233 sicuti
2567 2182 2672 2240 est,
2697 2193 2846 2232 nunc
2865 2176 3119 2241 fortasse,
3139 2177 3360 2232 videtur
3387 2193 3422 2232 ει

1827 2263 2160 2334 quibusdam
2191 2264 2422 2334 angelis.
2464 2265 2513 2318 Α
2551 2263 2710 2320 nobis
2738 2271 2927 2320 autem
2955 2281 3067 2320 non
3097 2265 3178 2320 ita
3203 2265 3424 2322 videtur

1826 2349 2172 2423 [videbitur],
2197 2370 2324 2406 cum
2343 2353 2422 2407 eis
2453 2352 2582 2407 facti
2613 2353 2887 2409 fuerimus
2910 2354 3173 2424 sequelae.
3206 2354 3420 2410 Deinde

1823 2457 1951 2494 cum
1981 2441 2305 2506 addidisset,
2335 2461 2360 2492 ιι
2383 2442 2516 2513 quia
2534 2459 2637 2496 nec
2656 2449 2962 2513 potestates
2981 2443 3248 2498 caelorum
3276 2444 3422 2498 sicut

1824 2531 2107 2600 seraphin,
2140 2531 2249 2585 nisi
2281 2548 2409 2585 cum
2439 2532 2632 2586 volunt
2649 2536 2706 2586 et
2729 2532 3200 2603 quemadmodum
3226 2533 3419 2588 volunt

1826 2618 2082 2673 videntur
2116 2637 2126 2672 :
2166 2641 2189 2672 υ
2214 2628 2277 2676 ut
2305 2619 2432 2674 hinc
2468 2620 2639 2674 etiam
2678 2621 3047 2690 conjiceretur
3097 2627 3311 2691 quanta
3346 2621 3421 2676 sit

1822 2706 2173 2767 invisibilitas
2191 2709 2501 2773 Trinitatis,
2517 2715 2709 2764 tamen
2726 2709 2926 2779 inquit,
2965 2729 2984 2759 ι
3021 2716 3078 2764 et
3105 2709 3152 2764 si
3173 2715 3421 2780 potestas

1823 2811 1934 2850 non
1963 2803 2047 2850 est
2072 2797 2314 2865 videndi,
2346 2805 2433 2853 est
2456 2798 2642 2868 gratia
2669 2797 3045 2869 promerendi,
3079 2817 3105 2851 ι
3137 2805 3201 2852 ut
3229 2798 3416 2854 videre

1821 2885 2118 2955 possimus,
2149 2893 2206 2940 et
2225 2887 2351 2941 ideo
2373 2887 2468 2958 qui
2489 2886 2687 2941 habuit
2697 2887 2940 2957 gratiam
2953 2886 3163 2944 meruit
3177 2887 3418 2958 capiam.

1822 2973 1938 3028 Nos
1965 2976 2184 3047 capiam
2217 2993 2326 3031 non
2358 2993 2661 3043 meremur,
2694 2976 3017 3047 quiaDeum
3033 2976 3255 3031 videndi
3283 2993 3418 3047 gra-

169 3067 284 3129 tem,
332 3070 427 3118 aut
467 3065 633 3135 cujus
679 3065 820 3118 ﬁnes
850 3061 1202 3134 circumspici
1234 3067 1486 3132 possunt,
1510 3060 1652 3115 sicut
1683 3069 1738 3116 te
1761 3049 1958 3119 ctiam
1990 3082 2102 3119 non
2132 3065 2422 3120 habemus.
2456 3066 2558 3120 His
2597 3065 2786 3135 itaque
2824 3065 3008 3119 verbis
3057 3065 3262 3136 quibus
3303 3081 3416 3122 non

171 3151 289 3204 nihil
331 3153 464 3207 latet
489 3153 812 3225 -praesentis
867 3151 1168 3206 voluntatis
1211 3159 1342 3216 tuae,
1390 3149 1738 3222 circumspici

167 3247 330 3295 autem
343 3249 529 3313 potest
550 3242 679 3296 ﬁnis
707 3242 899 3296 annuli
931 3241 1033 3295 tui.
1057 3239 1305 3310 Exempli
1318 3239 1503 3310 gratia
1513 3239 1622 3293 duo
1642 3255 1736 3312 po-

164 3329 254 3394 sui,
286 3347 522 3401 quorum
555 3329 798 3386 alterum
845 3331 912 3384 ad
947 3329 1152 3384 mentis
1183 3327 1462 3393 obtutum,
1495 3327 1735 3382 alterum

159 3417 218 3470 ad
241 3423 550 3491 corporales
581 3421 770 3474 oculos
798 3419 1068 3490 pertinet;
1093 3418 1245 3472 visus
1271 3417 1440 3482 enim,
1471 3417 1615 3471 sicut
1641 3416 1734 3470 ille

159 3505 320 3570 ait,ad
347 3517 656 3579 utrumque
683 3508 1006 3562 referendus
1029 3513 1132 3572 est,
1159 3506 1212 3560 id
1234 3513 1341 3574 est,
1365 3507 1435 3560 ad
1461 3505 1650 3560 oculos
1679 3511 1736 3560 et

157 3596 217 3648 ad
231 3605 486 3652 mentem.
504 3599 701 3664 Porro,
722 3597 769 3650 si
789 3597 1274 3668 proptereaDeum
1297 3611 1460 3649 nemo
1473 3595 1609 3648 vidit
1627 3611 1732 3648 un-

157 3700 323 3753 quam,
355 3687 504 3758 quia,
555 3686 698 3740 sicut
729 3690 810 3740 ait
835 3687 1154 3756 disputator
1179 3686 1336 3755 cujus
1367 3683 1530 3738 verba
1558 3683 1735 3737 consi-

154 3771 410 3842 deramus,
453 3775 865 3847 plenitudinem
907 3775 1216 3828 divinitatis
1248 3775 1371 3844 ejus
1405 3790 1569 3828 nemo
1597 3789 1733 3826 con-

153 3865 326 3932 spexit,
345 3882 513 3920 nemo
526 3871 718 3918 mente
729 3865 1014 3918 autoculis
1026 3863 1470 3934 comprehendit.
1499 3883 1521 3914 ς
1542 3861 1726 3916 Vidit.

153 3952 282 4006 enim
298 3955 368 4010 ad
392 3961 701 4025 utrumque
718 3953 1076 4008 referendum
1096 3957 1199 4006 est.
1230 3953 1426 4006 Restat
1449 3950 1732 4021 inquirere

153 4043 408 4110 quomodo
437 4043 628 4113 angeli
656 4043 835 4097 Deum
874 4042 1116 4108 videant,
1150 4047 1378 4112 propter
1417 4039 1554 4094 illud
1585 4039 1732 4110 quod

151 4145 205 4182 ex
223 4131 516 4202 Evangelio
547 4131 1003 4186 commemoravit
1029 4150 1039 4184 :
1080 4151 1100 4182 ι
1139 4129 1336 4199 Angeli
1367 4145 1558 4183 eorum
1589 4145 1729 4182 sem-

148 4220 440 4287 pervident
469 4220 672 4275 faciem
692 4220 875 4274 Patris
895 4220 1006 4274 mei
1028 4221 1241 4288 (Matth.
1281 4235 1432 4280 xvni,
1469 4217 1572 4284 10).
1610 4235 1635 4267 ιδ
1671 4217 1728 4270 Si

149 4307 284 4361 enim
309 4317 366 4363 et
393 4310 534 4381 ipsis
563 4326 674 4363 non
705 4309 870 4362 sicuti
900 4315 1003 4374 est,
1029 4308 1126 4362 sed
1159 4309 1367 4361 latente
1394 4324 1498 4360 sua
1526 4311 1731 4360 natura

147 4393 197 4448 in
219 4397 394 4468 specie
424 4415 540 4470 qua
561 4394 816 4462 voluerit,
837 4403 1092 4468 apparet,
1127 4397 1306 4466 magis
1337 4395 1627 4466 magisque
1645 4412 1730 4448 re-

147 4485 468 4552 quirendum
493 4493 582 4540 est
608 4487 887 4557 quomodo
917 4502 1045 4539 eum
1077 4501 1178 4539 nos
1212 4485 1522 4538 videbimus
1563 4485 1728 4538 sicuti

143 4579 236 4636 est,
249 4581 304 4630 et
322 4576 468 4630 sicut
483 4571 704 4647 Moyses
725 4574 1064 4629 desideravit
1081 4591 1208 4628 cum
1233 4578 1451 4644 peteret
1475 4581 1538 4628 ut
1556 4575 1722 4638 Deus,

144 4663 228 4732 qui
254 4664 309 4718 in
339 4670 644 4736 conspectu
670 4665 794 4734 ejus
823 4669 962 4730 erat,
998 4663 1319 4717 ostenderet
1347 4662 1429 4716 illi
1469 4661 1730 4732 semetip-

141 4767 252 4806 sum
287 4755 477 4819 (Exod.
527 4769 718 4819 XXXIII,
759 4741 872 4822 13).
921 4753 1038 4806 Hoc
1065 4752 1215 4806 enim
1245 4751 1405 4805 nobis
1444 4768 1728 4805 summum

142 4855 422 4908 przemium
453 4843 510 4897 in
541 4832 950 4896 resurrectione
969 4839 1336 4912 promittitur,
1354 4839 1502 4912 quod
1519 4839 1729 4895 erimus

139 4931 366 4999 aequales
397 4931 614 5001 angelis
649 4930 769 4984 Dei.
807 4931 882 4984 Ac
909 4946 1009 5000 per
1040 4930 1142 4983 hoc
1175 4929 1222 4983 si
1246 4947 1347 4984 nec
1366 4929 1473 5000 ipsi
1499 4945 1630 4984 eum
1657 4929 1734 4983 vi-

139 5015 264 5072 dent
291 5019 460 5073 sicuti
488 5025 590 5085 est,
629 5019 908 5090 quomodo
933 5035 1033 5072 nos
1055 5018 1135 5072 ita
1161 5018 1334 5071 visuri
1356 5035 1569 5083 sumus,
1604 5035 1730 5072 cum

141 5105 212 5158 eis
255 5109 502 5178 equales
543 5108 602 5162 in
630 5107 1037 5162 resurrectione
1086 5106 1216 5161 tacti
1257 5107 1578 5162 fuerimus?
1617 5107 1726 5160 Sed

139 5193 251 5248 vide
289 5197 426 5266 quid
463 5202 874 5268 consequenter
907 5195 1058 5250 dicat
1120 5201 1312 5250 noster
1371 5195 1722 5250 Ambrosius.

137 5280 396 5354 Denique,
447 5285 649 5357 inquit,
700 5301 828 5340 cum
857 5285 1101 5350 additur,
1140 5303 1166 5337 α
1199 5284 1520 5355 unigenitus
1551 5284 1724 5338 Filius

132 5369 242 5440 ipse
267 5373 542 5437 narrabit,
575 5374 848 5428 mentium
869 5374 1049 5444 magis
1073 5389 1241 5445 quam
1269 5374 1406 5428 visio
1437 5373 1724 5427 oculorum

130 5458 458 5516 declaretur.
495 5463 715 5534 Species
746 5463 897 5516 enim
921 5462 1159 5526 videtur,
1178 5462 1353 5516 virtus
1389 5479 1517 5515 vero
1533 5475 1726 5516 narra-

136 5553 239 5602 tur.
289 5551 394 5604 llla
424 5551 618 5616 oculis,
655 5553 770 5606 haec
797 5557 985 5606 mente
1013 5550 1522 5622 comprehenditur.
1561 5569 1588 5602 υ
1619 5550 1722 5614 Qui
1748 5594 1755 5600 .

1819 3170 1924 3208 sua
1951 3154 2130 3222 docet,
2163 3155 2259 3209 sed
2293 3155 2652 3225 Evangelium
2681 3154 2926 3225 exponit,
2961 3170 3074 3210 non
3102 3155 3208 3208 hoc
3245 3153 3421 3209 voluit

1818 3242 2057 3314 intelligi
2083 3244 2230 3315 quod
2253 3244 2480 3314 quidam
2509 3260 2706 3298 eorum
2753 3243 3022 3298 videbunt
3059 3243 3257 3309 Deum,
3291 3244 3417 3315 qui-

1817 3331 1948 3386 dam
1983 3349 2111 3386 vero
2140 3349 2249 3388 non
2299 3332 2582 3398 videbunt,
2617 3331 2821 3404 quibus
2862 3331 3220 3387 credentibus
3259 3332 3417 3388 dedit

1816 3427 2152 3493 potestatem
2189 3421 2334 3475 ﬁlios
2357 3422 2459 3476 Dei
2475 3422 2616 3486 ﬁeri,
2641 3437 2770 3475 cum
2791 3421 2860 3474 ad
2888 3436 2983 3480 eos
3013 3437 3208 3475 omnes
3235 3421 3412 3492 perti-

1817 3517 1950 3565 neat
1965 3511 2110 3580 quod
2128 3510 2338 3563 dictum
2361 3515 2462 3575 est,
2491 3509 2845 3564 «videbimus
2880 3525 3011 3563 eum
3052 3509 3217 3563 sicuti
3244 3515 3348 3564 est.
3380 3525 3410 3563 ι

1817 3599 1922 3653 Sed
1955 3597 2208 3662 dicendo,
2241 3599 2355 3652 Nos
2383 3597 2602 3668 copiam
2631 3614 2743 3650 non
2774 3613 3058 3652 meremur
3079 3597 3210 3668 quia
3233 3597 3412 3656 Deum

1817 3687 2039 3741 videndi
2065 3687 2310 3756 gratiam
2337 3703 2447 3744 non
2477 3685 2768 3751 habemus,
2803 3685 2872 3740 de
2893 3685 2998 3740 hoc
3009 3685 3212 3740 saeculo
3239 3701 3300 3740 se
3329 3686 3412 3739 lo-

1817 3776 1913 3848 qui
1943 3774 2291 3845 signiﬁcavit,
2309 3774 2402 3828 ubi
2425 3775 2760 3846 quibusdam
2781 3775 2930 3829 Deus
2951 3775 3082 3830 licet
3101 3791 3214 3830 non
3233 3774 3294 3828 in
3313 3791 3416 3828 sua

1813 3871 2036 3929 natura,
2069 3863 2166 3918 sed
2196 3863 2254 3918 in
2285 3880 2398 3934 qua
2423 3863 2599 3917 voluit
2627 3863 2812 3934 specie
2841 3863 3107 3934 dignatus
3131 3868 3218 3918 est
3245 3879 3414 3934 appa-

1814 3970 1959 4021 rere,
1990 3953 2136 4007 sicut
2161 3951 2418 4016 Abrahae,
2451 3952 2598 4006 sicut
2627 3951 2784 4008 Isaiae
2831 3952 3069 4024 aliisque
3109 3951 3406 4008 similibus.

1815 4041 2044 4099 Caeteris
2071 4059 2200 4096 vero
2224 4039 2746 4108 innumerabilibus;
2771 4041 3026 4112 quamvis
3045 4042 3116 4096 ad
3137 4057 3303 4099 suum
3319 4057 3415 4113 po-

1811 4133 2005 4204 pulum
2036 4137 2090 4185 et
2115 4129 2499 4188 hereditatem
2519 4136 2787 4186 aeternam
2803 4130 3234 4202 pertinentibus,
3259 4131 3414 4186 nulla

1810 4221 1895 4276 vel
1924 4221 2024 4274 tali
2055 4220 2240 4291 specie
2270 4238 2330 4272 se
2358 4219 2742 4275 demonstrat:
2768 4220 2826 4274 in
2855 4220 3044 4274 futuro
3090 4225 3281 4274 autem
3313 4237 3412 4274 sae-

1811 4311 1956 4376 culo,
1987 4309 2084 4380 qui
2115 4325 2350 4377 regnum
2383 4309 2664 4380 accepturi
2692 4315 2828 4364 sunt
2849 4308 2997 4379 quod
3026 4308 3106 4362 eis
3153 4307 3222 4362 ab
3248 4307 3410 4362 initio

1813 4405 2186 4469 praeparatum
2215 4404 2319 4464 est,
2339 4414 2534 4452 omnes
2554 4414 2684 4451 eum
2701 4397 2867 4451 corde
2884 4397 3092 4450 mundo
3119 4396 3404 4462 videbunt,

1810 4504 1914 4542 nec
1941 4487 2000 4541 in
2021 4488 2116 4540 illo
2139 4503 2312 4557 regno
2341 4487 2450 4541 nisn
2469 4487 2611 4540 tales
2631 4491 2814 4540 erunt.
2841 4485 3082 4540 Attende
3110 4484 3304 4555 itaque
3349 4485 3407 4539 id

1811 4577 1955 4648 quod
1979 4577 2270 4645 adjungat,
2299 4576 2418 4645 jam
2449 4575 2520 4628 de
2546 4575 2644 4628 illo
2673 4574 2873 4629 saeculo
2897 4573 3084 4627 dicere
3109 4573 3404 4645 incipiens,

1815 4683 1842 4716 α
1872 4671 1930 4718 et
1959 4663 2092 4734 quid
2121 4663 2348 4726 mirum,
2381 4662 2582 4732 inquit,
2615 4662 2661 4716 si
2689 4663 2750 4722 in
2781 4662 3040 4733 presenti
3067 4663 3268 4717 saeculo
3300 4663 3404 4722 nisi

1811 4753 2033 4822 quando
2063 4753 2181 4806 vult
2207 4751 2477 4805 Dominus
2517 4768 2628 4806 non
2659 4751 2910 4804 videtur?
2941 4752 3006 4805 In
3033 4750 3156 4821 ipsa
3183 4768 3405 4822 quoque

1815 4839 2225 4894 resurrectione
2254 4855 2366 4892 non
2406 4839 2567 4892 facile
2595 4844 2682 4892 est
2709 4839 2888 4894 Deum
2935 4837 3122 4892 videre
3169 4838 3280 4892 nisi
3326 4838 3408 4892 eis

1816 4930 1913 4999 qui
1929 4928 2094 4981 corde
2115 4928 2230 4984 sint
2247 4928 2474 4991 mundo,
2497 4933 2556 4980 et
2573 4927 2720 4992 ideo,
2742 4946 2766 4977 «
2800 4927 2958 4980 Beati
2987 4927 3196 4982 mundo
3216 4925 3402 4993 corde,

1815 5017 1921 5088 ipsi
1941 5017 2088 5071 enim
2109 5019 2289 5072 Deum
2307 5016 2591 5080 videbunt,
2627 5039 2652 5066 »
2683 5021 2922 5086 quantos
2937 5015 3131 5069 beatos
3153 5016 3275 5084 jam
3303 5030 3405 5072 nu-

1815 5113 2130 5160 meraverat
2143 5112 2201 5160 et
2216 5112 2406 5160 tamen
2423 5103 2646 5158 videndi
2668 5103 2754 5160 his
2785 5104 2963 5158 Deum
2985 5119 3098 5158 non
3135 5103 3404 5174 promise-

1809 5201 1894 5249 rat
1921 5186 2277 5264 facultatem;
2309 5195 2358 5248 si
2387 5211 2520 5264 ergo
2544 5194 2608 5249 hi
2657 5193 2754 5263 qui
2797 5192 3007 5248 mundo
3055 5196 3191 5246 sunt
3235 5193 3401 5250 corde

1809 5285 1986 5338 Deum
2017 5283 2301 5348 videbunt,
2333 5283 2525 5352 utique
2551 5281 2648 5334 alii
2671 5297 2782 5336 non
2812 5279 3094 5345 videbunt,
3118 5296 3300 5351 neque
3319 5281 3402 5338 in-

1807 5373 1962 5443 digni
1993 5374 2170 5428 Deum
2207 5371 2494 5436 videbunt,
2544 5386 2726 5442 neque
2755 5369 2803 5426 is
2844 5368 2941 5440 qui
2975 5369 3158 5427 Deum
3213 5369 3403 5426 videne

1807 5461 2053 5516 noluerit
2077 5466 2264 5532 potest
2291 5461 2470 5516 Deum
2489 5459 2698 5515 videre.
2719 5477 2740 5508 ι
2767 5457 2962 5514 Cernis
2982 5456 3130 5530 quod
3159 5457 3401 5516 circum-

1807 5555 1993 5620 specte
2037 5549 2300 5619 loquatur
2340 5549 2458 5618 jam
2496 5547 2565 5602 de
2605 5546 2672 5602 iis
2699 5547 2817 5619 .qui
2862 5547 2922 5602 in
2956 5545 3146 5606 futuro
3202 5549 3403 5604 Samio
