3982 6158
455 339 587 398 1271

1040 341 1101 394 Β.
1143 337 1416 392 RABANI
1455 338 1686 394 MAURI
1724 339 2062 396 ARCHIEP.
2101 339 2429 396 MOGUNT.
2473 341 2769 398 OPERUM
2812 343 3004 400 PARS
3039 344 3140 399 III.

3563 339 3678 399 1272

446 466 626 521 Deum
665 464 949 530 videbunt,
980 479 1164 534 neque
1198 462 1350 516 enim
1386 477 1601 528 omnes,
1635 463 1732 517 sed
1763 465 1858 534 qui
1886 464 2043 534 digni
2062 465 2312 536 Agitare
2355 466 2540 522 valeat
2579 482 2701 520 esse
2761 467 2996 539 aliquid,
3035 467 3319 538 magisque
3365 480 3480 520 esse
3533 481 3676 536 quam

449 559 599 608 sunt.
631 555 946 624 Resurgent
973 552 1124 607 enim
1154 557 1212 606 et
1231 551 1386 622 pigni
1412 555 1476 603 et
1507 551 1723 621 indigni
1751 569 1924 623 regno
1952 553 2050 608 illo

450 643 545 697 ubi
565 643 842 697 videbitur
860 644 1029 708 Deus,
1055 642 1325 713 quoniam
1345 657 1540 694 omnes
1563 641 1655 713 qui
1671 635 2050 696 monumentis

448 738 583 786 sunt
610 732 843 786 audient
866 748 1056 786 vocem
1089 732 1214 802 ejus
1241 735 1297 784 et
1327 731 1647 801 procedent,
1667 730 1764 784 sed
1781 747 1907 785 cum
1925 747 2050 784 ma-

446 837 560 890 gna
587 820 921 874 differentia.
945 821 1093 875 Nam
1121 819 1216 890 qui
1246 818 1386 872 bene
1415 818 1688 884 fecerunt,
1720 819 1778 872 in
1807 836 2053 874 resurre-

447 909 689 964 ctionem
713 909 868 976 vitae;
905 909 1000 980 qui
1025 915 1216 963 autem
1245 908 1391 962 male
1419 914 1674 977 egerunt,
1709 907 1768 961 in
1797 925 2050 962 resurre-

450 998 693 1053 ctionem
719 999 936 1068 judicii.
975 998 1078 1052 Hic
1102 997 1382 1067 judicmm
1409 1014 1633 1067 poenam
1677 987 1946 1050 aeternam
1982 996 2053 1050 si-

449 1088 699 1158 gniﬁcat,
722 1087 866 1142 sicut
887 1087 1054 1141 etiam
1087 1087 1226 1140 illud
1254 1085 1467 1140 dictum
1491 1104 1504 1138 :
1536 1105 1562 1139 α
1583 1085 1690 1149 Qui
1710 1103 1822 1140 non
1851 1086 2048 1152 credit,

445 1178 568 1247 jam
609 1177 894 1248 judicatus
933 1181 1020 1230 est
1059 1179 1240 1236 (Joan.
1283 1193 1358 1240 Ill,
1401 1175 1506 1244 i8).
1547 1195 1570 1226 »
1611 1175 1770 1239 Quod
1808 1191 1941 1244 ergo
1971 1175 2054 1228 ait

449 1272 678 1320 sanctus
704 1265 1051 1329 Ambrosius,
1080 1282 1106 1315 «
1137 1281 1320 1335 neque
1349 1265 1398 1318 is
1427 1264 1522 1334 qui
1544 1264 1724 1318 Deum
1745 1263 1928 1317 videre
1950 1280 2055 1318 no-

449 1354 622 1409 luerit
637 1360 824 1425 potest
841 1355 1021 1408 Deum
1050 1353 1257 1417 videre,
1288 1373 1310 1403 ι
1349 1353 1482 1423 quid
1514 1353 1666 1406 aliud
1689 1353 1924 1422 intelligi
1955 1369 2052 1406 vo-

451 1444 575 1510 luit,
601 1443 710 1498 nisi
734 1443 866 1514 quia
885 1444 932 1496 is
954 1443 1051 1514 qui
1071 1443 1395 1496 mundando
1421 1442 1574 1495 cordi
1597 1459 1792 1495 curam
1813 1448 1973 1496 tanta
1993 1458 2054 1495 re

449 1532 678 1602 dignam
710 1548 823 1586 non
853 1533 973 1585 vult
991 1531 1337 1602 impendere,
1357 1547 1470 1584 non
1497 1531 1616 1584 vult
1638 1531 1818 1584 Deum
1841 1530 2049 1597 videre,

448 1621 574 1675 vide
616 1621 851 1692 proinde
882 1621 1014 1692 quid
1055 1621 1346 1690 adjungat,
1379 1639 1404 1672 ι
1431 1637 1532 1674 nec
1578 1620 1636 1673 in
1673 1620 1814 1681 loco,
1848 1619 2051 1690 inquit,

448 1711 598 1765 Deus
627 1710 866 1776 videtur,
901 1709 997 1762 sed
1028 1709 1237 1763 mundo
1267 1709 1452 1762 corde.
1484 1729 1509 1760 »
1545 1709 1688 1772 Quid
1720 1709 2052 1776 evidentius,

2131 554 2322 608 omnia
2344 571 2468 626 quae
2497 571 2599 626 per
2620 572 2822 626 corpus
2851 557 3191 620 sentiuntur,
3210 554 3354 626 quod
3380 569 3477 608 nec
3502 553 3554 607 in
3578 553 3678 608 loco

2131 643 2406 710 videatur,
2441 661 2544 699 nec
2573 645 2934 716 quaerendum
2977 645 3051 700 sit
3077 644 3271 710 oculis,
3314 659 3412 697 nec
3453 641 3681 696 audiatur

2133 733 2306 786 aifatu
2336 749 2439 788 nec
2465 738 2621 788 tactu
2647 739 2926 801 teneatur,
2960 751 3062 788 nec
3109 733 3380 788 sentiatur
3419 731 3614 786 incessu
3635 739 3683 786 et

2130 821 2389 876 videatur
2417 827 2628 888 tamen,
2653 823 2752 877 sed
2771 823 2938 878 corde
2975 823 3205 878 mundo.
3242 822 3430 892 Neque
3460 819 3594 873 enim
3622 819 3679 873 de

2132 910 2238 964 hac
2265 911 2381 964 vita
2405 911 2498 964 ille
2528 911 2880 982 loquebatur,
2913 927 3040 966 cum
3081 912 3184 966 hoc
3211 911 3454 976 diceret;
3494 907 3682 979 quando

2135 999 2361 1070 quidem
2392 999 2462 1054 ab
2501 1000 2608 1055 hoc
2651 1001 2852 1056 saeculo
2894 1001 2953 1054 in
2984 1017 3094 1072 quo
3123 1000 3274 1054 Deus
3304 998 3565 1070 apparuit,
3590 1013 3681 1051 non

2135 1088 2298 1142 sicuti
2339 1094 2442 1154 est,
2485 1089 2581 1143 sed
2609 1090 2668 1143 in
2713 1089 2896 1162 specie
2923 1106 3036 1160 qua
3081 1088 3273 1152 voluit,
3305 1087 3498 1159 quibus
3519 1085 3680 1152 voluit,

2135 1177 2271 1230 satis
2287 1177 2551 1232 discrevit
2573 1179 2758 1232 saeculi
2787 1177 2962 1232 futuri
2991 1177 3168 1231 vitam
3201 1175 3526 1230 discretione
3550 1190 3686 1244 aper-

2135 1265 2373 1330 tissima,
2407 1265 2504 1320 ubi
2531 1265 2646 1320 ait:
2692 1267 2763 1322 Et
2788 1266 2922 1338 quid
2950 1265 3157 1320 mirum
3186 1265 3234 1318 si
3262 1265 3320 1319 in
3347 1263 3587 1336 praesenti
3604 1279 3688 1318 saa-

2131 1355 2281 1421 culo,
2307 1354 2413 1408 nisi
2447 1355 2672 1425 quando
2691 1356 2812 1410 vult
2829 1355 3105 1410 Dominus
3122 1371 3236 1408 non
3255 1353 3486 1408 videtur.
3516 1352 3574 1407 In
3591 1351 3691 1422 ipsa

2137 1459 2358 1515 quoque
2402 1443 2815 1498 resurrectione
2866 1459 2980 1498 non
3014 1443 3176 1498 facile
3207 1448 3295 1496 est
3323 1442 3494 1496 Deum
3516 1440 3688 1505 videre,

2137 1532 2246 1586 nisi
2287 1533 2376 1586 his
2425 1533 2520 1604 qui
2565 1532 2732 1587 corde
2780 1533 2895 1586 sint
2929 1531 3160 1586 mundo.
3213 1532 3284 1586 Et
3325 1531 3483 1584 ideo:
3516 1529 3692 1584 (Beati

2139 1621 2348 1675 mundo
2377 1621 2675 1692 corde,ipsi
2695 1621 2846 1676 enim
2876 1621 3056 1676 Deum
3087 1620 3376 1675 videbunt.
3401 1637 3428 1671 ι
3451 1619 3691 1688 Hincjam

2138 1711 2208 1764 de
2255 1710 2350 1764 illo
2399 1710 2600 1765 saeculo
2647 1710 2831 1764 dicere
2877 1727 3106 1764 exorsus
3135 1715 3222 1763 est
3259 1708 3358 1764 ubi
3384 1709 3552 1763 Deum
3576 1707 3695 1760 vide-

452 1799 587 1871 quid
617 1799 932 1870 expressius
977 1799 1084 1852 dici
1132 1797 1350 1868 potuit?
1378 1797 1462 1852 Ab
1503 1798 1607 1851 hac
1636 1797 1807 1868 igitur
1845 1781 2296 1866 visioneBbunt,
2347 1815 2462 1853 non
2492 1816 2686 1853 omnes
2717 1799 2812 1870 qui
2839 1805 3155 1870 resurgant,
3185 1798 3287 1852 sed
3326 1797 3418 1868 qui
3443 1803 3698 1866 resurgent

452 1887 707 1943 diabolus
727 1894 784 1942 et
811 1887 996 1958 angeli
1020 1889 1142 1958 ejus
1172 1893 1230 1941 et
1255 1903 1450 1940 omnes
1477 1903 1602 1941 cum
1635 1887 1704 1940 iis
1733 1887 1912 1958 impii,
1931 1887 2054 1940 sine

453 1977 568 2032 ulla
605 1977 812 2032 nebula
863 1975 1248 2042 dubitationis,
1309 1976 1517 2030 exclusi
1573 1983 1724 2042 sunt,
1787 1976 2052 2046 quoniam

452 2050 661 2122 mundo
691 2066 856 2120 corde
887 2083 1000 2120 non
1029 2071 1179 2131 sunt,
1213 2082 1278 2119 ac
1319 2082 1420 2135 per
1453 2065 1558 2118 hoc
1593 2065 1740 2136 quod
1779 2065 2050 2136 scriptum

452 2161 538 2211 est
565 2156 624 2210 in
656 2155 796 2209 libro
817 2154 940 2220 Job,
971 2155 1188 2208 venisse
1216 2155 1445 2224 angelos
1464 2155 1522 2207 in
1551 2164 1850 2224 conspectu
1870 2154 1972 2208 Dei
1993 2161 2052 2208 et

451 2243 670 2300 venisse
699 2261 827 2298 cum
849 2244 930 2297 eis
959 2243 1264 2307 diabolum,
1297 2259 1410 2296 non
1439 2243 1566 2296 ideo
1593 2243 1848 2296 diabolus
1867 2243 2050 2296 Deum

451 2333 654 2388 vidisse
684 2332 993 2386 credendus
1015 2337 1116 2386 est.
1137 2333 1249 2403 Ipsi
1271 2331 1421 2386 enim
1447 2331 1580 2385 dicti
1603 2337 1736 2385 sunt
1755 2332 1971 2386 venisse
1989 2332 2049 2385 in

451 2427 757 2495 conspectu
783 2419 904 2486 Dei,
940 2437 1053 2476 non
1083 2421 1233 2475 Deus
1262 2422 1320 2474 in
1362 2426 1659 2492 conspectu
1692 2437 1905 2474 eorum.
1939 2421 2056 2475 Nec

453 2529 593 2584 opus
630 2515 717 2566 est
745 2511 852 2566 hoc
889 2511 1008 2565 loco
1039 2510 1350 2576 immorari,
1382 2515 1446 2563 ut
1478 2527 1578 2581 pro
1611 2509 1820 2563 viribus
1848 2510 2056 2564 nostris

451 2617 722 2656 conemur
766 2600 1060 2654 ostendere
1099 2599 1378 2669 quomodo
1417 2604 1474 2652 et
1524 2599 1630 2652 hoc
1673 2598 2059 2669 temporaliter

455 2691 571 2756 fiat,
595 2706 723 2744 cum
752 2689 812 2742 in
838 2689 940 2742 Dei
963 2693 1266 2758 conspectu
1287 2704 1510 2758 semper
1528 2687 1640 2740 sint
1662 2687 1870 2742 omnia.
1896 2689 2058 2742 Nunc

457 2779 609 2833 enim
647 2777 917 2848 quaeritur
947 2777 1224 2847 quomodo
1260 2777 1513 2830 videatur
1541 2777 1719 2843 Deus;
1754 2793 1867 2830 non
1894 2776 1951 2830 in
1990 2793 2058 2830 ea

461 2867 646 2938 specie
677 2882 788 2938 qua
815 2872 872 2919 et
899 2865 959 2919 in
985 2866 1095 2918 isto
1129 2865 1330 2919 saeculo
1363 2865 1700 2936 quibusdam
1737 2865 1927 2930 voluit,
1963 2882 2058 2936 ap-

457 2971 675 3027 parere,
707 2955 930 3025 quando
962 2971 1076 3008 non
1115 2955 1294 3008 solum
1327 2971 1453 3008 cum
1492 2953 1776 3008 Abraham
1821 2955 2060 3024 aliisque

453 3045 642 3116 justis,
662 3059 856 3097 verum
875 3043 1046 3097 etiam
1071 3059 1200 3096 cum
1223 3043 1362 3096 Cain
1389 3042 1680 3096 fratricida
1708 3043 1928 3097 locutus
1943 3049 2056 3110 est;

2137 1888 2208 1942 ad
2254 1888 2425 1943 vitam
2456 1895 2744 1955 aeternam,
2796 1905 2911 1943 non
2940 1888 3157 1958 indigni
3193 1889 3268 1941 de
3297 1886 3494 1958 quibus
3519 1885 3696 1939 dictum

2137 1982 2258 2032 est:
2314 1995 2340 2027 «
2379 1977 2634 2032 Tollatur
2677 1977 2906 2048 impius,
2958 1993 3030 2031 ne
3058 1977 3248 2032 videat
3289 1975 3582 2030 claritatem
3607 1973 3697 2027 Do-

2135 2066 2305 2132 mini;
2341 2083 2368 2118 »
2399 2067 2498 2120 sed
2524 2067 2700 2136 digni,
2747 2067 2816 2120 de
2849 2065 3111 2137 qualibus
3139 2065 3286 2119 dixit
3310 2065 3429 2136 ipse
3462 2063 3696 2118 Dominus

2133 2172 2261 2210 cum
2277 2171 2522 2226 praesens
2547 2171 2659 2210 non
2679 2155 2991 2210 videretur:
3023 2173 3046 2206 ι
3089 2154 3200 2218 Qui
3224 2153 3409 2224 diligit
3433 2169 3534 2216 me,
3564 2167 3698 2205 man-

2133 2243 2266 2298 data
2293 2260 2420 2298 mea
2447 2243 2693 2298 custodit
2718 2263 2731 2310 ;
2761 2250 2852 2298 et:
2887 2243 2993 2313 Qui
3043 2243 3234 2314 diligit
3287 2258 3397 2309 me,
3428 2240 3652 2312 diligitur
3673 2255 3702 2294 a

2137 2333 2304 2387 Patre
2315 2349 2461 2399 meo,
2478 2349 2536 2388 et
2554 2349 2658 2404 ego
2671 2333 2905 2402 diligam
2924 2349 3052 2386 eum
3071 2338 3128 2386 et
3151 2331 3445 2385 ostendam
3462 2330 3700 2401 meipsum

2137 2421 2219 2476 illi
2239 2425 2418 2488 (Joan.
2450 2439 2567 2488 xxv,
2595 2423 2681 2491 21)
2709 2440 2721 2488 ;
2745 2441 2768 2472 ι
2793 2437 2895 2474 nec
2915 2421 2972 2475 hi
2997 2419 3202 2492 quibus
3231 2419 3479 2475 dicetur:
3507 2439 3529 2470 ι
3557 2417 3630 2472 Ite
3653 2417 3700 2472 in

2139 2511 2328 2582 ignem
2350 2517 2624 2565 aeternum
2642 2510 2740 2581 qui
2769 2516 3116 2582 praeparatus
3136 2514 3225 2563 est
3250 2509 3470 2563 diabolo
3497 2513 3550 2562 et
3565 2521 3703 2575 ange-

2140 2600 2210 2654 lis
2239 2601 2362 2670 ejus
2402 2601 2614 2669 (Matth.
2656 2615 2788 2665 xxv,
2824 2597 2937 2668 4i),
2971 2617 2999 2652 ι
3031 2598 3130 2653 sed
3161 2597 3222 2652 hi
3251 2597 3454 2668 quibus
3481 2596 3697 2650 dicetur:

2144 2706 2170 2740 α
2210 2689 2431 2754 Venite,
2472 2687 2751 2742 benedicti
2793 2687 2979 2742 Patris
3020 2687 3152 2753 mei,
3206 2686 3472 2758 percipite
3499 2699 3702 2755 regnum

2141 2777 2290 2848 quod
2308 2777 2461 2832 vobis
2473 2782 2733 2848 paratum
2746 2782 2832 2830 est
2854 2775 2925 2830 ab
2937 2775 3098 2831 initio
3111 2775 3315 2830 mundi
3333 2776 3491 2842 (Ibid.
3502 2791 3548 2827 υ.
3559 2772 3655 2840 34).
3678 2790 3701 2822 ι

2144 2867 2233 2921 Illi
2263 2867 2470 2938 quippe
2491 2865 2654 2920 ibunt
2673 2865 2733 2919 in
2761 2863 3177 2920 ambustionem
3205 2869 3492 2928 aeternam,
3524 2863 3608 2916 isti
3629 2877 3708 2915 au-

2141 2960 2259 3009 tem
2279 2955 2339 3010 in
2365 2955 2537 3008 vitam
2569 2959 2836 3009 aeternam
2862 2971 2874 3006 :
2907 2957 2966 3007 et
2992 2969 3114 3024 quae
3136 2958 3228 3006 est
3245 2952 3364 3006 vita
3381 2958 3594 3016 aeterna,
3620 2947 3707 3002 nisi

2144 3044 2292 3115 quod
2335 3060 2460 3115 Ipsa
2494 3043 2626 3097 Vita
2675 3041 2809 3096 alibi
2839 3042 3005 3096 dicit:
3048 3062 3070 3093 ι
3116 3043 3253 3096 Haec
3298 3047 3384 3095 est
3420 3047 3595 3095 autem
3615 3038 3709 3090 vita

458 3133 558 3188 sed
602 3133 882 3204 quomodo
927 3131 1182 3184 videatur
1209 3131 1268 3184 in
1316 3131 1411 3183 illo
1458 3147 1634 3200 regno
1667 3129 1762 3184 ubi
1795 3131 1895 3184 ﬁlii
1935 3121 2370 3200 ejusCaterna,
2422 3139 2487 3186 ut
2529 3137 2869 3202 cognoscant
2897 3135 2956 3185 te
3001 3147 3180 3184 unum
3223 3130 3406 3185 Deum
3432 3144 3630 3190 verum,
3656 3132 3704 3178 et

459 3238 589 3276 eum
616 3220 884 3274 videbunt
911 3219 1077 3273 sicuti
1108 3225 1210 3272 est.
1248 3220 1404 3273 Tunc
1432 3219 1642 3290 quippe
1678 3219 1976 3273 satiabitur
1999 3221 2059 3274 in

458 3311 619 3365 bonis
663 3308 1004 3363 desiderium
1049 3325 1264 3362 eorum.
1308 3307 1429 3371 Quo
1473 3307 1748 3362 desiderio
1787 3308 2061 3379 ﬂagrabat

457 3399 697 3470 Moyses,
711 3397 800 3452 cui
831 3399 984 3469 loqui
1004 3398 1074 3451 ad
1095 3399 1274 3452 Deum
1303 3397 1444 3452 facie
1469 3398 1540 3452 ad
1559 3398 1759 3452 faciem
1777 3416 1890 3453 non
1910 3399 2061 3454 sufﬁ-

454 3487 636 3543 ciebat
662 3493 718 3542 et
749 3487 1000 3541 dicebat:
1040 3505 1062 3538 α
1099 3487 1346 3541 Ostende
1377 3487 1514 3540 mihi
1548 3487 1906 3558 temetipsum
1938 3506 2058 3542 ma-

454 3576 672 3641 nifeste,
700 3581 763 3630 ut
797 3575 1016 3630 videam
1044 3583 1100 3629 te
1125 3576 1312 3641 (Emori.
1351 3591 1541 3641 xxxm,
1577 3575 1685 3641 i3),
1723 3597 1746 3629 »
1788 3583 2059 3648 tanquam

457 3665 670 3720 diceret
690 3664 839 3736 quod
869 3665 928 3718 in
949 3665 1173 3718 Psalmo
1202 3681 1268 3718 ex
1287 3665 1485 3718 eodem
1509 3664 1784 3720 desiderio
1809 3666 2057 3720 canitur:

463 3773 487 3806 α
540 3753 798 3808 Satiabor
843 3753 978 3807 dum
1032 3752 1486 3806 manifestabitur
1529 3753 1712 3823 gloria
1749 3759 1849 3808 tua
1899 3757 2059 3822 (Psal.

460 3858 572 3908 XVI,
606 3843 714 3912 15).
753 3861 777 3894 ε
811 3842 934 3906 Quo
979 3842 1256 3896 desiderio
1296 3842 1529 3896 ardebat
1570 3850 1626 3896 et
1655 3843 1966 3914 Philippus,
2007 3849 2064 3898 et

460 3931 542 3986 sic
589 3930 782 3985 satiari
820 3929 1081 4001 cupiebat
1125 3931 1317 3984 dicens
1353 3949 1364 3984 :
1417 3949 1442 3981 «
1482 3931 1727 3985 Ostende
1755 3931 1917 3986 nobis
1955 3933 2063 3986 Pa-

459 4027 627 4086 trem,
660 4025 718 4073 et
754 4019 962 4072 sufﬁcit
997 4019 1158 4072 nobis
1199 4022 1374 4084 (Joan.
1419 4035 1532 4085 xxv,
1565 4019 1616 4085 8,
1651 4021 1726 4088 9).
1774 4037 1800 4072 »
1846 4021 1926 4074 De
1962 4021 2065 4074 hac

460 4107 673 4162 visione
693 4108 818 4176 ejus
845 4107 1079 4176 loquens
1107 4106 1278 4160 etiam
1308 4107 1426 4178 ipse
1459 4114 1678 4162 amator
1706 4115 1762 4162 et
1785 4109 2066 4162 desidera-

462 4202 554 4250 tor
581 4194 928 4256 Ambrosius,
953 4211 1066 4248 non
1085 4195 1144 4248 in
1174 4196 1314 4258 loco,
1349 4196 1552 4266 inquit,
1587 4197 1737 4251 Deus
1765 4198 1988 4252 videtur
2010 4203 2068 4252 et

464 4285 610 4339 sicut
637 4283 710 4339 ad
740 4283 923 4338 ilicem
955 4283 1224 4348 Mambre,
1257 4285 1402 4339 sicut
1439 4285 1499 4338 in
1530 4292 1720 4340 monte
1757 4286 1892 4341 Sina
1921 4307 1932 4354 ;
1967 4288 2064 4342 sed

2143 3238 2311 3293 quem
2341 3221 2545 3276 misisti
2574 3222 2766 3275 Iesum
2790 3219 3078 3274 Christum
3109 3221 3296 3286 (Joan.
3326 3217 3558 3286 xvn,3)?
3588 3235 3612 3268 ι
3630 3213 3708 3269 sed

2143 3311 2222 3366 sic
2251 3310 2530 3381 quomodo
2563 3309 2824 3381 promisit
2849 3314 3211 3362 ostensurum
3241 3308 3484 3378 seipsum
3509 3305 3707 3360 dilecto-

2143 3398 2298 3454 ribus
2327 3399 2444 3454 suis
2471 3415 2600 3453 cum
2621 3399 2790 3452 Patre
2816 3414 2993 3452 unum
3022 3397 3206 3452 Deum
3239 3413 3352 3452 non
3383 3393 3639 3467 quomodo
3661 3391 3708 3445 in

2141 3489 2247 3542 hoc
2271 3488 2472 3542 saeculo
2501 3487 2560 3540 in
2589 3503 2820 3558 corpore
2848 3486 2998 3541 visus
3027 3491 3115 3540 est
3142 3503 3177 3538 a
3205 3485 3370 3540 bonis
3399 3491 3456 3538 et
3490 3501 3524 3538 a
3547 3481 3707 3536 malis.

2144 3578 2206 3632 In
2231 3577 2444 3648 judicio
2491 3575 2644 3630 enim
2675 3576 2868 3630 futuro
2901 3591 3011 3646 quo
3043 3575 3124 3630 sic
3150 3579 3426 3629 venturus
3469 3579 3564 3639 est,
3595 3586 3706 3642 quo-

2148 3666 2314 3720 modo
2364 3665 2514 3720 visus
2541 3669 2629 3718 est
2655 3665 2777 3719 iens
2807 3664 2867 3718 in
2912 3663 3134 3728 caelum,
3186 3663 3295 3717 hoc
3323 3669 3426 3729 est,
3459 3662 3515 3716 in
3541 3659 3708 3714 eadem

2146 3754 2328 3808 forma
2355 3753 2454 3808 ﬁlii
2486 3753 2730 3808 hominis
2761 3753 3016 3807 eamdem
3036 3752 3280 3806 formam
3311 3751 3585 3816 videbunt,
3612 3746 3709 3819 qui-

2147 3842 2252 3898 bus
2290 3843 2543 3898 dicturus
2571 3848 2690 3897 est:
2737 3859 2766 3895 α
2815 3841 3050 3906 Esurivi,
3101 3847 3160 3895 et
3205 3857 3322 3896 non
3352 3839 3576 3895 dedistis
3595 3833 3710 3890 mihi

2147 3932 2487 3986 manducare
2520 3931 2731 3994 (Matth.
2773 3947 2894 3998 xxv,
2935 3929 3048 4000 42),
3081 3949 3110 3982 ι)
3139 3930 3278 4000 quia
3305 3936 3364 3984 et
3389 3927 3558 3984 Judaei
3583 3925 3709 3979 vide-

2147 4021 2288 4075 bunt
2315 4021 2374 4075 in
2405 4037 2573 4091 quem
2601 4024 2982 4091 pupugerunt,
3019 4035 3130 4072 non
3157 4017 3322 4073 illam
3369 4018 3468 4073 Dei
3504 4016 3710 4070 formam

2149 4127 2258 4181 qua
2299 4126 2412 4164 non
2452 4102 2710 4180 rapinam
2745 4108 3052 4162 arbitratus
3081 4112 3168 4161 est
3197 4124 3322 4162 esse
3350 4105 3570 4178 aequalis
3595 4102 3708 4157 Deo.

2148 4199 2213 4254 In
2244 4198 2342 4252 illa
2363 4198 2463 4254 Dei
2493 4198 2675 4252 forma
2707 4202 2842 4251 tunc
2883 4195 3149 4251 videbunt
3170 4213 3324 4262 eum,
3359 4195 3453 4266 qui
3479 4191 3714 4246 videbunt

2147 4288 2310 4342 sicuti
2342 4292 2444 4342 est.
2479 4288 2594 4342 Nec
2621 4286 2747 4340 ideo
2771 4285 3056 4352 videbunt,
3082 4286 3218 4356 quia
3245 4299 3517 4356 pauperes
3540 4279 3710 4352 spiritu

467 4374 676 4428 mundo
708 4372 892 4439 corde,
927 4379 984 4426 et
1011 4372 1283 4443 sequitur,
1313 4375 1494 4428 sciens
1519 4374 1654 4444 quid
1683 4376 1981 4438 desideret,
2010 4383 2132 4454 etD
2150 4377 2208 4430 in
2235 4377 2340 4431 hac
2356 4377 2472 4430 vita
2490 4375 2735 4442 fuerunt,
2757 4374 2888 4446 quia
2909 4374 3094 4438 mites,
3138 4374 3274 4446 quia
3306 4374 3573 4444 lugentes,
3602 4366 3712 4438 quia

466 4463 600 4534 quid
626 4467 826 4516 aestuet
853 4468 910 4516 et
929 4461 1062 4532 quid
1083 4467 1290 4533 speret.
1305 4463 1420 4516 Nec
1440 4463 1841 4534 corporalibus,
1861 4465 2063 4535 inquit,

466 4551 641 4605 oculis
676 4551 826 4605 Deus
872 4551 1160 4621 quieritur,
1195 4550 1396 4621 quibus
1447 4569 1508 4605 se
1544 4553 1788 4606 ostendit
1806 4553 2060 4619 Abrahae,

468 4641 642 4707 Isaac,
674 4639 844 4694 Jacob
873 4645 930 4694 et
959 4639 1086 4694 aliis
1112 4639 1170 4693 in
1200 4639 1304 4693 hoc
1341 4641 1561 4707 saeculo,
1593 4658 1696 4695 nec
1717 4642 2066 4698 circumscri-

464 4728 622 4783 bitur
639 4728 779 4790 visu,
795 4735 1026 4799 propter
1052 4728 1190 4782 illud
1217 4729 1366 4798 quod
1392 4729 1603 4784 dictum
1625 4737 1726 4798 est,
1753 4733 2068 4787 Posteriora

465 4833 594 4874 mea
614 4816 857 4882 videbis;
882 4833 985 4870 nec
1010 4822 1165 4871 tactu
1192 4822 1436 4884 tenetur,
1463 4817 1609 4873 sicut
1631 4821 1802 4874 etiam
1825 4821 2068 4880 luctatus

465 4913 551 4964 est
570 4923 700 4962 cum
719 4905 908 4972 Iacob,
931 4922 1032 4959 nec
1059 4907 1288 4960 auditur
1317 4907 1509 4972 aifatu,
1533 4909 1676 4962 sicut
1694 4925 1807 4964 non
1831 4911 2010 4965 solum
2035 4928 2070 4965 a

463 5004 550 5052 tot
575 4996 804 5062 sanctis,
839 5012 1035 5050 verum
1065 4996 1237 5050 etiam
1261 5013 1296 5050 a
1327 4996 1550 5052 diabolo
1580 4998 1806 5052 auditus
1831 5006 1935 5065 est,
1967 5015 2070 5054 nec

464 5087 708 5141 sentitur
738 5086 979 5150 incessu,
1012 5085 1158 5139 sicut
1195 5086 1499 5157 aliquando
1535 5103 1662 5140 cum
1702 5087 1761 5141 in
1808 5087 2078 5158 paradiso

463 5175 852 5230 deambularet
873 5174 945 5228 ad
967 5191 1276 5245 vesperam.
1303 5175 1470 5229 Vides
1493 5175 1969 5246 quemadmodum
1984 5177 2068 5230 vir

466 5271 691 5319 sanctus
721 5264 970 5318 enitatur
999 5269 1216 5318 mentes
1243 5269 1463 5318 nostras
1493 5264 1564 5318 ab
1595 5265 1856 5320 omnibus
1883 5265 2068 5319 carnis

467 5353 722 5407 sensibus
741 5369 990 5416 evocare,
1009 5358 1073 5407 ut
1099 5359 1260 5423 aptas
1282 5353 1451 5407 faciat
1469 5354 1539 5407 ad
1564 5354 1865 5408 videndum
1887 5354 2066 5408 Deum

469 5445 528 5494 et
551 5447 744 5495 tamen
773 5441 906 5512 quid
929 5441 1047 5511 agit
1067 5441 1198 5496 talis
1224 5443 1567 5497 extrinsecus
1593 5443 1878 5514 plantator
1901 5448 1959 5496 et
1985 5443 2064 5496 ri-

467 5534 648 5598 gator,
681 5529 789 5582 nisi
816 5529 1154 5584 intrinsecus
1197 5537 1461 5602 operetur
1492 5533 1587 5604 qui
1625 5533 1722 5586 dat
1752 5533 2066 5586 incremen-

387 5629 400 5644 '
470 5624 591 5670 tum
609 5617 760 5672 Deus
783 5637 796 5671 :
829 5618 956 5687 quis
981 5619 1133 5673 enim
1152 5620 1272 5674 sine
1299 5621 1584 5691 adjutorio
1607 5621 1838 5692 spiritus
1858 5620 1960 5676 Dei
1979 5637 2070 5675 co-

2151 4465 2461 4520 esurientes
2489 4470 2547 4519 et
2564 4464 2818 4518 sitientes
2841 4463 3144 4534 justitiam,
3177 4461 3312 4534 quia
3341 4455 3708 4516 misericordes,

2151 4554 2285 4626 quia
2311 4553 2546 4626 pacifici,
2575 4553 2710 4624 quia
2731 4551 3192 4626 persecutionem_
3205 4551 3361 4621 passi
3387 4553 3604 4621 propter
3612 4545 3712 4616 jus-

2149 4644 2354 4708 titiam,
2389 4621 2643 4714 quamvis
2670 4621 2750 4696 et—
2774 4641 2892 4696 haec
2920 4640 3113 4695 omnia
3139 4621 3290 4694 idem
3319 4639 3426 4710 ipsi
3475 4637 3598 4698 sint,
3627 4629 3709 4685 sed

2151 4733 2284 4804 quia
2311 4731 2522 4786 mundo
2551 4735 2686 4784 sunt
2713 4729 2900 4784 corde.
2924 4729 3056 4784 Ideo
3081 4729 3291 4800 quippe
3318 4725 3589 4782 interillas
3605 4720 3711 4775 bea-

2149 4821 2422 4876 titudines
2459 4836 2588 4874 cum
2617 4819 2806 4873 omnia
2834 4817 3042 4872 faciant
3069 4817 3166 4888 qui
3199 4833 3298 4871 cor
3341 4814 3598 4870 mundum
3623 4810 3707 4862 ha-

2151 4911 2302 4975 bent,
2327 4925 2440 4964 non
2469 4914 2556 4963 est
2583 4913 2774 4962 tamen
2793 4906 2993 4961 alicubi
3013 4907 3258 4978 positum
3285 4923 3298 4958 :
3335 4923 3360 4957 α
3383 4905 3553 4960 Deum
3579 4896 3706 4952 vide-

2150 4999 2309 5062 bunt,
2346 5017 2372 5051 »
2405 4997 2514 5052 nisi
2541 4995 2638 5050 ubi
2663 4995 2877 5050 dictum
2906 5001 3027 5050 est:
3069 5014 3095 5046 (ί
3125 4994 3283 5049 Beati
3313 4992 3516 5048 mundo
3548 4986 3704 5046 corde,

2155 5087 2422 5159 quoniam
2453 5086 2666 5140 mundo
2687 5085 2854 5140 corde
2881 5083 3161 5139 videbitur
3185 5084 3395 5149 (Matth.
3426 5098 3476 5147 v,
3503 5079 3602 5147 8),:
3629 5071 3706 5144 qui

2153 5192 2255 5230 nec
2283 5175 2343 5230 in
2369 5175 2492 5230 loco
2519 5173 2758 5239 videtur,
2792 5189 2895 5227 nec
2923 5171 3098 5227 oculis
3123 5169 3499 5242 corporalibus
3533 5160 3704 5237 quaeri-

2151 5271 2264 5330 tur,
2297 5279 2401 5318 nec
2416 5261 2896 5318 circumscribitur
2919 5261 3060 5326 visu,
3079 5277 3183 5315 nec
3201 5265 3352 5314 tactu
3379 5257 3601 5318 videtur,
3623 5263 3704 5305 nec

2150 5353 2381 5409 auditur
2409 5353 2604 5418 aifatu,
2641 5367 2745 5406 nec
2773 5351 3018 5405 sentitur
3049 5349 3290 5404 incessu.
3327 5367 3351 5399 α
3387 5347 3554 5402 Deum
3579 5339 3703 5395 enim

2147 5459 2314 5497 nemo
2345 5441 2484 5496 vidit
2513 5457 2762 5512 unquam
2801 5441 2988 5509 (Joan.
3036 5455 3072 5504 ι,
3116 5439 3191 5507 8),
3231 5457 3252 5488 ι
3285 5437 3370 5490 vel
3396 5435 3454 5488 in
3481 5433 3576 5486 hac
3590 5427 3698 5483 vita.

2151 5532 2316 5587 sicuti
2347 5531 2468 5603 ipse
2519 5537 2628 5595 est,
2680 5530 2766 5584 vel
2795 5529 2966 5584 etiam
2997 5528 3056 5583 in
3079 5527 3404 5598 angelorum
3433 5523 3556 5585 vita,
3582 5517 3700 5603 δίαν-

2151 5601 2392 5676 visibilia
2417 5607 2528 5674 ista
2555 5635 2680 5689 quae
2711 5617 2986 5690 corporali
3014 5616 3222 5672 visione
3249 5615 3560 5672 cernuntur,
3591 5601 3696 5674 quia
