3892 6150
162 350 277 412 1273

1387 349 1484 403 DE
1519 349 1841 406 VIDENDO
1880 349 2098 406 DEUM.

3243 339 3379 402 12%

158 478 443 550 unigenitus
457 473 747 544 Filius,qui
756 479 844 527 est
861 473 922 528 in
939 473 1068 528 sinu
1087 473 1418 545 Patris,ipse
1431 475 1701 530 narravit.
1719 481 1772 537 Α
1787 492 2013 530 omnem
2041 475 2447 547 plenitudinem
2477 475 2598 529 Dei.
2634 493 2662 526 »
2687 475 2803 546 Ego
2832 475 2950 529 haec
2975 474 3143 528 verba
3165 480 3386 546 aposto-

162 567 293 623 Unde
312 582 413 620 non
432 563 499 619 ad
522 561 807 616 oculorum
827 561 1204 632 corporalium
1223 563 1322 617 sed
1344 563 1414 618 ad
1436 564 1711 619 mentium

159 656 392 711 visionem
434 653 641 707 dictum
690 655 778 705 est
824 650 1108 722 pertinere
1153 652 1305 722 quod
1357 658 1569 707 narrat.
1603 652 1712 708 Sed

161 759 325 801 rursus
350 759 414 797 ne
440 739 774 795 desiderium
804 745 1061 794 nostrum
1103 757 1139 794 a
1173 741 1422 812 corporis
1445 757 1614 797 sensu
1641 741 1712 796 ad

159 833 302 888 alium
327 829 563 902 corporis
591 845 817 883 sensum
853 828 1143 899 migraret,
1178 831 1282 884 hoc
1311 836 1398 885 est
1437 831 1508 884 ad
1548 847 1713 886 aures

160 921 217 976 ab
232 920 400 983 oculis,
433 919 555 973 ideo
583 933 712 972 cum
739 917 971 992 dixisset
990 938 1020 969 (ι
1050 934 1154 972 nec
1181 918 1566 992 corporalibus
1585 936 1714 974 ocu-

161 1011 214 1064 lis
230 1009 360 1064 Deus
377 1007 659 1078 quaeritur,
684 1023 786 1061 nec
813 987 1291 1062 circumscribitur
1318 1008 1458 1075 visu,
1491 1025 1595 1063 nec
1623 1015 1712 1063 ta-

159 1110 233 1152 ctu
247 1103 474 1163 tenetur,
493 1117 514 1144 ι
533 1095 750 1150 addidit
763 1089 952 1160 etiam,
973 1115 1000 1150 α
1023 1113 1124 1150 nec
1144 1096 1374 1152 auditur
1391 1097 1708 1163 aifatu,»ut,

159 1187 196 1240 si
219 1201 509 1256 possumus,
529 1184 885 1256 unigenitum
913 1185 1120 1240 Filium
1148 1185 1244 1256 qui
1270 1192 1356 1240 est
1377 1185 1436 1240 in
1463 1185 1589 1240 sinu
1611 1187 1714 1242 Pa-

160 1275 239 1329 tris
254 1273 324 1329 sic
340 1274 715 1345 intelligamus
734 1279 1062 1328 narrantem
1091 1275 1370 1346 quomodo
1391 1281 1450 1329 et
1467 1273 1715 1330 Verbum

157 1371 224 1418 est
247 1379 347 1419 non
374 1379 539 1418 sonus
581 1362 811 1418 auribus
851 1369 1127 1434 strepens,
1159 1363 1257 1417 sed
1291 1364 1478 1434 imago
1509 1365 1714 1418 menti-

157 1452 240 1507 bus
262 1451 616 1516 innotescens,
647 1457 714 1507 ut
752 1452 867 1507 illic
914 1453 1139 1507 interna
1177 1459 1236 1507 et
1279 1453 1545 1507 ineffabili
1593 1453 1716 1508 luce

157 1541 390 1595 clarescat
415 1541 560 1611 quod
589 1541 802 1596 dictum
850 1547 937 1595 est
968 1560 980 1595 :
1011 1560 1036 1593 «
1071 1541 1179 1606 Qui
1225 1559 1315 1596 me
1353 1542 1523 1607 videt,
1567 1541 1718 1596 videt

156 1637 202 1683 et
225 1630 425 1684 Patrem
455 1632 635 1696 (Joan.
660 1647 770 1696 xiv,
794 1630 880 1696 9);
906 1650 933 1683 »
968 1631 1115 1702 quod
1163 1631 1254 1684 hic
1281 1631 1539 1702 Philippo
1563 1631 1714 1686 dice-

157 1717 295 1772 batur
312 1719 522 1788 quando
542 1719 769 1774 videbat
795 1725 854 1773 et
875 1736 988 1774 non
1010 1719 1251 1774 videbat.
1277 1720 1543 1791 Sequitur
1562 1720 1712 1774 enim

1793 565 1832 619 li
1855 564 2015 620 Pauli
2035 565 2115 618 sic
2134 563 2448 634 intelligere
2469 565 2640 618 soleo.
2662 565 2727 618 In
2750 562 3047 617 latitudine
3075 563 3224 617 bona
3249 578 3384 634 epe-

1794 671 1859 708 ra
1887 653 2193 718 charitatis,
2227 653 2286 706 in
2317 653 2668 723 longitudine
2708 652 3179 724 perseverantiam
3208 669 3385 723 usque

1793 742 1852 796 in
1877 743 2068 806 tinem,
2092 742 2150 796 in
2179 740 2475 795 altitudine
2493 757 2650 812 spem
2671 741 2982 794 cmlestium
3003 739 3382 810 praemiorum,

1794 831 1852 885 in
1882 831 2158 902 profundo
2187 829 2569 885 inscrutabilia
2582 829 2794 900 judicia
2815 830 2936 884 Dei.
2959 828 3119 884 Unde
3141 829 3249 883 ista
3261 845 3387 899 gra-

1795 921 1876 976 tia
1899 921 1958 975 in
1986 921 2240 976 homines
2265 920 2435 985 venit,
2468 919 2564 990 qui
2592 936 2695 973 nos
2723 919 2782 972 in
2813 933 3036 972 omnem
3079 917 3384 989 plenitudi-

1793 1026 1923 1064 nem
1943 1009 2047 1064 Dei
2068 1008 2453 1063 misericordia
2471 1024 2576 1062 sua
2592 1007 2826 1078 implere
2841 1006 3123 1076 dignetur,
3149 1012 3214 1060 ut
3231 1005 3384 1060 vide-

1793 1099 1842 1152 ri
1872 1099 2051 1170 possit
2079 1115 2112 1152 a
2137 1097 2315 1152 nobis.

1865 1189 2026 1241 Nunc
2045 1193 2234 1240 autem
2253 1186 2401 1256 quod
2421 1187 2561 1240 mihi
2579 1186 3097 1258 proposuerasetad
3113 1187 3388 1258 explican-

1788 1276 1932 1331 dum
1960 1275 2186 1329 difﬁcile
2217 1273 2524 1341 videbatur,
2557 1281 2752 1329 utrum
2801 1274 3138 1345 explicatum
3170 1274 3265 1341 sit,
3298 1273 3386 1328 di-

1796 1365 2038 1434 ligenter
2056 1364 2285 1418 attende
2313 1364 2609 1417 recolendo
2636 1380 2758 1434 qua:
2786 1341 2939 1417 dicta
2965 1369 3114 1416 sunt.
3149 1363 3207 1417 Si
3234 1362 3386 1416 enim

1799 1452 2002 1524 quaeris
2015 1458 2206 1506 utrum
2220 1452 2396 1523 possit
2411 1453 2561 1506 Deus
2571 1452 2767 1516 videri,
2787 1451 3116 1523 Respondeo
3141 1469 3152 1504 :
3172 1456 3352 1521 potest
3371 1469 3384 1518 ;

1780 1542 1844 1595 'si
1891 1541 2095 1612 quaeris
2124 1541 2274 1595 unde
2304 1541 2498 1607 sciam,
2523 1541 2834 1612 respondeo
2863 1541 2996 1611 quia
3023 1541 3082 1594 in
3107 1527 3392 1594 veracissi-

1797 1648 1890 1684 ma
1907 1630 2201 1700 Scriptura
2215 1630 2452 1700 legitur:
2487 1650 2509 1680 ι
2536 1629 2693 1684 Beati
2713 1629 3107 1695 mundicorde,
3124 1629 3389 1700 quoniam

1797 1719 1903 1790 ipsi
1923 1720 2103 1774 Deum
2125 1717 2394 1772 videbunt
2425 1719 2636 1786 (Matth.
2663 1736 2712 1784 v,
2744 1717 2821 1787 8),
2863 1739 2884 1768 ι
2914 1724 2972 1772 et
2997 1723 3198 1772 caetera
3232 1717 3385 1771 talia.

158 1808 297 1877 hujus
313 1807 531 1862 visionis
547 1807 786 1862 eximius
799 1809 1126 1880 concupitor
1144 1808 1473 1864 Ambrosius
1493 1809 1714 1862 dicens:
1737 1799 1780 1858 Β
1800 1807 1859 1862 Si
1891 1807 2095 1878 quaeris
2117 1807 2396 1878 quomodo
2415 1807 2598 1860 dictus
2617 1807 2692 1860 sit
2710 1805 3001 1860 invisibilis
3019 1806 3067 1859 si
3087 1805 3260 1860 videri
3289 1821 3392 1876 po-

161 1915 183 1946 ι
208 1895 405 1950 Etcum
427 1896 629 1951 absens
659 1902 911 1968 putatur,
937 1897 1158 1952 videtur
1185 1916 1199 1965 ;
1233 1903 1290 1952 et
1316 1914 1443 1951 cum
1473 1914 1716 1970 praesens

156 1991 241 2049 est,
278 2001 380 2038 non
424 1985 664 2040 videtur.
699 2004 726 2038 ι
761 1985 889 2040 Non
939 1986 1099 2054 dixit,
1151 1987 1292 2040 Cum
1353 1986 1554 2041 absens
1609 1992 1712 2053 est,

156 2073 250 2137 sed,
279 2074 408 2128 Cum
444 2074 648 2129 absens
687 2079 940 2146 putatur.
973 2076 1267 2146 Nusquam
1306 2076 1456 2130 enim
1491 2081 1578 2130 est
1613 2075 1715 2130 ab-

157 2177 260 2215 sens
310 2163 400 2232 qui
449 2163 654 2218 celum
708 2170 768 2218 et
818 2170 1031 2218 terram
1089 2163 1304 2235 implet,
1362 2182 1464 2218 nec
1517 2165 1714 2236 spatiis

155 2250 438 2318 includitur,
494 2253 684 2324 parvis
731 2252 1020 2323 magnisve
1053 2253 1402 2319 diffunditur,
1451 2253 1548 2308 sed
1588 2253 1712 2308 ubi-

155 2355 242 2410 que
280 2345 419 2394 totus
462 2346 570 2407 est,
620 2347 678 2396 et
721 2341 877 2396 nullo
921 2341 1242 2396 continetur
1286 2343 1426 2396 loco.
1461 2343 1580 2397 Hoc
1618 2342 1714 2413 qui

153 2426 415 2481 excedente
453 2433 647 2482 mente
693 2428 979 2498 intelligit,
1021 2429 1172 2483 videt
1219 2429 1420 2495 Deum,
1477 2435 1535 2484 et
1587 2445 1714 2482 cum

152 2513 322 2570 absens
361 2523 610 2587 putatur.
648 2515 757 2581 Qui
804 2523 994 2571 autem
1041 2517 1146 2571 hoc
1189 2533 1304 2572 non
1346 2523 1548 2588 potest,
1595 2523 1718 2572 oret

154 2608 200 2657 et
220 2611 352 2674 agat,
383 2611 446 2660 ut
479 2621 650 2677 posse
693 2611 998 2670 mereatur,
1025 2623 1127 2660 nec
1166 2607 1236 2660 a‘d
1279 2607 1563 2660 hominem
1599 2606 1716 2660 dis-

154 2699 438 2764 putatorem
465 2695 676 2766 pulset,
699 2700 764 2749 ut
793 2695 940 2766 quod
969 2711 1084 2749 non
1111 2695 1267 2765 legit,
1297 2695 1468 2765 legat,
1508 2695 1606 2749 sed
1645 2695 1716 2748 ad

155 2781 306 2836 Deum
321 2783 688 2850 Salvatorem,
707 2789 773 2837 ut
801 2783 951 2854 quod
978 2800 1092 2838 non
1121 2785 1287 2849 valet,
1305 2785 1506 2838 valeat.
1525 2784 1720 2838 Potest

155 2875 316 2925 tamen
333 2888 552 2926 movere
575 2872 854 2943 quomodo
871 2873 990 2943 jam
1030 2872 1153 2944 ipsa
1171 2873 1274 2927 Dei
1295 2871 1612 2927 substantia
1639 2873 1721 2927 vi-

154 2958 252 3012 deri
271 2961 558 3030 potuerita
579 2960 916 3032 quibusdam
941 2960 999 3015 in
1032 2961 1138 3015 hac
1181 2961 1297 3016 vita
1343 2961 1558 3032 positis,
1591 2977 1722 3032 pro-

1797 1902 1926 1959 test,
1943 1897 2253 1968 respondeo
2275 1895 2605 1949 invisibilem
2626 1911 2748 1949 esse
2769 1901 3050 1960 naturam,
3084 1894 3259 1949 videri
3288 1911 3390 1948 au-

1796 1991 1913 2040 tem
1943 2001 2070 2040 cum
2099 1986 2237 2050 vult,
2268 1984 2526 2056 plurimis
2568 1984 2719 2038 enim
2747 1983 2897 2038 visus
2924 1989 3012 2036 est
3042 2003 3054 2036 :
3085 1999 3197 2037 non
3226 1983 3391 2037 sicuti

1799 2081 1902 2140 est,
1921 2075 2020 2129 sed
2049 2075 2200 2146 quali
2227 2073 2410 2145 specie
2439 2073 2521 2128 illi
2552 2073 2762 2144 placuit
2778 2089 3080 2144 apparere;
3111 2073 3160 2126 si
3189 2073 3392 2144 quaeris

1798 2164 2078 2235 quomodo
2109 2180 2237 2218 eum
2265 2163 2406 2216 vidit
2432 2162 2518 2217 vel
2549 2162 2686 2217 Cain
2711 2163 3033 2227 sceleratus,
3068 2161 3292 2232 quando
3323 2161 3393 2215 de

1796 2269 1898 2306 suo
1923 2253 2131 2306 scelere
2155 2251 2228 2306 ab
2251 2251 2347 2306 illo
2375 2251 2754 2321 interrogatus
2781 2257 2839 2304 et
2855 2251 3140 2320 judicatus
3168 2255 3271 2314 est,
3307 2249 3392 2304 vel

1799 2341 1969 2396 etiam
2000 2341 2120 2412 ipse
2162 2339 2436 2406 diabolus,
2471 2339 2694 2411 quando
2731 2339 2884 2393 venit
2917 2355 3046 2393 cum
3089 2338 3304 2408 angelis
3331 2344 3395 2392 ut

1796 2445 1984 2484 coram
2015 2429 2110 2482 illo
2137 2429 2446 2493 assisteret,
2480 2427 2527 2482 si
2558 2447 2584 2478 «
2616 2427 2764 2482 beati
2796 2427 2991 2482 mundi
3031 2427 3216 2492 corde,
3251 2443 3392 2497 quo-

1797 2519 1950 2572 niam
1983 2518 2089 2590 ipsi
2119 2519 2300 2572 Deum
2327 2517 2621 2586 videbunt;
2660 2541 2682 2564 ι
2712 2516 3023 2588 respondeo
3041 2533 3153 2570 non
3166 2513 3392 2587 quidem

1799 2624 1923 2662 esse
1954 2623 2303 2678 consequens
2331 2612 2396 2662 ut
2438 2606 2609 2661 etiam
2653 2605 2877 2660 videant
2909 2621 3060 2670 eum,
3093 2604 3188 2675 qui
3234 2619 3394 2657 voces

1799 2695 1870 2751 ab
1902 2713 1969 2750 eo
1998 2695 2174 2750 factas
2201 2695 2503 2766 aliquando
2533 2694 2786 2749 audiunt.
2818 2695 3014 2765 Neque
3056 2694 3207 2747 enim
3247 2692 3396 2746 vide-

1799 2791 1934 2839 runt
1955 2801 2084 2839 eum
2100 2785 2198 2856 qui
2215 2785 2536 2848 audierunt,
2553 2783 2777 2856 quando
2797 2783 2938 2838 dixit
2955 2783 3027 2836 ad
3045 2781 3267 2845 Filium,
3280 2800 3302 2832 ι
3329 2781 3399 2835 Et

1803 2874 2102 2928 clarificavi
2147 2879 2204 2927 et
2249 2874 2454 2928 iterum
2503 2871 2816 2927 clarificabo
2853 2874 3033 2936 (Joan.
3087 2885 3186 2935 x11,
3216 2870 3328 2938 48).
3369 2889 3390 2919 ι

1803 2963 2206 3017 Verumtamen
2236 2979 2348 3017 non
2369 2979 2492 3016 esse
2516 2961 2858 3025 mirandum,
2887 2959 2992 3014 etsi
3021 2959 3196 3031 aliqui
3221 2958 3391 3018 etiam

154 3052 257 3117 pter
273 3047 398 3102 illud
420 3049 574 3120 quod
594 3049 806 3103 dictum
827 3049 996 3103 estad
1018 3049 1251 3120 Moysen
1271 3069 1282 3103 :
1301 3067 1327 3101 (ί
1341 3050 1521 3105 Nemo
1540 3057 1724 3122 potest
1747 3113 1782 3122 _
1805 3069 1918 3106 non
1937 3051 2133 3106 mundi
2152 3051 2319 3106 corde
2339 3051 2530 3105 vident
2556 3051 2737 3105 Deum
2767 3050 2825 3104 in
2855 3049 3039 3120 specie
3086 3064 3256 3119 quam
3298 3063 3396 3100 vo-

153 3113 322 3190 iaciem
340 3113 522 3192 meam
537 3138 750 3204 videre,
765 3144 825 3192 et
844 3113 1595 3206 vivere(Ea-:od.xxxm,‘20),.»
1615 3139 1723 3193 nisi
1740 3113 1785 3174 Ο
1801 3143 1991 3196 luntas
2019 3141 2143 3212 ejus
2170 3141 2383 3206 fecerit,
2406 3140 2617 3194 latente
2644 3113 2910 3193 invisibili
2952 3143 3010 3192 et
3046 3113 3194 3208 apud
3223 3153 3284 3190 se
3311 3136 3402 3190 in-

155 3225 266 3294 quia
289 3233 466 3297 potest
483 3227 741 3281 humana
761 3243 922 3280 mens
937 3226 1205 3281 divinitus
1231 3243 1355 3298 rapi
1383 3244 1447 3282 ex
1477 3227 1582 3282 hac
1609 3229 1724 3282 vita

152 3313 208 3366 ad
218 3315 515 3386 angelicam
531 3316 728 3382 vitam,
747 3323 1051 3386 antequam
1064 3333 1165 3388 per
1183 3317 1349 3371 istam
1369 3333 1724 3372 communem

155 3409 364 3458 mortem
377 3422 548 3460 carne
569 3404 836 3470 solvatur,
870 3404 950 3458 sic
981 3405 1132 3459 enim
1157 3411 1352 3477 raptus
1380 3411 1466 3459 est
1493 3406 1589 3476 qui
1620 3423 1722 3459 au-

151 3489 271 3544 divit
291 3492 399 3546 illic
428 3491 739 3548 ineffabilia
766 3491 936 3546 verba
955 3509 1079 3563 quae
1099 3509 1212 3547 non
1240 3493 1372 3548 licet
1398 3493 1614 3547 homini
1641 3493 1723 3546 lo-

152 3580 249 3648 qui,
279 3579 370 3634 ubi
399 3597 584 3653 usque
613 3581 753 3635 adeo
780 3581 929 3636 facta
967 3588 1054 3635 est
1099 3581 1170 3635 ab
1199 3583 1368 3652 hujus
1399 3582 1524 3635 vita;
1552 3581 1726 3635 sensi-

151 3665 238 3723 bus
263 3671 512 3741 quzedam
545 3670 877 3724 intentionis
911 3671 1146 3737 aversio,
1172 3677 1237 3725 ut
1261 3671 1376 3724 sive
1407 3673 1464 3724 in
1493 3687 1724 3741 corpore

153 3757 247 3810 sive
273 3765 426 3815 extra
445 3776 652 3832 corpus
679 3759 869 3826 fuerit,
893 3759 950 3813 id
974 3765 1078 3826 est,
1103 3766 1316 3826 utrum,
1335 3759 1482 3814 sicut
1498 3760 1641 3814 solet
1667 3760 1726 3814 in

153 3845 544 3904 vehementiore
559 3852 782 3914 exstasi,
801 3865 958 3902 mens
973 3848 1044 3902 ab
1055 3849 1158 3902 hac
1178 3849 1294 3902 vita
1306 3847 1365 3903 in
1386 3848 1541 3902 illam
1554 3848 1727 3902 vitam

151 3933 300 3990 fuerit
321 3937 574 3992 alienata
591 3942 855 4012 manente
873 3937 1123 4009 corporis
1142 3937 1383 4002 vinculo,
1407 3953 1479 3991 an
1501 3937 1728 3992 omnino

155 4025 398 4080 resolutio
425 4027 579 4082 facta
604 4027 792 4092 fuerit,
817 4026 1000 4098 qualis
1028 4027 1086 4080 in
1115 4027 1282 4096 plena
1310 4033 1492 4081 morte
1519 4025 1730 4080 contin-

150 4112 237 4182 git,
265 4115 478 4170 nescire
503 4131 568 4170 se
594 4115 823 4170 diceret.
857 4116 944 4171 Ita
972 4115 1038 4170 tit
1077 4121 1140 4169 ut
1168 4121 1225 4168 et
1258 4115 1396 4169 illud
1425 4131 1618 4170 verum
1657 4115 1732 4168 sit

153 4203 281 4272 quod
307 4204 520 4260 dictum
550 4209 656 4270 est,
681 4205 910 4258 «Nemo
941 4208 1127 4276 potest
1150 4204 1349 4258 faciem
1371 4221 1555 4258 meam
1582 4203 1732 4256 vide-

151 4305 205 4344 re
227 4299 282 4346 et
301 4293 504 4360 vivere,
531 4294 666 4364 quia
695 4309 924 4347 necesse
956 4298 1043 4347 est
1070 4292 1318 4347 abstrahi
1361 4293 1432 4346 ab
1479 4293 1592 4346 hac
1617 4291 1732 4345 vita

155 4387 401 4450 mentem,
424 4382 654 4454 quando
682 4382 742 4436 in
772 4381 921 4436 illius
937 4381 1380 4436 ineﬂ‘abilitatem
1398 4381 1628 4436 visionis
1646 4398 1732 4436 as-

1805 3229 2186 3283 commutabili
2205 3235 2470 3283 manente
2482 3234 2702 3283 natura.
2717 3229 2777 3282 Si
2797 3227 3000 3298 quaeris
3015 3231 3208 3280 utrum
3228 3225 3399 3278 etiam

1807 3319 1972 3372 sicuti
2002 3325 2089 3372 est
2126 3319 2428 3389 aliquando
2472 3317 2650 3388 possit
2673 3317 2868 3382 videri,
2904 3313 3234 3386 respondeo,
3267 3313 3398 3368 filiis

1807 3408 1912 3461 hoc
1940 3423 2060 3460 esse
2089 3406 2448 3478 promissum,
2466 3406 2536 3459 de
2555 3405 2758 3477 quibus
2781 3405 2992 3458 dictum
3007 3409 3112 3469 est,
3134 3424 3155 3454 c
3182 3402 3402 3458 Scimus

1805 3496 1936 3566 quia
1963 3511 2090 3550 cum
2110 3494 2454 3566 apparuerit,
2473 3494 2685 3548 similes
2703 3493 2754 3546 ei
2780 3492 3010 3556 erimus,
3041 3491 3306 3562 quoniam
3326 3490 3404 3543 vi-

1806 3584 2062 3638 debimus
2089 3600 2220 3637 eum
2253 3582 2416 3636 sicuti
2447 3588 2533 3635 est
2563 3583 2615 3648 (Ι
2636 3583 2796 3635 Joan.
2823 3595 2904 3642 ill,
2938 3579 3015 3650 ‘2).
3051 3598 3078 3632 »
3111 3579 3169 3633 Si
3199 3579 3402 3649 quaeris

1806 3673 1954 3728 unde
1984 3687 2113 3726 eum
2157 3670 2484 3736 videbimus,
2517 3669 2827 3741 respondeo
2859 3687 2870 3721 :
2905 3668 3053 3722 unde
3092 3667 3276 3737 angeli
3321 3667 3402 3720 vi-

1807 3761 1963 3827 dent,
1987 3759 2188 3832 quibus
2207 3765 2342 3814 tunc
2361 3759 2573 3813 erimus
2591 3759 2862 3828 aequales;
2897 3756 3201 3812 sicutenim
3217 3755 3404 3810 viden-

1809 3857 1906 3904 tur
1929 3850 2039 3904 ista
2069 3866 2192 3920 quae
2221 3847 2461 3902 visibilia
2476 3847 2859 3913 nominantur,
2889 3867 2911 3897 ε
2936 3846 3116 3901 Deum
3145 3861 3310 3900 nemo
3329 3845 3406 3898 vi-

1811 3939 1895 3993 dit
1909 3954 2162 4009 unquam
2175 3938 2354 4004 (Joan.
2378 3951 2416 4002 1,
2447 3933 2598 4002 18),»
2626 3951 2728 3989 nec
2753 3933 2930 3988 videri
2967 3939 3170 4006 potest,
3207 3954 3228 3980 ι
3263 3947 3404 4004 quo-

1811 4028 1966 4082 niam
1995 4027 2178 4082 lucem
2209 4024 2427 4080 habitat
2453 4023 2910 4090 inaccessibilem,
2948 4044 2971 4075 ι
3005 4029 3065 4078 et
3095 4029 3179 4076 est
3205 4028 3409 4076 natura

1811 4114 2102 4170 invisibilis
2138 4113 2281 4169 sicut
2309 4111 2752 4185 incorruptibilis
2779 4129 2902 4184 quae
2931 4111 3232 4166 contextim
3263 4111 3406 4181 Apo-

1813 4204 1989 4259 stolus
2017 4203 2204 4275 posuit
2231 4203 2442 4266 dicens,
2481 4221 2506 4254 «
2533 4201 2670 4271 Regi
2699 4208 2889 4256 autem
2919 4201 3247 4257 saeculorum
3273 4198 3410 4253 invi-

1812 4291 2451 4363 sibili,incorruptibili(l
2475 4293 2590 4345 Tim
2603 4332 2614 4344 .
2635 4291 2804 4360 1,17),
2824 4311 2846 4341 ν
2864 4291 2997 4361 quia
3014 4287 3410 4344 sicutnuncin-

1813 4382 2134 4454 corruptilis
2147 4399 2250 4435 nec
2262 4387 2456 4452 postea
2465 4379 2804 4450 corruptilis,
2827 4379 2906 4432 ita
2917 4395 3027 4432 non
3043 4379 3224 4431 solum
3237 4393 3403 4443 nunc,

150 4469 408 4539 sumitur;
439 4477 499 4526 et
527 4487 641 4526 non
669 4471 746 4524 sit
771 4470 1101 4534 incredibile
1143 4471 1479 4541 quibusdam
1524 4443 1794 4524 sanctisD
1815 4472 1912 4526 sed
1935 4471 2104 4525 etiam
2137 4486 2362 4541 semper
2389 4467 2701 4523 invisibilis.
2724 4469 2839 4522 Nec
2867 4466 2924 4519 in
2950 4467 3070 4520 loco
3091 4466 3242 4519 enim
3259 4465 3408 4518 vide-

153 4559 383 4614 nondum
403 4561 488 4614 ita
517 4560 797 4615 defunctis
822 4565 888 4614 ut
915 4560 1236 4631 sepelienda
1257 4560 1530 4614 cadavera
1555 4575 1735 4614 rema-

151 4654 352 4716 nerent,
369 4651 544 4704 etiam
571 4649 741 4704 istam
765 4648 1151 4704 excellentiam
1180 4649 1534 4703 revelationis
1561 4648 1734 4703 fuisse

150 4740 666 4794 concessam.Porro
707 4738 856 4809 quod
880 4737 1013 4792 dicit
1033 4738 1335 4809 Apostolus
1370 4737 1618 4792 scribens
1663 4737 1734 4790 ad

149 4823 403 4896 Ephesios
436 4829 649 4898 (Ephes.
678 4841 762 4893 m,
791 4826 879 4896 14)
913 4845 925 4880 :
966 4847 988 4878 σ
1023 4827 1207 4896 Hujus
1234 4827 1315 4880 rei
1341 4825 1528 4896 gratia
1571 4825 1734 4880 ﬂecto

148 4931 320 4983 genua
331 4934 462 4972 mea
479 4918 552 4972 ad
575 4918 800 4971 Patrem
822 4916 1048 4972 Domini
1072 4916 1252 4970 nostri
1271 4916 1300 4970 J
1306 4931 1403 4970 esu
1425 4915 1654 4982 Christi,
1669 4932 1735 4968 ex

149 5019 248 5074 quo
277 5007 463 5062 omnis
483 5006 795 5078 paternitas
810 5006 870 5060 in
889 5005 1043 5060 caelis
1063 5011 1119 5059 et
1137 5005 1195 5060 in
1213 5011 1370 5058 terra
1391 5004 1731 5070 nominatur,

149 5098 206 5146 ut
227 5095 320 5149 det
346 5095 506 5150 vobis
535 5096 845 5151 secundum
873 5095 1098 5149 divitias
1140 5093 1332 5164 glorise
1363 5110 1496 5160 suae,
1530 5093 1736 5147 virtute

148 5183 485 5239 corroborari
497 5201 599 5256 per
609 5184 871 5256 spiritum
882 5185 1005 5255 ejus
1017 5184 1075 5237 in
1084 5183 1410 5238 interiorem
1424 5183 1708 5236 hominem
1718 5227 1730 5248 ,

149 5270 391 5327 habitare
414 5274 702 5328 Christum
728 5291 831 5345 per
850 5274 1018 5327 ﬁdem
1046 5272 1104 5326 in
1130 5271 1392 5326 cordibus
1422 5271 1621 5325 vestris
1645 5290 1656 5324 :
1680 5271 1738 5326 in

147 5361 409 5416 charitate
420 5363 657 5418 radicati
673 5368 731 5417 et
741 5361 1052 5428 fundati,ut
1064 5361 1287 5432 possitis
1297 5377 1418 5415 com
1423 5361 1738 5432 prehende-

147 5466 202 5502 re
227 5467 355 5505 cum
383 5453 646 5506 omnibus
667 5451 893 5518 sanctis,
917 5468 1040 5523 quae
1057 5451 1132 5506 sit
1156 5450 1394 5505 latitudo
1423 5455 1481 5502 et
1499 5449 1740 5518 longitu-

149 5537 214 5591 do
234 5545 290 5592 et
306 5540 625 5596 sublimitas
638 5548 696 5596 et
709 5541 1049 5613 profundum
1067 5559 1080 5606 ;
1095 5539 1236 5593 scire
1247 5539 1418 5592 etiam
1435 5537 1741 5608 superemi-

151 5635 370 5684 nentem
379 5630 628 5687 scientiae
645 5631 978 5687 charitatem
990 5628 1218 5694 Christi,
1236 5639 1302 5682 ut
1313 5626 1661 5698 impleamini
1681 5626 1739 5680 in

1814 4566 1911 4613 tur
1939 4559 2036 4614 sed
2064 4559 2274 4614 mundo
2303 4558 2500 4622 corde;
2535 4573 2638 4610 nec
2657 4553 3038 4626 corporalibus
3059 4553 3233 4607 oculis
3264 4570 3410 4624 quaa-

1816 4649 1980 4710 ritur,
1995 4665 2098 4702 nec
2112 4646 2340 4701 auditur
2349 4647 2651 4710 allatumec
2668 4643 2911 4697 sentitur
2941 4643 3178 4697 incessu.
3197 4643 3408 4714 Unige-

1817 4738 1970 4792 nitus
1989 4741 2179 4790 autem
2195 4735 2386 4800 Filius,
2401 4734 2497 4806 qui
2515 4740 2601 4788 est
2621 4733 2678 4788 in
2696 4733 2822 4786 sinu
2848 4732 3050 4797 Patris,
3068 4731 3295 4786 deitatis
3314 4747 3411 4786 na-

1816 4833 2005 4880 turam
2017 4832 2185 4894 atque
2199 4823 2572 4878 substantiam
2593 4821 2980 4876 insonabiliter
2996 4826 3193 4876 narrat
3209 4826 3268 4874 et
3285 4819 3409 4874 ideo

1817 4915 2002 4985 dignis
2024 4913 2350 4983 idoneisque
2374 4918 2534 4966 tanto
2567 4916 2885 4981 conspectu,
2927 4909 3102 4964 oculis
3130 4908 3299 4962 etiam
3325 4907 3409 4961 in-

1817 5004 2110 5060 visibiliter
2129 5009 2424 5057 monstrat.
2443 5002 2556 5073 Ipsi
2585 5001 2736 5055 enim
2765 5004 2898 5053 sunt
2927 4999 3073 5054 oculi
3102 4999 3172 5052 de
3208 4997 3409 5068 quibus

1817 5093 2118 5166 Apostolus
2145 5092 2301 5158 dicit,
2333 5113 2355 5143 ι
2394 5090 2748 5145 Illuminatos
2789 5089 2978 5142 oculos
3016 5087 3200 5140 cordis
3242 5085 3410 5140 vestri

1824 5184 1972 5252 (Eph.
2006 5197 2044 5247 ι,
2081 5178 2156 5250 18)
2184 5199 2197 5248 ;
2237 5201 2258 5230 ι
2285 5181 2354 5234 de
2374 5179 2577 5250 quibus
2606 5177 2847 5245 dicitur;
2885 5197 2907 5228 σ
2935 5175 3198 5230 Illumina
3223 5175 3412 5230 oculos

1821 5288 1976 5326 meos
1987 5287 2058 5324 ne
2071 5285 2321 5340 unquam
2337 5268 2687 5322 obdormiam
2702 5267 2760 5320 in
2778 5271 2958 5319 morte
2980 5267 3124 5330 (Psal
3133 5305 3144 5317 .
3168 5278 3268 5326 x11,
3290 5261 3362 5335 4):
3385 5284 3407 5315 ι

1821 5360 2091 5416 Dominus
2113 5359 2262 5412 enim
2285 5357 2515 5428 spiritus
2536 5361 2648 5420 est;
2673 5354 2821 5409 unde
2842 5352 2935 5424 qui
2954 5353 3202 5408 adhaeret
3225 5352 3415 5408 Domi-

1821 5466 1913 5514 no,
1946 5465 2092 5502 unus
2116 5446 2347 5519 spiritus
2373 5452 2476 5500 est.
2511 5445 2752 5499 Proinde
2782 5443 2878 5514 qui
2908 5449 3093 5513 potest
3120 5442 3299 5496 Deum
3330 5443 3414 5497 in-

1820 5537 2113 5592 visibiliter
2141 5536 2346 5598 videre,
2379 5535 2498 5606 ipse
2519 5534 2635 5589 Deo
2665 5537 2851 5605 potest
2875 5531 3303 5603 incorporaliter
3319 5532 3415 5586 ad-

1821 5628 2049 5682 haerere.
2087 5626 2260 5680 Porro
2285 5625 2333 5679 si
2354 5641 2424 5679 ea
2441 5639 2564 5695 quae
2583 5624 2640 5678 in
2662 5622 2850 5678 animo
2864 5627 3057 5676 nostro
3073 5627 3208 5676 sunt
3224 5637 3418 5692 corpo-
