3892 6150
3229 316 3367 377 1ἳ¹78

163 475 181 505 ς(
201 453 329 507 Unus
339 464 428 520 pro
437 446 843 501 alteroinfletur
856 446 1123 501 adversus
1138 447 1377 501 alterum
1400 446 1455 511 (1
1474 448 1594 500 Cor.
1610 463 1685 512 rv,
1703 447 1757 506 Α
1772 446 1996 501 Domini
2024 449 2393 518 speculantes,
2419 449 2476 504 in
2498 449 2754 505 eamdem
2775 447 3079 518 imaginem
3098 444 3367 499 transfor-

156 541 216 610 6);
234 561 251 591 ι
266 538 457 592 nedum
470 536 781 589 altercando
798 536 1100 606 quaerimus
1120 536 1394 605 vestigare
1408 535 1687 606 quomodo
1771 552 1994 589 mamur
2011 536 2081 589 de
2101 538 2279 606 gloria
2300 537 2358 591 in
2377 539 2633 607 gloriam,
2662 545 2933 608 tanquam
2952 553 2988 589 a
3006 533 3228 589 Domini
3246 533 3365 604 Spi-

156 629 299 700 possit
310 625 467 678 videri
488 626 648 687 Deus,
666 625 843 695 ipsam
866 641 1061 695 pacem
1080 624 1687 694 sanctiﬁcationemque
1769 624 1882 678 ritu
1910 625 1990 693 (II
2018 626 2141 681 Cor.
2178 624 2366 695 "1,18)
2387 645 2397 679 :
2428 646 2453 678 »
2477 628 2545 681 de
2560 627 2760 697 gloria,
2783 626 2995 680 scilicet
3014 623 3142 678 tidei
3165 623 3222 679 in
3241 623 3365 691 glo-

154 718 422 789 perdamus,
446 714 560 768 sine
575 729 686 783 qua
700 729 865 767 nemo
888 713 1095 784 poterit
1108 713 1293 768 videre
1310 713 1686 776 Deum.Quod
1770 713 1913 766 riam
1936 716 2424 785 contemplationis
2444 722 2684 770 aeternae.
2720 716 2793 770 Ut
2812 715 2959 768 enim
2994 729 3107 767 non
3142 719 3363 766 tantum

154 809 247 877 ipse
263 808 457 858 avertat
470 819 504 856 a
521 801 779 855 cordibus
800 802 1024 865 nostris,
1048 810 1112 857 ut
1136 819 1204 856 ea
1220 819 1323 856 sua
1342 802 1686 872 cdntempla-
1769 802 1915 873 quod
1930 803 2542 869 B.Ambrosius,verum
2555 804 2900 874 etiam,quod
2914 804 2970 857 S.
2987 802 3364 871 Hieronymus

153 895 262 948 tioni
288 892 479 945 munda
501 890 700 962 reddat
736 896 906 961 atque
950 891 1247 945 custodiat.
1304 890 1444 944 Illud
1495 895 1687 944 tamen
1769 892 1946 945 sensit
1974 892 2176 958 dicam,
2210 910 2322 947 non
2350 894 2531 947 solum
2564 893 2749 947 Patris
2779 891 3106 953 divinitatis,
3141 890 3237 944 sed
3260 906 3363 945 nec

154 983 257 1053 quia
278 996 376 1034 non
389 978 595 1044 dubito,
616 994 727 1032 non
748 979 973 1049 requiro
995 980 1144 1049 quod
1170 979 1271 1033 Dei
1296 985 1501 1033 natura
1539 995 1684 1032 nun-
1768 980 1893 1033 Filii
1924 981 2151 1051 quidem
2182 998 2283 1035 nec
2306 982 2547 1052 Spiritus
2576 981 2775 1047 sancti,
2801 981 2933 1051 quia
2952 997 3066 1034 una
3092 979 3149 1032 in
3175 979 3363 1033 Trini-

1768 1076 1883 1123 tate
1897 1077 2451 1140 naturaest,possunt
2489 1071 2630 1124 oculi
2644 1070 2828 1123 carnis
2838 1068 3206 1139 aspicere,sed
3218 1067 3363 1120 oculi

1769 1159 1994 1217 mentis.
2028 1159 2096 1211 de
2127 1158 2327 1229 quibus
2358 1159 2476 1229 ipse
2497 1159 2751 1212 Salvator
2767 1158 2875 1211 ait:
2914 1177 2941 1209 ι
2974 1158 3131 1210 Beati
3152 1156 3360 1210 mundo

1767 1246 1951 1310 corde,
1974 1247 2108 1316 quia
2128 1247 2234 1316 ipsi
2253 1248 2431 1301 Deum
2449 1246 2942 1312 videbuntlﬂauh.
2976 1264 3026 1310 v,
3048 1244 3123 1313 8).
3150 1265 3175 1296 ιο
3192 1246 3361 1298 Nam—

1768 1351 1893 1405 que,
1920 1336 2064 1389 sicut
2081 1336 2213 1388 alibi
2234 1337 2380 1389 idem
2402 1337 2778 1405 Hieronymus
2802 1334 3044 1388 breviter
3066 1349 3131 1387 ac
3155 1333 3360 1386 veraci-

1766 1430 1855 1478 ter
1873 1424 2141 1489 deﬁnivit,
2166 1442 2256 1479 res
2269 1425 2632 1494 incorporalis
2650 1423 3033 1494 corporalibus
3053 1422 3226 1476 oculis
3246 1437 3358 1475 non

1766 1512 2003 1567 videtur.
2030 1514 2144 1567 Has
2166 1514 2474 1568 sententias
2503 1514 2571 1568 de
2600 1529 2659 1567 re
2685 1518 2861 1578 tanta,
2894 1512 3139 1566 virorum
3169 1515 3358 1564 tanto-

146 1616 290 1671 neque
307 1615 443 1654 nunc
461 1604 713 1670 possunt,
742 1614 923 1670 neque
947 1604 1081 1652 tunc
1110 1605 1376 1669 poterunt
1402 1598 1582 1653 Deum
1611 1599 1686 1651 vi-
1768 1618 1915 1665 rum,
1954 1618 2065 1655 non
2090 1602 2159 1654 ob
2192 1603 2296 1656 hoc
2322 1602 2682 1672 interponere
2711 1601 2860 1654 volui
2910 1607 2975 1653 ut
3024 1600 3356 1669 cujusquam

144 1690 263 1755 dere,
282 1688 435 1742 etiam
460 1689 537 1742 sic
558 1703 749 1741 verum
769 1694 873 1741 est.
900 1689 1025 1741 Non
1045 1686 1196 1741 enim
1213 1687 1426 1740 dictum
1450 1692 1553 1752 est,
1578 1686 1685 1740 nisi
1706 1759 1714 1760 ί
1768 1689 2009 1744 hominis
2028 1706 2254 1744 sensum
2268 1696 2540 1760 tanquam
2563 1690 2864 1760 Scriptum
2876 1689 3153 1742 canonicae
3175 1692 3363 1740 aucto-

142 1777 194 1828 de
210 1776 359 1828 oculis
374 1775 769 1845 corporalibus,
793 1776 941 1844 quod
964 1780 1096 1829 tunc
1118 1791 1227 1828 non
1242 1781 1409 1828 erunt
1422 1775 1466 1827 si
1482 1791 1684 1845 corpus
1704 1759 1749 1817 Β
1767 1779 2014 1841 ritatem,
2034 1759 2709 1849 sequendumarbitreris,
2738 1778 2835 1831 sed
2867 1783 2932 1845 ut
2964 1777 3043 1830 illi
3075 1777 3169 1846 qui
3198 1776 3364 1829 aliter

141 1865 288 1934 ipsum
308 1864 524 1934 spiritus
548 1865 677 1929 erit,
698 1880 761 1917 ac
789 1881 892 1934 per
914 1865 1019 1918 hoc
1053 1864 1307 1934 corporei
1354 1865 1498 1918 oculi
1537 1879 1683 1918 nun-
1767 1868 1987 1937 sapiant
2015 1874 2289 1921 conentur
2312 1874 2499 1921 mente
2542 1868 2727 1920 videre
2758 1867 2909 1936 quod
2942 1882 3137 1919 verum
3168 1870 3274 1930 est,
3307 1871 3365 1917 et

142 1968 275 2021 quam
292 1953 457 2007 Deum
476 1952 763 2017 videbunt,
797 1952 930 2024 quia
957 1969 1086 2007 cum
1116 1952 1395 2006 videbitur
1431 1953 1680 2022 spiritus,
1768 1956 1823 2009 in
1844 1956 2204 2026 simplicitate
2230 1957 2414 2010 cordis
2433 1972 2682 2026 quaerere
2704 1956 3024 2019 Dominum,
3054 1954 3364 2008 netame-

142 2056 241 2094 eum
262 2039 451 2094 videbit
477 2058 594 2095 non
622 2058 842 2112 corpus.
865 2043 1007 2096 Tota
1028 2040 1204 2111 igitur
1229 2042 1460 2111 quaestio
1468 2042 1590 2111 jam
1601 2058 1685 2095 reo
1766 2051 1883 2099 ctos
1910 2045 2226 2099 divinorum
2257 2045 2606 2115 eloquiorum
2645 2048 2978 2098 tractatores
3016 2048 3232 2096 temere
3276 2052 3361 2095 re-

142 2130 307 2184 mansit
327 2131 392 2184 de
418 2146 653 2201 corpore
680 2130 937 2200 spiritali,
974 2130 1229 2201 quamvis
1255 2130 1465 2184 indicat
1497 2131 1683 2185 incor—
1765 2134 2134 2204 prehendant.
2163 2135 2276 2188 Nec
2304 2140 2362 2187 te
2390 2139 2611 2187 moveat
2636 2132 2787 2202 quod
2806 2149 2840 2184 a
2868 2130 3206 2201 quibusdam
3252 2130 3360 2182 mi-

140 2219 407 2289 ruptionem
423 2225 479 2273 et
498 2219 985 2273 immortalitatem
1007 2220 1111 2272 hoc
1133 2219 1493 2289 corruptibile
1514 2224 1683 2289 atque
1766 2238 1872 2276 nus
1901 2223 2249 2275 considerate
2269 2222 2502 2275 dicitur:
2539 2245 2553 2268 ι
2593 2220 2756 2284 Quod
2786 2226 2919 2274 tunc
2939 2218 3358 2272 videbuntoculi

138 2308 350 2373 mortale,
377 2315 429 2362 et
454 2308 712 2378 quamvis
734 2325 799 2361 ex
828 2308 1057 2361 animali
1101 2308 1158 2360 in
1197 2307 1449 2378 spiritale
1496 2314 1683 2362 mutes
1764 2311 2099 2381 corporales,
2134 2311 2181 2364 si
2212 2310 2511 2364 Dominum
2553 2320 2664 2363 non
2712 2307 3018 2362 videbunt?
3071 2308 3157 2360 An
3213 2306 3355 2360 forte

138 2404 223 2448 tur.
251 2396 370 2459 Quae
414 2397 737 2467 diligentius
786 2396 1187 2466 sollicitiusque
1234 2396 1530 2450 tractanda
1574 2404 1677 2463 est,
1764 2400 1893 2454 caci
1921 2406 2105 2463 erunt,
2138 2401 2221 2453 vel
2250 2399 2370 2453 sine
2390 2416 2557 2452 causa
2588 2404 2773 2451 erunt.
2809 2416 2834 2447 »
2869 2398 3063 2466 Neque
3093 2395 3244 2448 enim
3274 2401 3358 2448 at-

136 2485 337 2538 maxime
365 2493 595 2558 prepter
623 2502 824 2556 corpus
852 2486 1029 2555 ipsius
1060 2485 1302 2550 Domini,
1334 2486 1431 2555 qui
1462 2488 1683 2543 transﬁ-
1764 2488 2005 2543 tendunt
2026 2489 2123 2558 qui
2152 2489 2269 2542 haec
2296 2489 2622 2557 loquuntur,
2653 2486 2783 2556 quia
2810 2485 2858 2539 si
2886 2501 2999 2539 non
3029 2489 3197 2538 erunt
3228 2499 3356 2536 cor-

133 2580 269 2639 gurat
292 2590 481 2644 corpus
508 2574 847 2628 humilitatis
893 2581 1096 2628 nostrae
1135 2574 1419 2628 conformo
1462 2575 1681 2645 corpori
1766 2594 1919 2648 pora,
1952 2578 2195 2647 perfecto
2218 2577 2299 2630 illi
2316 2576 2462 2630 oculi
2490 2592 2602 2629 non
2631 2581 2799 2629 erunt
2815 2574 3158 2644 corporales;
3192 2572 3240 2625 si
3261 2588 3358 2624 au-

131 2662 289 2730 glorize
312 2680 437 2729 suae,
454 2670 519 2718 ut
543 2663 720 2733 possit
734 2662 1124 2731 sibisubjicere
1146 2663 1511 2717 omnia.Cum
1532 2664 1682 2719 enim
1763 2673 1879 2720 tem
1907 2672 2073 2720 erunt
2102 2682 2353 2736 corpora,
2398 2664 2504 2719 erit
2542 2665 2689 2734 quod
2729 2663 2915 2717 videre
2955 2662 3170 2732 possint
3213 2661 3359 2714 oculi

134 2755 178 2801 et
192 2749 319 2804 Deus
333 2751 493 2805 Pater
517 2752 709 2807 videat
729 2751 929 2805 Filium
951 2758 1009 2804 et
1028 2751 1202 2805 Filius
1222 2751 1466 2815 Patrem,
1490 2751 1681 2820 procul
1764 2755 2099 2825 corpomles.
2124 2755 2254 2808 Haec
2278 2754 2351 2807 de
2379 2754 2476 2807 illa
2492 2753 2727 2823 epistola
2739 2768 2907 2822 quam
2924 2751 2988 2804 B.
3012 2749 3359 2818 Augustinus

132 2836 267 2892 dubio
285 2855 385 2894 non
398 2847 531 2895 sunt
543 2840 808 2895 audiendi
821 2840 917 2911 qui
938 2840 1204 2895 visionem
1218 2840 1420 2895 nolunt
1433 2839 1681 2893 tribuere
1763 2844 1833 2898 ad
1856 2844 2150 2899 Paulinam
2174 2843 2397 2914 scripsit
2423 2843 2493 2896 de
2520 2827 2759 2895 videndo
2784 2842 2897 2895 Deo
2920 2838 3352 2907 assumpsimus:

133 2925 219 2979 nisi
242 2930 627 2998 corporalibus.
649 2930 846 2999 Neque
880 2930 1029 2983 enim
1048 2930 1157 2983 dici
1193 2930 1277 2984 fas
1307 2934 1392 2983 est
1416 2929 1567 2999 quod
1598 2929 1682 2982 Fi-
1762 2949 1911 2988 nunc
1938 2937 2130 2986 autem
2153 2949 2217 2985 ex
2244 2932 2499 3001 ejusdem
2542 2930 2786 2984 doctoris
2815 2928 3057 2999 epistola
3087 2944 3255 2997 quam
3285 2926 3358 2979 ad

132 3012 241 3068 lium
259 3015 412 3071 Pater
424 3034 539 3072 non
554 3017 765 3084 videat;
790 3024 907 3084 aut,
934 3025 993 3071 et
1013 3024 1077 3071 ut
1090 3018 1208 3087 ipse
1230 3018 1432 3083 videat,
1446 3034 1680 3087 corpore
1705 3073 1743 3091 η
1764 3022 2014 3076 Italicam
2044 3021 2377 3091 conscripsit
2388 3021 2461 3075 de
2479 3035 2711 3091 corpore
2734 3017 3053 3073 Mediatoris
3083 3016 3131 3069 si
3157 3030 3357 3085 corpo—

134 3101 325 3159 indutus
350 3113 451 3173 est,
491 3107 541 3160 si
592 3106 814 3160 nonnisi
861 3106 933 3160 ad
972 3123 1174 3176 corpus
1220 3106 1467 3176 pertinet
1509 3107 1677 3161 visus.
1698 3101 1744 3132 υ
1764 3111 1876 3165 reis
1903 3110 2077 3164 oculis
2098 3110 2285 3164 videat
2302 3108 2674 3163 substantiam
2692 3107 2812 3173 Dei,
2828 3122 3007 3177 pauca
3025 3104 3357 3160 subnectere

134 3188 249 3251 Quid
273 3198 352 3247 est
378 3195 525 3265 quod
559 3194 619 3247 in
647 3194 767 3264 ipso
787 3194 983 3250 mundi
1013 3193 1257 3259 exordio,
1306 3202 1612 3264 antequam
1650 3212 1685 3248 a
1765 3216 2074 3255 censemus.
2130 3201 2249 3254 Lux
2300 3214 2429 3252 vero
2498 3197 2637 3268 ipsa,
2712 3213 2826 3267 qua
2888 3193 3358 3249 illuminabuntur

132 3277 245 3333 Filio
270 3289 410 3337 esset
440 3284 561 3337 ulla
588 3282 768 3337 forma
796 3284 939 3337 servi
966 3288 1245 3354 suscepta,
1294 3302 1318 3334 α
1352 3283 1507 3338 Vidit
1535 3284 1684 3338 Dens
1764 3288 2099 3353 haecomnia,
2117 3305 2239 3357 quae
2255 3287 2497 3351 modoin
2514 3285 2775 3341 cordibus
2799 3284 3199 3346 reconduntur,
3224 3296 3357 3351 qua-

130 3365 296 3435 lucem,
328 3371 455 3441 quia
483 3372 635 3426 bona
656 3379 759 3439 est,
792 3378 850 3427 et
875 3373 1296 3426 ﬁrmamentum
1329 3378 1385 3426 et
1432 3388 1586 3426 mare
1627 3379 1683 3428 et
1765 3377 1834 3431 lis
1853 3383 1952 3431 aut
1971 3382 2182 3447 quanta
2210 3376 2284 3429 sit
2308 3376 2433 3445 quis
2474 3375 2667 3443 lingua
2694 3373 2959 3443 proferat,
2993 3371 3120 3441 quis
3158 3368 3358 3423 saltem

128 3456 310 3513 aridam
330 3466 386 3514 et
404 3477 575 3515 omne
595 3461 783 3514 fenum
802 3466 970 3529 atque
1009 3476 1176 3515 omne
1194 3462 1432 3531 lignum,
1484 3462 1679 3526 solem,
1766 3465 2017 3519 humana
2042 3470 2232 3518 mente
2255 3462 2843 3531 contingattProfecto
2877 3460 2971 3513 lux
2999 3459 3096 3511 illa
3125 3458 3245 3527 ipsa
3274 3461 3361 3508 est

127 3543 530 3613 lunam,stellas,
566 3550 787 3618 reptilia
806 3548 1121 3603 animarum
1144 3550 1413 3615 vivarum,
1438 3549 1686 3604 volatilia
1768 3554 1934 3617 Deus,
1954 3552 2219 3622 quoniam
2240 3552 2389 3607 Deus
2412 3570 2438 3603 ι
2456 3552 2548 3604 lux
2570 3556 2672 3614 est,
2706 3555 2762 3602 et
2790 3547 3035 3602 tenebrae
3064 3547 3122 3599 in
3153 3562 3217 3598 eo
3246 3556 3357 3597 non

124 3634 1687 3699 celi,animamvivam.PostremoetiamviditDeusomnia
1767 3641 2041 3697 suntullae
2071 3640 2247 3708 (Joan.
2279 3656 2312 3705 ε,
2346 3639 2435 3703 4);
2471 3657 2497 3691 ›)
2551 3638 2645 3692 sed
2693 3638 2783 3690 lux
2828 3636 3102 3689 mentium
3150 3648 3358 3702 purga-

126 3738 225 3790 quze
244 3725 385 3792 fecit,
407 3734 615 3781 etecce
636 3726 782 3781 bona
812 3726 967 3780 valde
1000 3728 1150 3794 (Gen.
1184 3744 1222 3791 ι,
1255 3727 1325 3793 4).
1364 3748 1388 3780 ε
1438 3728 1686 3798 Quapro-
1764 3737 1972 3794 tarum,
2000 3745 2113 3784 non
2152 3728 2390 3781 istorum
2420 3726 2671 3798 corporis
2709 3725 3018 3779 oculorum.
3066 3721 3185 3777 Erit
3224 3736 3358 3789 ergo

124 3816 226 3879 pter
250 3814 419 3870 donec
440 3815 701 3885 diligenti
718 3814 1097 3885 inquisitione,
1113 3816 1543 3887 siDominusadj
1553 3834 1684 3871 uve-
1766 3826 1901 3874 tunc
1925 3818 2127 3873 idonea
2146 3833 2303 3871 mens
2324 3816 2380 3869 in
2397 3833 2461 3870 eo
2477 3832 2586 3885 quo
2617 3814 2771 3869 illam
2800 3814 2981 3867 lucem
3012 3810 3198 3865 videat
3208 3808 3357 3879 quod

124 3900 197 3963 ι’ίῒπ
228 3905 535 3973 reperiatur
559 3905 695 3975 quid
725 3903 1034 3959 secundum
1063 3904 1380 3975 Scripturas
1410 3904 1478 3960 de
1516 3906 1683 3976 spiri-
1766 3925 1916 3965 nunc
1928 3925 2044 3963 non
2056 3907 2297 3963 dicerem
2319 3906 2496 3975 [form
2512 3905 2661 3974 quod
2676 3919 2827 3957 nunc
2844 3918 2956 3956 non
2977 3898 3354 3967 dicituresse].

118 3988 198 4053 tali
222 4008 464 4064 corpore,
490 3994 642 4065 quod
663 3994 722 4049 in
747 3992 1156 4049 resurrectione
1170 3994 1539 4063 promittitur,
1553 4011 1684 4065 pro-
1768 3998 1885 4050 Hoc
1909 4000 2097 4052 autem
2118 3995 2313 4049 oculus
2324 3993 2591 4063 corporis,
2617 4008 2798 4062 neque
2813 4007 2962 4044 nunc
2979 3993 3165 4060 potest
3176 4004 3356 4058 neque

120 4075 328 4135 habilius
345 4083 704 4139 sentiendum
721 4080 1060 4147 sit,‘interim
1078 4081 1237 4136 nobis
1256 4082 1516 4148 sufﬁciat,
1538 4082 1684 4153 quod
1767 4092 1901 4142 tunc
1919 4087 2105 4139 videre
2128 4085 2353 4155 poterit.
2380 4084 2560 4138 Omne
2582 4082 2788 4154 quippe
2814 4081 2963 4152 quod
2991 4080 3150 4134 oculo
3168 4093 3359 4148 corpo-

119 4166 413 4238 unigenitus
433 4172 611 4225 Filius
626 4172 890 4242 idemque
909 4170 1186 4224 mediator
1206 4171 1307 4225 Dei
1324 4172 1684 4225 ethominum
1770 4176 1845 4229 ris
1870 4174 2117 4245 conspici
2146 4178 2349 4244 potest,
2387 4172 2443 4224 in
2474 4173 2597 4226 loco
2635 4171 2821 4242 aliquo
2865 4170 2940 4224 sit
2976 4185 3201 4223 necesse
3251 4173 3354 4229 est,

117 4253 261 4311 homo
286 4259 545 4317 Christus
565 4261 728 4314 Jesus
758 4261 838 4313 ita
867 4260 1017 4313 videt
1044 4260 1271 4313 Patrem
1295 4260 1441 4315 sicut
1468 4261 1686 4314 videtur
1766 4281 1870 4318 nec
1898 4264 2106 4334 ubique
2135 4263 2210 4316 sit
2226 4269 2429 4327 totum,
2462 4261 2557 4314 sed
2598 4262 2815 4314 minore
2842 4260 2929 4313 sui
2978 4264 3137 4330 parte
3185 4256 3359 4310 mino-

117 4343 322 4398 aPatre.
342 4346 458 4401 Nos
479 4352 670 4405 autem
694 4347 764 4401 ad
784 4347 936 4401 illam
960 4347 1229 4401 visionem
1247 4348 1369 4413 Dei,
1385 4364 1506 4419 qua:
1524 4347 1686 4402 nobis
1702 4337 1750 4395 D
1769 4369 1888 4407 rem
1904 4353 2092 4406 locum
2113 4358 2361 4421 occupet,
2392 4356 2449 4405 et
2468 4351 2684 4418 majore
2714 4351 3005 4418 majorem.
3030 4348 3153 4400 Non
3174 4346 3255 4398 ita
3271 4350 3361 4397 est

116 4429 165 4483 in
181 4437 578 4490 resurrectione
592 4437 1083 4506 promittiturmon
1099 4453 1164 4489 ex
1184 4437 1289 4493 hoc
1301 4437 1507 4492 mundo
1521 4438 1685 4497 istam
1768 4443 1917 4496 Deus
1946 4440 2234 4495 invisibilis
2258 4446 2315 4493 et
2343 4438 2804 4508 incorruptibilis,
2846 4436 2941 4505 qui
2987 4436 3136 4488 solus
3192 4432 3360 4486 habet

116 4524 599 4593 concupiscentiam
623 4524 909 4578 oculorum
929 4525 1234 4581 transferre
1262 4542 1546 4587 conemur,
1588 4527 1687 4580 sed
1768 4529 2249 4583 immortalitatem
2307 4534 2365 4582 et
2404 4529 2586 4580 lucem
2634 4526 2849 4579 habitat
2896 4521 3352 4583 inaccessibilem,

116 4612 429 4673 mundandis
450 4610 712 4671 cordibus
730 4613 824 4689 pio
845 4614 1175 4669 studeamus
1195 4616 1394 4669 allectu
1420 4632 1553 4681 ;nec
1570 4631 1688 4668 cor-
1770 4636 1936 4689 quem
1964 4634 2131 4673 nemo
2158 4616 2448 4671 hominum
2476 4615 2615 4668 vidit
2642 4631 2745 4668 nec
2772 4613 2959 4666 videre
3000 4616 3200 4682 potest.
3256 4612 3361 4664 Per

126 410 133 419 ‘
162 329 274 385 l277
1370 322 1465 377 DE
1500 322 1822 379 VIDENDO
1860 323 2081 380 DEUM.

154 1086 285 1140 quam
312 1068 549 1122 videatur
576 1067 789 1121 inloco.
809 1068 931 1121 J‘am
952 1075 1142 1121 utrum
1164 1069 1339 1138 possit
1361 1069 1528 1137 hujus
1562 1085 1684 1121 cor-

153 1160 267 1230 poris
280 1158 437 1212 oculis
450 1156 620 1210 videri
632 1156 845 1226 aliquid
864 1157 1012 1226 quod
1025 1157 1081 1210 in
1096 1158 1214 1210 loco
1230 1173 1343 1210 non
1352 1156 1588 1210 videtur.
1616 1156 1691 1227 ab

151 1249 210 1301 eis
234 1246 314 1317 qui
339 1247 434 1299 hoc
461 1246 646 1298 valent
676 1245 1000 1299 disserendo
1031 1252 1368 1308 monstrare,
1391 1256 1517 1298 cum
1551 1261 1685 1315 pace

149 1334 411 1388 dilectionis
430 1334 623 1387 audire
645 1339 876 1404 paratus
897 1350 1043 1397 sum,
1063 1340 1122 1386 et
1142 1333 1289 1403 quod
1310 1350 1400 1386 me
1418 1340 1603 1386 movet
1628 1333 1684 1385 in

148 1423 670 1477 communescnferre.
688 1423 980 1475 Postremo
994 1422 1127 1492 quia
1139 1422 1191 1475 id
1215 1422 1363 1491 quod
1405 1438 1507 1490 ego
1520 1421 1686 1474 inilla

146 1511 339 1582 epistola
354 1528 471 1564 mea
486 1510 600 1564 dixi
620 1511 689 1564 de
708 1510 832 1563 istis
850 1516 1055 1564 nostrae
1085 1510 1273 1563 carnis
1305 1510 1500 1574 oculis,
1551 1510 1687 1580 quia

113 4699 339 4766 poralem
366 4702 569 4755 faciem
617 4702 945 4771 cogitemus,
991 4720 1117 4758 cum
1157 4702 1304 4757 dicat
1348 4704 1680 4773 Apostolus:

115 4805 137 4831 ι
166 4787 422 4845 Videmus
452 4808 602 4849 nunc
630 4807 733 4862 per
772 4793 1058 4863 speculum
1108 4793 1166 4845 in
1210 4792 1503 4862 aenignate,
1556 4800 1687 4847 tunc

113 4882 281 4931 autem
305 4878 445 4932 facie
476 4880 545 4933 ad
574 4880 769 4943 faciem
800 4882 857 4946 (Ι
882 4882 1001 4935 Cor.
1053 4897 1171 4946 xm,
1212 4880 1336 4951 1'2);
1383 4907 1407 4933 »
1452 4898 1686 4952 praeser-

110 4962 200 5017 tim
227 4967 356 5036 quia
368 4969 673 5043 Apostolus
703 4969 1014 5041 expressius
1040 4970 1207 5024 dixit:
1248 4988 1271 5020 «
1301 4971 1462 5025 Nunc
1482 4971 1596 5025 scio
1622 4988 1688 5041 ex

112 5060 271 5120 parte,
301 5063 437 5111 tunc
467 5065 656 5113 autem
682 5075 1011 5128 cognoscam
1040 5059 1183 5113 sicut
1212 5066 1267 5112 et
1297 5060 1687 5130 cognitussum

107 5140 279 5211 (112211.)
304 5164 315 5211 ς
354 5168 378 5197 »
417 5147 466 5199 si
487 5164 620 5217 ergo
648 5152 783 5201 tunc
810 5148 1083 5217 corporali
1108 5148 1286 5203 Deum
1322 5149 1459 5207 facie
1479 5166 1686 5219 cogno-

112 5246 333 5296 scamus,
366 5236 641 5306 corporali
673 5252 819 5293 nunc
858 5237 981 5306 ejus
1030 5236 1171 5295 facie
1221 5239 1425 5307 cogniti
1470 5255 1682 5303 sumus,

112 5334 134 5367 α
164 5324 289 5374 tunc
310 5323 463 5376 enim
485 5340 833 5395 cognoscam,
858 5342 884 5377 ι)
908 5325 1110 5396 inquit,
1139 5346 1162 5379 α
1196 5327 1339 5380 sicut
1357 5334 1415 5381 et
1432 5327 1689 5397 cognitus

109 5423 242 5461 sum.
279 5431 299 5459 ι)
331 5412 495 5466 Unde
525 5413 648 5483 quis
676 5430 805 5473 eum
827 5430 938 5469 non
966 5414 1244 5484 intelligat
1274 5433 1337 5469 eo
1368 5417 1487 5471 loco
1519 5416 1686 5473 etiam

111 5504 348 5552 nostram
381 5500 578 5567 faciem
632 5502 783 5571 illam
828 5502 1143 5573 signiﬁcare
1187 5504 1423 5557 voluisse
1464 5505 1535 5558 de
1579 5522 1691 5575 qua

110 5583 233 5639 dicit
264 5588 376 5657 alio
407 5589 525 5643 loco
550 5631 560 5642 .
595 5610 619 5643 ς(
654 5592 768 5647 Nos
797 5599 985 5646 autem
1014 5592 1258 5651 revelata
1288 5592 1425 5646 facie
1450 5593 1691 5663 gloriam

1772 4707 1874 4761 hoc
1909 4707 2061 4762 enim
2091 4705 2262 4759 videri
2295 4704 2364 4759 ab
2394 4703 2624 4758 homine
2656 4719 2768 4756 non
2807 4707 3023 4772 potest,.
3057 4717 3158 4771 per
3212 4699 3360 4770 quod

1768 4796 1918 4850 videt
1942 4796 2108 4849 homo
2129 4810 2361 4864 corpore
2374 4809 2623 4863 corpora.
2640 4793 2783 4845 Nam
2806 4791 2853 4845 si
2868 4797 2926 4844 et
2946 4790 3226 4844 mentibus
3245 4790 3361 4859 pio-

1769 4902 1895 4938 rum
1926 4890 2075 4939 esset
2104 4881 2495 4937 inaccessibilis
2550 4897 2661 4935 non
2708 4881 3007 4943 diceretur,
3057 4900 3080 4929 ι
3117 4877 3360 4932 accedite

1769 4973 1840 5026 ad
1871 4988 1999 5027 eum
2048 4978 2106 5026 et
2143 4969 2597 5033 illuminabimini
2626 4972 2792 5032 (Psal.
2840 4984 3032 5029 xxxm,
3055 4965 3137 5033 6);
3176 4985 3198 5015 ι
3231 4972 3289 5017 et
3313 4965 3359 5018 si

1770 5060 2053 5116 mentibus
2101 5060 2321 5130 piorum
2364 5065 2512 5113 esset
2546 5057 2857 5121 invisibilis,
2910 5073 3019 5110 non
3060 5055 3356 5119 diceretur,

1773 5169 1798 5204 α
1832 5150 2141 5205 videbimus
2177 5165 2307 5202 eum
2339 5147 2503 5202 sicuti
2547 5152 2651 5201 est.
2693 5148 2837 5201 Nam
2884 5144 3134 5215 perspice
3180 5148 3359 5197 totam

1770 5241 1952 5311 ipsam
2002 5238 2059 5292 in
2102 5237 2347 5307 Epistola
2376 5235 2606 5290 Joannis
2648 5235 3011 5289 sententiam:
3051 5252 3074 5283 «
3108 5232 3359 5285 Dilectis-

1771 5328 1916 5392 simi,
1951 5327 2152 5396 inquit,
2206 5324 2306 5378 ﬁlii
2336 5324 2435 5377 Dei
2464 5340 2681 5387 sumus,
2718 5329 2774 5375 et
2816 5322 3062 5375 nondum
3100 5321 3361 5391 apparuit

1773 5417 1917 5488 quod
1946 5416 2155 5470 erimus
2175 5434 2187 5475 ;
2221 5414 2425 5468 scimus
2455 5412 2587 5482 quia
2603 5428 2730 5465 cum
2765 5410 3104 5481 apparuerit,
3148 5410 3359 5465 similes

1771 5505 2090 5569 illierimus,
2108 5504 2373 5574 quoniam
2392 5500 2699 5555 videbimus
2717 5517 2845 5554 eum
2864 5498 3028 5554 sicuti
3047 5501 3357 5565 est(l.loan.

1773 5610 1856 5655 ιιι,
1886 5594 1962 5660 2).
2000 5614 2025 5646 ι)
2060 5594 2123 5647 In
2153 5600 2375 5647 tantum
2396 5607 2531 5660 ergo
2552 5589 2879 5655 videbimus,
2912 5589 2969 5643 in
2989 5594 3263 5659 quantum
3292 5588 3362 5641 si-
