3892 6150
525 339 658 400 1279

1105 344 1168 400 Β.
1210 345 1482 404 RABANI
1521 349 1752 407 MAURI
1790 340 2126 406 ARCHIEP.
2166 343 2489 404 MOGUNT.
2529 344 2827 404 OPERUM
2868 343 3053 398 PARS
3089 345 3182 399 ΙΙΙ.

3574 349 3674 408 1280

518 469 680 524 miles
717 469 948 536 erimus,
973 471 1106 542 quia
1124 477 1182 526 et
1201 488 1351 528 nunc
1369 473 1428 528 in
1453 479 1676 529 tantum
1714 491 1826 529 non
1850 475 2163 536 videmusA
2185 473 2651 539 consenserimus,
2677 471 3217 543 argumentationem
3257 489 3403 528 suam
3441 493 3500 529 ex
3533 485 3678 530 nostin

516 557 576 611 in
587 563 858 628 quantum
876 557 1174 614 dissimiles
1193 573 1408 616 sumus.
1434 563 1569 618 Inde
1592 553 1766 634 igitur
1778 563 2106 630 videbimtis,

517 646 666 700 unde
693 642 906 701 similes
928 649 1158 702 erimus.
1180 650 1316 714 Quis
1331 657 1522 706 autem
1551 651 2008 707 dementissimus
2029 649 2110 706 di-

433 747 438 753 '
515 735 660 789 xerit
685 751 918 807 corpore
945 753 1048 792 nos
1090 738 1178 792 vel
1224 755 1346 792 esse
1373 739 1459 793 vel
1499 739 1718 794 futuros
1747 757 1868 794 esse
1895 740 2106 795 similes

515 823 672 878 Deo?
692 825 756 879 In
776 824 1041 880 interiore
1059 825 1249 898 itaque
1265 828 1492 882 homine
1515 828 1625 882 ista
1653 828 1960 883 similitudo
1989 834 2102 896 est;

517 911 612 983 qui
634 918 936 968 renovatur
949 915 1007 968 in
1034 915 1320 986 agnitione
1339 916 1460 982 Dei,
1485 917 2107 988 secundumimaginem

516 1001 639 1070 ejus
660 1000 755 1072 qui
770 1001 978 1058 creavit
995 1019 1143 1065 eum,
1161 1010 1219 1058 et
1227 1009 1385 1060 tanto
1406 1003 1681 1061 efﬁcimur
1694 1001 1990 1060 similiores
2006 1000 2104 1072 illi,

517 1094 728 1159 quanto
745 1091 924 1162 magis
955 1087 1014 1146 in
1041 1093 1164 1164 ejus
1185 1095 1502 1165 cognitione
1521 1100 1579 1150 et
1597 1096 1869 1150 charitate
1893 1096 2110 1167 proﬁci-

515 1191 662 1245 mus,
683 1179 816 1251 quia
825 1186 884 1235 et
896 1180 944 1234 si
959 1182 1202 1238 exterior
1211 1183 1380 1238 homo
1393 1189 1584 1239 noster
1601 1184 1996 1256 corrumpitur,
2013 1185 2110 1238 sed

516 1267 751 1322 interior
768 1276 1068 1325 renovatur
1091 1271 1160 1326 de
1172 1271 1264 1326 die
1278 1272 1516 1326 indiem.
1545 1274 1631 1327 Ita
1659 1290 1794 1328 sane
1826 1281 1890 1328 ut
1919 1274 1978 1328 in
2005 1274 2111 1328 hac

515 1355 630 1411 vita
660 1364 1125 1431 quantuscunque
1146 1361 1424 1432 profectus
1445 1359 1536 1428 sit,
1566 1359 1730 1434 longe
1759 1361 1904 1417 absit
1931 1361 2000 1416 ab
2013 1362 2111 1417 illa

516 1445 854 1517 perfectione
911 1445 1294 1503 similitudinis
1337 1466 1463 1520 quae
1509 1449 1713 1504 idonea
1757 1451 1866 1504 erit
1911 1451 1982 1505 ad
2033 1449 2111 1505 vi-

515 1534 761 1606 dendum
781 1536 980 1602 Deum,
1001 1537 1147 1592 sicut
1165 1537 1301 1592 dicit
1317 1539 1620 1610 Apostolus
1656 1558 1704 1592 ει
1741 1539 1904 1595 Facie
1933 1540 2005 1594 ad
2032 1539 2110 1594 fa-

517 1621 660 1675 ciem
682 1624 732 1690 (I
751 1623 872 1677 Cor.
893 1641 928 1687 ι,
951 1622 1056 1686 12).
1081 1643 1104 1675 ι
1125 1625 1191 1680 In
1223 1625 1424 1696 quibus
1454 1633 1604 1680 certe
1631 1625 1814 1680 verbis
1843 1627 1891 1681 si
1917 1643 2110 1699 corpo-

517 1709 691 1764 ralem
719 1711 918 1766 faciem
947 1713 1285 1768 voluerimus
1315 1715 1586 1786 accipere,
1617 1731 1965 1787 consequens
2002 1717 2110 1772 erit

2192 562 2550 634 responsione
2595 563 2946 616 concludant.
2993 563 3208 626 Quanto
3250 563 3360 631 jam
3400 563 3679 621 tolerabilius

2189 650 2470 723 desipiunt
2500 649 2596 724 qui
2623 667 2851 706 carnem
2879 656 3136 705 asserunt
3173 667 3484 706 emersurum
3505 652 3552 706 in
3587 654 3682 708 sub-

2189 741 2452 796 stantiam
2481 742 2602 808 Dei,
2625 748 2682 796 et
2710 742 2814 796 hoc
2829 741 3077 796 futuram
3105 755 3222 793 esse
3243 740 3379 810 quod
3398 741 3524 794 Deus
3538 749 3620 806 est,
3635 749 3682 796 ut

2189 831 2268 885 sic
2295 848 2418 885 eam
2441 831 2642 886 saltem
2664 830 2902 886 videndo
2928 829 3137 884 faciant
3153 827 3412 894 idoneam,
3433 845 3558 883 nunc
3567 837 3685 886 tanta

2189 919 2511 974 diversitate
2539 919 2888 974 dissimilem.
2909 919 3090 983 Quam
3122 917 3409 970 vanitatem
3433 919 3570 973 credo
3589 919 3687 973 istos

2191 1007 2396 1063 habere
2417 1025 2450 1062 a
2469 1009 2578 1063 ﬁde
2598 1023 2718 1074 sua,
2742 1007 2978 1061 fortasse
2999 1012 3056 1060 et
3073 1005 3144 1059 ab
3163 1005 3395 1060 auribus.
3421 1007 3480 1060 Et
3495 1014 3645 1063 tamen
3656 1010 3688 1061 si

2193 1099 2630 1170 interrogatione
2659 1099 2728 1152 de
2751 1098 2857 1152 hoc
2882 1097 3142 1151 similiter
3158 1102 3462 1166 urgeantur,
3483 1099 3690 1168 possitne

2193 1189 2297 1242 hoc
2327 1189 2476 1244 Deus
2509 1204 2581 1242 an
2611 1203 2722 1242 non
2752 1185 2930 1258 possit
2973 1185 3220 1251 efﬁcere;
3267 1189 3444 1238 utrum
3486 1187 3586 1255 ejus
3621 1205 3692 1258 po-

2193 1277 2382 1332 testati
2434 1277 2750 1336 detrahent.
2799 1277 2848 1330 si
2897 1293 3010 1330 non
3045 1293 3208 1347 posse
3249 1274 3608 1346 responderint,
3643 1293 3694 1330 an

2190 1365 2294 1420 hoc
2339 1366 2592 1420 futurum
2639 1365 2982 1432 fatebuntur,
3031 1366 3077 1419 si
3137 1382 3294 1436 posse
3343 1364 3698 1419 consenserint?

2190 1454 2481 1520 Quomodo
2525 1470 2658 1524 ergo
2698 1453 2915 1508 exirent
2951 1453 3021 1508 de
3058 1453 3165 1508 hoc
3198 1453 3390 1524 laqueo
3433 1453 3601 1517 alieno,
3640 1451 3696 1506 sic

2190 1547 2390 1597 exeant
2443 1541 2512 1596 de
2566 1557 2684 1596 suo.
2741 1541 2955 1596 Deinde
3003 1557 3105 1595 cur
3149 1541 3281 1595 solis
3317 1539 3476 1596 oculis
3513 1542 3698 1612 corporis

2191 1632 2397 1688 Christi
2425 1631 2532 1686 hoc
2551 1631 2756 1687 donum
2787 1630 3126 1686 attributum
3143 1647 3262 1686 esse
3281 1629 3601 1693 contendunt,
3618 1646 3696 1682 non

2191 1722 2362 1778 etiam
2391 1725 2606 1778 ceteris
2634 1723 2888 1780 sensibus
2905 1725 2932 1779 ?
2981 1725 3166 1780 Sonus
3201 1737 3332 1794 ergo
3359 1719 3460 1774 erit
3485 1719 3621 1784 Deus,
3655 1723 3701 1772 ut

517 1803 582 1852 ut
609 1799 779 1854 etiam
808 1801 956 1855 Deus
983 1801 1153 1856 talem
1179 1801 1384 1857 habeat
1411 1803 1609 1858 faciem
1654 1811 1719 1859 ut
1761 1805 1836 1859 sit
1883 1798 2172 1877 aliquodB
2191 1811 2368 1883 possit
2393 1807 2561 1867 etiam
2580 1808 2810 1868 auribus
2830 1806 3150 1886 percipi?et
3167 1813 3368 1868 halitus
3387 1808 3700 1884 erit,utpossit

515 1886 872 1942 intervallum
929 1889 1078 1944 inter
1113 1898 1386 1946 nostram
1434 1898 1493 1946 et
1536 1893 1734 1963 ipsius,
1787 1911 1914 1950 cum
1978 1912 2108 1950 eum

517 1975 980 2032 videbimusfacie
999 1979 1070 2033 ad
1089 1979 1314 2034 faciem:
1334 1987 1393 2034 et
1419 1981 1467 2035 si
1497 1981 1876 2051 intervallum,
1913 1985 2108 2056 utique

517 2064 645 2118 ﬁnis
659 2071 717 2120 et
727 2065 1105 2122 membrorum
1120 2067 1345 2124 habitus
1357 2075 1414 2124 et
1423 2070 1717 2137 terminus,
1731 2077 1836 2126 etc.
1845 2071 2108 2137 ,absurda

517 2151 784 2226 dictuque
813 2161 871 2209 et
897 2155 1146 2225 cogitatu
1177 2157 1367 2228 impia,
1400 2158 1602 2229 quibus
1637 2159 1898 2215 animalis
1937 2162 2106 2218 homo

517 2257 629 2296 non
658 2243 972 2314 percipiens
994 2261 1119 2316 quae
1143 2252 1276 2300 sunt
1305 2247 1547 2318 Spiritus
1575 2248 1696 2314 Dei,
1733 2249 2107 2305 fallacissimis

515 2330 857 2386 vanitatibus
886 2332 1160 2388 illuditur.
1194 2334 1400 2389 Dicunt
1427 2337 1577 2391 enim
1613 2337 1844 2408 quidam
1887 2355 2104 2400 eorum.

517 2419 613 2490 qui
639 2419 776 2474 talia
786 2421 1064 2492 garriunt,
1091 2425 1238 2478 sicut
1265 2425 1337 2478 ad
1363 2441 1452 2479 me
1481 2425 1664 2496 potuit
1681 2427 1990 2497 pervenire,
2007 2445 2108 2484 nos

515 2507 695 2562 Deum
716 2508 922 2575 videre,
944 2526 1092 2565 nunc
1114 2518 1303 2567 mente
1314 2519 1448 2568 tunc
1476 2530 1726 2586 corpore.
1753 2517 1839 2570 Ita
1865 2517 2108 2572 utetiam

515 2596 718 2667 impios
745 2613 872 2652 cum
894 2599 1016 2669 pari
1035 2601 1202 2655 modo
1214 2609 1537 2657 asseverent
1563 2620 1684 2658 esse
1713 2605 1946 2660 visuros.
1969 2607 2109 2661 Vide

516 2691 790 2754 quantum
807 2688 970 2757 pejus
991 2688 1347 2759 profecerunt
1368 2691 1503 2746 dum
1532 2692 1654 2746 sine
1684 2693 1862 2748 limite
1891 2695 2108 2751 timoris

515 2772 600 2826 vel
627 2773 858 2843 pudoris
895 2775 999 2830 hac
1028 2783 1198 2848 atque
1225 2779 1329 2833 hac
1357 2779 1686 2850 vagabunda
1724 2783 1903 2838 fertur
1930 2783 2111 2856 impu-

515 2860 637 2915 nita
657 2862 986 2933 loquacitas.
1027 2867 1212 2921 Antea
1246 2867 1508 2924 dicebant
1543 2870 1699 2924 carni
1735 2888 1851 2926 suae
1887 2878 2108 2928 tantum

515 2949 622 3004 hoc
648 2951 974 3022 praestitisse
1004 2955 1292 3010 Christum
1306 2963 1372 3012 ut
1387 2959 1670 3030 corporeis
1695 2960 1870 3014 oculis
1899 2961 2112 3017 videret

515 3037 716 3104 Deum,
733 3039 936 3095 deinde
947 3043 1463 3108 addideruntetiam
1485 3063 1678 3101 omnes
1697 3054 1938 3116 sanctos,
1964 3067 2111 3105 rece-

514 3125 626 3196 ptis
654 3126 712 3180 in
743 3131 1152 3186 resurrectione
1165 3132 1513 3203 corporibus,
1539 3135 1736 3189 eodem
1749 3138 1914 3192 modo
1927 3139 2109 3194 Deum

516 3230 638 3269 esse
666 3216 904 3270 visuros.
935 3219 1100 3274 Nunc
1115 3221 1236 3290 jam
1277 3221 1442 3276 istam
1470 3222 1898 3294 possibilitatem
1939 3227 2110 3282 etiam

513 3303 703 3374 impiis
729 3305 1096 3362 donaverunt.
1123 3309 1346 3364 Donent
1366 3327 1502 3365 sane
1523 3318 1798 3383 quantum
1827 3315 2039 3382 volunt,
2054 3323 2112 3372 et

517 3391 720 3462 quibus
748 3395 961 3450 volunt.
985 3395 1130 3451 Nam
1152 3398 1278 3468 quis
1293 3399 1501 3454 audeat
1523 3402 1907 3458 contradicere
1934 3405 2112 3460 homi-

514 3478 680 3536 nibus
701 3481 772 3535 de
792 3499 894 3537 suo
913 3484 1290 3540 donantibus?
1309 3488 1404 3558 qui
1433 3489 1585 3546 enim
1609 3491 1860 3563 loquitur
1886 3494 2113 3549 menda-

511 3567 661 3623 cium
689 3571 758 3624 de
783 3587 886 3626 suo
913 3573 1188 3644 loquitur:
1221 3581 1284 3630 tu
1315 3583 1507 3630 autem
1537 3595 1664 3632 cum
1694 3580 1781 3634 his
1809 3581 2112 3652 quisanam

512 3657 824 3714 doctrinam
853 3667 1068 3728 tenent,
1100 3663 1239 3717 nihil
1269 3663 1508 3720 istorum
1522 3667 1731 3722 audeas
1759 3685 2032 3742 usurpare
2042 3673 2112 3727 de

511 3751 630 3800 tuo.
661 3747 769 3802 Sed
785 3764 914 3802 cum
931 3749 1098 3821 legis:
1139 3770 1163 3801 ο
1196 3753 1355 3807 Beati
1385 3755 1596 3810 mundo
1627 3757 1812 3824 corde,
1845 3760 2112 3829 quoniam

511 3833 618 3904 ipsi
644 3835 826 3890 Deum
863 3837 1132 3894 videbunt
1171 3841 1394 3910 (Matth.
1434 3860 1486 3908 v,
1528 3843 1602 3916 8;,
1651 3865 1676 3898 ι
1712 3845 1963 3918 intellige
2006 3849 2110 3904 im-

510 3922 634 3993 pios
659 3940 773 3979 non
806 3926 1040 3995 visuros,
1091 3945 1274 4000 neque
1315 3931 1468 3985 enim
1505 3931 1656 3988 beati
1690 3936 1901 3990 mundo
1943 3939 2110 3993 corde

510 4018 645 4065 sunt
670 4012 848 4084 impii.
881 4015 1024 4070 Item
1053 4033 1180 4070 cum
1211 4018 1386 4088 legis:
1428 4040 1450 4068 ι
1483 4021 1814 4078 Videbimus
1844 4041 1992 4081 nunc
2011 4044 2112 4098 per

2191 1901 2394 1956 olfactu
2421 1902 2730 1958 sentiri7et
2762 1904 2948 1974 liquor
2988 1904 3196 1974 aliquis
3225 1904 3346 1961 erit.
3393 1909 3453 1957 ut
3491 1900 3630 1975 possit
3661 1905 3701 1956 et

2188 1989 2302 2044 bibi
2321 1991 2345 2043 ?
2365 1997 2420 2045 et
2433 1993 2608 2048 moles
2629 1992 2753 2057 erit,
2777 1999 2842 2048 ut
2859 1993 3104 2064 possitet
3119 1995 3278 2064 tangi
3293 1995 3318 2046 ?
3336 1995 3468 2060 Non,
3482 1993 3698 2064 inquiunt.

2190 2077 2334 2143 Quid
2357 2096 2489 2150 ergo
2509 2079 2534 2134 7
2554 2081 2641 2135 An
2660 2081 2797 2136 illud
2816 2087 3002 2154 potest
3018 2082 3189 2145 Deus,
3212 2088 3270 2136 et
3291 2083 3390 2136 hoc
3409 2097 3506 2136 non
3533 2079 3702 2152 potest?

2192 2167 2250 2223 Si
2281 2185 2392 2222 non
2421 2185 2582 2240 posse
2610 2169 2870 2236 dixerint,
2901 2187 3000 2225 cur
3043 2171 3320 2242 derogant
3361 2168 3703 2240 omnipotentiae

2190 2257 2334 2312 Dei?
2355 2259 2414 2313 Si
2436 2275 2598 2329 posse
2627 2265 2682 2312 et
2701 2259 2849 2313 nolle
2877 2260 3290 2331 responderint,
3315 2276 3410 2314 cur
3434 2257 3550 2312 solis
3572 2257 3702 2311 oculis

2189 2345 2393 2408 favent,
2451 2347 2701 2402 invident
2732 2354 2935 2402 autem
2981 2349 3199 2404 caeteris
3242 2348 3484 2404 sensibus
3516 2345 3704 2417 corporis

2190 2433 2435 2490 Christi?
2463 2437 2592 2492 Haec
2621 2435 2690 2491 de
2719 2435 3000 2508 opusculis
3047 2437 3105 2493 S.
3154 2435 3463 2508 Augustini,
3491 2433 3706 2489 Ambrosii

2192 2531 2361 2596 atque
2389 2525 2719 2598 Hieronymi
2740 2527 3137 2598 excerpsimus.
3154 2528 3318 2582 Nunc
3337 2525 3462 2598 quid
3475 2525 3535 2578 de
3551 2523 3709 2576 visione

2189 2613 2291 2668 Dei
2317 2613 2508 2668 futura
2537 2615 2600 2670 B.
2616 2615 2922 2685 Gregorius
2943 2615 3187 2670 senserit
3199 2619 3575 2686 consequenter
3589 2625 3710 2682 pone-

2191 2718 2335 2768 mus,
2369 2703 2464 2774 qui
2493 2702 2550 2756 in
2580 2703 2923 2776 expositione
2951 2703 3101 2759 beati
3131 2705 3238 2760 Job
3278 2703 3415 2759 libro
3441 2711 3604 2758 octavo
3641 2700 3710 2754 de-

2191 2789 2354 2858 cimo,
2378 2791 2510 2846 dum
2534 2793 2603 2846 de
2623 2793 2834 2848 visione
2849 2793 3048 2848 divinae
3067 2794 3328 2849 essentiae
3346 2797 3585 2847 tractaret
3599 2789 3709 2842 illam

2191 2881 2528 2934 sententiam
2567 2881 2636 2934 de
2667 2879 2807 2936 libro
2856 2881 3029 2936 Exodi
3074 2898 3249 2952 quam
3294 2881 3546 2936 Dominus
3582 2877 3712 2948 Moysi

2191 2969 2403 3039 petenti
2435 2976 2499 3023 ut
2521 2969 2573 3024 ei
2619 2969 3006 3024 manifestaret
3051 2971 3436 3042 semetipsum,
3483 2967 3710 3022 manifeste

2191 3059 2425 3127 protulit
2443 3058 2500 3112 in
2521 3059 2770 3112 medium
2791 3059 2998 3113 dicens.
3013 3047 3162 3114 Huic
3175 3059 3470 3115 Dominire
3490 3053 3714 3112 sententia

2191 3163 2302 3217 qua
2313 3147 2383 3200 ad
2404 3147 2634 3218 Moysen
2655 3147 2888 3202 dicitur:
2916 3166 2942 3199 α
2957 3149 3082 3202 Non
3102 3149 3259 3202 enim
3279 3147 3481 3202 videbit
3499 3162 3574 3199 me
3593 3145 3713 3196 homo

2191 3243 2248 3290 et
2275 3235 2420 3289 vivet
2445 3237 2637 3306 (Exod.
2673 3253 2862 3304 xxxm,
2887 3236 2998 3306 20),
3034 3257 3060 3289 ι
3092 3237 3368 3293 Joannem
3397 3235 3518 3291 audi
3541 3247 3714 3288 concor-

2191 3323 2462 3390 dantem,
2511 3325 2608 3396 qui
2647 3327 2762 3380 ait:
2823 3347 2843 3378 ι
2895 3327 3072 3381 Deum
3125 3343 3295 3381 nemo
3351 3326 3480 3379 vidit
3527 3336 3714 3392 unquam

2194 3415 2372 3476 (Ιοαηο
2407 3428 2446 3480 Ι,
2479 3413 2556 3482 8).
2591 3434 2614 3464 ι
2650 3415 2760 3470 Sed
2797 3431 2924 3469 cum
2962 3415 3294 3470 testamenti
3336 3413 3540 3468 Veteris
3581 3415 3717 3482 patres

2192 3501 2433 3566 intueor,
2465 3504 2672 3558 multos
2713 3505 2934 3568 horum,
2975 3511 3121 3558 teste
3163 3505 3287 3575 ipsa
3321 3520 3488 3557 sacrm
3525 3495 3717 3554 lectionis

2195 3588 2448 3653 historia,
2484 3591 2659 3646 Deum
2683 3592 2886 3646 vidisse
2907 3609 3202 3662 cognosco.
3227 3592 3382 3646 Vidit
3398 3590 3584 3662 quippe
3597 3582 3718 3640 Jacob

2193 3679 2514 3745 Dominum,
2544 3680 2639 3752 qui
2659 3681 2740 3735 ait
2765 3699 2776 3734 :
2803 3699 2830 3734 α
2851 3681 2976 3736 Vidi
2993 3681 3300 3736 Dominum
3321 3681 3458 3734 facie
3473 3679 3538 3732 ad
3556 3675 3716 3730 faciem.

2197 3774 2255 3822 et
2293 3769 2446 3823 salva
2483 3769 2632 3824 facta
2667 3775 2750 3824 est
2789 3770 2978 3824 anima
3016 3785 3144 3824 mea
3185 3770 3339 3841 (Gen.
3385 3783 3547 3832 xxxn,
3579 3763 3671 3832 30).
3701 3777 3716 3810 ν

2192 3855 2346 3911 Vidit
2375 3858 2596 3930 Moyses
2624 3859 2944 3922 Dominum,
2967 3859 3038 3913 de
3053 3876 3166 3931 quo
3185 3860 3452 3931 scriptum
3474 3863 3580 3911 est:
3609 3874 3626 3903 ι
3651 3852 3720 3905 LO‘

2192 3933 2470 4016 quebatur
2500 3947 2772 4002 Dominus
2791 3945 2858 4002 ad
2874 3947 3106 4020 Moysen
3127 3945 3271 4004 facie
3293 3947 3363 4003 ad
3393 3943 3589 4008 faciem,
3618 3935 3720 3994 sicut

2191 4035 2343 4105 loqui
2355 4034 2498 4090 solet
2507 4036 2675 4092 homo
2697 4037 2767 4092 ad
2782 4037 3024 4093 amicum
3040 4053 3207 4093 suum
3228 4039 3414 4106 (Exod.
3430 4028 3721 4099 XXXlll,l‘)J

511 4099 798 4170 speculum
829 4103 886 4157 in
917 4104 1238 4174 aenigmate,
1261 4113 1397 4161 tunc
1423 4115 1616 4164 autem
1645 4111 1785 4166 facie
1811 4114 1882 4168 ad
1910 4114 2109 4171 faciem
2191 4099 2348 4178 Vidit
2372 4124 2476 4179 Job
2501 4126 2825 4194 Dominum,
2842 4129 2939 4200 qui
2963 4127 3072 4181 ait:
3111 4145 3136 4178 (ι
3171 4099 3384 4181 Auditu
3413 4125 3554 4178 auris
3582 4115 3720 4174 audivi

508 4188 568 4256 (Ι
595 4188 717 4242 Cor.
751 4205 871 4256 xm,
914 4190 1021 4261 12),
1068 4213 1094 4246 ι
1129 4194 1279 4248 unde
1313 4211 1462 4250 nunc
1499 4199 1751 4255 videmus
1789 4219 1892 4272 per
1919 4221 2112 4276 specu-
2193 4219 2269 4278 te,
2298 4230 2450 4268 nunc
2466 4220 2654 4271 autem
2674 4188 2878 4271 oculus
2888 4233 3047 4271 meus
3065 4216 3220 4270 videt
3240 4223 3295 4270 te
3309 4217 3445 4290 (Job.
3477 4211 3674 4275 xui,5}.
3703 4225 3718 4255 υ

511 4275 626 4330 lum
655 4276 714 4331 in
744 4279 1061 4349 aenigmate,
1093 4282 1223 4336 inde
1248 4289 1382 4338 tunc
1414 4287 1725 4344 videbimus
1763 4291 1904 4346 facie
1933 4275 2003 4348 ad
2036 4297 2114 4350 t'a-
2194 4301 2348 4357 Vidit
2375 4304 2548 4358 Isaias
2577 4305 3020 4380 Dominum,'qui
3040 4307 3148 4364 ait:
3187 4329 3213 4362 at
3247 4275 3482 4364 In\anno
3508 4317 3604 4376 quo
3618 4311 3726 4350 mor-

507 4363 671 4420 ciem.
703 4367 822 4420 Hoc
834 4373 1023 4422 autem
1037 4376 1344 4442 utrumque
1355 4372 1642 4432 interioris
1651 4379 1894 4436 hominis
1907 4399 2113 4440 munus
2126 4429 2173 4467 η
2195 4396 2325 4444 tuus
2346 4397 2432 4446 est
2449 4409 2546 4448 rex
2567 4395 2729 4449 Ozias
2755 4396 2866 4450 vidi
2887 4363 3190 4454 Dominum
3211 4398 3490 4454 sedentem
3509 4409 3653 4467 super
3667 4405 3728 4446 s0-

507 4458 612 4520 est,
641 4455 962 4511 sivecumin
981 4458 1094 4513 ista
1115 4461 1574 4531 peregrinatione
1605 4467 1788 4522 adhuc
1816 4486 1918 4540 per
1943 4472 2113 4528 ﬁdem

507 4541 849 4610 ambulatur,
881 4546 940 4600 in
965 4564 1078 4619 qua
1089 4549 1272 4603 utitur
1281 4553 1510 4622 speculo
1523 4561 1581 4608 et
1590 4557 1908 4626 aenigmate,
1925 4561 2040 4615 sive
2053 4563 2111 4617 in

505 4631 604 4686 illa
631 4635 819 4704 patria
845 4652 972 4691 cum
1016 4655 1118 4709 per
1160 4639 1404 4710 speciem
1456 4647 1948 4716 contemplabitur,
2008 4669 2110 4722 pro

507 4738 618 4792 qua
649 4723 860 4778 visione
887 4727 1134 4796 positum
1165 4733 1269 4794 est,
1289 4749 1311 4780 ι
1336 4729 1559 4784 faciead
1587 4733 1808 4790 faciem.
1846 4759 1869 4786 ιι
1903 4740 2112 4796 Audiat

503 4826 634 4866 caro
662 4813 981 4868 carnalibus
1011 4816 1447 4887 cogitationibus
1485 4819 1668 4875 ebria:
1731 4823 1974 4894 Spiritus
2027 4835 2112 4884 est

505 4901 672 4966 Deus,
705 4906 762 4954 et
790 4901 916 4956 ideo
932 4903 1278 4974 quiadorant
1305 4907 1488 4961 Deum
1511 4907 1572 4962 in
1584 4910 1786 4981 spiritu
1809 4917 2109 4972 etveritate

503 4989 743 5044 adorare
773 4998 1012 5062 oportet.
1048 4993 1105 5048 Si
1129 4994 1368 5049 adorare
1398 5003 1639 5069 oportet,
1685 4999 1895 5070 quanto
1925 5006 2105 5076 magis

503 5077 689 5133 videre
702 5079 728 5132 ’ἶ
747 5079 887 5145 Quis
905 5081 1056 5135 enim
1077 5083 1286 5138 audeat
1304 5085 1590 5158 affirmare
1609 5088 1710 5144 Dei
1730 5091 2104 5150 substantiam

503 5169 1074 5240 corporalitervideri,
1108 5189 1235 5226 cum
1265 5189 1391 5228 eam
1421 5177 1791 5247 corporaliter
1805 5181 1988 5235 noluit
2013 5183 2108 5236 ad-

503 5257 687 5311 orari?
706 5258 814 5314 Sed
837 5267 1036 5330 argute
1059 5262 1164 5316 sibi
1188 5262 1452 5318 videntur
1469 5265 1656 5320 dicere
1677 5273 1734 5321 et
1755 5271 1914 5339 quasi
1927 5271 2106 5327 inter-

499 5347 748 5416 rogando
779 5364 1064 5418 premere:
1103 5351 1295 5407 Potuit
1324 5360 1592 5424 praestare
1635 5357 1897 5413 Christus
1949 5363 2104 5416 carni

498 5451 614 5489 suae
642 5441 707 5489 ut
733 5437 908 5492 oculis
937 5441 1222 5510 corporeis
1242 5443 1456 5497 videret
1476 5444 1722 5511 Patrem,
1767 5464 1840 5502 an
1865 5465 1975 5504 non
2007 5468 2102 5522 po-

499 5522 648 5576 tuit?
663 5529 722 5577 ut
737 5524 784 5578 si
799 5541 911 5580 non
921 5529 1170 5596 potuisse
1184 5532 1662 5600 responderimus,
1680 5537 2101 5609 omnipotentiae

497 5609 598 5664 Dei
627 5625 730 5664 nos
759 5613 1060 5684 derogasse
1087 5621 1468 5688 proclament;
1509 5622 1554 5675 si
1603 5631 1795 5679 autem
1850 5628 2100 5698 potuisse

2195 4478 2332 4532 lium
2375 4482 2652 4537 excelsum
2679 4491 2738 4538 et
2761 4485 3037 4540 elevatum
3069 4489 3195 4546 llsa.
3229 4505 3304 4554 vi,
3341 4490 3408 4558 1).
3440 4508 3465 4539 »
3493 4485 3626 4539 Vidit
3649 4481 3724 4537 Mi-

2193 4567 2375 4622 chaeas
2393 4569 2714 4639 Dominum,
2747 4574 2841 4643 qui
2871 4574 2980 4629 ait:
3021 4595 3044 4628 ι
3079 4576 3210 4631 Vidi
3249 4577 3538 4634 Dominum
3570 4571 3728 4630 seden-

2192 4662 2308 4712 tem
2339 4675 2508 4729 super
2536 4661 2739 4733 solium
2781 4681 2946 4719 suum
2976 4671 3034 4720 et
3077 4683 3306 4724 omnem
3337 4669 3611 4722 exercitum
3636 4661 3728 4716 caeli

2193 4747 2432 4801 assisten
2441 4753 2554 4802 tem
2571 4751 2621 4804 ei
2646 4768 2681 4806 a
2699 4752 2910 4809 dextris
2924 4761 2980 4810 et
3007 4773 3042 4810 a
3064 4756 3310 4812 sinistris
3330 4760 3421 4830 (ΙΙ.
3459 4760 3578 4813 Par.
3601 4765 3730 4808 XVIII.

2195 4832 2300 4898 18)·
2329 4856 2358 4886 ν
2391 4836 2536 4900 Quid
2567 4845 2653 4894 est
2683 4858 2816 4913 ergo
2874 4846 3020 4915 quod
3069 4852 3154 4901 tot
3188 4847 3520 4902 Testamenti
3563 4841 3732 4898 Veteris
3838 4832 3839 4870 ἒ

2193 4923 2390 4978 Patres
2445 4927 2624 4983 Deum
2684 4947 2744 4985 se
2802 4933 3004 4990 vidisse
3060 4937 3253 4991 testati
3303 4945 3433 4993 sunt
3483 4937 3536 4992 et
3581 4940 3726 4990 tamen

2190 5012 2310 5082 ipse
2338 5014 2456 5070 ait:
2513 5037 2535 5067 ι
2570 5018 2695 5074 Non
2739 5022 2889 5077 enim
2935 5023 3143 5080 videbit
3189 5044 3281 5081 me
3331 5029 3490 5082 homo
3529 5031 3578 5080 et
3619 5023 3724 5074 vivet

2183 5101 2380 5169 (Exod.
2413 5120 2602 5173 xxxiii,
2631 5107 2722 5177 20)
2755 5128 2782 5162 ι
2809 5129 2821 5178 ;
2850 5118 2907 5166 et
2931 5113 3176 5170 Joannes
3204 5117 3288 5170 ait
3312 5135 3323 5170 :
3356 5135 3384 5168 ct
3415 5116 3576 5170 Deum
3599 5126 3723 5167 nemo

2189 5189 2331 5278 vidit
2354 5207 2605 5264 unquam
2630 5199 2805 5262 (Joan.
2843 5217 2878 5254 ι.
2902 5199 2957 5266 8)
2977 5201 3002 5256 ?
3024 5221 3051 5256 ι
3084 5187 3193 5259 nisi
3225 5207 3330 5260 hoc
3356 5207 3495 5278 quod
3522 5209 3723 5276 patente."

2190 5277 2359 5333 datur
2385 5281 2644 5354 intelligi,
2676 5288 2810 5357 quia
2831 5291 3080 5360 quandiu
3107 5294 3198 5348 hic
3229 5277 3532 5350 mortaliter
3569 5288 3720 5344 Vivitur

2187 5366 2363 5457 videri
2392 5387 2493 5440 per
2517 5375 2789 5443 quasdam
2821 5378 3097 5450 imagines
3122 5382 3274 5438 Deus
3302 5391 3493 5456 potest,
3530 5387 3611 5441 sed
3645 5401 3716 5457 per

2187 5453 2367 5524 ipsam
2397 5465 2613 5516 natum
2657 5479 2772 5518 sua:
2814 5469 3054 5538 speciem
3095 5489 3206 5526 non
3249 5481 3443 5546 potest,
3484 5482 3539 5530 nt
3569 5475 3712 5529 anima

2181 5545 2367 5636 gratia
2393 5547 2636 5619 Spiritus
2665 5552 2858 5610 afflata
2878 5573 2980 5628 per
3000 5559 3210 5630 ﬁguras
3231 5545 3487 5636 quasdam
3497 5567 3642 5620 Deum
3657 5565 3710 5616 vi.

2183 5632 2332 5699 deat,
2366 5636 2462 5689 sed
2484 5638 2556 5692 ad
2577 5639 2758 5710 ipsam
2769 5644 2880 5699 vim
2903 5647 3028 5716 ejus
3049 5632 3303 5708 essentia:
3340 5671 3443 5709 non
3462 5655 3704 5726 parting“:

3837 4753 3839 4840 ψ
