3892 6150
194 265 300 325 1⁸281

1365 253 1458 308 DE
1493 242 1852 309 PURIT'ATE
1888 253 2169 309 CORDIS.

3269 263 3412 322 1282

188 391 304 446 Hinc
313 382 533 442 estenim
547 378 690 451 quod
711 376 900 444 Jacob,
917 375 1050 447 quid
1064 375 1244 430 Deum
1266 391 1327 429 se
1340 375 1543 430 vidisse
1554 378 1790 436 testa-A
1814 376 1994 430 Deum
2013 376 2265 431 dicerent
2293 377 2465 432 etiam
2490 379 2547 432 in
2579 380 2678 435 illa
2704 381 2932 452 regione
2961 383 3324 442 beatitudinis
3353 389 3413 444 in

190 487 280 537 tur,
309 477 440 529 hunc
465 485 570 524 non
595 466 704 521 nisi
729 466 786 520 in
823 465 1024 536 angelo
1053 465 1195 518 vidit
1223 483 1235 518 :
1270 465 1404 520 hinc
1447 471 1533 520 est
1579 467 1726 537 quod

186 535 386 635 Movses,
416 558 504 631 qui
532 572 656 610 cum
680 555 795 609 Deo
815 535 954 608 facile
971 554 1042 609 ad
1063 553 1263 608 faciem
1285 554 1554 624 loquitur,
1585 535 1729 610 sicut

190 651 314 722 loqui
337 650 465 703 solet
497 647 660 699 homo
698 660 827 697 cum
861 643 1043 697 amico
1073 660 1194 707 suo,
1236 643 1307 696 ad
1353 643 1535 714 ipsum
1564 643 1730 698 verba

183 758 266 794 sua
291 734 562 791 locutionis
580 738 908 787 convertens
935 731 1073 786 dicit
1102 749 1159 784 ει
1185 732 1244 786 Si
1275 731 1460 787 inveni
1487 733 1729 802 gratiam

183 830 228 882 in
241 828 504 896 conspectu
516 828 632 885 tuo,
649 821 882 876 ostende
893 819 1030 874 mihi
1043 820 1400 891 temetipsum
1413 820 1726 886 manifeste,

183 922 234 970 ut
267 914 462 967 videam
510 917 564 964 te
595 911 780 977 (Exod.
816 926 1003 974 xxxul,
1062 907 1169 977 '13).
1209 930 1233 961 ιι
1281 911 1447 963 Certe
1487 910 1638 964 enim
1683 910 1730 964 si

185 1005 306 1060 Deus
330 1018 432 1056 non
461 1005 597 1064 erat,
631 1015 758 1052 cum
790 1013 900 1069 quo
931 997 1284 1068 loquebatur,
1317 997 1563 1052 Ostende
1593 999 1730 1053 mihi

183 1093 334 1148 Deum
354 1089 569 1152 diceret,
584 1093 642 1142 et
651 1103 780 1150 non,
798 1086 1043 1141 Ostende
1057 1085 1418 1158 temetipsum
1437 1105 1450 1153 ;
1475 1087 1523 1141 si
1539 1092 1730 1142 autem

179 1179 300 1235 Deus
325 1183 586 1232 eratcum
619 1192 728 1247 quo
749 1175 891 1229 facie
927 1175 999 1229 ad
1029 1174 1227 1248 faciem
1246 1175 1598 1246 loquebatur,
1630 1191 1732 1231 cur

180 1285 229 1323 se
243 1266 444 1340 petebat
467 1282 630 1337 posse
660 1264 867 1330 videre,
899 1280 1066 1336 quem
1096 1263 1354 1318 videbat?
1383 1265 1491 1319 Sed
1521 1264 1579 1318 in
1625 1265 1729 1320 hac

179 1359 278 1427 ejus
301 1355 553 1427 petitione
582 1353 884 1424 colligitur,
901 1353 1034 1424 quia
1063 1369 1191 1407 eum
1212 1351 1438 1408 sitiebat
1455 1353 1730 1426 perincir-

177 1443 482 1515 cumscriptze
505 1449 722 1498 natura;
761 1459 877 1496 suae
914 1442 1230 1496 claritatem
1279 1459 1528 1509 cernere,
1559 1459 1728 1514 quem

171 1535 269 1603 jam
293 1536 520 1604 coeperat
547 1549 651 1602 per
676 1531 946 1603 quasdam
976 1530 1252 1602 imagines
1301 1531 1508 1598 videre,
1541 1538 1606 1585 ut
1649 1531 1730 1585 sic

1811 463 2065 517 claritate
2095 463 2323 535 quidem
2347 469 2726 539 suaconspici,
2760 471 2858 525 sed
2883 471 2942 526 in
2968 479 3171 528 natura
3182 475 3412 531 minime

1811 551 2004 605 videri.
2037 552 2189 617 Quos
2217 553 2488 608 nimirum
2520 557 2704 611 minor
2728 559 3108 630 inquisitionis
3130 562 3411 620 subtilitas

1810 639 2022 704 fefellit,
2050 657 2232 712 neque
2247 642 2398 696 enim
2416 643 2653 716 simplici
2674 653 2732 701 et
2753 647 3195 705 incommutabili
3226 670 3412 708 essen-

1810 727 1905 782 tia;
1932 729 2083 783 aliud
2113 735 2200 784 est
2227 731 2474 796 claritas,
2497 733 2649 788 aliud
2678 741 2900 801 natura,
2935 739 3031 792 sed
3061 739 3180 811 ipsa
3208 747 3413 797 natura

1811 832 1916 872 sua
1941 817 2184 884 claritas,
2215 826 2272 874 et
2297 819 2420 891 ipsa
2446 822 2672 878 claritas
2695 841 2798 879 sua
2819 831 3022 881 natura
3051 835 3133 882 est
3157 831 3318 901 :quia
3333 838 3412 886 et-

1813 907 1962 960 enim
1991 907 2106 960 suis
2134 908 2514 976 dilectoribus,
2546 911 2663 967 heec
2692 913 2792 968 Dei
2823 916 3101 986 sapientia
3144 935 3202 973 se
3239 937 3412 991 quan-

1813 992 1996 1064 doque
2026 997 2290 1064 ostendit,
2326 998 2385 1052 in
2415 1016 2473 1052 se
2506 1001 2800 1071 pollicetur
2825 1004 3016 1060 dicens
3035 1025 3082 1058 :c
3102 1007 3208 1071 Qui
3227 1009 3413 1081 diligit

1815 1099 1903 1136 me
1932 1083 2201 1154 diligetur
2231 1103 2265 1139 a
2291 1087 2456 1141 Patre
2485 1105 2630 1152 meo,
2671 1096 2728 1144 et
2773 1109 2876 1163 ego
2917 1094 3150 1166 diligam
3191 1113 3322 1152 eum
3352 1104 3411 1154 et

1811 1171 2178 1228 manifestabo
2226 1191 2316 1229 me
2370 1176 2556 1248 ipsum
2581 1177 2662 1232 illi
2697 1181 2871 1247 (Joan.
2904 1200 3012 1249 XIV,
3048 1185 3170 1254 2'1);
3205 1206 3235 1238 ν
3267 1203 3332 1241 ac
3361 1188 3409 1243 si

1811 1264 2069 1330 patenter
2088 1262 2240 1316 dicat
2267 1281 2278 1315 :
2308 1263 2416 1327 Qui
2445 1264 2502 1318 in
2528 1272 2714 1320 vestra
2743 1285 2833 1322 me
2861 1271 3108 1339 cernitis,
3142 1280 3320 1330 restat
3345 1282 3410 1331 ut

1809 1346 1868 1401 in
1918 1365 2044 1403 mea
2100 1367 2190 1405 me
2246 1358 2449 1407 natura
2502 1354 2756 1410 videatis.
2819 1359 2962 1414 Hinc
3008 1377 3231 1417 rursum
3281 1365 3401 1418 ait:

1817 1453 1844 1486 α
1865 1437 2022 1490 Beati
2048 1440 2258 1494 mundo
2286 1441 2470 1507 corde,
2505 1444 2768 1513 quoniam
2800 1446 2904 1518 ipsi
2936 1449 3114 1504 Deum
3143 1451 3409 1507 videbunt

1815 1525 2024 1592 (Matth.
2047 1544 2096 1578 v.
2131 1528 2206 1595 8).
2248 1547 2269 1578 ι
2305 1529 2449 1583 Hinc
2478 1531 2686 1588 Paulus
2712 1533 2850 1588 dicit
2881 1553 2892 1588 :
2934 1557 2955 1587 α
2977 1537 3136 1592 Nunc
3159 1539 3409 1596 videmus

175 1638 382 1692 superna
395 1621 638 1675 essentia
657 1619 863 1674 mentis
883 1620 1006 1690 ejus
1016 1619 1191 1673 oculis
1202 1619 1425 1673 adesset
1453 1625 1723 1691 quatenus

1809 1611 1870 1666 in
1893 1615 2117 1684 speculo
2137 1632 2238 1687 per
2252 1617 2572 1687 aagnimata,
2589 1626 2724 1676 tunc
2739 1629 2929 1678 autem
2945 1625 3083 1680 facie
3094 1627 3165 1681 ad
3179 1627 3376 1686 faciem
3392 1649 3405 1697 ;

174 1711 215 1764 ei
239 1711 299 1764 ad
321 1709 645 1765 aeternitatis
673 1709 942 1763 visionem
972 1708 1130 1762 nulla
1159 1708 1348 1780 imago
1375 1715 1566 1763 creata
1585 1714 1731 1763 tem-

173 1799 403 1869 poraliter
427 1799 746 1853 interesset.
781 1799 850 1852 Et
874 1797 1135 1852 viderunt
1153 1813 1288 1868 ergo
1317 1798 1514 1852 Patres
1540 1798 1732 1853 Testa-

173 1892 316 1942 menti
351 1887 566 1942 Veteris
605 1887 927 1951 Dominum,
969 1891 1027 1940 et
1057 1887 1218 1956 juxta
1261 1886 1494 1941 Joannis
1539 1903 1729 1942 vocem

170 1995 190 2028 ι
214 1977 370 2031 Nemo
395 1977 532 2032 vidit
562 1993 834 2048 unquam,
869 1995 897 2029 ι
927 1980 985 2029 et
1007 1976 1170 2046 juxta
1204 1975 1458 2045 ejusdem
1504 1975 1729 2030 Domini

167 2081 322 2119 vocem
357 2085 379 2114 ε
412 2066 593 2120 Nemo
623 2066 800 2120 Deum
833 2064 973 2135 vidit
1000 2069 1058 2118 et
1085 2063 1238 2129 vixit,
1274 2082 1299 2115 »
1345 2064 1480 2135 quia
1525 2065 1584 2119 in
1621 2065 1727 2120 hac

163 2154 353 2208 mortali
387 2171 553 2209 carne
601 2152 1034 2208 consistentibus
1090 2157 1149 2206 et
1182 2151 1356 2207 videri
1394 2169 1506 2208 non
1543 2153 1729 2225 potuit

161 2258 244 2312 per
267 2242 802 2314 incircumscriptum
827 2242 1020 2296 lumen
1057 2241 1406 2296 aeternitatis.
1459 2242 1558 2297 Sin
1596 2259 1726 2296 vero

161 2331 458 2402 quibusdam
487 2337 680 2404 potest
707 2332 764 2386 in
795 2332 899 2386 hac
943 2331 1124 2385 adhuc
1171 2330 1519 2402 corruptibili
1557 2348 1725 2386 carne

159 2421 453 2488 viventibus,
501 2422 604 2476 sed
649 2419 1025 2475 inaestimabili
1073 2419 1279 2474 virtute
1325 2420 1720 2487 crescentibus,

158 2511 368 2580 quodam
387 2509 879 2582 contemplationis
889 2509 1148 2563 acumine
1159 2507 1478 2563 mternaDei
1497 2509 1723 2563 claritas

157 2597 322 2662 videri,
355 2600 454 2654 hoc
482 2615 710 2672 quoque
740 2598 810 2652 ab
842 2598 1094 2668 ejusdem
1113 2596 1338 2652 virtutis
1379 2598 1718 2652 sententiam

154 2702 248 2740 non
273 2687 548 2753 abhorret,
583 2704 695 2759 qua
721 2687 944 2742 dicitur.
979 2705 1006 2737 α
1060 2687 1186 2740 Non
1217 2685 1366 2740 enim
1396 2685 1607 2740 videbit
1632 2703 1722 2740 me

155 2773 314 2840 homo,
335 2783 390 2831 et
407 2777 560 2832 vivet
583 2777 768 2844 (Exod.
797 2791 986 2840 xxxm,
1025 2772 1136 2842 ‘20),
1168 2794 1191 2824 ι
1241 2774 1507 2846 quoniam
1565 2774 1722 2846 quis-

153 2863 259 2932 quis
283 2866 636 2938 sapientiam,
677 2882 802 2936 quae
847 2865 997 2919 Deus
1042 2869 1146 2928 est,
1196 2863 1366 2930 videt,
1423 2863 1554 2918 huic
1596 2863 1722 2919 vita:

1813 1717 1961 1756 nunc
1990 1720 2260 1773 cognosco
2285 1722 2350 1760 ex
2381 1715 2561 1777 parte,
2614 1716 2748 1764 tunc
2789 1730 3118 1783 cognoscam
3158 1718 3302 1773 sicut
3355 1726 3412 1774 et

1811 1791 2067 1860 cognitus
2096 1809 2222 1847 sum
2247 1795 2296 1859 (Ι
2323 1795 2444 1848 Cor.
2479 1813 2591 1862 xm,
2640 1798 2745 1866 1‘2).
2782 1820 2807 1853 ι)
2841 1803 2948 1857 Sed
3007 1809 3140 1876 quia
3185 1807 3254 1861 de
3295 1808 3411 1863 Deo

1813 1879 2058 1949 primum
2092 1898 2194 1952 per
2219 1882 2644 1954 praedicatorem
2676 1888 2934 1946 Ecclesiae
2978 1893 3184 1950 dicitur
3213 1914 3224 1948 :
3266 1915 3290 1948 α
3346 1898 3410 1952 In

1813 1983 1978 2038 quem
2007 1969 2332 2026 desiderant
2347 1975 2533 2043 angeli
2550 1977 2935 2047 prospicere(l
2973 1984 3118 2035 Pelr.
3162 1997 3200 2050 ι,
3238 1983 3345 2054 i2),
3381 2005 3408 2040 ι

1809 2065 1944 2112 sunt
1962 2060 2216 2114 nonnulli
2241 2061 2337 2132 qui
2355 2079 2709 2135 nequaquam
2726 2067 2904 2121 Deum
2928 2068 3112 2123 videre
3130 2073 3212 2126 vel
3235 2089 3408 2145 ange-

1809 2147 1894 2200 los
1922 2149 2297 2219 suspicantur,
2331 2157 2390 2204 et
2409 2157 2600 2207 tamen
2615 2155 2824 2209 dictum
2862 2174 2964 2227 per
2983 2158 3249 2214 Veritatis
3277 2178 3408 2217 sen-

1807 2236 2048 2290 tentiam
2078 2237 2286 2292 scimus
2319 2258 2329 2292 :
2378 2257 2403 2290 «
2437 2241 2636 2311 Angeli
2666 2259 2857 2298 eorum
2889 2245 2948 2300 in
2989 2247 3141 2302 cmlis
3186 2265 3408 2322 semper

1809 2321 1998 2379 vident
2015 2324 2214 2379 faciem
2237 2327 2421 2381 Patris
2439 2329 2568 2394 mei,
2592 2329 2686 2400 qui
2703 2331 2760 2385 in
2777 2333 2930 2388 caelis
2959 2340 3062 2388 est.
3088 2353 3113 2388 )›
3137 2321 3406 2410 Nunquid

1807 2429 1940 2482 ergo
1961 2414 2112 2468 aliud
2142 2415 2363 2480 veritas,
2397 2416 2546 2470 aliud
2578 2419 2908 2489 praedicator
2927 2430 3091 2478 sonat
3108 2426 3358 2480 veritatis
3379 2426 3406 2479 ?

1807 2501 1916 2554 Sed
1946 2501 1994 2555 si
2023 2505 2306 2558 sententia
2331 2510 2570 2577 utraque
2597 2508 2898 2574 confertur,
2922 2511 3055 2582 quia
3079 2512 3183 2568 sibi
3197 2531 3405 2586 nequa-

1805 2605 1975 2659 quam
2009 2590 2291 2647 discordet
2315 2595 2656 2664 agnoscitur.
2690 2597 2867 2652 Deum
2899 2599 3104 2672 quippe
3131 2603 3316 2673 angeli
3345 2609 3402 2658 et

1805 2677 1994 2732 vident
2015 2685 2070 2732 et
2101 2679 2288 2734 videro
2323 2682 2661 2748 desiderant,
2715 2693 2774 2739 et
2818 2687 3024 2742 intueri
3075 2691 3292 2757 sitiunt,
3345 2698 3402 2746 et

1803 2765 2114 2822 intuentur.
2141 2769 2198 2823 Si
2228 2770 2379 2824 enim
2403 2771 2481 2825 sic
2510 2772 2697 2827 videre
2717 2775 3057 2838 desiderant,
3084 2785 3150 2833 ut
3168 2780 3396 2835 effectus

1804 2855 1891 2908 sui
1928 2856 2208 2912 desiderio
2235 2859 2464 2913 minimc
2494 2861 2870 2931 perfruantur,
2909 2865 3252 2922 desiderium
3281 2869 3403 2924 sine

151 2926 372 3008 funditus
399 2926 662 3021 moritur,
679 2926 750 3008 ne
769 2955 889 3024 jam
919 2953 1041 3023 ejus
1059 2926 1252 3006 amore
1284 2926 1562 3006 teneatur.
1589 2953 1724 3007 Nul-
1743 2926 1788 2986 Ο
1807 2943 1991 2999 fructu
2021 2947 2361 3002 anxietatem
2391 2926 2579 3016 hab—et,
2612 2958 2670 3006 et
2689 2926 2941 3009 anxietas
2969 2972 3212 3026 poenam.
3244 2958 3404 3013 Beati

149 3039 222 3094 lus
249 3043 444 3115 quippe
489 3059 620 3098 eam
674 3042 822 3096 videt
867 3041 962 3114 qui
1012 3041 1194 3096 adhuc
1223 3041 1528 3096 carnaliter
1564 3040 1715 3107 vivit,

148 3130 262 3200 quia
287 3149 446 3187 nemo
475 3137 667 3203 potest
695 3131 956 3203 amplecti
985 3131 1162 3185 Deum
1194 3136 1252 3184 et
1295 3129 1580 3185 saeculum.
1613 3129 1720 3196 Qui

145 3221 276 3274 enim
305 3221 483 3276 Deum
513 3221 670 3274 videt
697 3237 764 3274 eo
792 3221 913 3290 ipso
945 3219 1200 3284 moritur,
1234 3218 1382 3290 quod
1411 3219 1498 3273 vel
1541 3219 1724 3274 inten-

145 3307 280 3363 tione
305 3310 485 3365 cordis
515 3311 607 3364 vel
639 3310 836 3364 ell‘ectu
853 3307 1038 3380 operis
1058 3307 1127 3362 ab
1143 3308 1310 3378 hujus
1328 3307 1456 3362 vitae
1479 3307 1722 3363 delecta-

145 3397 370 3454 tionibus
397 3405 524 3454 tota
553 3405 742 3452 mente
767 3402 1079 3469 separatur.
1111 3413 1139 3448 ι
1173 3397 1350 3452 Nemo
1380 3412 1514 3468 ergo
1543 3397 1722 3452 Deum

139 3485 485 3555 viditetvixit,
517 3507 547 3541 ν)
572 3488 693 3542 acsi
711 3493 902 3559 aperte
915 3487 1221 3542 diceretur:
1239 3487 1441 3542 Nullus
1471 3502 1720 3557 unquam

136 3572 295 3630 Deum
323 3576 810 3648 spiritalitervidit
828 3581 886 3630 et
904 3575 1114 3630 mundo
1141 3575 1443 3630 carnaliter
1453 3574 1604 3629 vixit.
1629 3575 1721 3628 Vi-

136 3661 370 3719 debimus
400 3666 580 3736 igitur
606 3666 807 3732 Deum,
838 3663 884 3720 si
915 3682 1016 3736 per
1039 3664 1321 3720 caelestem
1350 3663 1721 3719 conversatio-

136 3766 247 3805 nem
275 3770 445 3826 supra
467 3754 730 3808 homines
759 3770 881 3810 esse
910 3769 1246 3818 mereamur,
1274 3769 1378 3807 nec
1419 3757 1612 3806 tamen
1641 3751 1721 3807 ita

135 3838 446 3906 videbimus,
479 3842 630 3896 sicut
654 3841 807 3896 videt
834 3841 953 3912 ipse
981 3841 1246 3912 seipsum.
1294 3841 1483 3910 Longe
1512 3839 1719 3910 quippe

134 3927 462 4000 dispariliter
484 3930 640 3985 videt
675 3930 909 3984 Creator
952 3946 1011 3986 se
1054 3945 1224 4001 quam
1266 3927 1417 3982 videt
1462 3933 1722 3982 creatura

133 4017 444 4074 Creatorem
479 4038 490 4072 :
519 4023 791 4090 quantum
809 4017 1580 4090 pertinetadimmensitatem
1593 4017 1713 4082 Dei,

1804 3049 1934 3086 vero
1963 3036 2150 3106 angeli
2199 3036 2269 3092 ab
2310 3037 2464 3092 omni
2506 3057 2671 3110 pmna
2715 3043 3012 3099 anxietatis
3038 3046 3201 3117 longe
3249 3053 3398 3114 sunt,

1805 3121 1938 3192 quia
1963 3139 2253 3200 nunquam
2281 3127 2450 3181 simul
2471 3145 2634 3200 paena
2654 3137 2711 3184 et
2738 3130 3026 3187 beatitudo
3044 3136 3398 3190 conveniunt.

1805 3209 2050 3268 Rursum
2075 3197 2203 3268 cuin
2229 3231 2324 3268 eos
2353 3215 2591 3271 dicimus
2619 3218 2718 3272 Dei
2763 3220 2974 3276 visione
3021 3222 3238 3288 satiari,
3269 3223 3404 3296 quia

1806 3305 1864 3354 et
1905 3301 2203 3358 Psalmista
2249 3304 2331 3357 ait
2362 3322 2373 3356 :
2413 3324 2438 3356 ‹‹
2473 3306 2730 3361 Satiabor
2767 3309 2901 3364 dum
2954 3312 3404 3369 manifestabitur

1803 3391 1987 3460 gloria
2013 3397 2110 3446 tua
2143 3395 2307 3458 (Psal.
2351 3409 2466 3460 XVI,
2513 3395 2620 3462 15),
2656 3415 2678 3446 ι
2711 3397 3186 3455 considerandum
3241 3402 3400 3457 nobis

1805 3485 1890 3534 est
1930 3480 2064 3549 quia
2104 3481 2423 3536 satietatem
2468 3483 2612 3536 solet
2653 3484 2942 3540 fastidium
2991 3488 3276 3561 subsequi.
3326 3491 3402 3546 Ut

1802 3583 1935 3637 ergo
1964 3574 2113 3621 recte
2159 3568 2263 3623 sibi
2306 3575 2546 3640 utraque
2593 3573 2942 3640 conveniant,
2978 3575 3129 3630 dicat
3176 3577 3397 3634 Veritas

1802 3656 1936 3726 quia
1963 3672 2186 3726 semper
2212 3657 2419 3721 vident,
2446 3659 2596 3712 dicat
2622 3660 2955 3730 pi‘azdicator
2975 3665 3236 3736 egregius
3266 3669 3399 3738 quia

1801 3743 1987 3798 videre
2009 3761 2232 3815 semper
2259 3745 2598 3810 desiderant,
2628 3764 2697 3802 ne
2727 3749 2878 3805 enim
2907 3752 2981 3806 sit
3016 3753 3076 3806 in
3122 3753 3400 3815 desiderio

1800 3833 2072 3899 anxietas,
2103 3833 2485 3889 desiderantes
2516 3837 2814 3892 satiantur.
2833 3840 2916 3894 Ne
2930 3845 3122 3896 autem
3141 3843 3218 3898 sit
3230 3842 3287 3898 in
3316 3862 3401 3900 sa-

1800 3923 1994 3978 tietate
2023 3923 2310 3978 fastidium
2339 3925 2529 3981 satiati
2575 3927 2915 3996 desiderant,
2961 3930 3206 4003 qualiter
3238 3933 3401 3989 electi

1799 4010 2054 4066 homines
2083 4028 2184 4083 per
2209 4014 2354 4068 hanc
2382 4014 2552 4070 vitam
2583 4015 2865 4072 satiantur
2891 4019 3104 4075 visione
3132 4019 3321 4078 divina
3343 4029 3403 4078 et

134 4107 346 4176 quidam
367 4107 745 4164 nobismodus
759 4107 952 4176 ﬁgitur
979 4106 1487 4178 contemplationis,
1521 4123 1634 4178 qua
1650 4121 1716 4160 eo
1799 4100 2122 4156 desiderant
2145 4121 2158 4170 ;
2192 4102 2366 4174 igitur
2395 4104 2499 4158 hoc
2529 4105 2650 4160 sine
2681 4105 2872 4162 labore
2893 4115 2997 4177 est,
3025 4112 3160 4182 quia
3177 4111 3400 4170 deside-

130 4195 240 4267 ipso
259 4199 512 4270 pondere
538 4195 1017 4252 circumscribitur
1043 4212 1153 4266 quo
1183 4200 1444 4250 creatura
1475 4211 1670 4250 sumus
1699 4213 1711 4263 ;
1737 4189 1946 4301 1)rium
1959 4191 2210 4292 satietas.
2231 4193 2552 4260 comitatur,
2587 4201 2645 4249 et
2671 4197 2951 4252 satiantur
2989 4198 3111 4254 sine
3152 4201 3395 4269 fastidio,

129 4285 217 4339 sed
244 4288 497 4356 profecto
525 4302 638 4340 non
667 4285 748 4339 ita
773 4283 1144 4355 conspicimus
1182 4284 1363 4338 Deum
1407 4283 1553 4344 sicut
1597 4283 1718 4354 ipse
1739 4279 1933 4351 "quia
1956 4279 2079 4352 ipsa
2105 4281 2339 4336 satietas
2368 4299 2433 4336 ex
2461 4283 2737 4339 desiderio
2783 4303 3006 4358 semper
3051 4290 3392 4346 accenditur.

125 4374 390 4446 conspicit
422 4392 508 4442 se,
564 4373 711 4428 sicut
763 4389 874 4427 non
912 4372 994 4427 ita
1033 4371 1439 4443 requiescimus
1487 4371 1545 4426 in
1601 4373 1716 4426 Deo
1799 4368 1892 4422 Sic
1918 4385 2141 4442 quoque
2172 4377 2230 4426 et
2256 4387 2359 4426 nos
2387 4372 2618 4440 erimus,
2648 4374 2963 4444 quandoad
2985 4377 3171 4446 ipsum
3185 4378 3397 4433 fontem

128 4463 733 4534 quemadmodumipse
749 4460 1205 4534 requiescitinse.
1224 4459 1720 4514 Namvisionostra
1801 4457 1926 4514 vita:
1953 4460 2290 4516 venerimus.
2326 4461 2445 4514 Erit
2471 4462 2622 4516 enim
2651 4463 2812 4516 nobis
2855 4464 3262 4522 delectabiliter
3287 4467 3397 4522 im-

125 4550 204 4605 vel
233 4553 464 4625 requies
491 4551 601 4607 erit
625 4557 910 4623 utcunque
954 4548 1155 4604 similis
1191 4548 1390 4603 visioni
1437 4549 1720 4620 requieive
1801 4562 1996 4617 pressa
2021 4547 2142 4603 sitis
2169 4548 2338 4604 simul
2371 4554 2543 4621 atque
2566 4550 2814 4604 satietas.
2848 4552 2956 4606 Sed
2993 4552 3158 4624 longe
3193 4554 3262 4610 ab
3290 4555 3397 4612 ista

124 4639 268 4695 illius
298 4661 311 4708 ;
353 4643 458 4696 sed
505 4641 734 4714 aequalis
782 4655 895 4694 non
947 4638 1074 4693 erit.
1103 4637 1356 4692 Perfecta
1384 4637 1606 4709 requies
1635 4642 1722 4692 est

123 4745 229 4800 qua
255 4732 410 4785 Deus
429 4730 696 4794 cernitur,
715 4734 773 4784 et
789 4735 983 4783 tamen
1002 4733 1195 4782 nostra
1213 4726 1436 4798 requies
1449 4725 1723 4799 aequanda

123 4833 228 4873 non
251 4827 341 4874 est
360 4819 580 4890 requiei
611 4819 782 4884 illius,
807 4817 940 4890 quia
959 4832 1070 4871 non
1100 4833 1134 4869 a
1158 4832 1219 4870 se
1245 4815 1304 4870 in
1340 4814 1514 4869 alium
1542 4820 1722 4870 trans-

1803 4635 1895 4689 siti
1926 4637 2247 4702 necessitas,
2278 4637 2443 4708 longe
2471 4653 2507 4692 a
2548 4638 2810 4702 satietate
2845 4639 3152 4708 fastidium,
3181 4643 3314 4715 quia
3341 4653 3398 4701 et

1803 4722 2058 4780 sitientes
2085 4724 2416 4779 satiabimur
2443 4731 2502 4780 et
2533 4726 2723 4782 satiati
2767 4726 3041 4783 sitiemus.
3071 4731 3397 4790 Videbimus

1803 4811 1976 4883 igitur
1999 4811 2199 4879 Deum,
2215 4812 2514 4884 ipsumque
2535 4815 2645 4868 erit
2671 4816 2964 4887 praemium
2978 4817 3184 4874 laboris
3198 4823 3393 4884 nostri,

1802 4905 1884 4966 ut,
1917 4906 2044 4972 post
2082 4901 2440 4956 mortalitatis
2488 4903 2658 4973 hujus
2698 4904 2980 4970 tenebras,
3012 4923 3246 4963 accensa
3273 4911 3396 4980 ejus

1800 4989 1923 5046 luce
1947 4989 2315 5062 gaudeamus.

123 4905 182 4974 it,
213 4912 278 4962 ut
304 4909 584 4980 quiescat.
609 4908 706 4962 Est
739 4907 932 4978 itaque
971 4905 1214 4976 requies,
1231 4908 1297 4958 ut
1328 4903 1410 4959 ita
1431 4903 1613 4958 dicam
1639 4903 1718 4958 si-

121 4995 268 5051 milis
299 5004 481 5070 atque
505 4994 810 5060 dissimilis,
843 4993 976 5066 quia
1005 4992 1154 5065 quod
1200 4989 1342 5046 illud
1371 4991 1719 5063 requiescere

122 5090 222 5151 est,
246 5085 357 5141 hoc
379 5079 577 5140 nostra
593 5083 816 5156 requies
835 5083 1110 5147 imitatur,
1136 5080 1270 5135 visio
1305 5080 1406 5136 Dei
1433 5097 1583 5135 nunc
1608 5079 1719 5136 ﬁde

118 5173 440 5235 inchoatur,
488 5174 586 5229 sed
622 5178 757 5229 tunc
801 5171 860 5226 in
903 5169 1088 5242 specie
1129 5168 1436 5242 perficitur,
1491 5169 1716 5242 quando

113 5268 460 5318 maternam
484 5262 600 5318 Deo
616 5260 970 5333 sapientiam,
1005 5274 1174 5331 quam
1219 5257 1386 5313 modo
1417 5274 1517 5330 per
1545 5273 1732 5330 opera,

111 5350 546 5421 pradicantium
576 5349 734 5421 quasi
753 5365 854 5420 per
880 5346 1238 5404 decurrentia
1265 5347 1504 5402 ﬂumina
1546 5346 1717 5402 sumi-

113 5454 259 5506 mus,
291 5440 424 5511 ipso
453 5439 602 5495 fonte
623 5438 948 5494 biberimus.

183 5527 497 5584 Sciendum
540 5543 670 5582 vero
717 5533 805 5582 est
846 5527 996 5599 quod
1037 5526 1266 5582 fuerunt
1311 5523 1566 5580 nonnulli
1623 5526 1718 5595 qui

2283 5204 2498 5260 LIBER
2525 5205 2916 5264 SECUNDUS.

2257 5327 2327 5366 DE
2393 5328 2653 5368 PURITATE
2720 5328 2924 5369 CORDIS.

1874 5437 1938 5492 In
1963 5435 2251 5508 superiore
2277 5435 2422 5490 libro
2435 5437 2600 5508 juxta
2618 5437 2932 5494 doctrinam
2952 5444 3274 5499 sanctorum
3296 5446 3399 5502 Pa-

1800 5532 1954 5580 trum
1981 5521 2051 5578 de
2079 5523 2291 5579 visione
2319 5524 2420 5579 Dei
2448 5525 2640 5581 futura
2666 5542 2984 5586 sermonem
2997 5537 3270 5601 quantum
3293 5553 3396 5608 po-
