3982 6158
562 235 700 296 1283

1235 237 1606 295 COMMENT.
1649 239 1727 294 IN
1766 238 2078 319 CANTICA
2452 237 2731 292 LAUDES
2768 235 3155 292 DICUNTUR.

3640 239 3742 295 l284

556 361 770 414 tuimus
808 361 1167 432 explevimus.
1205 362 1365 415 Nunc
1414 362 1482 415 de
1531 363 1778 432 puritate
1821 361 2021 425 cordis,
2055 376 2155 430 per
2173 367 2214 418 Α
2238 361 2566 432 corrumpit,
2643 361 2856 414 nemini
2931 360 3200 414 violentus
3278 361 3467 424 existit,
3535 363 3746 416 neninem

557 465 726 520 quam
761 449 1156 519 contemplatio
1185 449 1285 502 Dei
1307 451 1552 518 assurgit
1571 454 1980 520 consequenter
1993 449 2157 518 juxta

556 538 917 591 traditionem
947 539 1247 608 majorum,
1281 538 1667 593 disserendum
1709 545 1990 609 putamus,
2026 537 2157 608 quia

557 626 666 680 illis
691 627 824 680 solis
851 627 988 680 visio
1040 625 1138 681 Dei
1188 629 1462 698 promissa
1506 636 1589 682 est
1628 628 1722 698 qui
1772 628 1980 682 mundo
2025 632 2157 680 sunt

560 717 744 782 corde,
797 732 860 769 ac
907 716 1030 769 ideo
1080 731 1304 771 necesse
1353 723 1456 778 est,
1502 723 1567 771 ut
1613 717 1859 770 carnalia
1913 716 1971 768 in
2000 715 2159 768 nobis

520 847 525 854 .
561 805 962 859 mortiﬁcemus
993 806 1271 859 desideria
1301 813 1357 859 et
1384 807 1556 860 sacris
1584 805 1882 860 virtutibus
1931 820 2160 875 operam

559 895 778 955 demus,
796 900 1072 964 quatenus
1095 912 1195 964 per
1215 911 1428 958 earum,
1459 913 1620 965 Opem
1650 895 1838 948 divina
1852 893 2036 963 gratia
2055 893 2164 946 lar-

563 984 772 1054 giente,
791 983 860 1036 ad
872 983 1112 1037 cmlestis
1124 984 1282 1053 regni
1305 983 1706 1037 beatitudinem
1724 988 1780 1036 et
1791 983 1929 1036 lUCIS
1941 987 2162 1034 aeternae

563 1073 1094 1143 contemplationem
1143 1073 1461 1143 pertingere
1541 1072 1839 1144 possimus.
1900 1069 2165 1134 Quamvis

560 1163 708 1217 enim
740 1180 804 1216 ex
830 1163 1008 1216 Adam
1031 1164 1207 1216 simus
1237 1164 1537 1217 carnaliter
1566 1163 1704 1228 nati,
1733 1178 1843 1214 non
1867 1161 2051 1232 ipsum
2085 1165 2166 1214 ta-

560 1268 688 1305 men
718 1251 986 1304 debemus
1017 1251 1243 1316 imitari,
1287 1252 1384 1316 sed
1417 1251 1722 1313 Christum,
1755 1249 1810 1302 in
1840 1267 1950 1320 quo
1983 1249 2165 1303 renati

561 1337 757 1394 sumtis
787 1347 844 1394 et
873 1341 1127 1407 vivimus,
1173 1342 1396 1411 quando
1417 1348 1660 1394 veterem
1682 1340 2160 1392 conversationem

561 1429 864 1482 salubriter
917 1429 1162 1483 innovati
1212 1429 1562 1500 deponimus.
1619 1429 1761 1492 Quid
1811 1435 1895 1482 est
1952 1428 2162 1481 imitari

563 1518 763 1580 Adam,
798 1518 902 1570 nisi
926 1533 1025 1590 pro
1051 1519 1367 1572 carnalibus
1397 1518 1860 1590 concupiscentiis
1905 1535 1969 1570 ac
2013 1518 2163 1571 desi-

563 1606 734 1660 deriis
755 1613 934 1660 morte
957 1607 1220 1660 multari?
1243 1608 1309 1660 Et
1333 1609 1464 1677 quid
1499 1615 1583 1660 est
1614 1607 1820 1660 imitari
1853 1607 2158 1670 Christum,

2237 450 2632 512 calumniatur,
2696 455 2795 503 aut
2849 447 3131 520 Oppi-imit,
3203 465 3307 501 non
3375 449 3565 502 invidet
3627 449 3750 504 bonis

2237 545 2336 592 aut
2365 539 2600 592 insultat
2629 538 2870 597 afﬂictis,
2905 553 3014 591 non
3045 537 3196 590 luxui
3225 537 3396 590 carnis
3421 537 3640 603 inservit,
3667 557 3748 592 non

2241 627 2557 681 vinolentia:
2575 627 2797 681 deditus
2819 627 2873 680 in
2895 642 2973 693 se,
2993 625 3217 679 bibendi
3237 625 3380 678 sxtim
3394 625 3603 680 bibendo
3615 629 3751 697 magis

2243 733 2306 769 ac
2341 717 2518 786 magis
2545 716 2818 781 accendit,
2847 733 2956 768 non
2987 715 3240 768 odiorum
3271 713 3467 768 facibus
3491 715 3750 779 inardescit,

2245 822 2354 858 non
2386 805 2718 876 compendia
2747 805 2958 874 injusta
2971 808 3234 865 sectatur,
3267 820 3372 856 non
3386 803 3662 873 potentibus
3681 813 3753 857 aut

2245 894 2510 947 divitibus
2540 893 2820 955 adulatur,
2855 909 2966 946 non
3008 892 3257 962 inquieta
3289 891 3582 945 curiositate
3615 897 3756 962 rapta-

2245 988 2355 1046 tur,
2387 999 2499 1036 non
2529 983 2846 1036 domesticae
2871 981 3258 1034 sollicitudinis
3297 997 3425 1034 cura
3465 980 3753 1038 distenditur.

2249 1087 2359 1124 non
2390 1071 2650 1124 ofﬁciosis
2677 1071 3090 1125 occurrentium
3131 1067 3538 1122 salutationibus
3574 1069 3757 1123 delecta-

2248 1166 2360 1222 tur,
2397 1176 2498 1212 nec
2525 1159 2890 1230 superborum
2921 1158 3142 1228 injuriis
3161 1157 3439 1227 fatigatur,
3459 1173 3556 1210 non
3575 1175 3677 1211 eum
3694 1174 3759 1212 su-

2247 1247 2441 1320 perbia
2472 1249 2650 1310 inflat,
2687 1265 2796 1302 non
2827 1248 3058 1301 ambitio
3089 1253 3318 1300 ventosa
3357 1245 3647 1316 prazcipitat,
3675 1261 3756 1299 non

2245 1355 2388 1391 vana
2415 1338 2596 1407 gloria
2619 1337 2862 1408 turpiter
2877 1338 3071 1406 jactat,
3087 1353 3197 1390 non
3224 1335 3543 1389 desiderium
3561 1335 3759 1405 gloriosa

2245 1427 2526 1497 opinionis
2556 1427 2888 1486 inflammat,
2923 1442 3030 1479 non
3057 1425 3341 1478 distinctio
3361 1423 3512 1477 alieni
3531 1429 3659 1476 actus
3677 1423 3760 1476 illa-

2247 1521 2433 1586 queat,
2467 1532 2579 1568 non
2601 1515 2668 1568 ad
2691 1515 3014 1568 societatem
3034 1513 3287 1584 turpium
3299 1512 3629 1583 turpitudinis
3646 1527 3762 1564 amor

2247 1604 2463 1669 invitat,
2526 1621 2638 1657 non
2691 1603 2874 1657 rabies
2921 1603 3106 1656 insani
3153 1601 3358 1656 furoris
3413 1602 3641 1670 exagitat,
3681 1615 3760 1653 nou

561 1695 671 1748 nisi
695 1695 1015 1748 carnalibus
1040 1696 1504 1766 concupiscentiis
1549 1713 1610 1749 ac
1643 1695 1934 1748 desideriis
1979 1678 2223 1748 cruci-B
2245 1698 2503 1764 sumptus
2515 1693 3028 1746 odiosammlitium
3043 1690 3762 1752 mactatmonardoranimosa

565 1783 656 1853 figi
673 1783 696 1834 ’ἶ
717 1783 860 1836 sicut
876 1783 1029 1836 aliud
1060 1801 1172 1836 non
1201 1791 1288 1838 est
1309 1791 1550 1838 veterem
1573 1784 2050 1838 conversationem
2069 1783 2162 1836 de-

565 1889 792 1944 ponere,
825 1888 991 1943 quam
1025 1888 1135 1925 non
1163 1873 1467 1926 secundum
1501 1889 1746 1936 carnem,
1782 1891 1904 1944 quae
1943 1879 2160 1926 vetera-

563 1961 668 2015 scit
681 1967 736 2014 et
765 1961 1023 2020 moritur,
1049 1961 1143 2014 sed
1167 1961 1472 2014 secundum
1496 1963 1675 2015 Deum
1698 1962 2162 2032 vivere,quisolus

565 2056 750 2121 potest
779 2057 1200 2120 perseverantes
1235 2051 1292 2104 in
1327 2068 1386 2104 se
1435 2051 1700 2104 innovare
1742 2051 2063 2122 perenniter
2107 2056 2164 2103 et

562 2139 1139 2210 beare._Quapropter
1163 2140 1307 2192 sicut
1335 2141 1558 2210 quando
1597 2140 1654 2194 in
1703 2140 1882 2193 Adam
1931 2139 2160 2202 fuimus,

561 2245 755 2282 omnes
815 2228 871 2281 in
929 2228 1050 2298 ipso
1101 2229 1334 2282 cadente
1388 2229 1690 2282 cecidimus
1732 2247 1742 2280 :
1797 2228 1874 2281 ita
1921 2229 2053 2299 quia
2105 2229 2161 2280 in

564 2317 789 2371 Christo
821 2334 940 2370 esse
965 2318 1083 2385 jam
1116 2317 1404 2387 coepimus,
1440 2317 1534 2388 qui
1561 2335 1660 2388 pro
1706 2317 1865 2371 nobis
1905 2316 2164 2370 omnibus

563 2406 828 2476 dignatus
856 2411 942 2459 est
957 2406 1117 2470 mori,
1135 2412 1190 2459 et
1212 2423 1313 2459 nos
1327 2407 1565 2476 peccatis
1579 2407 1786 2459 nostris
1799 2406 1876 2458 illi
1891 2422 2164 2459 commor-

563 2495 646 2548 tui
673 2511 800 2548 cum
831 2495 925 2548 illo
955 2495 1284 2564 spiritaliter
1312 2511 1690 2564 resurgamus.
1725 2495 1788 2548 In
1837 2494 1930 2547 illo
1975 2494 2165 2548 omnia

563 2583 710 2636 bona
725 2600 846 2653 quae
862 2584 1147 2652 potuimus
1162 2583 1364 2636 habere
1380 2584 1720 2654 perdidimus
1738 2600 1748 2636 :
1768 2583 1824 2636 in
1858 2583 1961 2636 hoc
1993 2583 2162 2636 etiam

560 2672 779 2740 majora
807 2677 864 2724 et
887 2671 1006 2725 sine
1029 2673 1137 2724 line
1161 2672 1418 2725 habenda
1439 2672 1716 2743 recepturi
1733 2688 1945 2734 sumus,
1969 2671 2014 2724 si
2044 2688 2165 2742 per-

563 2765 886 2812 severanter
918 2761 1040 2829 ejus
1081 2761 1317 2830 vestigia
1353 2766 1664 2814 teneamus.
1707 2761 1887 2814 Adam
1935 2777 2037 2814 nos
2067 2759 2166 2813 ob-

566 2848 812 2901 noxiavit
859 2848 1022 2901 malis
1069 2849 1326 2902 omnibus
1375 2867 1475 2919 per
1519 2849 1804 2920 propriam
1851 2849 2093 2919 culpam,
2129 2865 2163 2902 a

564 2935 768 3007 quibus
799 2953 898 2990 nos
929 2936 1183 2990 liberavit
1209 2938 1482 2992 adventus
1510 2938 1716 2992 Christi
1762 2955 1861 3008 per
1894 2937 2156 3007 gratiam.

565 3024 665 3078 Ille
695 3023 752 3077 in
782 3041 884 3078 nos
913 3025 1131 3095 culpam
1163 3042 1323 3079 suam
1349 3027 1663 3079 transmisit
1691 3031 1749 3079 et
1772 3041 2014 3096 poenam,
2048 3025 2161 3080 hic-

563 3129 670 3182 que
696 3113 918 3183 culpam
947 3118 1194 3166 nostram
1228 3113 1507 3183 suscipere
1527 3119 1718 3184 utpote
1739 3119 2064 3183 conceptus;
2083 3119 2156 3179 et,

569 3207 735 3255 natus
751 3201 872 3254 sine
887 3207 1113 3272 peccato
1131 3217 1243 3255 non
1273 3202 1473 3272 potuit,
1505 3202 1573 3254 de
1603 3202 1954 3273 susceptione
1985 3218 2162 3273 pinna:

564 3295 772 3343 nostra
793 3290 1012 3360 culpam
1031 3295 1281 3343 nostram
1301 3289 1468 3343 simul
1491 3289 1732 3344 abolevit
1753 3296 1810 3343 et
1829 3307 2070 3360 poenam,
2107 3296 2163 3344 et

565 3385 629 3432 ut
671 3385 851 3432 totum
899 3379 1102 3445 dicam,
1148 3379 1327 3432 Adam
1376 3378 1535 3432 nobis
1577 3379 1785 3450 eripuit
1813 3379 2155 3450 paradisum,

565 3467 824 3522 Christus
844 3467 1071 3521 donavit
1092 3474 1148 3520 et
1163 3469 1383 3533 malum,
1405 3474 1462 3521 et
1490 3467 1616 3521 ideo
1637 3468 1681 3521 si
1705 3467 1760 3522 in
1796 3468 1889 3521 illo
1915 3485 2035 3521 esse
2064 3484 2159 3521 vo-

561 3557 748 3610 lumus
777 3557 925 3627 quod
952 3574 1070 3610 esse
1122 3556 1410 3615 debemus,
1465 3557 1610 3610 sicut
1649 3563 1875 3610 sanctus
1920 3558 2162 3610 Joannes

563 3646 849 3715 apostolus
871 3645 1008 3698 dicit
1041 3663 1052 3696 :
1092 3667 1115 3693 ‹ι
1149 3645 1438 3709 Quomodo
1468 3645 1560 3698 ille
1606 3645 1928 3709 ambulavit,
1963 3651 2021 3698 et
2061 3661 2162 3698 nos

561 3733 891 3803 spiritaliter
917 3732 1268 3788 ambulemus
1302 3753 1312 3786 :
1343 3757 1362 3781 ιι
1407 3734 1540 3804 quid
1573 3741 1658 3787 est
1685 3733 1974 3786 ambulare
2021 3734 2164 3787 sicut

565 3821 656 3875 ille
678 3821 1004 3886 ambulavit,
1042 3823 1148 3876 nisi
1170 3828 1527 3876 contemnere
1558 3823 1746 3876 omnia
1762 3839 2162 3892 prosperaquae

564 3911 914 3982 contempsit,
950 3927 1058 3964 non
1089 3911 1288 3964 timere
1315 3911 1546 3964 adversa
1577 3928 1698 3982 qum
1721 3911 1971 3981 pertulit,
1991 3910 2163 3964 liben-

493 4017 505 4029 ι
564 4003 654 4052 ter
696 3998 878 4052 facere
935 4016 1057 4068 qua;
1100 3999 1247 4064 fecit,
1296 3999 1415 4052 ﬁeri
1455 4000 1652 4052 docere
1701 4016 1822 4069 qua:
1853 3999 2156 4061 mandavit,

566 4102 793 4156 sperare
821 4103 943 4155 quae
973 4087 1249 4156 promisit,
1282 4093 1338 4140 et
1367 4089 1525 4158 sequi
1567 4105 1676 4158 quo
1710 4088 1830 4158 ipse
1859 4088 2156 4158 prrecessit,

568 4179 834 4244 praestare
855 4173 1125 4255 beneﬁcia
1143 4176 1313 4228 etiam
1337 4176 1590 4245 ingratis,
1615 4193 1727 4230 non
1751 4176 2057 4230 retribuere
2081 4193 2162 4230 se-

2245 1782 2616 1835 contentionis
2645 1781 2958 1846 exanimat;
2979 1798 3090 1834 non
3119 1781 3252 1834 facit
3271 1780 3621 1852 impudentem
3640 1779 3764 1832 auda-

2245 1871 2350 1935 cia,
2389 1871 2644 1941 iniquum
2675 1871 2970 1940 injustitia,
3006 1871 3186 1925 ferum
3219 1869 3573 1932 inclementia,
3601 1868 3765 1923 varium

2247 1959 2637 2024 inconstantia,
2655 1960 2998 2032 pertinacem
3025 1961 3396 2022 contumacia,
3411 1960 3638 2014 insanum
3653 1974 3766 2010 vesa-

2247 2049 2358 2113 nia,
2391 2049 2716 2103 deliciosum
2746 2049 2898 2119 gula,
2932 2049 3196 2103 rebellem
3220 2048 3595 2106 inobedientin,
3612 2063 3766 2100 vanum

2239 2136 2531 2204 jactantia,
2567 2137 2846 2190 inﬁdelem
2875 2137 3127 2207 perﬁdia.
3162 2137 3342 2190 levem
3367 2136 3764 2200 facilitas,sa:vum

2247 2225 2566 2290 crudelitas,
2576 2225 2979 2279 manduconem
2993 2225 3172 2296 turpis
3185 2223 3766 2294 edacitas,impatieutem

2247 2313 2544 2374 mobilitas,
2593 2314 2853 2368 mobilem
2903 2313 3263 2382 instabilitas,
3317 2331 3508 2384 vagum
3561 2312 3767 2383 spiritalis

2244 2401 2564 2462 inﬁrmitas,
2597 2403 2928 2456 iracundum
2957 2403 3312 2468 animositas,
3328 2403 3658 2473 suspiciosum
3675 2416 3768 2471 per-

2245 2492 2498 2556 versitas,
2539 2491 2831 2545 verbosum
2877 2491 3112 2555 vanitas,
3169 2493 3454 2544 irrisorem
3492 2489 3764 2559 malignitas.

2248 2579 2342 2648 qui
2390 2587 2638 2634 remotus
2685 2587 2770 2633 est
2809 2597 2842 2633 τι
2895 2579 3258 2634 saecularibus
3289 2597 3505 2651 prorsus
3532 2576 3764 2632 illecebris.

2248 2675 2497 2723 remotus
2525 2669 2594 2723 ab
2622 2669 2948 2735 inimicitiis,
2975 2676 3224 2724 remotus
3258 2669 3327 2723 ab
3355 2669 3554 2723 insidiis
3597 2666 3762 2720 alienis.

2249 2764 2499 2812 remotus
2510 2775 2543 2812 a
2558 2759 2770 2829 rapinis
2781 2759 2864 2811 vel
2878 2759 3276 2812 occultioribus
3291 2759 3374 2811 vel
3403 2757 3608 2829 apertis,
3635 2769 3766 2808 remo-

2245 2852 2338 2900 tus
2363 2864 2397 2900 a
2424 2847 2729 2901 mendaciis
2749 2847 2862 2900 sive
2883 2847 3165 2918 perjuriis,
3198 2853 3480 2918 postremo
3507 2843 3767 2900 remotusab

2244 2935 2396 2988 omni
2424 2951 2630 3004 genere
2651 2935 3057 3005 ﬂagitiosorum
3089 2940 3262 3006 atque
3290 2936 3579 2989 facinorum
3617 2931 3767 3002 quibus

2243 3024 2543 3077 carnaliter
2563 3024 2986 3078 viventesDeum
3003 3025 3299 3080 offendunt
3318 3029 3374 3080 et
3393 3023 3581 3078 mortui
3601 3023 3770 3093 peccato

2242 3129 2354 3166 non
2376 3112 2425 3166 ei
2447 3113 2697 3166 serviunt
2722 3132 2732 3174 ;
2775 3113 2937 3176 sicut,
2973 3113 3224 3184 inquam,
3257 3131 3423 3168 carne
3454 3119 3674 3166 mortuus
3697 3123 3768 3161 nec

2243 3201 2423 3255 facere
2452 3207 2635 3272 potest
2656 3203 2764 3256 ista
2785 3219 2906 3272 quae
2943 3202 3077 3268 dixi,
3115 3219 3216 3256 nec
3242 3203 3458 3274 pati,ita
3479 3202 3532 3255 hi
3549 3207 3599 3254 et
3615 3197 3770 3252 talibus

2246 3291 2391 3344 vitiis
2411 3291 2638 3344 omnino
2674 3309 2786 3344 non
2807 3291 3014 3355 vivunt,
3059 3291 3154 3362 qui
3176 3298 3240 3345 ut
3269 3292 3451 3345 vivant
3474 3292 3578 3345 Deo
3596 3301 3767 3342 carnem

2243 3395 2402 3432 suam
2447 3396 2573 3433 cum
2623 3380 2772 3432 vitiis
2819 3386 2876 3434 et
2920 3381 3388 3450 concupiscentiis
3425 3379 3765 3435 cruciﬁxerunt.

2244 3468 2496 3521 membra
2538 3485 2640 3521 sua
2688 3485 2810 3538 qua:
2845 3475 2977 3524 sunt
3019 3486 3190 3540 super
3243 3476 3453 3523 terram
3496 3466 3770 3521 mortiﬁcant

2246 3557 2467 3627 quando
2495 3557 2645 3610 intra
2675 3557 3052 3610 necessarium
3071 3558 3302 3611 modum
3332 3575 3490 3612 suum
3516 3555 3768 3625 temperant

2244 3663 2314 3716 ap
2320 3645 2806 3716 petitum,quando
2823 3661 2934 3700 non
2956 3647 3136 3700 solum
3150 3664 3211 3700 se
3225 3663 3258 3700 a
3279 3645 3662 3700 delicatioribus
3672 3639 3769 3694 cibis

2247 3735 2537 3788 moderata
2552 3735 2900 3788 districtione
2921 3735 3274 3805 suspendunt
3292 3736 3387 3789 sed
3400 3736 3559 3788 etiam
3573 3735 3623 3786 in
3640 3730 3768 3802 ipsius

2245 3823 2634 3876 communibus
2673 3823 2811 3876 nihil
2842 3824 2995 3877 carni
3021 3841 3135 3878 suae
3151 3842 3254 3895 pro
3292 3824 3576 3886 desiderio,
3605 3820 3770 3888 sedpm

2245 3912 2623 3965 sustentandae
2645 3912 2768 3966 vita:
2802 3912 3130 3966 necessitate
3155 3913 3503 3983 permittunt,
3525 3910 3642 3964 certi
3662 3903 3768 3977 quod

2245 4016 2344 4052 nec
2368 3999 2578 4053 delicia:
2609 3999 2884 4070 quaelibet,
2914 4001 2958 4052 si
2991 4000 3200 4070 absque
3232 4000 3503 4055 desiderio
3529 3995 3770 4070 percipian-

2242 4093 2352 4144 tur.
2377 4088 2646 4154 ofticiunt,
2665 4095 2721 4141 et
2741 4089 2874 4142 viles
2886 4087 2990 4141 cibi
3005 4090 3336 4164 plerumque
3352 4086 3671 4142 abstinentiae
3684 4096 3772 4152 pro-

2244 4175 2468 4240 fectum,
2495 4176 2538 4230 si
2573 4181 2904 4247 appetenter
2939 4178 3304 4251 accipiantur,
3339 4176 3645 4248 impediunt.
3667 4171 3771 4225 llim'

565 4263 812 4316 cundum
841 4263 1044 4316 merita
1068 4280 1170 4318 sua
1198 4265 1502 4330 malevolis,
1528 4271 1584 4318 et
1597 4282 1758 4318 orare
1776 4281 1875 4336 pro
1897 4264 2158 4330 inimicis,
2174 4307 2224 4364 Β
2243 4265 2494 4336 estquod
2525 4273 2750 4320 sanctus
2777 4265 2952 4320 David
2982 4283 3142 4338 aqua:
3177 4267 3236 4320 in
3258 4283 3316 4322 se
3331 4259 3770 4336 concupiscentiam

566 4367 758 4404 amare
777 4349 968 4418 bonos,
1000 4351 1254 4405 misereri
1271 4369 1584 4424 perversos,
1619 4353 1854 4407 invitare
1875 4353 2156 4417 adversos,

565 4439 847 4510 suscipere
878 4439 936 4492 in
960 4439 1232 4494 charitate
1258 4441 1594 4494 conversos?
1635 4441 1720 4494 Ad
1765 4441 1870 4493 hoc
1916 4440 2162 4511 pertinet

565 4528 713 4599 quod
745 4528 825 4581 ait
852 4527 1021 4580 etiam
1044 4534 1268 4582 sanctus
1290 4530 1496 4583 Paulus
1521 4529 1807 4600 apostolus
1836 4548 1847 4582 :
1885 4549 1906 4579 α
1961 4529 2017 4584 Si
2069 4546 2159 4582 re-

565 4617 885 4670 surrexistis
913 4633 1039 4670 cum
1069 4617 1310 4680 Christo,
1339 4635 1464 4689 quae
1491 4634 1716 4672 sursum
1745 4623 1878 4671 sunt
1904 4618 2154 4688 querite,

564 4704 660 4758 ubi
685 4704 942 4759 Christus
964 4705 1119 4758 estin
1144 4705 1373 4759 dextera
1400 4706 1500 4760 Dei
1529 4706 1728 4760 sedens
1761 4708 1892 4772 (Col.
1920 4723 1994 4770 m,
2032 4706 2096 4764 Ι).
2129 4724 2155 4758 n

567 4792 652 4846 Illi
675 4799 982 4863 resurgunt
1005 4809 1132 4846 cum
1166 4794 1390 4848 Christo
1422 4795 1518 4866 qui
1550 4795 1868 4848 moriuntur
1897 4795 2042 4848 sicut
2065 4795 2160 4850 ille

565 4887 811 4952 peccato,
845 4897 912 4934 ea
956 4887 1146 4936 tamen
1195 4883 1552 4938 distinctione
1596 4889 1816 4938 servata
1862 4884 2011 4955 quod
2067 4884 2160 4938 ille

566 4975 823 5024 mortuus
855 4975 941 5023 est
969 4975 1212 5040 peccato,
1237 4987 1348 5024 non
1366 4988 1486 5032 suo,
1501 4971 1598 5024 sed
1627 4977 1837 5036 nostro,
1862 4972 2160 5042 unusquis-

567 5075 674 5130 que
704 5065 896 5112 autem
936 5063 1191 5112 nostrum
1221 5075 1330 5112 non
1361 5059 1611 5114 omnium
1642 5060 1882 5114 moritur
1909 5066 2153 5132 peccato,

566 5148 664 5202 sed
702 5163 823 5200 suo.
849 5146 995 5210 Quid
1045 5153 1132 5200 est
1174 5155 1401 5218 peccato
1457 5148 1619 5213 mori,
1666 5149 1774 5201 nisi
1827 5149 2160 5202 damnandis

567 5236 828 5308 Operibus
881 5235 1108 5290 omnino
1154 5252 1266 5290 non
1317 5235 1516 5299 vivere,
1572 5236 1713 5290 nihil
1771 5237 2160 5308 concupiscere

566 5325 885 5388 carnaliter,
938 5325 1080 5382 nihil
1154 5324 1410 5379 ambire?
1459 5327 1616 5380 Sicut
1678 5326 1829 5379 enim
1905 5331 2160 5380 mortuus

568 5428 737 5466 carne
775 5413 914 5466 nulli
953 5414 1075 5483 jam
1123 5414 1387 5480 detrahit,
1437 5415 1654 5469 nullum
1715 5420 2003 5469 aversatur
2063 5421 2164 5470 aut

568 5499 820 5570 despicit,
869 5501 1076 5556 nullius
1105 5503 1431 5573 pudicitiam
1465 5503 1665 5558 callida
1692 5504 2163 5558 circumventione

2243 4353 2726 4425 castigavit,atque
2737 4371 2860 4408 eam
2877 4355 2981 4408 sibi
3003 4373 3037 4408 a
3056 4355 3170 4410 suis
3187 4355 3452 4421 oblatam,
3468 4371 3534 4408 ne
3551 4345 3772 4406 desiderio

2243 4459 2306 4495 ex
2328 4459 2394 4495 ea
2408 4441 2726 4496 satisfacere
2748 4443 3048 4507 videretur,
3071 4444 3287 4510 eﬂ'udit,
3305 4451 3362 4498 et
3378 4442 3545 4498 Sancti
3564 4439 3773 4506 Eliepef-

2242 4530 2420 4601 ceptio
2451 4531 2706 4584 carnium
2740 4547 2853 4586 non
2877 4532 3172 4604 conwpita
3199 4549 3312 4588 non
3335 4532 3532 4587 nocuit.
3552 4527 3687 4585 Unde
3701 4523 3771 4577 ds-

2241 4624 2337 4673 tur
2353 4619 2589 4690 intelligi
2611 4619 2757 4691 quod
2779 4622 3049 4675 veraciter
3074 4621 3420 4676 abstinentes
3447 4632 3670 4674 escarum
3687 4626 3770 4666 non

2242 4713 2472 4762 naturas
2501 4709 2598 4762 sed
2619 4710 3096 4781 concupiscentias
3119 4711 3407 4776 damnent,
3436 4726 3496 4763 ac
3515 4703 3769 4761 voluntates

2243 4813 2374 4850 suas
2397 4797 2698 4852 desiderati
2733 4797 2841 4852 cibi
2870 4798 2955 4852 vel
2982 4805 3146 4869 potus
3174 4800 3442 4854 abusione

2243 4885 2350 4950 Qui
2365 4891 2553 4940 autem
2581 4903 2694 4940 non
2714 4887 2894 4940 solum
2922 4903 2956 4940 a
2976 4888 3263 4958 qua-litate,
3280 4887 3376 4942 sed
3407 4885 3564 4939 etiam
3584 4897 3614 4934 ιι
3635 4889 3767 4949 quan-

2241 4974 2402 5029 titate
2431 4974 2680 5029 ciborum
2705 4975 2938 5046 cupiunt
2963 4975 3244 5030 abstinere
3258 4973 3398 5030 nihil
3417 4967 3762 5028 aliudstndent.

2242 5063 2349 5117 nisi
2398 5070 2463 5117 ut
2492 5069 2764 5136 quantum
2813 5065 3100 5120 stomacho
3147 5063 3444 5118 reﬁciendo
3470 5077 3531 5114 ac
3553 5049 3765 5112 famieli-

2243 5151 2458 5206 menda;
2493 5153 2670 5222 [Forte
2707 5155 2848 5206 deest
2874 5153 3034 5222 satis]
3064 5170 3185 5208 esse
3216 5153 3447 5216 videtur,
3477 5145 3757 5215 indulgeant-

2243 5256 2342 5296 nec
2362 5240 2621 5310 expleant
2638 5257 2770 5294 suos
2783 5241 3064 5312 appetitus
3083 5241 3344 5295 aviditate
3357 5232 3677 5310 percipiendi,
3692 5223 3757 5282 sed

2242 5328 2632 5399 comprimant.
2667 5336 2835 5400 atque
2876 5330 2958 5382 eis
2995 5347 3106 5384 non
3151 5329 3412 5384 saturitas
3431 5323 3613 5382 edendi
3632 5322 3753 5374 ﬁnem

2241 5415 2528 5482 faciat,sed
2541 5418 2954 5488 volnntas,quia
2968 5424 3083 5472 tam
3097 5437 3129 5472 a
3143 5418 3440 5494 cupiditate
3453 5413 3755 5486 pretiosorum

2243 5505 2494 5559 ciborum
2522 5521 2692 5576 quam
2715 5522 2749 5559 a
2776 5505 2952 5560 nimia
2978 5507 3334 5578 perceptione
3353 5504 3534 5558 vilium
3557 5494 3754 5553 cautim“
