3982 6158
247 296 384 361 i285
1472 294 1923 359 DEPURITATE
1960 297 2238 355 CORDIS.
3392 302 3524 360 1286

241 424 403 489 bunt,
431 423 526 493 qui
555 423 693 485 giliis
732 440 834 477 nec
872 422 1202 483 lautioribus
1238 426 1431 480 volunt
1468 443 1634 481 carne
1669 422 2021 491 luxu-Aque
2045 429 2425 487 consummat;
2461 441 2600 493 quas
2625 426 2855 482 virtutes
2880 428 2962 481 illi
2987 445 3098 483 non
3132 428 3402 483 habentes
3436 446 3522 483 oc-

241 513 424 569 riante
461 512 707 575 dissolvi,
735 529 837 565 nec
866 512 1204 569 distentione
1238 514 1445 567 ventris
1478 516 1674 570 vilibus
1702 534 1836 570 one-
1920 511 2103 565 cidere
2134 530 2192 565 se
2224 514 2751 581 possunt,zediﬁcat'i
2780 521 2989 577 autem,
3032 524 3129 571 aut
3167 520 3367 588 perﬁce
3416 518 3521 571 ali-

242 603 375 667 rari,
422 602 647 672 quando
690 600 1034 657 abstinentes
1063 601 1161 657 viri
1192 619 1295 655 nec
1336 603 1585 658 deliciosi
1623 606 1840 659 soleant
1920 606 2008 652 ter
2048 600 2378 655 abstinendo
2431 620 2542 657 non
2595 606 3026 675 possuntzipsis
3064 624 3193 660 vero
3236 606 3523 660 catholicis

241 708 383 755 esse,
418 708 517 749 nec
554 690 718 743 avidi.
764 692 887 744 Jam
926 691 994 745 de
1032 690 1160 747 vino
1192 691 1523 747 abstinendo
1550 694 1635 747 vel
1664 695 1840 763 perci-

241 780 447 850 piendo
466 780 599 849 quid
629 778 847 832 dicam?
874 780 1029 832 Unde
1055 786 1283 833 sanctus
1305 781 1604 850 Apostolus
1628 790 1838 837 certam

242 869 369 924 ﬁxit
395 868 646 937 regulam
680 868 899 920 dicens:
925 886 949 917 (ι
970 868 1157 921 Nolite
1186 868 1451 925 inebriari
1476 871 1624 935 vino,
1652 872 1709 926 in
1733 889 1842 942 quo

242 961 327 1009 est
352 954 573 1008 luxuria
601 955 755 1023 (Eph.
789 972 841 1019 v,
882 955 984 1019 18),
1024 978 1045 1006 ι
1086 958 1245 1027 quasi
1276 959 1503 1023 diceret,
1540 960 1843 1015 Luxuriam

241 1042 395 1109 facit,
436 1050 495 1097 et
520 1044 701 1102 nutrit
726 1044 839 1099 vini
866 1045 1148 1114 perceptio
1174 1046 1367 1109 nimia,
1397 1065 1508 1103 non
1528 1055 1751 1112 natura,
1789 1056 1845 1103 et

243 1138 541 1202 propterea
568 1149 680 1186 non
710 1149 805 1186 vos
834 1133 917 1187 uti
953 1134 1096 1197 vino,
1122 1135 1218 1189 sed
1254 1135 1520 1193 inebriari
1553 1138 1839 1207 prohibeo,

243 1221 697 1291 quandoquidem
742 1221 1031 1277 inﬁrmum
1109 1225 1461 1278 stomachum
1521 1227 1845 1282 moderatus

245 1326 350 1363 usu
365 1309 665 1365 viniconfm
680 1316 778 1375 tat,
789 1310 1032 1365 ebrietas
1048 1313 1301 1367 animum
1320 1330 1631 1385 corpusque
1643 1316 1842 1372 debili-

241 1406 354 1464 tat;
388 1399 629 1469 denique
658 1399 952 1463 Timotheo
991 1418 1092 1455 suo
1123 1402 1415 1472 discipulo,
1458 1405 1552 1474 qui
1583 1423 1641 1458 se
1680 1406 1843 1474 longe

242 1487 599 1545 abstinentiae
627 1488 975 1543 districtione
992 1491 1111 1559 jam
1144 1492 1387 1560 fregerat
1414 1498 1471 1547 et
1492 1496 1842 1551 stomachum

242 1594 412 1630 suum
433 1594 589 1647 aquae
620 1578 975 1649 perceptione
996 1587 1342 1649 corruperat,
1372 1582 1587 1636 modi'co
1606 1584 1733 1638 vino
1761 1584 1843 1638 uti

1924 689 2276 752 Christianis,
2294 690 2388 760 qui
2420 691 2533 743 sive
2562 708 2674 746 non
2700 694 2936 746 valendo
2965 694 3266 757 abstinere,
3289 696 3402 749 sive
3427 713 3524 749 no-

1923 778 2106 842 lendo,
2142 779 2331 832 omnia
2375 780 2499 833 usui
2532 786 2724 834 nostro
2764 799 3027 836 concessa
3056 800 3183 837 cum
3210 784 3523 853 gratiarum

1924 866 2142 921 actione
2182 868 2514 937 percipiunt,
2548 887 2659 924 non
2708 887 2809 925 nos
2854 878 3083 942 propter
3125 873 3524 927 abstinentiam

1927 955 2305 1025 praeferamus,
2346 975 2414 1012 nc
2466 958 2608 1012 forte
2646 960 2771 1029 plus
2800 961 3131 1016 humilitatis
3173 962 3527 1032 aliarumque

1924 1044 2194 1101 virtutum
2224 1046 2467 1101 habeant
2486 1047 2567 1101 illi
2600 1049 2747 1102 unde
2771 1051 2899 1117 jure
2921 1050 3081 1104 nobis
3105 1056 3333 1120 prepter
3359 1051 3527 1105 absti-

1926 1134 2175 1189 nentiam
2218 1136 2604 1204 pieeferantur.
2649 1137 2917 1200 Quocirca
2966 1140 3011 1192 si
3059 1140 3313 1195 volumus
3366 1139 3524 1194 nobis

1926 1223 2323 1278 abstinentiam
2352 1227 2949 1297 nostramjejuniaque
2972 1229 3259 1298 proﬁcere,
3276 1245 3310 1282 a
3335 1245 3525 1299 super-

1926 1311 2018 1364 bia
2052 1312 2110 1365 in
2140 1312 2352 1382 primis,
2389 1331 2511 1384 quae
2548 1320 2645 1369 aut
2680 1316 2905 1384 expellit
2932 1333 3127 1370 omnes
3165 1317 3400 1372 virtutes
3429 1322 3527 1371 aut

1928 1400 2149 1461 minuit,
2181 1408 2237 1455 et
2268 1418 2301 1453 a
2346 1403 2621 1471 jactantia
2670 1405 2883 1459 cunctis
2936 1405 3161 1459 inimica
3207 1406 3522 1471 virtutibus,

1928 1496 2096 1560 atque
2128 1490 2196 1542 ab
2228 1491 2488 1544 omnibus
2506 1493 2734 1547 omnino
2754 1493 2901 1545 vitiis
2922 1494 3293 1559 discedamus,
3313 1501 3377 1548 ut
3404 1512 3527 1564 pro-

1927 1578 2000 1633 sit
2036 1579 2194 1633 nobis
2241 1580 2386 1649 quod
2433 1600 2465 1633 .i
2510 1580 2647 1633 cibis
2692 1581 3112 1635 delectabilibus
3144 1583 3523 1649 abstinemus;

240 1667 449 1720 debere
477 1667 754 1737 praecepit,
788 1668 979 1722 dicens
1013 1687 1025 1722 :
1060 1687 1086 1721 α
1118 1670 1246 1723 Noli
1287 1670 1469 1724 adhuc
1508 1688 1714 1741 aquam
1754 1672 1839 1725 bi-
1924 1668 2056 1736 quia
2086 1676 2218 1721 tunc
2248 1668 2405 1725 nobis
2450 1670 2717 1738 proderit,
2762 1671 2909 1739 quod
2938 1688 3173 1742 corpora
3200 1679 3411 1733 nostra,
3442 1673 3528 1725 vel

242 1756 377 1810 bere
396 1756 491 1809 sed
506 1756 724 1810 modico
741 1757 868 1810 vino
894 1761 1051 1810 utere
1072 1764 1299 1827 prOpter
1315 1761 1663 1819 stomachum
1680 1767 1841 1815 tuum
1867 1762 2073 1836 Bcerte
2092 1773 2387 1826 corporum
2426 1756 2721 1821 incentiva,
2746 1758 2931 1827 rigore
2974 1759 3331 1813 districtioris
3354 1760 3528 1813 absti-

240 1853 302 1900 et
323 1846 643 1916 frequentes
679 1851 806 1900 tuas
832 1845 1189 1900 inﬁrmitates
1217 1849 1267 1913 (Ι
1320 1849 1458 1902 Tim.
1484 1866 1535 1913 v,
1570 1849 1676 1910 2:3).
1711 1871 1737 1900 »
1760 1852 1838 1905 Ac
1933 1844 2136 1898 nantia
2167 1845 2525 1913 castigamus,
2540 1844 2587 1898 si
2609 1846 2925 1900 carnalibus
2947 1847 3239 1901 desideriis
3264 1849 3526 1911 absoluti,

240 1953 346 2006 per
376 1936 481 1989 hoc
521 1936 660 1990 nihil
693 1942 890 1989 contra
929 1935 1327 1993 abstinentiam
1371 1938 1585 1995 faciunt
1624 1940 1717 2009 qui
1764 1941 1840 1992 vi—
1922 1934 2129 1988 sanctis
2163 1933 2461 1989 virtutibus
2484 1934 2803 1988 ﬁoreamus.
2840 1936 2948 1990 Sed
2978 1936 3144 2006 plane
3173 1937 3296 1992 dico
3325 1955 3358 1992 a
3386 1938 3531 1992 veris

241 2043 381 2081 num
428 2041 537 2079 non
577 2042 677 2096 pro
708 2025 998 2092 ebrietate,
1044 2027 1141 2079 sed
1190 2032 1413 2081 tantum
1456 2045 1557 2097 pro
1594 2029 1840 2098 corporis
1925 2023 2222 2078 virtutibus
2254 2029 2476 2078 tantum
2522 2023 2950 2081 similitudinem
2980 2025 3190 2080 distare
3233 2027 3524 2093 virtutum,

241 2116 426 2169 salute
455 2114 787 2184 percipiunt.
833 2116 948 2169 Nec
992 2115 1093 2169 hoc
1134 2115 1213 2169 eis
1245 2116 1407 2171 olfert
1434 2118 1711 2181 voluntas,
1744 2119 1839 2172 sed
1926 2120 2198 2182 quantum
2224 2112 2398 2167 distat
2421 2129 2455 2164 a
2488 2112 2718 2167 veritate
2752 2114 3124 2179 mendacium,
3147 2115 3279 2185 quia
3295 2122 3351 2169 et
3379 2116 3531 2170 simi-

242 2203 527 2274 permittit
554 2202 871 2265 inﬁrmitas,
899 2219 1021 2273 quae
1047 2204 1094 2256 si
1123 2203 1381 2268 defuerit,
1405 2205 1586 2259 avino
1608 2212 1694 2259 est
1715 2206 1842 2259 abs-
1925 2202 2102 2259 litudo
2149 2202 2387 2267 virtutis,
2431 2220 2554 2273 quae
2593 2203 2813 2257 videtur
2854 2203 3031 2258 virtus
3076 2222 3216 2269 esse,
3249 2222 3376 2259 cum
3416 2222 3528 2259 non

244 2292 562 2347 tinendum.
614 2291 809 2349 Omnis
854 2292 1003 2347 enim
1052 2292 1161 2347 vini
1206 2293 1507 2363 perceptio,
1543 2310 1664 2363 quae
1692 2294 1847 2350 inﬁr-

243 2400 404 2437 mum
430 2387 726 2446 sustentat,
761 2398 963 2435 sanum
985 2398 1187 2451 corpus
1210 2382 1474 2446 incendit,
1492 2384 1844 2453 quandoqui-

242 2472 378 2526 dem
402 2472 502 2540 [νει
534 2474 632 2536 leg.
668 2470 946 2540 quomodo
979 2471 1378 2540 quidem],vino
1409 2472 1585 2533 uti,et
1606 2473 1847 2527 usuiha-

242 2561 382 2614 bere
411 2561 597 2617 oleum
627 2560 813 2613 nullus
841 2560 1047 2613 dixerit
1086 2576 1205 2615 esse
1258 2568 1564 2629 peccatum.
1600 2561 1710 2619 Sed
1735 2562 1849 2617 haec

244 2651 375 2705 ideo
415 2666 525 2703 non
565 2648 833 2702 debemus
880 2649 1034 2703 carni
1085 2648 1426 2702 desideranti
1457 2654 1740 2718 praestare,
1778 2666 1848 2701 ne

242 2756 380 2793 cum
398 2738 479 2791 illi
509 2738 661 2792 licita
693 2738 996 2791 concedere
1026 2738 1380 2808 coeperimus,
1412 2743 1605 2807 poscat
1633 2737 1846 2801 illicita,

244 2836 309 2883 et
332 2826 436 2881 sibi
459 2826 828 2897 obsequentes
860 2826 917 2879 in
950 2826 1198 2880 minimis
1227 2826 1286 2879 in
1315 2826 1529 2895 ﬂagitia
1569 2826 1852 2896 punienda

244 2915 566 2985 compellat,
582 2932 646 2968 ac
664 2914 905 2969 naturali
924 2914 1118 2968 ordine
1137 2913 1463 2984 perturbato
1486 2931 1597 2967 non
1628 2915 1847 2985 spiritui

243 3005 577 3076 corpus,sed
598 3005 827 3075 spiritus
846 3004 1065 3074 corpori
1078 3003 1390 3063 dominanti
1411 3003 1703 3056 deserviat.
1729 3005 1851 3058 Huc

1928 2291 2020 2355 sit,
2038 2290 2179 2344 nihil
2200 2297 2286 2344 est
2323 2290 2496 2351 aliud,
2527 2290 2636 2345 nisi
2665 2292 3039 2355 mendacium,
3073 2298 3129 2346 et
3160 2292 3283 2346 ideo
3312 2309 3425 2347 non
3444 2299 3531 2347 est

1928 2379 2104 2432 virtus
2129 2378 2383 2441 dicenda,
2405 2379 2503 2432 sed
2536 2378 2751 2432 vitium.
2787 2379 2855 2435 Et
2886 2396 3019 2433 vera
3048 2380 3222 2435 virtus
3264 2386 3349 2434 est
3383 2381 3527 2435 veri-

1930 2474 2036 2532 tas,
2075 2468 2164 2523 cui
2190 2468 2285 2537 qui
2318 2474 2575 2522 amanter
2603 2468 2899 2523 adhaeserit
2926 2486 2961 2523 a
2990 2470 3200 2541 peccati
3238 2476 3419 2524 morte
3447 2485 3530 2527 re-

1931 2557 2231 2613 suscitatus
2269 2557 2411 2611 mori
2450 2558 2600 2615 ultra
2654 2574 2765 2611 non
2812 2558 3035 2627 poterit,
3070 2558 3177 2614 nisi
3207 2572 3335 2613 cum
3365 2558 3434 2612 ab
3463 2574 3531 2612 ea

1932 2646 2235 2714 depravata
2261 2646 2543 2705 voluntate
2566 2647 2886 2709 recesserit;
2920 2648 3106 2702 sicute
3124 2647 3404 2701 contrario
3429 2646 3530 2700 vir-

1931 2735 2068 2793 tutis
2089 2734 2373 2791 simulatio
2396 2753 2518 2804 quze
2539 2742 2642 2800 est,
2676 2742 2739 2789 ut
2759 2736 2888 2795 dixi,
2927 2737 3278 2791 mendacium
3308 2736 3528 2790 veritati

1936 2824 2298 2887 contrarium,
2328 2824 2577 2880 animam
2598 2830 2874 2895 separata
2890 2826 3004 2881 Deo
3026 2825 3141 2880 vita
3163 2843 3282 2889 sua,
3308 2841 3419 2880 non
3442 2825 3527 2877 in-

1932 2912 2250 2973 terituram,
2282 2913 2379 2967 sed
2417 2914 2706 2984 supplicio,
2742 2932 2865 2984 quae
2907 2920 2993 2969 est
3032 2915 3181 2969 illius
3212 2931 3381 2980 mors,
3410 2930 3528 2983 pce-

1931 3002 2134 3055 naliter
2155 3001 2273 3055 sine
2305 3002 2414 3056 ﬁne
2444 3002 2734 3066 victuram,
2768 3003 3056 3073 Scriptura
3085 3004 3303 3057 dicente
3334 3023 3345 3056 :
3387 3023 3408 3053 α
3454 3003 3529 3057 Os

244 3093 880 3164 acceditquodetipsam
896 3098 1138 3147 mentem
1156 3092 1913 3151 abstinentitefructusala-C
1937 3092 2085 3161 quod
2116 3090 2389 3147 mentitur
2417 3091 2619 3147 occidit
2654 3092 2904 3147 animam
2945 3094 3093 3160 (Sap.
3142 3110 3181 3153 1,
3233 3093 3339 3160 ll).
3396 3117 3418 3139 υ
3452 3093 3531 3145 Ac

242 3201 402 3238 crem
426 3183 575 3247 facit,
607 3200 832 3237 carnem
859 3199 1080 3252 quoque
1110 3199 1221 3234 non
1252 3199 1430 3251 usque
1460 3182 1529 3236 ad
1568 3181 1849 3235 lassitudi-

242 3290 379 3327 nem
395 3274 705 3343 fatigatam,
722 3272 820 3329 sed
836 3271 1055 3341 spiritui
1076 3271 1333 3325 ordinate
1348 3270 1658 3340 subjectam
1672 3270 1850 3325 mobi-

243 3364 361 3416 lem
389 3363 608 3425 reddat,
625 3378 822 3417 sensus
835 3361 1002 3414 etiam
1019 3377 1157 3430 quos
1169 3360 1432 3417 dicuntur
1442 3376 1657 3413 crassos
1671 3361 1850 3413 efﬁce-

241 3467 309 3503 re
326 3450 413 3505 vel
425 3467 658 3520 gravare
679 3455 955 3519 congestae
969 3447 1546 3511 deliciae,consuetudo
1564 3447 1852 3516 parcitatis

242 3544 537 3603 exonerat,
559 3545 615 3593 et
632 3539 782 3593 velut
811 3538 1051 3607 quadam
1082 3537 1328 3607 politura
1358 3535 1631 3604 religiosae
1650 3534 1852 3589 exerci-

242 3626 483 3681 tationis
511 3632 787 3681 attenuat.
820 3627 1027 3680 Verum
1058 3632 1247 3681 tamen
1273 3625 1350 3679 sic
1378 3624 1659 3679 abstinere
1677 3625 1757 3677 vel
1770 3626 1852 3695 je-

237 3718 453 3785 junare
467 3716 755 3775 debemus,
778 3722 840 3769 ut
863 3732 976 3768 non
997 3733 1098 3768 nos
1117 3714 1413 3783 jejunandi
1433 3716 1517 3767 vel
1535 3713 1848 3770 abstinendi

246 3805 573 3858 necessitati
622 3804 944 3869 subdamus,
987 3820 1057 3857 ne
1091 3804 1208 3872 jam
1252 3820 1364 3867 non
1403 3802 1605 3867 devoti,
1632 3803 1727 3856 sed
1770 3803 1850 3855 in-

242 3894 349 3947 viti
398 3910 517 3948 rem
561 3893 932 3949 voluntariam
963 3892 1250 3946 faciamus.
1294 3891 1350 3946 Si
1381 3891 1531 3944 enim
1572 3891 1850 3960 quoslibet

242 3983 632 4047 advenientes,
659 3982 878 4051 jejunio
918 3980 1256 4043 intermisso,
1292 3980 1500 4043 reficio,
1536 3996 1647 4033 non
1695 3980 1847 4033 solvo

225 4072 547 4141 jejunium,
581 4072 677 4125 sed
706 4072 910 4141 impleo
948 4069 1240 4125 charitatis
1271 4069 1533 4122 ofﬁcium.
1568 4070 1847 4123 Caeterum

1932 3194 2033 3247 per
2078 3179 2181 3232 hoc
2226 3177 2371 3235 sicut
2401 3179 2575 3233 virtus
2614 3180 2860 3233 animam
2908 3180 3011 3234 sibi
3059 3180 3330 3234 veraciter
3356 3180 3530 3233 inhae-

1934 3272 2171 3331 rentem,
2198 3267 2243 3320 si
2281 3268 2453 3321 fuerit
2483 3286 2629 3329 vera,
2666 3269 2956 3338 justiﬁcat,
2992 3270 3071 3323 ita
3103 3269 3365 3323 simulata
3396 3285 3529 3323 con—

1935 3356 2182 3410 demnat.
2217 3357 2280 3409 Et
2327 3356 2461 3425 quid
2502 3357 2828 3426 justiﬁcatio
2870 3358 3089 3421 animae,
3131 3357 3238 3410 nisi
3278 3358 3399 3427 ejus
3446 3363 3531 3410 est

1934 3446 2047 3500 vita
2090 3452 2359 3516 perpetue
2390 3445 2553 3499 beata
2596 3463 2661 3499 ac
2702 3446 2864 3501 beate
2894 3452 3183 3516 perpetua,
3215 3446 3361 3500 sicut
3395 3462 3528 3500 con-

1936 3535 2221 3589 demnatio
2251 3534 2450 3588 animae
2466 3551 2632 3604 ρωηῆ
2650 3536 2773 3603 ejus
2802 3540 2889 3589 est
2920 3535 3239 3598 sentienda,
3258 3551 3380 3603 quae
3405 3551 3528 3587 mor

1935 3622 2205 3692 probatur
2235 3629 2292 3675 et
2332 3622 2454 3691 ipsa
2501 3622 2811 3691 perpetua?
2854 3624 2941 3679 Ita
2978 3622 3274 3691 dupliciter
3318 3638 3413 3676 rea
3442 3628 3531 3675 est

1933 3711 2155 3765 anima:
2182 3711 2228 3763 si
2259 3718 2316 3765 et
2346 3710 2551 3765 bonum
2586 3726 2696 3767 non
2727 3710 2894 3764 faciat
2924 3710 3074 3764 unde
3102 3710 3430 3779 spiritaliter
3455 3710 3530 3761 vi-

1932 3806 2042 3863 vat,
2072 3805 2130 3853 et
2183 3804 2411 3869 appetat
2462 3797 2887 3855 similitudinem
2916 3798 3066 3863 boni,
3106 3796 3209 3852 sub
3243 3814 3355 3867 qua
3384 3797 3529 3850 male

1932 3892 2080 3940 Vivat
2103 3892 2160 3939 et
2188 3888 2378 3941 lateat.
2423 3884 2707 3955 Superbus
2742 3885 2859 3939 vult
2888 3902 2949 3938 se
2976 3885 3125 3941 credi
3155 3890 3524 3949 constantem,

1930 3977 2195 4046 prodigus
2232 3975 2541 4039 liberalem,
2575 3990 2776 4028 avarus
2805 3974 3151 4043 diligentem,
3185 3973 3529 4029 inhumanus

1931 4081 2183 4133 parcum,
2212 4064 2442 4133 gulosus
2471 4064 2799 4125 humanum,
2826 4062 3057 4131 ignavus
3086 4061 3358 4131 quietum,
3376 4060 3528 4114 timi-

239 4162 289 4215 εἰ
322 4165 557 4230 propter
576 4159 973 4214 abstinentiam
1013 4158 1293 4228 spiritales
1325 4158 1527 4213 fratres
1558 4173 1697 4226 quos
1720 4156 1849 4210 novi
1934 4153 2038 4211 dus
2062 4150 2675 4221 cautum,impudentia
2698 4149 2913 4204 ﬁduciae
2935 4149 3039 4202 sibi
3074 4166 3277 4204 nomen
3314 4148 3525 4215 scribit,

238 4268 373 4309 mea
401 4250 731 4313 remissione
758 4248 1024 4309 delectari
1038 4248 1329 4309 contristo,
1362 4245 1702 4309 abstinentia
1727 4263 1853 4300 mea
1935 4241 2245 4311 procacitas
2286 4239 2719 4310 appellationem
2765 4236 3037 4291 libertatis
3090 4237 3365 4304 obtendit,
3421 4238 3531 4291 elo-

240 4356 360 4395 non
390 4345 479 4394 est
506 4339 681 4397 virtus
716 4338 972 4403 dicenda,
1015 4337 1111 4391 sed
1164 4336 1379 4401 vitium,
1415 4334 1679 4405 quoniam
1724 4334 1850 4404 qui-
1935 4331 2223 4404 quentiam
2276 4329 2579 4383 verbositas
2628 4326 2807 4397 ﬁngit,
2841 4333 2899 4380 et
2952 4325 3288 4380 curiositatis
3319 4326 3531 4380 malum

238 4430 376 4483 dem
398 4428 521 4498 ipsa
540 4426 890 4482 abstinentiae
913 4443 978 4479 ac
994 4424 1342 4495 jejuniorum
1367 4420 2037 4497 continuatio,nisiDsub
2087 4419 2258 4474 studii
2312 4417 2581 4488 spiritalis
2634 4416 2819 4470 colore
2871 4415 3164 4469 delitescit.
3210 4414 3340 4467 Haec
3385 4418 3443 4467 et
3483 4413 3531 4466 si

238 4517 417 4572 fuerit
441 4516 666 4586 quando
694 4532 784 4570 res
812 4515 983 4585 exigit
1014 4512 1412 4584 praetermissa,
1445 4516 1502 4564 et
1539 4529 1627 4565 me
1671 4512 1847 4575 inﬂat,

238 4613 301 4662 et
332 4607 566 4663 fratrem
587 4622 796 4668 meum,
812 4604 900 4659 cui
922 4602 1212 4658 charitatis
1229 4601 1393 4672 jubet
1409 4601 1635 4665 servire,
1650 4599 1852 4655 contri-

238 4702 378 4761 stat,
418 4695 503 4749 vel
540 4701 689 4749 certe
718 4692 856 4747 mihi
885 4692 1023 4747 nihil
1054 4692 1238 4746 inesse
1274 4690 1564 4754 charitatis
1591 4690 1850 4749 fraternae

240 4786 617 4847 demonstrat,
652 4781 876 4853 quando
904 4781 1025 4835 sine
1050 4779 1392 4835 abstinentia
1424 4778 1731 4848 quemlibet
1758 4777 1852 4830 ho-

240 4874 461 4931 minem
482 4871 816 4925 catholicum
848 4870 1091 4923 charitas
1122 4869 1242 4923 sola
1280 4867 1558 4938 perﬁciat;
1589 4872 1647 4920 et
1669 4865 1850 4919 omnis

238 4960 610 5027 abstinentia,
644 4966 745 5015 aut
773 4958 973 5029 perdat
994 4957 1115 5011 sine
1149 4955 1509 5026 adjunctione
1538 4953 1846 5019 charitatis,

244 5057 348 5104 aut
393 5054 605 5121 pereat.
652 5048 795 5113 Quia
841 5064 975 5118 ergo
1024 5046 1304 5101 abstinere
1353 5044 1524 5101 etiam
1565 5042 1852 5097 Manichaei

248 5140 335 5193 vel
360 5137 599 5208 quilibet
625 5138 719 5191 alii
748 5136 993 5193 haeretici
1012 5140 1263 5205 possunt,
1290 5141 1355 5189 ut
1385 5140 1515 5203 pote
1535 5132 1630 5202 qui
1662 5149 1856 5186 omnes

244 5245 450 5282 carnes
479 5244 593 5282 non
622 5244 723 5297 pro
751 5224 1092 5279 abstinentia
1120 5224 1217 5278 sed
1241 5241 1340 5294 pro
1370 5220 1730 5277 immunditia
1762 5220 1856 5275 de-

244 5321 545 5379 testantes,
568 5332 802 5385 corpora
829 5331 933 5369 sua
956 5314 1113 5384 panis
1144 5319 1201 5375 et
1225 5328 1387 5382 aquze
1418 5310 1688 5381 parcitate
1718 5325 1852 5363 con-

249 5406 471 5468 ficiunt,
504 5421 618 5459 non
670 5421 771 5475 pro
822 5419 1026 5473 magno
1057 5402 1328 5459 ducamus
1372 5399 1595 5469 quando
1651 5397 1721 5451 ab
1767 5398 1854 5451 his

248 5512 377 5565 quae
411 5494 491 5547 illi
531 5510 755 5567 quoque
804 5491 1066 5561 rejiciunt
1106 5489 1471 5551 abstinemus,
1504 5486 1603 5541 sed
1631 5486 1853 5556 quando

245 5582 658 5643 abstinentiam
704 5588 953 5647 nostrain
1002 5581 1141 5635 ﬁdes
1173 5575 1546 5643 commendat,
1582 5574 1853 5631 charitas-

1934 4513 2170 4579 possunt
2195 4506 2418 4578 ingenio
2438 4506 2686 4559 humano
2718 4503 2978 4567 discerni,
3013 4508 3203 4555 tamen
3234 4501 3354 4555 sine
3384 4500 3530 4554 dono

1934 4597 2052 4662 Dei,
2101 4602 2375 4667 quantum
2422 4593 2561 4647 mihi
2600 4592 2836 4657 videtur,
2888 4608 2989 4646 nec
3032 4591 3266 4644 virtutes
3297 4594 3534 4660 possunt

1934 4686 2122 4757 appeti
2169 4685 2250 4738 vel
2304 4682 2529 4749 haberi;
2560 4698 2661 4736 nec
2707 4694 2907 4735 earum
2942 4678 3357 4741 similitudines,
3409 4695 3533 4750 quae

1933 4780 2066 4831 sunt
2090 4774 2223 4827 vitia
2252 4773 2487 4826 virtutes
2516 4769 2814 4834 imitantia,
2829 4767 3187 4834 declinari,in
3217 4772 3438 4827 tantum
3470 4772 3535 4821 ut

1934 4862 2251 4923 inﬁdelibus
2282 4859 2422 4914 nihil
2470 4858 2743 4930 profuisse
2784 4857 3079 4915 credamus
3122 4856 3293 4910 etiam
3324 4856 3371 4910 si
3401 4860 3534 4910 sunt

1934 4952 2150 5021 aliquas
2182 4966 2280 5020 per
2299 4966 2499 5019 corpus
2536 4947 2753 5018 operati
2780 4946 3034 5009 virtutes,
3072 4946 3220 5015 quod
3246 4961 3340 4999 eas
3370 4961 3473 4998 nec
3499 4961 3535 4997 a

1935 5042 2051 5097 Deo
2081 5055 2182 5093 suo
2207 5054 2266 5092 se
2297 5039 2576 5108 accepisse
2622 5035 3002 5099 crediderunt,
3045 5051 3145 5088 nec
3174 5033 3245 5089 ad
3275 5050 3404 5089 eum
3436 5033 3533 5103 qui

1938 5136 2023 5183 est
2070 5127 2195 5181 ﬁnis
2239 5126 2513 5180 bonorum
2553 5124 2803 5181 omnium
2853 5124 3058 5178 referre
3110 5123 3443 5177 voluerunt:
3478 5128 3534 5175 et

1939 5217 2072 5288 quid
2093 5216 2216 5269 dico
2242 5216 2260 5267 2
2290 5214 2429 5267 nihil
2467 5213 2545 5267 eis
2585 5212 2958 5284 profecerunt,
2984 5212 3096 5266 imo
3127 5209 3297 5265 etiam
3326 5226 3532 5265 nocue-

1938 5311 2088 5366 runt,
2123 5304 2567 5358 dicente.sancto
2604 5302 2871 5372 Apostolo
2904 5319 2914 5353 :
2958 5318 2983 5353 (ί
3034 5299 3214 5353 Omne
3242 5298 3391 5369 quod
3424 5315 3534 5357 non

1939 5402 2024 5449 est
2054 5412 2119 5449 ex
2150 5394 2275 5458 tide,
2294 5397 2583 5463 peccatum
2619 5396 2704 5444 est
2726 5392 2898 5456 (Rom.
2925 5405 3038 5453 Xiv,
3060 5387 3173 5455 ‘23),
3197 5404 3309 5445 non
3344 5387 3488 5443 dixit
3517 5406 3528 5441 :

1941 5503 1967 5535 α
2000 5485 2179 5538 Omne
2207 5480 2355 5551 quod
2394 5497 2505 5534 non
2537 5484 2623 5532 est
2659 5495 2724 5532 ex
2753 5478 2862 5532 ﬁde
2908 5498 2932 5530 in
2966 5476 3105 5531 nihil
3148 5481 3260 5544 est;
3311 5476 3407 5533 sed
3456 5476 3536 5533 di-

1939 5572 2133 5640 cendo,
2187 5589 2213 5622 «
2268 5570 2447 5629 Omne
2495 5567 2644 5639 quod
2682 5583 2794 5624 non
2840 5572 2928 5623 est
2963 5584 3030 5621 ex
3077 5566 3207 5633 ﬁde,
3245 5572 3537 5642 peccatum
