3982 6158
563 296 699 354 1287
1152 297 1214 352 Β.
1255 296 1528 352 RABANI
1565 295 1797 352 MAURI
1845 293 2180 350 ARCHIEP.
2225 292 2551 350 MOGUNT.
2593 295 2890 352 OPERUM
2926 296 3112 352 PARS
3148 297 3240 352 III.
3641 301 3746 360 {288

563 426 666 485 est,
702 439 728 474 ))
759 421 1062 476 declaravit
1103 421 1251 492 quod
1297 421 1486 475 omnia
1511 419 1658 475 bona
1686 425 1786 474 aut
1811 437 1878 474 ex
1918 419 2027 474 fide
2054 419 2448 491 ge-Aclaruit,
2485 420 2633 490 quod
2680 420 2914 476 virtutes
2961 437 3122 475 veras
3148 437 3256 475 non
3284 420 3552 477 videantur
3583 423 3746 480 habere

564 517 668 570 sta,
702 511 936 565 virtutes
983 517 1132 571 sunt,
1175 527 1298 582 quae
1326 509 1574 582 profecto
1595 509 1932 580 justificant;
1975 514 2076 563 aut
2106 509 2154 562 si
2239 507 2334 578 qui
2362 508 2649 574 simulant,
2682 515 2740 563 et
2780 510 2861 564 illi
2900 510 3170 565 simulant
3197 510 3290 581 qui
3319 527 3422 566 non
3448 528 3508 566 ex
3546 513 3639 567 fide
3675 520 3750 568 aut

561 599 772 653 fuerint
810 599 931 653 sine
959 600 1087 665 fide,
1121 617 1233 654 non
1279 604 1413 654 sunt
1443 599 1631 670 aliqua
1678 599 1827 652 bona
1853 599 2150 662 credenda,
2237 613 2348 651 non
2381 602 2610 669 propter
2643 599 2842 664 Deum,
2884 599 2981 657 sed
3027 606 3254 671 propter
3304 599 3538 656 homines
3576 606 3748 657 tantum

563 689 660 741 sed
691 689 840 753 vitia,
875 705 997 760 quae
1029 705 1140 743 non
1167 690 1368 759 juvant
1391 705 1523 743 suos
1552 687 1858 758 operarios,
1899 688 1996 741 sed
2027 703 2156 740 con-
2237 685 2368 740 boni
2397 687 2612 757 aliquid
2640 693 2963 758 operantur,
2997 688 3374 760 eleemosynis,
3395 704 3456 742 ac
3470 689 3749 759 jejuniis,vel

563 781 822 831 temnant
863 778 1197 849 inflatosque
1241 777 1608 849 praecipitant,
1659 783 1827 848 atque
1873 793 1908 830 a
1952 775 2157 830 ﬁnibus
2239 775 2590 830 abstinentiae
2639 777 2967 846 ceterisque
3010 775 3169 831 bonis
3212 776 3461 848 operibus
3501 778 3750 843 serviendo,

565 872 786 920 aeternae
813 867 1008 921 salutis
1039 866 1350 920 eliminant.
1395 867 1505 921 Sed
1536 866 1668 936 quid
1707 883 1810 936 ego
1837 865 1954 920 haec
1977 865 2046 918 de
2075 865 2158 918 in-
2239 879 2350 918 non
2379 869 2445 918 ut
2470 863 2601 919 boni
2639 866 2796 931 fiant,
2831 865 2928 920 sed
2958 871 3022 919 ut
3049 864 3222 920 bonos
3261 883 3320 920 se
3369 865 3649 922 hominibus
3684 868 3759 923 ﬁn-

564 955 841 1020 hdelibus,
881 955 1027 1010 unde
1067 956 1252 1010 nullus
1278 955 1563 1025 ambigere
1593 954 1828 1019 videtur,
1861 970 2153 1025 exaggero,
2238 960 2393 1024 gaut,
2453 969 2556 1008 nec
2608 954 2680 1008 ad
2734 954 3111 1026 recipiendam
3161 955 3540 1026 sempiternam
3589 971 3756 1010 merce-

565 1061 692 1098 cum
723 1051 950 1099 sanctus
989 1045 1287 1116 Apostolus
1321 1045 1492 1098 etiam
1522 1045 1714 1099 fideles
1739 1044 2032 1114 quosdam,
2064 1043 2160 1115 qui
2241 1043 2388 1107 dem,
2422 1042 2519 1096 sed
2541 1041 2612 1096 ad
2633 1043 3066 1114 comparandam
3105 1042 3342 1113 gloriam
3367 1042 3668 1114 popularem.
3689 1043 3759 1098 Vi-

564 1135 855 1188 credentes
873 1135 930 1188 in
951 1135 1128 1189 Deum
1159 1151 1270 1188 non
1299 1134 1604 1189 secundum
1635 1134 1834 1199 Deum,
1851 1133 1948 1186 sed
1968 1149 2162 1188 secun—
2241 1132 2475 1186 deamus
2516 1147 2664 1186 nunc
2707 1131 2910 1203 quibus
2943 1131 3384 1204 praecedentibus
3409 1131 3574 1186 causis
3591 1138 3640 1186 et
3659 1132 3758 1186 sub-

566 1223 702 1293 dum
728 1224 1012 1278 hominem
1071 1224 1284 1289 vivunt,
1335 1223 1588 1278 carnales
1630 1223 1885 1276 nominet
1921 1221 2108 1275 dicens
2143 1240 2155 1274 :
2243 1221 2606 1294 sequentibus
2630 1222 2992 1276 incrementis
3026 1221 3178 1276 nasci
3213 1221 3426 1276 soleant
3453 1220 3571 1275 vitia
3593 1221 3660 1274 vel
3684 1237 3758 1276 an-

569 1330 597 1364 α
629 1313 698 1372 Et
748 1329 870 1382 ego,
921 1313 1142 1379 fratres,
1183 1329 1314 1367 cum
1339 1312 1614 1366 venissem
1664 1311 1735 1365 ad
1763 1327 1880 1375 vos,
1913 1327 2026 1364 non
2064 1327 2160 1364 νο·-
2241 1313 2382 1382 geri,
2411 1317 2470 1366 et
2497 1311 2701 1383 quibus
2737 1298 3040 1382 adjuvante
3067 1311 3306 1365 Domino
3333 1310 3573 1365 remediis
3597 1312 3760 1382 possint

567 1401 652 1456 bis
680 1401 836 1472 potui
857 1403 1009 1472 loqui
1031 1402 1189 1474 quasi
1220 1401 1621 1473 spiritualibus,
1646 1401 1743 1455 sed
1777 1400 1935 1470 quasi
1968 1415 2162 1454 carna-
2242 1401 2395 1455 velut
2445 1399 2779 1472 quibusdam
2823 1399 3250 1454 medicamentis
3296 1399 3539 1453 imminui
3583 1399 3651 1453 vel
3693 1416 3760 1454 sa-

567 1490 710 1545 libus
733 1493 784 1557 (Ι
808 1492 928 1545 Cor.
973 1509 1047 1558 ni,
1083 1491 1156 1561 l).
1197 1511 1220 1542 »
1255 1490 1517 1545 Nondum
1558 1489 1707 1544 enim
1740 1489 2028 1560 poteratis,
2061 1489 2159 1545 sed
2244 1491 2385 1544 nari.
2437 1489 2631 1545 Omnis
2693 1495 2886 1544 sancta
2940 1489 3118 1543 virtus
3164 1505 3256 1543 res
3294 1495 3378 1542 est
3413 1487 3596 1555 divina,
3629 1489 3762 1544 incor-

566 1596 638 1634 ne
667 1580 849 1634 adhuc
896 1580 1122 1650 quidem
1170 1579 1421 1650 potestis,
1451 1579 1632 1633 adhuc
1664 1579 1814 1632 enim
1861 1578 1994 1632 estis
2036 1594 2160 1631 car-
2243 1595 2382 1651 pora
2427 1595 2674 1650 prorsus,
2724 1584 2892 1650 atque
2954 1577 3344 1642 mundissima,
3395 1594 3550 1648 quam
3599 1584 3762 1631 mentes

566 1667 759 1722 nales?
789 1669 858 1722 Et
883 1674 1153 1738 tanquam
1175 1685 1554 1739 quaereremus
1591 1667 1727 1738 quid
1756 1667 2008 1720 carnales
2027 1665 2161 1719 velit
2243 1667 2551 1740 inquinatae
2577 1685 2691 1722 non
2718 1668 3036 1739 inquinant,
3073 1667 3172 1721 sed
3199 1667 3323 1738 ipsa
3353 1666 3643 1737 inquinatas
3659 1683 3768 1720 ema-

483 1762 491 1771 ’
564 1756 823 1826 intelligi,
849 1763 1072 1811 secutus
1101 1756 1384 1828 adjunxit:
1411 1777 1433 1805 l
1467 1758 1608 1811 Cum
1639 1755 1788 1810 enim
1811 1755 1884 1810 sit
1903 1755 2051 1810 inter
2068 1745 2226 1808 VOSB
2243 1759 2414 1824 culat,
2437 1759 2598 1829 cujus
2617 1757 3047 1829 participatione
3073 1759 3391 1810 formantur
3409 1755 3655 1820 informia,
3675 1772 3766 1809 sus-

565 1845 716 1900 zelus
747 1851 804 1899 et
825 1846 1582 1912 contentio,nonnecarnales
1609 1844 1742 1899 estis
1771 1850 1828 1898 et
1854 1844 2160 1898 secundum
2244 1847 2492 1902 citantur
2547 1851 2789 1913 mortua,
2854 1851 3128 1900 sanantur
3178 1845 3424 1910 inﬁma,
3481 1844 3768 1916 corriguntur

566 1934 851 1988 hominem
881 1933 1217 1989 ambulatis?
1245 1936 1400 2004 (Ibid.
1421 1951 1472 1990 υ.
1493 1933 1570 2002 3.)
1595 1956 1622 1984 ιι
1645 1934 1792 1998 Quid
1811 1939 1996 2006 potest
2022 1934 2164 1987 dua-
2245 1952 2434 2008 prava,
2466 1935 2904 1990 reconciliantur
2937 1951 3152 1990 aversa.
3183 1935 3344 1989 Hanc
3367 1950 3473 1988 non
3503 1932 3660 1996 habet,
3690 1932 3768 1986 nisi

566 2023 669 2076 bus
702 2023 788 2076 his
807 2023 980 2078 animi
1010 2023 1259 2095 pestibus
1287 2023 1524 2078 inveniri
1553 2023 1952 2089 deterius,zelo
1967 2027 2025 2076 et
2039 2039 2166 2076 con-
2247 2026 2415 2090 Deus,
2449 2029 2507 2079 et
2534 2024 2582 2078 is
2611 2026 2700 2079 cui
2734 2024 2953 2078 dederit
3001 2024 3170 2090 Deus,
3204 2040 3330 2095 qua:
3371 2023 3428 2076 in
3456 2021 3621 2076 animo
3651 2019 3770 2076 habi-

569 2111 837 2175 tentione,
864 2112 1066 2183 quibus
1107 2113 1359 2166 carnales
1407 2113 1501 2183 qui
1543 2113 1850 2166 secundum
1880 2111 2164 2166 hominem
2248 2119 2350 2181 tat,
2381 2113 2479 2168 sed
2528 2113 2782 2168 animum
2820 2129 3134 2185 corpusque
3171 2113 3506 2177 sanctificat;
3551 2110 3612 2164 ad
3644 2126 3770 2181 quam

567 2200 755 2255 vivunt
785 2201 952 2255 etiam
983 2201 1041 2255 in
1071 2201 1174 2255 hac
1202 2201 1316 2256 vita
1333 2207 1669 2272 torquentur
1693 2217 1820 2255 cum
1851 2207 1907 2254 et
1931 2206 2164 2255 conten-
2247 2203 2434 2256 nullus
2463 2201 2680 2256 accedit
2697 2201 2924 2268 invitus,
2949 2218 3118 2273 quam
3143 2202 3335 2256 nullus
3357 2199 3555 2254 amittit
3573 2199 3664 2253 nisi
3680 2215 3771 2270 pro-

565 2291 646 2345 tio
677 2291 967 2344 haereticos
1004 2291 1220 2356 reddat,
1242 2296 1299 2344 et
1322 2291 1473 2345 zelus
1500 2291 1812 2344 imitatores
1841 2289 2046 2344 diaboli
2068 2306 2162 2361 pa—
2246 2291 2372 2362 pria
2399 2292 2686 2346 voluntate
2712 2291 2997 2363 deceptus.
3031 2292 3210 2345 Nemo
3227 2307 3351 2344 eam
3369 2288 3469 2343 sibi
3482 2288 3770 2358 conferrepo-

567 2379 815 2434 radisum
839 2379 1034 2451 primis
1063 2379 1383 2434 hominibus
1403 2379 1703 2434 invidentis
1730 2379 1977 2432 efﬁciat?
2006 2381 2085 2432 Ac
2113 2379 2160 2432 si
2243 2385 2357 2435 test
2384 2397 2512 2434 cum
2549 2380 2744 2452 possit,
2775 2381 2938 2435 alteri
2967 2386 3159 2435 autem
3189 2397 3306 2434 non
3351 2378 3583 2433 conferre
3607 2391 3767 2450 prava-

566 2469 789 2540 quando
829 2469 1020 2524 fideles
1041 2469 1281 2538 justitia,
1317 2469 1542 2540 pietate,
1577 2467 1978 2534 misericordia,
2009 2484 2162 2522 man-
2244 2469 2324 2524 let
2348 2486 2452 2524 nec
2479 2469 2724 2524 auferre:
2757 2469 2948 2540 itaque
2999 2486 3128 2524 cum
3178 2469 3314 2524 talis
3362 2485 3424 2523 ac
3463 2473 3606 2522 tanta
3637 2466 3767 2520 virtus

567 2557 881 2624 suetudine,
915 2557 1253 2624 humilitate,
1269 2557 1604 2622 innocentia,
1636 2557 1961 2628 caaterisque
1984 2556 2161 2610 virtu-
2244 2558 2473 2613 cuilibet
2500 2559 2649 2613 inter
2666 2559 2979 2630 voluptates
3003 2575 3135 2612 suas
3162 2558 3350 2612 adhuc
3379 2555 3623 2612 marcenti
3641 2553 3768 2608 reful-

567 2645 716 2700 tibus
739 2647 1005 2713 gaudent,
1039 2652 1139 2700 aut
1167 2647 1475 2701 secundum
1514 2646 1693 2702 Deum
1721 2645 1932 2710 vivunt,
1964 2653 2022 2700 et
2051 2661 2163 2699 non
2243 2648 2399 2714 serit,
2432 2653 2602 2720 atque
2644 2649 2696 2702 ei
2734 2648 2804 2702 ad
2858 2665 2918 2702 se
2967 2647 3468 2718 concupiscendam
3495 2644 3768 2700 desiderium

572 2740 722 2800 sunt,
769 2752 900 2788 vera
939 2734 1146 2788 habere
1194 2735 1455 2790 credendi
1502 2741 1652 2801 sunt,
1686 2752 1808 2806 quae
1838 2734 2165 2806 spiritaliter
2245 2736 2468 2791 salubre
2497 2737 2877 2804 commoverit,
2898 2737 3155 2808 protinus
3174 2737 3234 2791 in
3257 2737 3442 2792 animo
3459 2737 3571 2806 ejus
3587 2734 3768 2788 duarum

567 2823 813 2876 viventes
840 2823 1055 2894 adepta)
1089 2825 1457 2892 sanctificant,
1489 2831 1547 2878 et
1574 2825 1690 2880 Deo
1730 2823 2158 2890 commendant;
2245 2826 2681 2881 delectationum
2711 2826 3118 2881 contrariarum
3143 2826 3270 2880 rixa
3287 2824 3574 2896 consurgit,
3596 2828 3644 2877 et
3661 2837 3771 2875 men-

570 2917 670 2965 aut
694 2912 1000 2966 secundum
1046 2913 1331 2966 hominem
1377 2913 1590 2982 vivunt,
1622 2919 1679 2967 et
1709 2930 1821 2966 non
1866 2918 1999 2968 sunt
2020 2929 2162 2966 verae
2243 2920 2358 2970 tem
2387 2915 2646 2970 voluntas
2675 2917 2970 2970 adversum
3001 2932 3060 2970 se
3088 2915 3322 2986 ancipiti
3359 2912 3687 2970 delectatione
3715 2908 3772 2961 di-

564 2999 817 3065 virtutes,
838 3000 934 3054 sed
963 3001 1235 3054 virtutum
1275 3001 1691 3066 similitudines,
1725 3019 1846 3072 quae
1874 3001 2016 3055 nihil
2046 2991 2170 3056 car-i
2191 3063 2225 3072 Α
2244 3005 2420 3058 visam
2457 3004 2516 3058 in
2544 3004 2763 3059 diversa
2802 3004 2956 3059 ducit
2983 3021 3050 3058 ac
3073 3005 3314 3068 reducit,
3345 3003 3504 3058 modo
3531 2999 3771 3072 reprehen-

567 3063 1096 3142 naliterviventibus
1109 3095 1362 3160 prosunt.
1389 3063 1848 3162 Quapropter‘qui
1881 3090 2156 3160 religiose,
2185 3063 2426 3147 Cdendo
2447 3093 2594 3164 quod
2608 3093 2872 3164 elegerat,
2899 3094 3064 3148 modo
3095 3094 3246 3164 quod
3275 3063 3679 3165 reprehenderat
3698 3087 3770 3141 eli-

569 3177 664 3248 qui
690 3177 1060 3244 continenter,
1104 3177 1198 3248 qui
1228 3177 1430 3244 sobrie,
1478 3179 1574 3249 qui
1616 3179 2052 3233 misericorditer
2077 3179 2160 3232 vi-
2241 3183 2444 3252 gendo,
2477 3187 2645 3254 atque
2673 3181 2754 3236 ita
2794 3183 2854 3236 in
2899 3183 3251 3238 alterutrum
3277 3183 3424 3236 latus
3453 3197 3508 3235 se
3539 3176 3771 3250 cogitatio-

569 3266 665 3332 vit,
697 3266 744 3318 si
785 3267 920 3332 Deo,
962 3267 1122 3336 cujus
1151 3283 1384 3320 munere
1429 3271 1494 3320 ut
1543 3266 1684 3321 bene
1725 3267 1892 3331 vivat,
1935 3267 2162 3337 adjuva-
2243 3286 2380 3324 num
2407 3270 2678 3325 varietate
2705 3276 3022 3326 versantem
3047 3271 3171 3342 ipsa
3195 3271 3354 3325 velut
3379 3270 3587 3324 virtutis
3611 3284 3666 3321 ac
3686 3263 3772 3318 vitii

571 3362 680 3421 tur,
707 3355 950 3421 ascribit,
978 3355 1284 3410 secundum
1326 3355 1506 3410 Deum
1555 3355 1887 3427 spiritaliter
1907 3356 2039 3410 vivit
2072 3377 2082 3411 :
2112 3357 2160 3410 si
2240 3358 2415 3430 tepidi
2461 3359 2734 3414 medietas
2760 3365 2923 3414 vexat
2947 3377 3012 3414 ac
3055 3359 3288 3424 lacerat,
3321 3359 3577 3431 quoniam
3601 3354 3770 3428 quidem

567 3461 697 3498 vero
731 3445 920 3498 omnia
974 3461 1098 3516 quae
1153 3443 1296 3498 bene
1349 3444 1485 3515 agit,
1517 3445 1726 3500 viribus
1755 3445 1871 3500 suis
1919 3445 2162 3500 ascribat
2243 3447 2552 3518 quemlibet
2587 3447 2871 3502 hominem
2901 3448 3079 3503 donec
3104 3465 3165 3503 se
3199 3449 3263 3502 in
3303 3466 3369 3503 eo
3398 3446 3538 3519 quod
3575 3442 3768 3514 elegerit.

569 3533 730 3605 quasi
753 3533 922 3588 etiam
939 3533 1060 3588 sine
1075 3533 1356 3604 adjutorio
1378 3533 1479 3588 Dei
1501 3534 1570 3587 ad
1589 3534 1732 3588 bene
1756 3536 2038 3606 agendum
2056 3535 2161 3590 sibi
2243 3541 2396 3591 certa
2415 3536 2751 3592 diffinitione
2779 3537 3096 3604 confirmet,
3121 3539 3375 3609 quandiu
3399 3537 3556 3591 modo
3573 3550 3666 3590 non
3689 3530 3773 3584 vult

566 3623 826 3688 sufficiat,
861 3623 1170 3678 secundum
1217 3623 1502 3678 hominem
1556 3623 1858 3678 carnaliter
1901 3624 2052 3690 vivit,
2103 3630 2160 3679 et
2241 3624 2391 3696 quod
2412 3624 2652 3691 volebat,
2687 3625 2852 3680 modo
2886 3626 3024 3680 velle
3052 3625 3250 3698 incipit
3279 3625 3428 3697 quod
3479 3622 3690 3684 nolebat,
3713 3634 3773 3671 νε·

565 3711 690 3766 ideo
720 3717 820 3766 aut
848 3711 989 3766 bene
1015 3728 1131 3766 non
1153 3711 1303 3774 vivit,
1336 3717 1436 3766 aut
1457 3711 1598 3766 nihil
1629 3713 1680 3766 ei
1710 3712 1960 3784 proderit
1997 3713 2158 3784 quid-
2239 3714 2327 3768 lut
2355 3714 2415 3768 in
2446 3715 2688 3786 quodam
2723 3713 3144 3769 deliberationis
3175 3714 3407 3770 incertae
3433 3713 3570 3768 bivio
3613 3705 3769 3764 consti-

565 3801 698 3873 quid
727 3800 857 3856 boni
879 3805 1110 3872 propter
1135 3797 1392 3856 homines
1419 3801 1572 3858 facit.
1601 3801 1734 3872 quia
1760 3802 2024 3856 humanis
2044 3803 2161 3856 lau-
2241 3807 2429 3857 tutum
2479 3802 2746 3874 discerpit
2784 3803 2908 3874 ipsa
2949 3802 3247 3858 diversitas
3293 3803 3642 3858 voluntatum.
3670 3797 3772 3852 Hinc

563 3890 726 3945 dibus
755 3890 1063 3946 delectatus
1085 3889 1178 3944 hic
1191 3891 1312 3960 jam
1340 3891 1710 3962 temporalem
1735 3891 2050 3945 mercedem
2077 3908 2163 3945 re-
2243 3907 2372 3945 eum
2401 3890 2580 3946 virtus
2605 3891 2871 3947 admonet
2889 3907 3002 3947 suae
3030 3891 3230 3946 salutis
3254 3897 3314 3948 et
3338 3897 3522 3957 vocat;
3551 3888 3664 3944 inde
3679 3899 3770 3938 con-

564 3979 700 4051 cipit
727 3995 958 4034 suorum
1003 3995 1238 4050 cperum
1271 3996 1394 4050 quae
1438 3979 1826 4051 temporaliter
1864 3979 2013 4034 fecit.
2046 3980 2160 4052 Igi—
2242 3979 2481 4035 suetudo
2514 3980 2712 4036 vitiosa
2739 3981 3026 4036 discedere
3055 3997 3091 4035 a
3117 3997 3178 4035 se
3201 3981 3481 4037 volentem
3506 3977 3771 4034 moratura!

563 4073 660 4122 tur
711 4067 803 4122 ille
840 4068 1146 4122 secundum
1178 4067 1462 4122 hominem
1519 4068 1655 4124 vivit
1711 4067 1808 4140 qui
1853 4069 2162 4124 secundum
2241 4073 2482 4136 revocat,
2523 4075 2582 4124 et
2622 4069 2908 4142 paulisper
2939 4086 2974 4124 a
3015 4086 3074 4125 se
3103 4086 3320 4137 averso;
3347 4086 3450 4124 nec
3469 4067 3536 4123 ad
3562 4067 3770 4120 virtutem

562 4155 830 4228 seipsum,
862 4155 994 4227 quia
1030 4161 1090 4210 et
1117 4155 1236 4226 ipse
1257 4155 1424 4210 homo
1455 4161 1560 4222 est,
1584 4155 1735 4223 vivit,
1768 4160 1827 4211 et
1853 4157 2160 4212 secundum
2240 4159 2404 4230 plene
2479 4174 2764 4224 converso,
2819 4157 3026 4214 vitiatae
3093 4159 3399 4214 voluntatis
3453 4151 3773 4212 admonitione

563 4243 810 4317 seipsum
843 4244 989 4312 vivit,
1023 4243 1119 4315 qui
1154 4244 1201 4298 si
1239 4244 1488 4315 potuerit
1515 4250 1602 4299 est
1628 4261 1756 4300 cum
1785 4245 1988 4316 quibus
2018 4246 2154 4313 vult,
2238 4245 2548 4313 blandiens,
2567 4263 2762 4302 omnes
2781 4245 3286 4319 illecebrasquibus
3305 4247 3438 4303 olim
3455 4245 3650 4318 perdite
3664 4241 3774 4294 fma“

561 4333 748 4404 pergit
775 4351 886 4405 quo
915 4333 1050 4398 vult,
1073 4333 1282 4388 dormit
1323 4333 1546 4405 quando
1563 4340 1621 4388 et
1649 4334 1900 4405 quandiu
1918 4335 2055 4400 vult,
2082 4336 2220 4410 10-“
2239 4334 2407 4390 batur
2437 4335 2700 4402 ostendit,
2725 4335 2918 4410 turpia
2946 4353 3168 4408 quoque
3189 4336 3468 4392 desideria
3495 4331 3674 4406 quibus
3687 4328 3772 4383 vin-

563 4393 758 4494 quitur
791 4393 924 4494 quae
956 4393 1072 4476 vult
1123 4425 1179 4476 et
1233 4393 1358 4476 ubi‘
1377 4423 1513 4488 vult,
1549 4393 1853 4477 manducet
1906 4429 1964 4477 et
2016 4393 2418 4480 bibitDciatur
2440 4393 2716 4492 immittit,
2747 4393 2982 4496 ac‘jam‘
3001 4393 3144 4496 pene
3191 4393 3528 4490 fastidienti:
3556 4419 3772 4476 blandum

565 4511 788 4584 quando
815 4517 871 4566 et
899 4511 1048 4584 quod
1081 4511 1198 4565 vult
1218 4517 1278 4566 et
1295 4517 1568 4582 quantum
1596 4512 1734 4578 vult,
1756 4513 1904 4566 ridet
1931 4528 1996 4566 ac
2005 4513 2156 4582 joca-
2236 4514 2422 4569 nescio
2451 4515 2584 4587 quid
2613 4513 2812 4580 mollit,
2847 4514 3182 4580 insusurrat,
3214 4520 3274 4569 et
3299 4513 3567 4587 supplicat
3585 4525 3646 4564 ne
3662 4523 3770 4581 prc-

561 4605 659 4654 tur
704 4600 854 4656 inter
904 4617 1045 4672 quos
1102 4601 1240 4656 vult.
1277 4601 1568 4656 Postremo
1609 4601 1880 4672 quidquid
1927 4600 2158 4656 naribus
2238 4609 2412 4675 ponat
2440 4602 2703 4660 mollibus
2725 4604 2886 4669 dura,
2902 4603 3043 4659 laetis
3068 4603 3274 4671 tristia,
3288 4603 3456 4660 certis
3473 4601 3642 4665 dubia,
3659 4611 3770 4669 pra!-

561 4705 732 4743 suave
759 4694 863 4754 est,
895 4688 1166 4762 quidquid
1195 4689 1370 4744 tactui
1409 4689 1692 4755 blandum,
1725 4689 1996 4762 quidquid
2024 4707 2158 4746 ocu-
2239 4691 2484 4748 sentium
2511 4693 2784 4765 voluptati
2807 4691 3028 4760 futura;
3059 4693 3268 4764 cogitet
3305 4709 3472 4765 quam
3507 4686 3696 4764 poenale
3715 4683 3770 4737 sit

559 4777 630 4831 lis
659 4777 1004 4846 delectabile,
1025 4777 1296 4850 quidquid
1311 4779 1526 4834 caeteris
1551 4778 1809 4834 sensibus
1830 4778 2014 4834 carnis
2043 4796 2158 4834 suae
2239 4787 2409 4852 atque
2427 4781 2653 4836 difﬁcile
2677 4780 2931 4836 dulcibus
2951 4797 3144 4836 carere
3171 4781 3406 4846 deliciis,
3431 4775 3676 4834 illecebris
3699 4787 3766 4826 re-

555 4867 871 4937 jucundum
901 4872 1136 4931 exercet,
1163 4883 1227 4922 ac
1263 4867 1540 4938 sequitur.
1571 4867 1815 4938 qualiter
1851 4868 1988 4933 vult,
2023 4868 2156 4940 quia
2236 4870 2500 4926 nuntiare
2526 4869 2860 4936 carnalibus,
2877 4869 3227 4926 abstinentiae
3253 4869 3407 4942 jugis
3423 4865 3627 4938 gravari
3649 4860 3766 4916 labo-

560 4955 752 5010 omnia
796 4955 953 5010 licita
979 4959 1037 5009 et
1063 4954 1258 5010 illicita
1299 4956 1602 5010 carnaliter
1631 4955 1752 5010 vult
1783 4975 1795 5010 :
1831 4957 1928 5028 qui
1964 4962 2154 5012 autem
2236 4958 2409 5022 ribus,
2437 4959 2785 5031 jejuniorum
2821 4975 2888 5014 ac
2913 4959 3235 5030 vigiliarum
3261 4956 3652 5014 continuatione
3674 4956 3763 5005 tor-

559 5045 870 5116 secundum
891 5044 1072 5099 Deum
1098 5043 1248 5107 vivit,
1272 5061 1385 5099 non
1415 5045 1562 5116 quod
1582 5061 1712 5100 eum
1733 5045 2036 5100 carnaliter
2061 5045 2155 5101 de-
2236 5048 2414 5120 queri,
2435 5054 2592 5103 certa
2628 5049 2816 5104 carnis
2853 5047 3156 5104 afﬂictione
3205 5047 3494 5120 praemium
3518 5042 3674 5100 dubia
3694 5052 3761 5092 re-

559 5135 747 5200 lectat,
771 5134 872 5190 sed
890 5133 1039 5206 quod
1067 5132 1398 5204 spiritaliter
1420 5133 1680 5201 aedificat,
1711 5133 1862 5200 facit,
1881 5139 1940 5188 et
1965 5134 2154 5190 omnia
2235 5138 2641 5194 munerationis
2669 5137 2916 5206 ambire;
2945 5143 3144 5193 contra
3173 5137 3472 5202 diabolum,
3503 5124 3760 5204 decipiendi

557 5221 1033 5280 desideriacarnis
1050 5222 1318 5294 spiritalis
1337 5222 1601 5278 desiderii
1621 5222 1990 5279 delectatione
2005 5241 2188 5304 com-l
2235 5225 2498 5298 peritum,
2532 5227 2831 5282 resistendi
2874 5243 3037 5282 arma
3081 5227 3377 5298 corripere,
3426 5221 3638 5280 insidias
3667 5216 3755 5287 eius

559 5312 754 5384 pescit,
783 5312 972 5368 futura
997 5311 1366 5383 praesentibus
1393 5312 1704 5384 anteponit,
1731 5329 1957 5368 carnem
1984 5312 2153 5385 spiri-
2234 5331 2301 5369 ac
2325 5315 2550 5370 fraudes
2588 5315 2870 5387 vigilantis
2910 5314 3085 5370 animi
3119 5315 3374 5371 cautione
3400 5313 3592 5377 vitare;
3629 5317 3753 5380 quam

561 5399 645 5454 tui
673 5399 882 5468 subdit,
915 5405 974 5455 et
1014 5399 1282 5473 quidquid
1313 5400 1468 5472 cupit
1489 5405 1590 5456 aut
1615 5400 1750 5471 agit,
1792 5417 1906 5457 non
1941 5403 2062 5457 vult
2088 5419 2154 5456 ex
2235 5403 2437 5458 deinde
2449 5404 2717 5459 miserum
2735 5403 2810 5459 sit
2827 5405 3163 5460 enormitate
3181 5409 3350 5460 tanta
3375 5396 3664 5473 asperitatis
3677 5389 3755 5446 θτίο

561 5501 684 5555 sua,
715 5488 813 5544 sed
842 5505 908 5542 ex
948 5489 1051 5544 Dei
1103 5489 1191 5545 sui
1236 5489 1523 5546 voluntate
1551 5491 1874 5562 procedere,
1903 5491 1994 5546 cui
2037 5491 2154 5562 pla-
2233 5497 2386 5548 ctum
2413 5492 2772 5549 acdiabolica
2793 5493 2990 5549 fraude
3017 5493 3308 5566 deceptum
3331 5491 3404 5546 ad
3426 5485 3756 5562 repudiatam

561 5591 683 5630 cere
729 5577 862 5631 totis
897 5576 1105 5632 viribus
1145 5579 1504 5650 concupiscit.
1555 5579 1752 5651 Itaque
1791 5579 1839 5634 si
1867 5584 2152 5650 utcunque
2233 5581 2374 5647 dire,
2403 5581 2782 5654 voluptatibus
2819 5599 2960 5654 quas
2991 5582 3271 5654 abjecerat
3299 5581 3425 5642 frui,
3459 5581 3512 5633 et
3546 5568 3751 5630 omnibus
