  <div class='ocr_page' id='page_1' title='image "/cluster/home/n/w/nwhite01/storage/ocr_20150623/112/hvd.32044054759774/650.png"; bbox 0 0 3982 6158; ppageno 0'>
   <div class='ocr_carea' id='block_1_1' title="bbox 263 240 408 298">
    <p class='ocr_par' dir='ltr' id='par_1_1' title="bbox 263 240 408 298">
     <span class='ocr_line' id='line_1_1' title="bbox 263 240 408 298; baseline 0.014 -2"><span class='ocrx_word' id='word_1_1' title='bbox 263 240 408 298; x_wconf 76' lang='lat' dir='ltr'>i289</span> 
     </span>
    </p>
   </div>
   <div class='ocr_carea' id='block_1_2' title="bbox 1507 244 2310 302">
    <p class='ocr_par' dir='ltr' id='par_1_2' title="bbox 1507 244 2310 302">
     <span class='ocr_line' id='line_1_2' title="bbox 1507 244 2310 302; baseline 0.001 -3"><span class='ocrx_word' id='word_1_2' title='bbox 1507 246 1600 302; x_wconf 89' lang='lat' dir='ltr'><strong>DE</strong></span> <span class='ocrx_word' id='word_1_3' title='bbox 1637 245 1992 300; x_wconf 83' lang='lat' dir='ltr'>PURITATE</span> <span class='ocrx_word' id='word_1_4' title='bbox 2031 244 2310 300; x_wconf 87' lang='lat' dir='ltr'>CORDIS.</span> 
     </span>
    </p>
   </div>
   <div class='ocr_carea' id='block_1_3' title="bbox 3401 243 3538 306">
    <p class='ocr_par' dir='ltr' id='par_1_3' title="bbox 3401 243 3538 306">
     <span class='ocr_line' id='line_1_3' title="bbox 3401 243 3538 306; baseline 0.015 -6"><span class='ocrx_word' id='word_1_5' title='bbox 3401 243 3538 306; x_wconf 76' lang='lat'>1&#39;290</span> 
     </span>
    </p>
   </div>
   <div class='ocr_carea' id='block_1_4' title="bbox 261 367 3538 442">
    <p class='ocr_par' dir='ltr' id='par_1_4' title="bbox 261 367 3538 442">
     <span class='ocr_line' id='line_1_4' title="bbox 261 367 3538 442; baseline 0.001 -18"><span class='ocrx_word' id='word_1_6' title='bbox 261 368 620 440; x_wconf 78' lang='lat' dir='ltr'>quaeincaute</span> <span class='ocrx_word' id='word_1_7' title='bbox 633 367 970 424; x_wconf 85' lang='lat' dir='ltr'>laboriosum</span> <span class='ocrx_word' id='word_1_8' title='bbox 986 369 1341 441; x_wconf 86' lang='lat' dir='ltr'>suscipiendo</span> <span class='ocrx_word' id='word_1_9' title='bbox 1361 370 1708 442; x_wconf 85' lang='lat' dir='ltr'>propositum</span> <span class='ocrx_word' id='word_1_10' title='bbox 1734 387 1860 424; x_wconf 87' lang='lat' dir='ltr'>con—</span> <span class='ocrx_word' id='word_1_11' title='bbox 1877 373 2172 442; x_wconf 78' lang='lat' dir='ltr'>Ascopum</span> <span class='ocrx_word' id='word_1_12' title='bbox 2205 369 2586 442; x_wconf 82' lang='lat' dir='ltr'>significanter</span> <span class='ocrx_word' id='word_1_13' title='bbox 2623 370 2912 440; x_wconf 81' lang='lat' dir='ltr'>expressit,</span> <span class='ocrx_word' id='word_1_14' title='bbox 2953 370 3032 424; x_wconf 86' lang='lat' dir='ltr'>ita</span> <span class='ocrx_word' id='word_1_15' title='bbox 3063 371 3252 428; x_wconf 91' lang='lat' dir='ltr'>dicens</span> <span class='ocrx_word' id='word_1_16' title='bbox 3289 391 3298 426; x_wconf 95' lang='lat'>:</span> <span class='ocrx_word' id='word_1_17' title='bbox 3337 393 3361 424; x_wconf 84' lang='lat'>«</span> <span class='ocrx_word' id='word_1_18' title='bbox 3403 373 3538 438; x_wconf 65' lang='lat' dir='ltr'>Quae</span> 
     </span>
    </p>
   </div>
   <div class='ocr_carea' id='block_1_5' title="bbox 259 459 1864 531">
    <p class='ocr_par' dir='ltr' id='par_1_5' title="bbox 259 459 1864 531">
     <span class='ocr_line' id='line_1_5' title="bbox 259 459 1864 531; baseline 0 -17"><span class='ocrx_word' id='word_1_19' title='bbox 259 463 588 531; x_wconf 85' lang='lat' dir='ltr'>tempserat,</span> <span class='ocrx_word' id='word_1_20' title='bbox 620 459 904 514; x_wconf 87' lang='lat' dir='ltr'>delectari.</span> <span class='ocrx_word' id='word_1_21' title='bbox 937 460 1038 514; x_wconf 86' lang='lat' dir='ltr'>His</span> <span class='ocrx_word' id='word_1_22' title='bbox 1077 465 1133 514; x_wconf 90' lang='lat' dir='ltr'>et</span> <span class='ocrx_word' id='word_1_23' title='bbox 1159 459 1366 515; x_wconf 82' lang='lat' dir='ltr'>talibus</span> <span class='ocrx_word' id='word_1_24' title='bbox 1403 460 1600 514; x_wconf 84' lang='lat' dir='ltr'>vitiosa</span> <span class='ocrx_word' id='word_1_25' title='bbox 1635 476 1864 516; x_wconf 89' lang='lat' dir='ltr'>consue-</span> 
     </span>
    </p>
   </div>
   <div class='ocr_carea' id='block_1_6' title="bbox 261 546 1865 619">
    <p class='ocr_par' dir='ltr' id='par_1_6' title="bbox 261 546 1865 619">
     <span class='ocr_line' id='line_1_6' title="bbox 261 546 1865 619; baseline 0.001 -17"><span class='ocrx_word' id='word_1_26' title='bbox 261 547 402 602; x_wconf 84' lang='lat' dir='ltr'>tudo</span> <span class='ocrx_word' id='word_1_27' title='bbox 423 546 656 604; x_wconf 89' lang='lat' dir='ltr'>dubium</span> <span class='ocrx_word' id='word_1_28' title='bbox 677 552 884 603; x_wconf 71' lang='lat' dir='ltr'>sanctae</span> <span class='ocrx_word' id='word_1_29' title='bbox 906 547 1258 602; x_wconf 85' lang='lat' dir='ltr'>difﬁnitionis</span> <span class='ocrx_word' id='word_1_30' title='bbox 1279 547 1514 619; x_wconf 85' lang='lat' dir='ltr'>afﬂigit:</span> <span class='ocrx_word' id='word_1_31' title='bbox 1541 549 1718 604; x_wconf 88' lang='lat' dir='ltr'>virtus</span> <span class='ocrx_word' id='word_1_32' title='bbox 1737 565 1865 604; x_wconf 90' lang='lat' dir='ltr'>con-</span> 
     </span>
    </p>
   </div>
   <div class='ocr_carea' id='block_1_7' title="bbox 261 636 1864 708">
    <p class='ocr_par' dir='ltr' id='par_1_7' title="bbox 261 636 1864 708">
     <span class='ocr_line' id='line_1_7' title="bbox 261 636 1864 708; baseline 0.001 -18"><span class='ocrx_word' id='word_1_33' title='bbox 261 641 356 690; x_wconf 86' lang='lat' dir='ltr'>tra</span> <span class='ocrx_word' id='word_1_34' title='bbox 399 652 521 708; x_wconf 67' lang='lat' dir='ltr'>quae</span> <span class='ocrx_word' id='word_1_35' title='bbox 558 636 904 691; x_wconf 81' lang='lat' dir='ltr'>continentia</span> <span class='ocrx_word' id='word_1_36' title='bbox 948 637 1292 702; x_wconf 82' lang='lat' dir='ltr'>nominatur,</span> <span class='ocrx_word' id='word_1_37' title='bbox 1329 644 1645 692; x_wconf 83' lang='lat' dir='ltr'>morantem</span> <span class='ocrx_word' id='word_1_38' title='bbox 1689 639 1864 692; x_wconf 87' lang='lat' dir='ltr'>conﬁ-</span> 
     </span>
    </p>
   </div>
   <div class='ocr_carea' id='block_1_8' title="bbox 265 725 1868 798">
    <p class='ocr_par' dir='ltr' id='par_1_8' title="bbox 265 725 1868 798">
     <span class='ocr_line' id='line_1_8' title="bbox 265 725 1868 798; baseline 0.001 -18"><span class='ocrx_word' id='word_1_39' title='bbox 265 725 468 782; x_wconf 81' lang='lat' dir='ltr'>denter</span> <span class='ocrx_word' id='word_1_40' title='bbox 515 725 798 797; x_wconf 84' lang='lat' dir='ltr'>objurgat,</span> <span class='ocrx_word' id='word_1_41' title='bbox 831 727 902 781; x_wconf 90' lang='lat' dir='ltr'>ad</span> <span class='ocrx_word' id='word_1_42' title='bbox 945 727 1340 782; x_wconf 80' lang='lat' dir='ltr'>delectationes</span> <span class='ocrx_word' id='word_1_43' title='bbox 1369 744 1539 798; x_wconf 89' lang='lat' dir='ltr'>puras</span> <span class='ocrx_word' id='word_1_44' title='bbox 1575 732 1868 798; x_wconf 89' lang='lat' dir='ltr'>castasque</span> 
     </span>
    </p>
   </div>
   <div class='ocr_carea' id='block_1_9' title="bbox 267 813 1868 886">
    <p class='ocr_par' dir='ltr' id='par_1_9' title="bbox 267 813 1868 886">
     <span class='ocr_line' id='line_1_9' title="bbox 267 813 1868 886; baseline 0.001 -17"><span class='ocrx_word' id='word_1_45' title='bbox 267 813 517 880; x_wconf 84' lang='lat' dir='ltr'>delicias,</span> <span class='ocrx_word' id='word_1_46' title='bbox 551 814 753 886; x_wconf 87' lang='lat' dir='ltr'>quibus</span> <span class='ocrx_word' id='word_1_47' title='bbox 796 816 1062 871; x_wconf 80' lang='lat' dir='ltr'>fruuntur</span> <span class='ocrx_word' id='word_1_48' title='bbox 1099 833 1295 874; x_wconf 90' lang='lat' dir='ltr'>omnes</span> <span class='ocrx_word' id='word_1_49' title='bbox 1325 817 1412 870; x_wconf 90' lang='lat' dir='ltr'>sui</span> <span class='ocrx_word' id='word_1_50' title='bbox 1441 821 1746 882; x_wconf 82' lang='lat' dir='ltr'>amatores,</span> <span class='ocrx_word' id='word_1_51' title='bbox 1779 817 1868 870; x_wconf 89' lang='lat' dir='ltr'>in-</span> 
     </span>
    </p>
   </div>
   <div class='ocr_carea' id='block_1_10' title="bbox 266 904 1869 977">
    <p class='ocr_par' dir='ltr' id='par_1_10' title="bbox 266 904 1869 977">
     <span class='ocr_line' id='line_1_10' title="bbox 266 904 1869 977; baseline 0.001 -19"><span class='ocrx_word' id='word_1_52' title='bbox 266 904 427 969; x_wconf 84' lang='lat' dir='ltr'>vitat,</span> <span class='ocrx_word' id='word_1_53' title='bbox 463 904 628 958; x_wconf 76' lang='lat' dir='ltr'>offert</span> <span class='ocrx_word' id='word_1_54' title='bbox 655 904 806 960; x_wconf 91' lang='lat' dir='ltr'>nudo</span> <span class='ocrx_word' id='word_1_55' title='bbox 839 905 1074 977; x_wconf 74' lang='lat' dir='ltr'>iustitiae</span> <span class='ocrx_word' id='word_1_56' title='bbox 1106 905 1517 972; x_wconf 88' lang='lat' dir='ltr'>vestimentum,</span> <span class='ocrx_word' id='word_1_57' title='bbox 1553 905 1869 960; x_wconf 87' lang='lat' dir='ltr'>illuminato</span> 
     </span>
    </p>
   </div>
   <div class='ocr_carea' id='block_1_11' title="bbox 263 993 1869 1066">
    <p class='ocr_par' dir='ltr' id='par_1_11' title="bbox 263 993 1869 1066">
     <span class='ocr_line' id='line_1_11' title="bbox 263 993 1869 1066; baseline 0.001 -18"><span class='ocrx_word' id='word_1_58' title='bbox 263 993 358 1048; x_wconf 86' lang='lat' dir='ltr'>sui</span> <span class='ocrx_word' id='word_1_59' title='bbox 383 999 690 1066; x_wconf 81' lang='lat' dir='ltr'>apparatus</span> <span class='ocrx_word' id='word_1_60' title='bbox 715 994 1066 1050; x_wconf 81' lang='lat' dir='ltr'>demonstrat</span> <span class='ocrx_word' id='word_1_61' title='bbox 1093 1001 1374 1062; x_wconf 87' lang='lat' dir='ltr'>ornatum,</span> <span class='ocrx_word' id='word_1_62' title='bbox 1408 995 1682 1050; x_wconf 74' lang='lat' dir='ltr'>difﬁdenti</span> <span class='ocrx_word' id='word_1_63' title='bbox 1713 995 1782 1050; x_wconf 91' lang='lat' dir='ltr'>de</span> <span class='ocrx_word' id='word_1_64' title='bbox 1811 1011 1869 1050; x_wconf 90' lang='lat' dir='ltr'>se</span> 
     </span>
    </p>
   </div>
   <div class='ocr_carea' id='block_1_12' title="bbox 267 1083 1872 1156">
    <p class='ocr_par' dir='ltr' id='par_1_12' title="bbox 267 1083 1872 1156">
     <span class='ocr_line' id='line_1_12' title="bbox 267 1083 1872 1156; baseline 0.001 -19"><span class='ocrx_word' id='word_1_65' title='bbox 267 1083 632 1154; x_wconf 88' lang='lat' dir='ltr'>protectionis</span> <span class='ocrx_word' id='word_1_66' title='bbox 677 1100 793 1156; x_wconf 84' lang='lat' dir='ltr'>suae</span> <span class='ocrx_word' id='word_1_67' title='bbox 829 1084 1111 1156; x_wconf 82' lang='lat' dir='ltr'>promittit</span> <span class='ocrx_word' id='word_1_68' title='bbox 1156 1084 1446 1140; x_wconf 82' lang='lat' dir='ltr'>auxilium.</span> <span class='ocrx_word' id='word_1_69' title='bbox 1495 1085 1771 1139; x_wconf 84' lang='lat' dir='ltr'>Hortatur</span> <span class='ocrx_word' id='word_1_70' title='bbox 1815 1089 1872 1140; x_wconf 89' lang='lat' dir='ltr'>et</span> 
     </span>
    </p>
   </div>
   <div class='ocr_carea' id='block_1_13' title="bbox 265 1173 1870 1245">
    <p class='ocr_par' dir='ltr' id='par_1_13' title="bbox 265 1173 1870 1245">
     <span class='ocr_line' id='line_1_13' title="bbox 265 1173 1870 1245; baseline 0.001 -19"><span class='ocrx_word' id='word_1_71' title='bbox 265 1178 534 1244; x_wconf 84' lang='lat' dir='ltr'>provocat</span> <span class='ocrx_word' id='word_1_72' title='bbox 549 1178 632 1238; x_wconf 86' lang='lat' dir='ltr'>ut,</span> <span class='ocrx_word' id='word_1_73' title='bbox 667 1173 1015 1230; x_wconf 83' lang='lat' dir='ltr'>difﬁnitionis</span> <span class='ocrx_word' id='word_1_74' title='bbox 1045 1173 1412 1244; x_wconf 83' lang='lat' dir='ltr'>ambiguitate</span> <span class='ocrx_word' id='word_1_75' title='bbox 1433 1173 1707 1245; x_wconf 90' lang='lat' dir='ltr'>deposita,</span> <span class='ocrx_word' id='word_1_76' title='bbox 1737 1189 1870 1244; x_wconf 88' lang='lat' dir='ltr'>pro-</span> 
     </span>
    </p>
   </div>
   <div class='ocr_carea' id='block_1_14' title="bbox 263 1261 1875 1335">
    <p class='ocr_par' dir='ltr' id='par_1_14' title="bbox 263 1261 1875 1335">
     <span class='ocr_line' id='line_1_14' title="bbox 263 1261 1875 1335; baseline 0 -19"><span class='ocrx_word' id='word_1_77' title='bbox 263 1261 516 1332; x_wconf 88' lang='lat' dir='ltr'>positum</span> <span class='ocrx_word' id='word_1_78' title='bbox 531 1261 785 1333; x_wconf 85' lang='lat' dir='ltr'>spiritale</span> <span class='ocrx_word' id='word_1_79' title='bbox 795 1263 1082 1335; x_wconf 89' lang='lat' dir='ltr'>suscipiat,</span> <span class='ocrx_word' id='word_1_80' title='bbox 1099 1268 1590 1334; x_wconf 81' lang='lat' dir='ltr'>perseveraturum</span> <span class='ocrx_word' id='word_1_81' title='bbox 1611 1279 1671 1316; x_wconf 92' lang='lat' dir='ltr'>se</span> <span class='ocrx_word' id='word_1_82' title='bbox 1681 1263 1742 1317; x_wconf 91' lang='lat' dir='ltr'>in</span> <span class='ocrx_word' id='word_1_83' title='bbox 1752 1279 1875 1318; x_wconf 90' lang='lat' dir='ltr'>sus-</span> 
     </span>
    </p>
   </div>
   <div class='ocr_carea' id='block_1_15' title="bbox 265 1350 1868 1424">
    <p class='ocr_par' dir='ltr' id='par_1_15' title="bbox 265 1350 1868 1424">
     <span class='ocr_line' id='line_1_15' title="bbox 265 1350 1868 1424; baseline 0.001 -20"><span class='ocrx_word' id='word_1_84' title='bbox 265 1357 432 1424; x_wconf 88' lang='lat' dir='ltr'>cepto</span> <span class='ocrx_word' id='word_1_85' title='bbox 461 1350 654 1406; x_wconf 87' lang='lat' dir='ltr'>labore</span> <span class='ocrx_word' id='word_1_86' title='bbox 694 1353 968 1424; x_wconf 86' lang='lat' dir='ltr'>propositi</span> <span class='ocrx_word' id='word_1_87' title='bbox 1012 1353 1128 1420; x_wconf 85' lang='lat' dir='ltr'>sui;</span> <span class='ocrx_word' id='word_1_88' title='bbox 1175 1369 1289 1407; x_wconf 90' lang='lat' dir='ltr'>non</span> <span class='ocrx_word' id='word_1_89' title='bbox 1333 1369 1436 1407; x_wconf 89' lang='lat' dir='ltr'>sua</span> <span class='ocrx_word' id='word_1_90' title='bbox 1480 1351 1868 1424; x_wconf 75' lang='lat' dir='ltr'>possibilitate,</span> 
     </span>
    </p>
   </div>
   <div class='ocr_carea' id='block_1_16' title="bbox 266 1439 1868 1508">
    <p class='ocr_par' dir='ltr' id='par_1_16' title="bbox 266 1439 1868 1508">
     <span class='ocr_line' id='line_1_16' title="bbox 266 1439 1868 1508; baseline 0.001 -14"><span class='ocrx_word' id='word_1_91' title='bbox 266 1439 370 1494; x_wconf 88' lang='lat' dir='ltr'>sed</span> <span class='ocrx_word' id='word_1_92' title='bbox 397 1440 619 1495; x_wconf 89' lang='lat' dir='ltr'>Domini</span> <span class='ocrx_word' id='word_1_93' title='bbox 663 1441 1025 1498; x_wconf 87' lang='lat' dir='ltr'>miseratione</span> <span class='ocrx_word' id='word_1_94' title='bbox 1063 1442 1326 1508; x_wconf 90' lang='lat' dir='ltr'>conﬁdat,</span> <span class='ocrx_word' id='word_1_95' title='bbox 1359 1459 1463 1498; x_wconf 91' lang='lat' dir='ltr'>nec</span> <span class='ocrx_word' id='word_1_96' title='bbox 1489 1441 1608 1496; x_wconf 90' lang='lat' dir='ltr'>suis</span> <span class='ocrx_word' id='word_1_97' title='bbox 1637 1440 1868 1506; x_wconf 89' lang='lat' dir='ltr'>viribus,</span> 
     </span>
    </p>
   </div>
   <div class='ocr_carea' id='block_1_17' title="bbox 266 1529 1872 1602">
    <p class='ocr_par' dir='ltr' id='par_1_17' title="bbox 266 1529 1872 1602">
     <span class='ocr_line' id='line_1_17' title="bbox 266 1529 1872 1602; baseline -0.001 -18"><span class='ocrx_word' id='word_1_98' title='bbox 266 1529 368 1584; x_wconf 87' lang='lat' dir='ltr'>sed</span> <span class='ocrx_word' id='word_1_99' title='bbox 408 1529 606 1600; x_wconf 82' lang='lat' dir='ltr'>gratiae</span> <span class='ocrx_word' id='word_1_100' title='bbox 633 1531 1034 1602; x_wconf 86' lang='lat' dir='ltr'>omnipotentis</span> <span class='ocrx_word' id='word_1_101' title='bbox 1063 1531 1240 1586; x_wconf 89' lang='lat' dir='ltr'>fretus</span> <span class='ocrx_word' id='word_1_102' title='bbox 1269 1531 1494 1598; x_wconf 80' lang='lat' dir='ltr'>auxilio,</span> <span class='ocrx_word' id='word_1_103' title='bbox 1529 1535 1724 1586; x_wconf 89' lang='lat' dir='ltr'>contra</span> <span class='ocrx_word' id='word_1_104' title='bbox 1749 1530 1872 1584; x_wconf 90' lang='lat' dir='ltr'>dia-</span> 
     </span>
    </p>
   </div>
   <div class='ocr_carea' id='block_1_18' title="bbox 265 1616 1874 1692">
    <p class='ocr_par' dir='ltr' id='par_1_18' title="bbox 265 1616 1874 1692">
     <span class='ocr_line' id='line_1_18' title="bbox 265 1616 1874 1692; baseline 0 -20"><span class='ocrx_word' id='word_1_105' title='bbox 265 1616 481 1673; x_wconf 88' lang='lat' dir='ltr'>bolicas</span> <span class='ocrx_word' id='word_1_106' title='bbox 509 1619 961 1692; x_wconf 82' lang='lat' dir='ltr'>impugnationes</span> <span class='ocrx_word' id='word_1_107' title='bbox 995 1621 1237 1676; x_wconf 67' lang='lat' dir='ltr'>victoriae</span> <span class='ocrx_word' id='word_1_108' title='bbox 1270 1637 1429 1675; x_wconf 88' lang='lat' dir='ltr'>arma</span> <span class='ocrx_word' id='word_1_109' title='bbox 1468 1619 1752 1691; x_wconf 84' lang='lat' dir='ltr'>corripiat,</span> <span class='ocrx_word' id='word_1_110' title='bbox 1786 1636 1874 1673; x_wconf 90' lang='lat' dir='ltr'>co-</span> 
     </span>
    </p>
   </div>
   <div class='ocr_carea' id='block_1_19' title="bbox 1945 459 3537 533">
    <p class='ocr_par' dir='ltr' id='par_1_19' title="bbox 1945 459 3537 533">
     <span class='ocr_line' id='line_1_19' title="bbox 1945 459 3537 533; baseline 0.003 -19"><span class='ocrx_word' id='word_1_111' title='bbox 1945 460 2257 531; x_wconf 87' lang='lat' dir='ltr'>posteriora</span> <span class='ocrx_word' id='word_1_112' title='bbox 2291 465 2422 514; x_wconf 90' lang='lat' dir='ltr'>sunt</span> <span class='ocrx_word' id='word_1_113' title='bbox 2447 459 2791 525; x_wconf 84' lang='lat' dir='ltr'>obliviscens,</span> <span class='ocrx_word' id='word_1_114' title='bbox 2822 459 2892 514; x_wconf 88' lang='lat' dir='ltr'>ad</span> <span class='ocrx_word' id='word_1_115' title='bbox 2924 476 2991 514; x_wconf 89' lang='lat' dir='ltr'>ea</span> <span class='ocrx_word' id='word_1_116' title='bbox 3018 478 3147 516; x_wconf 88' lang='lat' dir='ltr'>vero</span> <span class='ocrx_word' id='word_1_117' title='bbox 3177 479 3298 533; x_wconf 74' lang='lat' dir='ltr'>quae</span> <span class='ocrx_word' id='word_1_118' title='bbox 3327 464 3383 518; x_wconf 91' lang='lat' dir='ltr'>in</span> <span class='ocrx_word' id='word_1_119' title='bbox 3405 469 3537 520; x_wconf 89' lang='lat' dir='ltr'>ante</span> 
     </span>
    </p>
   </div>
   <div class='ocr_carea' id='block_1_20' title="bbox 1945 548 3541 622">
    <p class='ocr_par' dir='ltr' id='par_1_20' title="bbox 1945 548 3541 622">
     <span class='ocr_line' id='line_1_20' title="bbox 1945 548 3541 622; baseline 0.004 -20"><span class='ocrx_word' id='word_1_120' title='bbox 1945 553 2078 603; x_wconf 90' lang='lat' dir='ltr'>sunt</span> <span class='ocrx_word' id='word_1_121' title='bbox 2087 549 2392 604; x_wconf 83' lang='lat' dir='ltr'>extendens</span> <span class='ocrx_word' id='word_1_122' title='bbox 2404 565 2510 615; x_wconf 90' lang='lat' dir='ltr'>me,</span> <span class='ocrx_word' id='word_1_123' title='bbox 2519 549 2588 602; x_wconf 88' lang='lat' dir='ltr'>ad</span> <span class='ocrx_word' id='word_1_124' title='bbox 2600 548 2944 604; x_wconf 86' lang='lat' dir='ltr'>destinatum</span> <span class='ocrx_word' id='word_1_125' title='bbox 2957 550 3541 622; x_wconf 87' lang='lat' dir='ltr'>persequor,bravium</span> 
     </span>
    </p>
   </div>
   <div class='ocr_carea' id='block_1_21' title="bbox 1947 637 3546 709">
    <p class='ocr_par' dir='ltr' id='par_1_21' title="bbox 1947 637 3546 709">
     <span class='ocr_line' id='line_1_21' title="bbox 1947 637 3546 709; baseline 0.004 -19"><span class='ocrx_word' id='word_1_126' title='bbox 1947 653 2202 708; x_wconf 84' lang='lat' dir='ltr'>supernae</span> <span class='ocrx_word' id='word_1_127' title='bbox 2218 637 2523 693; x_wconf 88' lang='lat' dir='ltr'>vocationis</span> <span class='ocrx_word' id='word_1_128' title='bbox 2546 637 2772 692; x_wconf 79' lang='lat' dir='ltr'>Domini</span> <span class='ocrx_word' id='word_1_129' title='bbox 2786 640 2951 706; x_wconf 80' lang='lat' dir='ltr'>(Phil.</span> <span class='ocrx_word' id='word_1_130' title='bbox 2974 656 3048 704; x_wconf 79' lang='grc' dir='ltr'>ω,</span> <span class='ocrx_word' id='word_1_131' title='bbox 3077 639 3184 709; x_wconf 78' lang='grc'>14).</span> <span class='ocrx_word' id='word_1_132' title='bbox 3213 661 3238 691; x_wconf 90' lang='grc'>››</span> <span class='ocrx_word' id='word_1_133' title='bbox 3259 641 3418 705; x_wconf 85' lang='lat' dir='ltr'>Quod</span> <span class='ocrx_word' id='word_1_134' title='bbox 3436 643 3546 697; x_wconf 82' lang='lat' dir='ltr'>evi-</span> 
     </span>
    </p>
   </div>
   <div class='ocr_carea' id='block_1_22' title="bbox 1949 723 3547 802">
    <p class='ocr_par' dir='ltr' id='par_1_22' title="bbox 1949 723 3547 802">
     <span class='ocr_line' id='line_1_22' title="bbox 1949 723 3547 802; baseline 0.002 -22"><span class='ocrx_word' id='word_1_135' title='bbox 1949 727 2173 781; x_wconf 90' lang='lat' dir='ltr'>dentius</span> <span class='ocrx_word' id='word_1_136' title='bbox 2193 727 2249 781; x_wconf 90' lang='lat' dir='ltr'>in</span> <span class='ocrx_word' id='word_1_137' title='bbox 2271 728 2462 782; x_wconf 72' lang='lat' dir='ltr'>Graeco</span> <span class='ocrx_word' id='word_1_138' title='bbox 2482 727 2714 800; x_wconf 89' lang='lat' dir='ltr'>ponitur</span> <span class='ocrx_word' id='word_1_139' title='bbox 2732 732 2852 781; x_wconf 81' lang='lat' dir='ltr'>rato</span> <span class='ocrx_word' id='word_1_140' title='bbox 2873 731 2988 782; x_wconf 78' lang='lat' dir='ltr'>circ</span> <span class='ocrx_word' id='word_1_141' title='bbox 3007 731 3256 784; x_wconf 64' lang='lat' dir='ltr'>{conatui</span> <span class='ocrx_word' id='word_1_142' title='bbox 3273 735 3370 786; x_wconf 73' lang='grc' dir='ltr'>ναῖ’</span> <span class='ocrx_word' id='word_1_143' title='bbox 3387 723 3547 802; x_wconf 79' lang='grc' dir='ltr'>[κατά</span> 
     </span>
    </p>
   </div>
   <div class='ocr_carea' id='block_1_23' title="bbox 1951 807 3546 888">
    <p class='ocr_par' dir='ltr' id='par_1_23' title="bbox 1951 807 3546 888">
     <span class='ocr_line' id='line_1_23' title="bbox 1951 807 3546 888; baseline 0.006 -21"><span class='ocrx_word' id='word_1_144' title='bbox 1951 809 2145 867; x_wconf 84' lang='grc' dir='ltr'>σκοπόν</span> <span class='ocrx_word' id='word_1_145' title='bbox 2173 807 2392 888; x_wconf 56' lang='lat' dir='ltr'>Sullam],</span> <span class='ocrx_word' id='word_1_146' title='bbox 2418 822 2546 883; x_wconf 89' lang='lat' dir='ltr'>etc.,</span> <span class='ocrx_word' id='word_1_147' title='bbox 2568 817 2625 871; x_wconf 91' lang='lat' dir='ltr'>id</span> <span class='ocrx_word' id='word_1_148' title='bbox 2647 821 2748 883; x_wconf 87' lang='lat' dir='ltr'>est,</span> <span class='ocrx_word' id='word_1_149' title='bbox 2781 817 3089 875; x_wconf 90' lang='lat' dir='ltr'>secundum</span> <span class='ocrx_word' id='word_1_150' title='bbox 3111 819 3546 876; x_wconf 88' lang='lat' dir='ltr'>destinationem</span> 
     </span>
    </p>
   </div>
   <div class='ocr_carea' id='block_1_24' title="bbox 1951 906 3548 977">
    <p class='ocr_par' dir='ltr' id='par_1_24' title="bbox 1951 906 3548 977">
     <span class='ocr_line' id='line_1_24' title="bbox 1951 906 3548 977; baseline 0.004 -17"><span class='ocrx_word' id='word_1_151' title='bbox 1951 921 2274 976; x_wconf 88' lang='lat' dir='ltr'>persequor,</span> <span class='ocrx_word' id='word_1_152' title='bbox 2304 911 2576 977; x_wconf 81' lang='lat' dir='ltr'>tanquam</span> <span class='ocrx_word' id='word_1_153' title='bbox 2615 906 2662 960; x_wconf 92' lang='lat' dir='ltr'>si</span> <span class='ocrx_word' id='word_1_154' title='bbox 2699 906 2930 962; x_wconf 80' lang='lat' dir='ltr'>dixisset</span> <span class='ocrx_word' id='word_1_155' title='bbox 2971 926 2981 960; x_wconf 92' lang='lat'><strong>:</strong></span> <span class='ocrx_word' id='word_1_156' title='bbox 3019 908 3137 964; x_wconf 87' lang='lat' dir='ltr'>Hac</span> <span class='ocrx_word' id='word_1_157' title='bbox 3173 907 3548 966; x_wconf 85' lang='lat' dir='ltr'>destinatione</span> 
     </span>
    </p>
   </div>
   <div class='ocr_carea' id='block_1_25' title="bbox 1952 995 3551 1066">
    <p class='ocr_par' dir='ltr' id='par_1_25' title="bbox 1952 995 3551 1066">
     <span class='ocr_line' id='line_1_25' title="bbox 1952 995 3551 1066; baseline 0.004 -17"><span class='ocrx_word' id='word_1_158' title='bbox 1952 1011 2066 1066; x_wconf 89' lang='lat' dir='ltr'>qua</span> <span class='ocrx_word' id='word_1_159' title='bbox 2082 995 2179 1048; x_wconf 91' lang='lat' dir='ltr'>illa</span> <span class='ocrx_word' id='word_1_160' title='bbox 2207 1011 2330 1065; x_wconf 70' lang='lat' dir='ltr'>quae</span> <span class='ocrx_word' id='word_1_161' title='bbox 2357 995 2670 1066; x_wconf 88' lang='lat' dir='ltr'>posteriora</span> <span class='ocrx_word' id='word_1_162' title='bbox 2692 1001 2825 1050; x_wconf 91' lang='lat' dir='ltr'>sunt</span> <span class='ocrx_word' id='word_1_163' title='bbox 2852 995 3162 1065; x_wconf 87' lang='lat' dir='ltr'>obliviscor,</span> <span class='ocrx_word' id='word_1_164' title='bbox 3185 997 3240 1052; x_wconf 92' lang='lat' dir='ltr'>id</span> <span class='ocrx_word' id='word_1_165' title='bbox 3272 1004 3375 1066; x_wconf 90' lang='lat' dir='ltr'>est,</span> <span class='ocrx_word' id='word_1_166' title='bbox 3395 1005 3551 1054; x_wconf 90' lang='lat' dir='ltr'>ante-</span> 
     </span>
    </p>
   </div>
   <div class='ocr_carea' id='block_1_26' title="bbox 1951 1083 3550 1161">
    <p class='ocr_par' dir='ltr' id='par_1_26' title="bbox 1951 1083 3550 1161">
     <span class='ocr_line' id='line_1_26' title="bbox 1951 1083 3550 1161; baseline 0.004 -23"><span class='ocrx_word' id='word_1_167' title='bbox 1951 1083 2118 1138; x_wconf 91' lang='lat' dir='ltr'>rioris</span> <span class='ocrx_word' id='word_1_168' title='bbox 2145 1083 2391 1138; x_wconf 88' lang='lat' dir='ltr'>hominis</span> <span class='ocrx_word' id='word_1_169' title='bbox 2427 1083 2580 1150; x_wconf 87' lang='lat' dir='ltr'>vitia,</span> <span class='ocrx_word' id='word_1_170' title='bbox 2615 1085 2687 1138; x_wconf 89' lang='lat' dir='ltr'>ad</span> <span class='ocrx_word' id='word_1_171' title='bbox 2730 1085 2899 1140; x_wconf 88' lang='lat' dir='ltr'>ﬁnem</span> <span class='ocrx_word' id='word_1_172' title='bbox 2933 1084 3110 1140; x_wconf 86' lang='lat' dir='ltr'>bravii</span> <span class='ocrx_word' id='word_1_173' title='bbox 3151 1087 3390 1143; x_wconf 82' lang='lat' dir='ltr'>caelestis</span> <span class='ocrx_word' id='word_1_174' title='bbox 3419 1105 3550 1161; x_wconf 91' lang='lat' dir='ltr'>per-</span> 
     </span>
    </p>
   </div>
   <div class='ocr_carea' id='block_1_27' title="bbox 1951 1172 3550 1246">
    <p class='ocr_par' dir='ltr' id='par_1_27' title="bbox 1951 1172 3550 1246">
     <span class='ocr_line' id='line_1_27' title="bbox 1951 1172 3550 1246; baseline 0.004 -20"><span class='ocrx_word' id='word_1_175' title='bbox 1951 1172 2140 1227; x_wconf 80' lang='lat' dir='ltr'>venire</span> <span class='ocrx_word' id='word_1_176' title='bbox 2177 1173 2472 1228; x_wconf 89' lang='lat' dir='ltr'>contendo.</span> <span class='ocrx_word' id='word_1_177' title='bbox 2513 1173 2798 1244; x_wconf 83' lang='lat' dir='ltr'>Quidquid</span> <span class='ocrx_word' id='word_1_178' title='bbox 2833 1191 2965 1246; x_wconf 89' lang='lat' dir='ltr'>ergo</span> <span class='ocrx_word' id='word_1_179' title='bbox 2995 1191 3096 1230; x_wconf 91' lang='lat' dir='ltr'>nos</span> <span class='ocrx_word' id='word_1_180' title='bbox 3139 1176 3210 1231; x_wconf 91' lang='lat' dir='ltr'>ad</span> <span class='ocrx_word' id='word_1_181' title='bbox 3247 1177 3398 1233; x_wconf 92' lang='lat' dir='ltr'>hunc</span> <span class='ocrx_word' id='word_1_182' title='bbox 3427 1195 3550 1242; x_wconf 87' lang='lat' dir='ltr'>sco-</span> 
     </span>
    </p>
   </div>
   <div class='ocr_carea' id='block_1_28' title="bbox 1952 1261 3554 1337">
    <p class='ocr_par' dir='ltr' id='par_1_28' title="bbox 1952 1261 3554 1337">
     <span class='ocr_line' id='line_1_28' title="bbox 1952 1261 3554 1337; baseline 0.004 -21"><span class='ocrx_word' id='word_1_183' title='bbox 1952 1278 2106 1333; x_wconf 89' lang='lat' dir='ltr'>pum,</span> <span class='ocrx_word' id='word_1_184' title='bbox 2141 1261 2198 1315; x_wconf 90' lang='lat' dir='ltr'>id</span> <span class='ocrx_word' id='word_1_185' title='bbox 2229 1267 2314 1316; x_wconf 91' lang='lat' dir='ltr'>est</span> <span class='ocrx_word' id='word_1_186' title='bbox 2341 1261 2648 1333; x_wconf 85' lang='lat' dir='ltr'>puritatem</span> <span class='ocrx_word' id='word_1_187' title='bbox 2685 1263 2886 1329; x_wconf 81' lang='lat' dir='ltr'>cordis,</span> <span class='ocrx_word' id='word_1_188' title='bbox 2921 1269 3108 1336; x_wconf 89' lang='lat' dir='ltr'>potest</span> <span class='ocrx_word' id='word_1_189' title='bbox 3143 1265 3404 1337; x_wconf 88' lang='lat' dir='ltr'>dirigere,</span> <span class='ocrx_word' id='word_1_190' title='bbox 3433 1271 3554 1323; x_wconf 87' lang='lat' dir='ltr'>tota</span> 
     </span>
    </p>
   </div>
   <div class='ocr_carea' id='block_1_29' title="bbox 1952 1351 3552 1423">
    <p class='ocr_par' dir='ltr' id='par_1_29' title="bbox 1952 1351 3552 1423">
     <span class='ocr_line' id='line_1_29' title="bbox 1952 1351 3552 1423; baseline 0.005 -19"><span class='ocrx_word' id='word_1_191' title='bbox 1952 1351 2158 1405; x_wconf 88' lang='lat' dir='ltr'>virtute</span> <span class='ocrx_word' id='word_1_192' title='bbox 2188 1351 2516 1406; x_wconf 86' lang='lat' dir='ltr'>sectandum</span> <span class='ocrx_word' id='word_1_193' title='bbox 2544 1355 2631 1405; x_wconf 88' lang='lat' dir='ltr'>est</span> <span class='ocrx_word' id='word_1_194' title='bbox 2659 1369 2672 1418; x_wconf 90' lang='lat'><strong>;</strong></span> <span class='ocrx_word' id='word_1_195' title='bbox 2705 1351 2978 1423; x_wconf 87' lang='lat' dir='ltr'>quidquid</span> <span class='ocrx_word' id='word_1_196' title='bbox 3008 1360 3201 1409; x_wconf 89' lang='lat' dir='ltr'>autem</span> <span class='ocrx_word' id='word_1_197' title='bbox 3229 1354 3300 1410; x_wconf 89' lang='lat' dir='ltr'>ab</span> <span class='ocrx_word' id='word_1_198' title='bbox 3329 1357 3434 1410; x_wconf 89' lang='lat' dir='ltr'>hac</span> <span class='ocrx_word' id='word_1_199' title='bbox 3460 1373 3552 1412; x_wconf 88' lang='lat' dir='ltr'>re-</span> 
     </span>
    </p>
   </div>
   <div class='ocr_carea' id='block_1_30' title="bbox 1953 1439 3550 1509">
    <p class='ocr_par' dir='ltr' id='par_1_30' title="bbox 1953 1439 3550 1509">
     <span class='ocr_line' id='line_1_30' title="bbox 1953 1439 3550 1509; baseline 0.005 -17"><span class='ocrx_word' id='word_1_200' title='bbox 1953 1439 2161 1506; x_wconf 86' lang='lat' dir='ltr'>trahat,</span> <span class='ocrx_word' id='word_1_201' title='bbox 2211 1444 2275 1493; x_wconf 93' lang='lat' dir='ltr'>ut</span> <span class='ocrx_word' id='word_1_202' title='bbox 2331 1439 2708 1509; x_wconf 89' lang='lat' dir='ltr'>perniciosum</span> <span class='ocrx_word' id='word_1_203' title='bbox 2762 1455 2828 1494; x_wconf 91' lang='lat' dir='ltr'>ac</span> <span class='ocrx_word' id='word_1_204' title='bbox 2881 1441 3112 1496; x_wconf 86' lang='lat' dir='ltr'>noxium</span> <span class='ocrx_word' id='word_1_205' title='bbox 3167 1443 3550 1500; x_wconf 87' lang='lat' dir='ltr'>devitandum.</span> 
     </span>
    </p>
   </div>
   <div class='ocr_carea' id='block_1_31' title="bbox 1953 1527 3554 1606">
    <p class='ocr_par' dir='ltr' id='par_1_31' title="bbox 1953 1527 3554 1606">
     <span class='ocr_line' id='line_1_31' title="bbox 1953 1527 3554 1606; baseline 0.005 -24"><span class='ocrx_word' id='word_1_206' title='bbox 1953 1528 2063 1582; x_wconf 89' lang='lat' dir='ltr'>Pro</span> <span class='ocrx_word' id='word_1_207' title='bbox 2089 1528 2194 1582; x_wconf 89' lang='lat' dir='ltr'>hac</span> <span class='ocrx_word' id='word_1_208' title='bbox 2215 1528 2364 1582; x_wconf 87' lang='lat' dir='ltr'>enim</span> <span class='ocrx_word' id='word_1_209' title='bbox 2387 1527 2648 1605; x_wconf 86' lang='lat' dir='ltr'>universa</span> <span class='ocrx_word' id='word_1_210' title='bbox 2674 1529 2893 1598; x_wconf 85' lang='lat' dir='ltr'>agimus</span> <span class='ocrx_word' id='word_1_211' title='bbox 2915 1535 3084 1604; x_wconf 87' lang='lat' dir='ltr'>atque</span> <span class='ocrx_word' id='word_1_212' title='bbox 3101 1533 3427 1600; x_wconf 85' lang='lat' dir='ltr'>toleramus,</span> <span class='ocrx_word' id='word_1_213' title='bbox 3453 1551 3554 1606; x_wconf 89' lang='lat' dir='ltr'>pro</span> 
     </span>
    </p>
   </div>
   <div class='ocr_carea' id='block_1_32' title="bbox 1955 1617 3555 1689">
    <p class='ocr_par' dir='ltr' id='par_1_32' title="bbox 1955 1617 3555 1689">
     <span class='ocr_line' id='line_1_32' title="bbox 1955 1617 3555 1689; baseline 0.004 -19"><span class='ocrx_word' id='word_1_214' title='bbox 1955 1617 2058 1671; x_wconf 89' lang='lat' dir='ltr'>hac</span> <span class='ocrx_word' id='word_1_215' title='bbox 2069 1617 2556 1689; x_wconf 87' lang='lat' dir='ltr'>parentes,patria,</span> <span class='ocrx_word' id='word_1_216' title='bbox 2572 1617 3342 1688; x_wconf 67' lang='lat' dir='ltr'>dignitates,divitia3,deliciae</span> <span class='ocrx_word' id='word_1_217' title='bbox 3359 1623 3555 1679; x_wconf 90' lang='lat' dir='ltr'>mundi</span> 
     </span>
    </p>
   </div>
   <div class='ocr_carea' id='block_1_33' title="bbox 265 1707 3560 1788">
    <p class='ocr_par' dir='ltr' id='par_1_33' title="bbox 265 1707 3560 1788">
     <span class='ocr_line' id='line_1_33' title="bbox 265 1707 3560 1788; baseline 0.002 -26"><span class='ocrx_word' id='word_1_218' title='bbox 265 1707 416 1778; x_wconf 82' lang='lat' dir='ltr'>gitet</span> <span class='ocrx_word' id='word_1_219' title='bbox 461 1714 518 1762; x_wconf 91' lang='lat' dir='ltr'>et</span> <span class='ocrx_word' id='word_1_220' title='bbox 569 1709 766 1780; x_wconf 88' lang='lat' dir='ltr'>quanti</span> <span class='ocrx_word' id='word_1_221' title='bbox 809 1715 866 1764; x_wconf 90' lang='lat' dir='ltr'>et</span> <span class='ocrx_word' id='word_1_222' title='bbox 911 1715 1134 1780; x_wconf 75' lang='lat' dir='ltr'>quantae</span> <span class='ocrx_word' id='word_1_223' title='bbox 1177 1714 1485 1781; x_wconf 89' lang='lat' dir='ltr'>potuerunt</span> <span class='ocrx_word' id='word_1_224' title='bbox 1515 1716 1572 1764; x_wconf 91' lang='lat' dir='ltr'>et</span> <span class='ocrx_word' id='word_1_225' title='bbox 1615 1714 1868 1780; x_wconf 89' lang='lat' dir='ltr'>possunt,</span> <span class='ocrx_word' id='word_1_226' title='bbox 1887 1713 1934 1772; x_wconf 85' lang='lat' dir='ltr'><strong>B</strong></span> <span class='ocrx_word' id='word_1_227' title='bbox 1955 1707 2144 1778; x_wconf 86' lang='lat' dir='ltr'>hujus,</span> <span class='ocrx_word' id='word_1_228' title='bbox 2170 1712 2228 1760; x_wconf 89' lang='lat' dir='ltr'>et</span> <span class='ocrx_word' id='word_1_229' title='bbox 2258 1707 2512 1778; x_wconf 85' lang='lat' dir='ltr'>voluptas</span> <span class='ocrx_word' id='word_1_230' title='bbox 2541 1707 2802 1762; x_wconf 91' lang='lat' dir='ltr'>universa</span> <span class='ocrx_word' id='word_1_231' title='bbox 2830 1711 3228 1778; x_wconf 88' lang='lat' dir='ltr'>contemnitur,</span> <span class='ocrx_word' id='word_1_232' title='bbox 3257 1715 3319 1765; x_wconf 89' lang='lat' dir='ltr'>ut</span> <span class='ocrx_word' id='word_1_233' title='bbox 3348 1711 3560 1788; x_wconf 82' lang='lat' dir='ltr'>scilicet</span> 
     </span>
    </p>
   </div>
   <div class='ocr_carea' id='block_1_34' title="bbox 269 1797 1873 1871">
    <p class='ocr_par' dir='ltr' id='par_1_34' title="bbox 269 1797 1873 1871">
     <span class='ocr_line' id='line_1_34' title="bbox 269 1797 1873 1871; baseline 0 -19"><span class='ocrx_word' id='word_1_234' title='bbox 269 1797 425 1868; x_wconf 88' lang='lat' dir='ltr'>quod</span> <span class='ocrx_word' id='word_1_235' title='bbox 472 1815 532 1852; x_wconf 89' lang='lat' dir='ltr'>se</span> <span class='ocrx_word' id='word_1_236' title='bbox 574 1815 738 1870; x_wconf 84' lang='lat' dir='ltr'>posse</span> <span class='ocrx_word' id='word_1_237' title='bbox 777 1799 1058 1871; x_wconf 89' lang='lat' dir='ltr'>desperat.</span> <span class='ocrx_word' id='word_1_238' title='bbox 1091 1799 1249 1854; x_wconf 91' lang='lat' dir='ltr'>Unde</span> <span class='ocrx_word' id='word_1_239' title='bbox 1287 1799 1368 1854; x_wconf 89' lang='lat' dir='ltr'>illi</span> <span class='ocrx_word' id='word_1_240' title='bbox 1395 1800 1481 1852; x_wconf 90' lang='lat' dir='ltr'>vel</span> <span class='ocrx_word' id='word_1_241' title='bbox 1525 1799 1632 1852; x_wconf 76' lang='lat' dir='ltr'>illa:</span> <span class='ocrx_word' id='word_1_242' title='bbox 1677 1804 1873 1870; x_wconf 89' lang='lat' dir='ltr'>potue-</span> 
     </span>
    </p>
   </div>
   <div class='ocr_carea' id='block_1_35' title="bbox 268 1887 1872 1960">
    <p class='ocr_par' dir='ltr' id='par_1_35' title="bbox 268 1887 1872 1960">
     <span class='ocr_line' id='line_1_35' title="bbox 268 1887 1872 1960; baseline 0 -19"><span class='ocrx_word' id='word_1_243' title='bbox 268 1892 428 1955; x_wconf 84' lang='lat' dir='ltr'>runt,</span> <span class='ocrx_word' id='word_1_244' title='bbox 459 1887 590 1945; x_wconf 89' lang='lat' dir='ltr'>inde</span> <span class='ocrx_word' id='word_1_245' title='bbox 617 1905 680 1943; x_wconf 89' lang='lat' dir='ltr'>se</span> <span class='ocrx_word' id='word_1_246' title='bbox 707 1904 870 1960; x_wconf 89' lang='lat' dir='ltr'>posse</span> <span class='ocrx_word' id='word_1_247' title='bbox 891 1889 1134 1943; x_wconf 87' lang='lat' dir='ltr'>ﬁrmiter</span> <span class='ocrx_word' id='word_1_248' title='bbox 1152 1889 1346 1943; x_wconf 87' lang='lat' dir='ltr'>credat</span> <span class='ocrx_word' id='word_1_249' title='bbox 1373 1892 1528 1944; x_wconf 86' lang='lat' dir='ltr'>certa</span> <span class='ocrx_word' id='word_1_250' title='bbox 1557 1905 1674 1959; x_wconf 89' lang='lat' dir='ltr'>spe,</span> <span class='ocrx_word' id='word_1_251' title='bbox 1706 1887 1872 1959; x_wconf 88' lang='lat' dir='ltr'>spiri-</span> 
     </span>
    </p>
   </div>
   <div class='ocr_carea' id='block_1_36' title="bbox 269 1975 1874 2048">
    <p class='ocr_par' dir='ltr' id='par_1_36' title="bbox 269 1975 1874 2048">
     <span class='ocr_line' id='line_1_36' title="bbox 269 1975 1874 2048; baseline 0.001 -18"><span class='ocrx_word' id='word_1_252' title='bbox 269 1975 414 2030; x_wconf 86' lang='lat' dir='ltr'>talia</span> <span class='ocrx_word' id='word_1_253' title='bbox 437 1976 753 2032; x_wconf 85' lang='lat' dir='ltr'>carnalibus</span> <span class='ocrx_word' id='word_1_254' title='bbox 781 1995 845 2034; x_wconf 90' lang='lat' dir='ltr'>ac</span> <span class='ocrx_word' id='word_1_255' title='bbox 881 1977 1124 2032; x_wconf 89' lang='lat' dir='ltr'>terrenis</span> <span class='ocrx_word' id='word_1_256' title='bbox 1155 1977 1405 2033; x_wconf 84' lang='lat' dir='ltr'>coelestia</span> <span class='ocrx_word' id='word_1_257' title='bbox 1432 1983 1490 2032; x_wconf 92' lang='lat' dir='ltr'>et</span> <span class='ocrx_word' id='word_1_258' title='bbox 1517 1977 1708 2032; x_wconf 89' lang='lat' dir='ltr'>futura</span> <span class='ocrx_word' id='word_1_259' title='bbox 1734 1993 1874 2048; x_wconf 60' lang='lat' dir='ltr'>pra-</span> 
     </span>
    </p>
   </div>
   <div class='ocr_carea' id='block_1_37' title="bbox 267 2065 874 2138">
    <p class='ocr_par' dir='ltr' id='par_1_37' title="bbox 267 2065 874 2138">
     <span class='ocr_line' id='line_1_37' title="bbox 267 2065 874 2138; baseline 0.003 -19"><span class='ocrx_word' id='word_1_260' title='bbox 267 2065 525 2126; x_wconf 87' lang='lat' dir='ltr'>sentibus</span> <span class='ocrx_word' id='word_1_261' title='bbox 549 2071 874 2138; x_wconf 86' lang='lat' dir='ltr'>anteponat.</span> 
     </span>
    </p>
   </div>
   <div class='ocr_carea' id='block_1_38' title="bbox 345 2153 1872 2228">
    <p class='ocr_par' dir='ltr' id='par_1_38' title="bbox 345 2153 1872 2228">
     <span class='ocr_line' id='line_1_38' title="bbox 345 2153 1872 2228; baseline 0 -18"><span class='ocrx_word' id='word_1_262' title='bbox 345 2153 555 2210; x_wconf 86' lang='lat' dir='ltr'>Omnes</span> <span class='ocrx_word' id='word_1_263' title='bbox 582 2155 787 2228; x_wconf 88' lang='lat' dir='ltr'>quippe</span> <span class='ocrx_word' id='word_1_264' title='bbox 815 2160 966 2214; x_wconf 85' lang='lat' dir='ltr'>artes</span> <span class='ocrx_word' id='word_1_265' title='bbox 996 2173 1062 2212; x_wconf 89' lang='lat' dir='ltr'>ac</span> <span class='ocrx_word' id='word_1_266' title='bbox 1088 2156 1397 2228; x_wconf 64' lang='lat' dir='ltr'>disciplinae</span> <span class='ocrx_word' id='word_1_267' title='bbox 1420 2171 1654 2228; x_wconf 82' lang='lat' dir='ltr'>scapum</span> <span class='ocrx_word' id='word_1_268' title='bbox 1673 2170 1872 2226; x_wconf 91' lang='lat' dir='ltr'>quem-</span> 
     </span>
    </p>
   </div>
   <div class='ocr_carea' id='block_1_39' title="bbox 267 2241 1871 2313">
    <p class='ocr_par' dir='ltr' id='par_1_39' title="bbox 267 2241 1871 2313">
     <span class='ocr_line' id='line_1_39' title="bbox 267 2241 1871 2313; baseline 0 -16"><span class='ocrx_word' id='word_1_269' title='bbox 267 2241 425 2311; x_wconf 85' lang='lat' dir='ltr'>dam,</span> <span class='ocrx_word' id='word_1_270' title='bbox 457 2243 515 2298; x_wconf 89' lang='lat' dir='ltr'>id</span> <span class='ocrx_word' id='word_1_271' title='bbox 545 2250 631 2299; x_wconf 88' lang='lat' dir='ltr'>est</span> <span class='ocrx_word' id='word_1_272' title='bbox 658 2245 1112 2313; x_wconf 88' lang='lat' dir='ltr'>destinationem,</span> <span class='ocrx_word' id='word_1_273' title='bbox 1145 2252 1202 2300; x_wconf 90' lang='lat' dir='ltr'>et</span> <span class='ocrx_word' id='word_1_274' title='bbox 1231 2246 1392 2311; x_wconf 91' lang='lat' dir='ltr'>telos,</span> <span class='ocrx_word' id='word_1_275' title='bbox 1427 2246 1532 2300; x_wconf 90' lang='lat' dir='ltr'>hoc</span> <span class='ocrx_word' id='word_1_276' title='bbox 1562 2249 1664 2308; x_wconf 88' lang='lat' dir='ltr'>est,</span> <span class='ocrx_word' id='word_1_277' title='bbox 1699 2245 1871 2298; x_wconf 87' lang='lat' dir='ltr'>ﬁnem</span> 
     </span>
    </p>
   </div>
   <div class='ocr_carea' id='block_1_40' title="bbox 267 2331 1876 2406">
    <p class='ocr_par' dir='ltr' id='par_1_40' title="bbox 267 2331 1876 2406">
     <span class='ocr_line' id='line_1_40' title="bbox 267 2331 1876 2406; baseline 0 -20"><span class='ocrx_word' id='word_1_278' title='bbox 267 2331 566 2404; x_wconf 89' lang='lat' dir='ltr'>proprium</span> <span class='ocrx_word' id='word_1_279' title='bbox 586 2333 815 2401; x_wconf 87' lang='lat' dir='ltr'>habent,</span> <span class='ocrx_word' id='word_1_280' title='bbox 830 2335 902 2390; x_wconf 87' lang='lat' dir='ltr'>ad</span> <span class='ocrx_word' id='word_1_281' title='bbox 923 2352 1090 2406; x_wconf 88' lang='lat' dir='ltr'>quem</span> <span class='ocrx_word' id='word_1_282' title='bbox 1110 2335 1414 2406; x_wconf 90' lang='lat' dir='ltr'>respiciens</span> <span class='ocrx_word' id='word_1_283' title='bbox 1435 2333 1876 2404; x_wconf 85' lang='lat' dir='ltr'>uniuscujusque</span> 
     </span>
    </p>
   </div>
   <div class='ocr_carea' id='block_1_41' title="bbox 272 2420 1876 2496">
    <p class='ocr_par' dir='ltr' id='par_1_41' title="bbox 272 2420 1876 2496">
     <span class='ocr_line' id='line_1_41' title="bbox 272 2420 1876 2496; baseline -0.001 -18"><span class='ocrx_word' id='word_1_284' title='bbox 272 2420 420 2478; x_wconf 81' lang='lat' dir='ltr'>artis</span> <span class='ocrx_word' id='word_1_285' title='bbox 447 2421 759 2478; x_wconf 73' lang='lat' dir='ltr'>industrius</span> <span class='ocrx_word' id='word_1_286' title='bbox 797 2425 1078 2496; x_wconf 88' lang='lat' dir='ltr'>appetitor</span> <span class='ocrx_word' id='word_1_287' title='bbox 1112 2428 1343 2479; x_wconf 91' lang='lat' dir='ltr'>cunctos</span> <span class='ocrx_word' id='word_1_288' title='bbox 1373 2424 1592 2478; x_wconf 89' lang='lat' dir='ltr'>labores</span> <span class='ocrx_word' id='word_1_289' title='bbox 1641 2429 1698 2477; x_wconf 93' lang='lat' dir='ltr'>et</span> <span class='ocrx_word' id='word_1_290' title='bbox 1725 2421 1876 2494; x_wconf 88' lang='lat' dir='ltr'>peri-</span> 
     </span>
    </p>
   </div>
   <div class='ocr_carea' id='block_1_42' title="bbox 271 2511 1878 2584">
    <p class='ocr_par' dir='ltr' id='par_1_42' title="bbox 271 2511 1878 2584">
     <span class='ocr_line' id='line_1_42' title="bbox 271 2511 1878 2584; baseline -0.001 -18"><span class='ocrx_word' id='word_1_291' title='bbox 271 2511 407 2566; x_wconf 86' lang='lat' dir='ltr'>cula</span> <span class='ocrx_word' id='word_1_292' title='bbox 430 2516 597 2582; x_wconf 83' lang='lat' dir='ltr'>atque</span> <span class='ocrx_word' id='word_1_293' title='bbox 617 2511 909 2583; x_wconf 85' lang='lat' dir='ltr'>dispendia</span> <span class='ocrx_word' id='word_1_294' title='bbox 927 2513 1322 2584; x_wconf 83' lang='lat' dir='ltr'>aequanimiter</span> <span class='ocrx_word' id='word_1_295' title='bbox 1339 2512 1692 2582; x_wconf 88' lang='lat' dir='ltr'>libenterque</span> <span class='ocrx_word' id='word_1_296' title='bbox 1713 2511 1878 2565; x_wconf 90' lang='lat' dir='ltr'>susti-</span> 
     </span>
    </p>
   </div>
   <div class='ocr_carea' id='block_1_43' title="bbox 269 2600 1878 2674">
    <p class='ocr_par' dir='ltr' id='par_1_43' title="bbox 269 2600 1878 2674">
     <span class='ocr_line' id='line_1_43' title="bbox 269 2600 1878 2674; baseline -0.001 -18"><span class='ocrx_word' id='word_1_297' title='bbox 269 2606 391 2665; x_wconf 89' lang='lat' dir='ltr'>net,</span> <span class='ocrx_word' id='word_1_298' title='bbox 425 2601 895 2671; x_wconf 86' lang='lat' dir='ltr'>quemadmodum</span> <span class='ocrx_word' id='word_1_299' title='bbox 927 2602 988 2656; x_wconf 93' lang='lat' dir='ltr'>in</span> <span class='ocrx_word' id='word_1_300' title='bbox 1018 2602 1220 2674; x_wconf 90' lang='lat' dir='ltr'>quibus</span> <span class='ocrx_word' id='word_1_301' title='bbox 1249 2619 1384 2658; x_wconf 91' lang='lat' dir='ltr'>usus</span> <span class='ocrx_word' id='word_1_302' title='bbox 1423 2607 1510 2655; x_wconf 92' lang='lat' dir='ltr'>est</span> <span class='ocrx_word' id='word_1_303' title='bbox 1535 2600 1734 2656; x_wconf 89' lang='lat' dir='ltr'>bellica</span> <span class='ocrx_word' id='word_1_304' title='bbox 1762 2601 1878 2654; x_wconf 90' lang='lat' dir='ltr'>tela</span> 
     </span>
    </p>
   </div>
   <div class='ocr_carea' id='block_1_44' title="bbox 269 2689 1876 2762">
    <p class='ocr_par' dir='ltr' id='par_1_44' title="bbox 269 2689 1876 2762">
     <span class='ocr_line' id='line_1_44' title="bbox 269 2689 1876 2762; baseline -0.001 -18"><span class='ocrx_word' id='word_1_305' title='bbox 269 2689 574 2756; x_wconf 67' lang='lat' dir='ltr'>tractandi,</span> <span class='ocrx_word' id='word_1_306' title='bbox 603 2705 732 2746; x_wconf 88' lang='lat' dir='ltr'>cum</span> <span class='ocrx_word' id='word_1_307' title='bbox 761 2697 892 2746; x_wconf 88' lang='lat' dir='ltr'>ante</span> <span class='ocrx_word' id='word_1_308' title='bbox 922 2708 1114 2762; x_wconf 88' lang='lat' dir='ltr'>regem</span> <span class='ocrx_word' id='word_1_309' title='bbox 1142 2690 1338 2746; x_wconf 89' lang='lat' dir='ltr'>mundi</span> <span class='ocrx_word' id='word_1_310' title='bbox 1377 2691 1547 2761; x_wconf 86' lang='lat' dir='ltr'>hujus</span> <span class='ocrx_word' id='word_1_311' title='bbox 1585 2689 1724 2745; x_wconf 89' lang='lat' dir='ltr'>artis</span> <span class='ocrx_word' id='word_1_312' title='bbox 1760 2705 1876 2743; x_wconf 73' lang='lat' dir='ltr'>suae</span> 
     </span>
    </p>
   </div>
   <div class='ocr_carea' id='block_1_45' title="bbox 269 2777 1874 2851">
    <p class='ocr_par' dir='ltr' id='par_1_45' title="bbox 269 2777 1874 2851">
     <span class='ocr_line' id='line_1_45' title="bbox 269 2777 1874 2851; baseline 0.001 -19"><span class='ocrx_word' id='word_1_313' title='bbox 269 2777 512 2849; x_wconf 85' lang='lat' dir='ltr'>cupiunt</span> <span class='ocrx_word' id='word_1_314' title='bbox 549 2778 810 2849; x_wconf 89' lang='lat' dir='ltr'>peritiam</span> <span class='ocrx_word' id='word_1_315' title='bbox 845 2781 1233 2836; x_wconf 88' lang='lat' dir='ltr'>demonstrare</span> <span class='ocrx_word' id='word_1_316' title='bbox 1279 2781 1337 2834; x_wconf 92' lang='lat' dir='ltr'>in</span> <span class='ocrx_word' id='word_1_317' title='bbox 1369 2779 1702 2851; x_wconf 82' lang='lat' dir='ltr'>parvissima</span> <span class='ocrx_word' id='word_1_318' title='bbox 1740 2793 1874 2849; x_wconf 85' lang='lat' dir='ltr'>qua-</span> 
     </span>
    </p>
   </div>
   <div class='ocr_carea' id='block_1_46' title="bbox 269 2866 1870 2941">
    <p class='ocr_par' dir='ltr' id='par_1_46' title="bbox 269 2866 1870 2941">
     <span class='ocr_line' id='line_1_46' title="bbox 269 2866 1870 2941; baseline -0.001 -19"><span class='ocrx_word' id='word_1_319' title='bbox 269 2866 412 2922; x_wconf 83' lang='lat' dir='ltr'>dam</span> <span class='ocrx_word' id='word_1_320' title='bbox 455 2868 692 2934; x_wconf 87' lang='lat' dir='ltr'>scutula,</span> <span class='ocrx_word' id='word_1_321' title='bbox 725 2885 848 2939; x_wconf 82' lang='lat' dir='ltr'>quae</span> <span class='ocrx_word' id='word_1_322' title='bbox 888 2870 1106 2941; x_wconf 87' lang='lat' dir='ltr'>depicta</span> <span class='ocrx_word' id='word_1_323' title='bbox 1143 2870 1202 2924; x_wconf 89' lang='lat' dir='ltr'>in</span> <span class='ocrx_word' id='word_1_324' title='bbox 1232 2887 1292 2924; x_wconf 89' lang='lat' dir='ltr'>se</span> <span class='ocrx_word' id='word_1_325' title='bbox 1333 2869 1584 2923; x_wconf 88' lang='lat' dir='ltr'>continet</span> <span class='ocrx_word' id='word_1_326' title='bbox 1620 2867 1870 2939; x_wconf 84' lang='lat' dir='ltr'>praemia,</span> 
     </span>
    </p>
   </div>
   <div class='ocr_carea' id='block_1_47' title="bbox 263 2955 1878 3030">
    <p class='ocr_par' dir='ltr' id='par_1_47' title="bbox 263 2955 1878 3030">
     <span class='ocr_line' id='line_1_47' title="bbox 263 2955 1878 3030; baseline -0.001 -18"><span class='ocrx_word' id='word_1_327' title='bbox 263 2955 483 3027; x_wconf 82' lang='lat' dir='ltr'>jacula,</span> <span class='ocrx_word' id='word_1_328' title='bbox 523 2957 608 3010; x_wconf 85' lang='lat' dir='ltr'>vel</span> <span class='ocrx_word' id='word_1_329' title='bbox 657 2957 912 3028; x_wconf 85' lang='lat' dir='ltr'>sagittas,</span> <span class='ocrx_word' id='word_1_330' title='bbox 946 2958 1268 3030; x_wconf 89' lang='lat' dir='ltr'>intorquere</span> <span class='ocrx_word' id='word_1_331' title='bbox 1325 2958 1692 3022; x_wconf 90' lang='lat' dir='ltr'>contendunt,</span> <span class='ocrx_word' id='word_1_332' title='bbox 1741 2957 1878 3010; x_wconf 89' lang='lat' dir='ltr'>certi</span> 
     </span>
    </p>
   </div>
   <div class='ocr_carea' id='block_1_48' title="bbox 1955 1795 3558 1874">
    <p class='ocr_par' dir='ltr' id='par_1_48' title="bbox 1955 1795 3558 1874">
     <span class='ocr_line' id='line_1_48' title="bbox 1955 1795 3558 1874; baseline 0.004 -24"><span class='ocrx_word' id='word_1_333' title='bbox 1955 1795 2172 1867; x_wconf 90' lang='lat' dir='ltr'>puritas</span> <span class='ocrx_word' id='word_1_334' title='bbox 2199 1795 2382 1852; x_wconf 86' lang='lat' dir='ltr'>cordis</span> <span class='ocrx_word' id='word_1_335' title='bbox 2402 1801 2675 1868; x_wconf 88' lang='lat' dir='ltr'>perpetua</span> <span class='ocrx_word' id='word_1_336' title='bbox 2695 1803 3026 1852; x_wconf 85' lang='lat' dir='ltr'>retentetur.</span> <span class='ocrx_word' id='word_1_337' title='bbox 3052 1799 3170 1854; x_wconf 90' lang='lat' dir='ltr'>Hac</span> <span class='ocrx_word' id='word_1_338' title='bbox 3189 1800 3381 1874; x_wconf 85' lang='lat' dir='ltr'>itaque</span> <span class='ocrx_word' id='word_1_339' title='bbox 3397 1801 3558 1858; x_wconf 88' lang='lat' dir='ltr'>nobis</span> 
     </span>
    </p>
   </div>
   <div class='ocr_carea' id='block_1_49' title="bbox 1954 1885 3563 1962">
    <p class='ocr_par' dir='ltr' id='par_1_49' title="bbox 1954 1885 3563 1962">
     <span class='ocr_line' id='line_1_49' title="bbox 1954 1885 3563 1962; baseline 0.004 -23"><span class='ocrx_word' id='word_1_340' title='bbox 1954 1885 2328 1939; x_wconf 87' lang='lat' dir='ltr'>destinatione</span> <span class='ocrx_word' id='word_1_341' title='bbox 2353 1885 2640 1957; x_wconf 88' lang='lat' dir='ltr'>proposita</span> <span class='ocrx_word' id='word_1_342' title='bbox 2659 1903 2882 1958; x_wconf 90' lang='lat' dir='ltr'>semper</span> <span class='ocrx_word' id='word_1_343' title='bbox 2897 1892 3056 1942; x_wconf 88' lang='lat' dir='ltr'>actus</span> <span class='ocrx_word' id='word_1_344' title='bbox 3078 1889 3256 1944; x_wconf 89' lang='lat' dir='ltr'>nostri</span> <span class='ocrx_word' id='word_1_345' title='bbox 3279 1895 3338 1946; x_wconf 87' lang='lat' dir='ltr'>et</span> <span class='ocrx_word' id='word_1_346' title='bbox 3355 1890 3563 1962; x_wconf 89' lang='lat' dir='ltr'>cogita-</span> 
     </span>
    </p>
   </div>
   <div class='ocr_carea' id='block_1_50' title="bbox 1954 1973 3562 2052">
    <p class='ocr_par' dir='ltr' id='par_1_50' title="bbox 1954 1973 3562 2052">
     <span class='ocr_line' id='line_1_50' title="bbox 1954 1973 3562 2052; baseline 0.006 -24"><span class='ocrx_word' id='word_1_347' title='bbox 1954 1973 2136 2028; x_wconf 87' lang='lat' dir='ltr'>tiones</span> <span class='ocrx_word' id='word_1_348' title='bbox 2151 1973 2223 2028; x_wconf 89' lang='lat' dir='ltr'>ad</span> <span class='ocrx_word' id='word_1_349' title='bbox 2243 1991 2369 2028; x_wconf 89' lang='lat' dir='ltr'>eam</span> <span class='ocrx_word' id='word_1_350' title='bbox 2389 1973 2748 2029; x_wconf 88' lang='lat' dir='ltr'>obtinendam</span> <span class='ocrx_word' id='word_1_351' title='bbox 2769 1975 3076 2032; x_wconf 86' lang='lat' dir='ltr'>rectissime</span> <span class='ocrx_word' id='word_1_352' title='bbox 3097 1978 3562 2052; x_wconf 64' lang='lat' dir='ltr'>dirigentur,qum</span> 
     </span>
    </p>
   </div>
   <div class='ocr_carea' id='block_1_51' title="bbox 1955 2062 3564 2135">
    <p class='ocr_par' dir='ltr' id='par_1_51' title="bbox 1955 2062 3564 2135">
     <span class='ocr_line' id='line_1_51' title="bbox 1955 2062 3564 2135; baseline 0.005 -19"><span class='ocrx_word' id='word_1_353' title='bbox 1955 2062 2000 2116; x_wconf 89' lang='lat' dir='ltr'>si</span> <span class='ocrx_word' id='word_1_354' title='bbox 2018 2079 2133 2135; x_wconf 72' lang='lat' dir='ltr'>pra-2</span> <span class='ocrx_word' id='word_1_355' title='bbox 2144 2063 2317 2118; x_wconf 91' lang='lat' dir='ltr'>oculis</span> <span class='ocrx_word' id='word_1_356' title='bbox 2331 2063 2538 2118; x_wconf 90' lang='lat' dir='ltr'>nostris</span> <span class='ocrx_word' id='word_1_357' title='bbox 2541 2065 2563 2135; x_wconf 86' lang='lat' dir='ltr'>j</span> <span class='ocrx_word' id='word_1_358' title='bbox 2571 2063 2756 2135; x_wconf 85' lang='lat' dir='ltr'>ugiter</span> <span class='ocrx_word' id='word_1_359' title='bbox 2768 2069 2984 2120; x_wconf 74' lang='lat' dir='ltr'>statuta</span> <span class='ocrx_word' id='word_1_360' title='bbox 3001 2082 3114 2120; x_wconf 90' lang='lat' dir='ltr'>non</span> <span class='ocrx_word' id='word_1_361' title='bbox 3135 2066 3324 2135; x_wconf 81' lang='lat' dir='ltr'>fuerit,</span> <span class='ocrx_word' id='word_1_362' title='bbox 3339 2085 3454 2124; x_wconf 89' lang='lat' dir='ltr'>non</span> <span class='ocrx_word' id='word_1_363' title='bbox 3473 2086 3564 2126; x_wconf 91' lang='lat' dir='ltr'>so-</span> 
     </span>
    </p>
   </div>
   <div class='ocr_carea' id='block_1_52' title="bbox 1955 2151 3567 2227">
    <p class='ocr_par' dir='ltr' id='par_1_52' title="bbox 1955 2151 3567 2227">
     <span class='ocr_line' id='line_1_52' title="bbox 1955 2151 3567 2227; baseline 0.007 -21"><span class='ocrx_word' id='word_1_364' title='bbox 1955 2151 2073 2207; x_wconf 91' lang='lat' dir='ltr'>lum</span> <span class='ocrx_word' id='word_1_365' title='bbox 2083 2158 2312 2208; x_wconf 89' lang='lat' dir='ltr'>cunctos</span> <span class='ocrx_word' id='word_1_366' title='bbox 2323 2151 2540 2208; x_wconf 88' lang='lat' dir='ltr'>labores</span> <span class='ocrx_word' id='word_1_367' title='bbox 2550 2159 2772 2219; x_wconf 78' lang='lat' dir='ltr'>nostros</span> <span class='ocrx_word' id='word_1_368' title='bbox 2783 2171 2982 2212; x_wconf 89' lang='lat' dir='ltr'>vacuos</span> <span class='ocrx_word' id='word_1_369' title='bbox 2993 2155 3205 2226; x_wconf 87' lang='lat' dir='ltr'>pariter</span> <span class='ocrx_word' id='word_1_370' title='bbox 3215 2162 3384 2227; x_wconf 88' lang='lat' dir='ltr'>atque</span> <span class='ocrx_word' id='word_1_371' title='bbox 3393 2158 3567 2218; x_wconf 80' lang='lat' dir='ltr'>insta-</span> 
     </span>
    </p>
   </div>
   <div class='ocr_carea' id='block_1_53' title="bbox 1957 2240 3564 2308">
    <p class='ocr_par' dir='ltr' id='par_1_53' title="bbox 1957 2240 3564 2308">
     <span class='ocr_line' id='line_1_53' title="bbox 1957 2240 3564 2308; baseline 0.004 -13"><span class='ocrx_word' id='word_1_372' title='bbox 1957 2240 2097 2296; x_wconf 89' lang='lat' dir='ltr'>biles</span> <span class='ocrx_word' id='word_1_373' title='bbox 2121 2241 2380 2308; x_wconf 90' lang='lat' dir='ltr'>reddens,</span> <span class='ocrx_word' id='word_1_374' title='bbox 2400 2241 2681 2297; x_wconf 85' lang='lat' dir='ltr'>incassum</span> <span class='ocrx_word' id='word_1_375' title='bbox 2704 2258 2800 2298; x_wconf 88' lang='lat' dir='ltr'>eos</span> <span class='ocrx_word' id='word_1_376' title='bbox 2820 2259 2884 2297; x_wconf 91' lang='lat' dir='ltr'>ac</span> <span class='ocrx_word' id='word_1_377' title='bbox 2903 2243 3022 2298; x_wconf 89' lang='lat' dir='ltr'>sine</span> <span class='ocrx_word' id='word_1_378' title='bbox 3047 2244 3161 2298; x_wconf 92' lang='lat' dir='ltr'>ullo</span> <span class='ocrx_word' id='word_1_379' title='bbox 3181 2245 3564 2308; x_wconf 89' lang='lat' dir='ltr'>emolumento</span> 
     </span>
    </p>
   </div>
   <div class='ocr_carea' id='block_1_54' title="bbox 1959 2330 3564 2406">
    <p class='ocr_par' dir='ltr' id='par_1_54' title="bbox 1959 2330 3564 2406">
     <span class='ocr_line' id='line_1_54' title="bbox 1959 2330 3564 2406; baseline 0.005 -21"><span class='ocrx_word' id='word_1_380' title='bbox 1959 2331 2258 2402; x_wconf 90' lang='lat' dir='ltr'>compellet</span> <span class='ocrx_word' id='word_1_381' title='bbox 2271 2330 2500 2394; x_wconf 76' lang='lat' dir='ltr'>effundi,</span> <span class='ocrx_word' id='word_1_382' title='bbox 2515 2331 2687 2386; x_wconf 88' lang='lat' dir='ltr'>veluti</span> <span class='ocrx_word' id='word_1_383' title='bbox 2706 2331 2802 2403; x_wconf 91' lang='lat' dir='ltr'>qui</span> <span class='ocrx_word' id='word_1_384' title='bbox 2818 2349 2928 2387; x_wconf 91' lang='lat' dir='ltr'>non</span> <span class='ocrx_word' id='word_1_385' title='bbox 2946 2332 3191 2388; x_wconf 86' lang='lat' dir='ltr'>habeant</span> <span class='ocrx_word' id='word_1_386' title='bbox 3199 2335 3564 2406; x_wconf 84' lang='lat' dir='ltr'>apostolicam</span> 
     </span>
    </p>
   </div>
   <div class='ocr_carea' id='block_1_55' title="bbox 1959 2420 3566 2495">
    <p class='ocr_par' dir='ltr' id='par_1_55' title="bbox 1959 2420 3566 2495">
     <span class='ocr_line' id='line_1_55' title="bbox 1959 2420 3566 2495; baseline 0.004 -21"><span class='ocrx_word' id='word_1_387' title='bbox 1959 2420 2292 2474; x_wconf 87' lang='lat' dir='ltr'>charitatem</span> <span class='ocrx_word' id='word_1_388' title='bbox 2307 2425 2364 2474; x_wconf 90' lang='lat' dir='ltr'>et</span> <span class='ocrx_word' id='word_1_389' title='bbox 2385 2437 2450 2475; x_wconf 87' lang='lat' dir='ltr'>ex</span> <span class='ocrx_word' id='word_1_390' title='bbox 2470 2421 2730 2476; x_wconf 91' lang='lat' dir='ltr'>omnibus</span> <span class='ocrx_word' id='word_1_391' title='bbox 2746 2421 3080 2489; x_wconf 85' lang='lat' dir='ltr'>infructuosi</span> <span class='ocrx_word' id='word_1_392' title='bbox 3095 2423 3425 2495; x_wconf 87' lang='lat' dir='ltr'>sterilesque</span> <span class='ocrx_word' id='word_1_393' title='bbox 3441 2425 3566 2480; x_wconf 89' lang='lat' dir='ltr'>red-</span> 
     </span>
    </p>
   </div>
   <div class='ocr_carea' id='block_1_56' title="bbox 1959 2509 3624 2584">
    <p class='ocr_par' dir='ltr' id='par_1_56' title="bbox 1959 2509 3624 2584">
     <span class='ocr_line' id='line_1_56' title="bbox 1959 2509 3624 2584; baseline 0.005 -20"><span class='ocrx_word' id='word_1_394' title='bbox 1959 2509 2184 2564; x_wconf 91' lang='lat' dir='ltr'>dantur.</span> <span class='ocrx_word' id='word_1_395' title='bbox 2201 2509 2360 2574; x_wconf 84' lang='lat' dir='ltr'>Quod</span> <span class='ocrx_word' id='word_1_396' title='bbox 2379 2509 2440 2563; x_wconf 92' lang='lat' dir='ltr'>in</span> <span class='ocrx_word' id='word_1_397' title='bbox 2455 2509 2669 2580; x_wconf 89' lang='lat' dir='ltr'>Spiritu</span> <span class='ocrx_word' id='word_1_398' title='bbox 2687 2509 2884 2565; x_wconf 88' lang='lat' dir='ltr'>beatus</span> <span class='ocrx_word' id='word_1_399' title='bbox 2903 2513 3203 2582; x_wconf 87' lang='lat' dir='ltr'>Apostolus</span> <span class='ocrx_word' id='word_1_400' title='bbox 3218 2513 3563 2584; x_wconf 64' lang='lat' dir='ltr'>prmvidens:</span> <span class='ocrx_word' id='word_1_401' title='bbox 3606 2511 3624 2571; x_wconf 70' lang='grc' dir='ltr'>ζ</span> 
     </span>
    </p>
   </div>
   <div class='ocr_carea' id='block_1_57' title="bbox 1962 2597 3560 2674">
    <p class='ocr_par' dir='ltr' id='par_1_57' title="bbox 1962 2597 3560 2674">
     <span class='ocr_line' id='line_1_57' title="bbox 1962 2597 3560 2674; baseline 0.005 -23"><span class='ocrx_word' id='word_1_402' title='bbox 1962 2617 1987 2651; x_wconf 73' lang='grc' dir='ltr'>(ι</span> <span class='ocrx_word' id='word_1_403' title='bbox 2030 2597 2099 2654; x_wconf 80' lang='lat' dir='ltr'>Et</span> <span class='ocrx_word' id='word_1_404' title='bbox 2125 2599 2172 2652; x_wconf 91' lang='lat' dir='ltr'>si</span> <span class='ocrx_word' id='word_1_405' title='bbox 2203 2597 2560 2666; x_wconf 89' lang='lat' dir='ltr'>distribuero,</span> <span class='ocrx_word' id='word_1_406' title='bbox 2590 2599 2792 2672; x_wconf 80' lang='lat' dir='ltr'>inquit,</span> <span class='ocrx_word' id='word_1_407' title='bbox 2826 2599 2886 2666; x_wconf 80' lang='lat' dir='ltr'>in</span> <span class='ocrx_word' id='word_1_408' title='bbox 2913 2599 3064 2656; x_wconf 91' lang='lat' dir='ltr'>cibos</span> <span class='ocrx_word' id='word_1_409' title='bbox 3095 2618 3407 2674; x_wconf 86' lang='lat' dir='ltr'>pauperum</span> <span class='ocrx_word' id='word_1_410' title='bbox 3437 2619 3560 2658; x_wconf 88' lang='lat' dir='ltr'>om-</span> 
     </span>
    </p>
   </div>
   <div class='ocr_carea' id='block_1_58' title="bbox 1959 2687 3564 2761">
    <p class='ocr_par' dir='ltr' id='par_1_58' title="bbox 1959 2687 3564 2761">
     <span class='ocr_line' id='line_1_58' title="bbox 1959 2687 3564 2761; baseline 0.005 -21"><span class='ocrx_word' id='word_1_411' title='bbox 1959 2703 2058 2742; x_wconf 92' lang='lat' dir='ltr'>nes</span> <span class='ocrx_word' id='word_1_412' title='bbox 2083 2687 2376 2742; x_wconf 86' lang='lat' dir='ltr'>facultates</span> <span class='ocrx_word' id='word_1_413' title='bbox 2395 2704 2566 2754; x_wconf 88' lang='lat' dir='ltr'>meas,</span> <span class='ocrx_word' id='word_1_414' title='bbox 2589 2693 2646 2742; x_wconf 93' lang='lat' dir='ltr'>et</span> <span class='ocrx_word' id='word_1_415' title='bbox 2675 2688 2723 2742; x_wconf 89' lang='lat' dir='ltr'>si</span> <span class='ocrx_word' id='word_1_416' title='bbox 2751 2688 3036 2743; x_wconf 84' lang='lat' dir='ltr'>tradidero</span> <span class='ocrx_word' id='word_1_417' title='bbox 3057 2705 3259 2761; x_wconf 91' lang='lat' dir='ltr'>corpus</span> <span class='ocrx_word' id='word_1_418' title='bbox 3286 2707 3476 2746; x_wconf 90' lang='lat' dir='ltr'>meum</span> <span class='ocrx_word' id='word_1_419' title='bbox 3495 2697 3564 2748; x_wconf 89' lang='lat' dir='ltr'>ut</span> 
     </span>
    </p>
   </div>
   <div class='ocr_carea' id='block_1_59' title="bbox 1957 2777 3564 2846">
    <p class='ocr_par' dir='ltr' id='par_1_59' title="bbox 1957 2777 3564 2846">
     <span class='ocr_line' id='line_1_59' title="bbox 1957 2777 3564 2846; baseline 0.002 -15"><span class='ocrx_word' id='word_1_420' title='bbox 1957 2777 2208 2844; x_wconf 86' lang='lat' dir='ltr'>ardeam,</span> <span class='ocrx_word' id='word_1_421' title='bbox 2234 2777 2568 2832; x_wconf 87' lang='lat' dir='ltr'>charitatem</span> <span class='ocrx_word' id='word_1_422' title='bbox 2598 2783 2786 2832; x_wconf 88' lang='lat' dir='ltr'>autem</span> <span class='ocrx_word' id='word_1_423' title='bbox 2809 2793 2924 2832; x_wconf 91' lang='lat' dir='ltr'>non</span> <span class='ocrx_word' id='word_1_424' title='bbox 2953 2777 3222 2846; x_wconf 87' lang='lat' dir='ltr'>habuero,</span> <span class='ocrx_word' id='word_1_425' title='bbox 3253 2779 3396 2835; x_wconf 88' lang='lat' dir='ltr'>nihil</span> <span class='ocrx_word' id='word_1_426' title='bbox 3425 2781 3564 2835; x_wconf 87' lang='lat' dir='ltr'>mihi</span> 
     </span>
    </p>
   </div>
   <div class='ocr_carea' id='block_1_60' title="bbox 1961 2863 3558 2941">
    <p class='ocr_par' dir='ltr' id='par_1_60' title="bbox 1961 2863 3558 2941">
     <span class='ocr_line' id='line_1_60' title="bbox 1961 2863 3558 2941; baseline 0.003 -20"><span class='ocrx_word' id='word_1_427' title='bbox 1961 2866 2188 2937; x_wconf 86' lang='lat' dir='ltr'>prodest</span> <span class='ocrx_word' id='word_1_428' title='bbox 2219 2868 2269 2934; x_wconf 86' lang='lat' dir='ltr'>(l</span> <span class='ocrx_word' id='word_1_429' title='bbox 2295 2868 2418 2920; x_wconf 70' lang='grc' dir='ltr'>θον.</span> <span class='ocrx_word' id='word_1_430' title='bbox 2465 2883 2578 2930; x_wconf 83' lang='lat' dir='ltr'>xm,</span> <span class='ocrx_word' id='word_1_431' title='bbox 2611 2863 2686 2938; x_wconf 82' lang='lat'>3),</span> <span class='ocrx_word' id='word_1_432' title='bbox 2719 2887 2748 2919; x_wconf 75' lang='grc' dir='ltr'><strong>ν</strong></span> <span class='ocrx_word' id='word_1_433' title='bbox 2786 2867 2933 2920; x_wconf 91' lang='lat' dir='ltr'>unde</span> <span class='ocrx_word' id='word_1_434' title='bbox 2973 2866 3186 2938; x_wconf 88' lang='lat' dir='ltr'>liquido</span> <span class='ocrx_word' id='word_1_435' title='bbox 3228 2868 3558 2941; x_wconf 84' lang='lat' dir='ltr'>comproba-</span> 
     </span>
    </p>
   </div>
   <div class='ocr_carea' id='block_1_61' title="bbox 1959 2955 3566 3029">
    <p class='ocr_par' dir='ltr' id='par_1_61' title="bbox 1959 2955 3566 3029">
     <span class='ocr_line' id='line_1_61' title="bbox 1959 2955 3566 3029; baseline 0.004 -20"><span class='ocrx_word' id='word_1_436' title='bbox 1959 2961 2055 3010; x_wconf 86' lang='lat' dir='ltr'>tur</span> <span class='ocrx_word' id='word_1_437' title='bbox 2071 2955 2473 3026; x_wconf 87' lang='lat' dir='ltr'>perfectionem</span> <span class='ocrx_word' id='word_1_438' title='bbox 2494 2971 2606 3009; x_wconf 92' lang='lat' dir='ltr'>non</span> <span class='ocrx_word' id='word_1_439' title='bbox 2626 2955 2819 3012; x_wconf 77' lang='lat' dir='ltr'>statim</span> <span class='ocrx_word' id='word_1_440' title='bbox 2839 2955 3234 3024; x_wconf 80' lang='lat' dir='ltr'>nuditate,_nec</span> <span class='ocrx_word' id='word_1_441' title='bbox 3255 2958 3566 3029; x_wconf 80' lang='lat' dir='ltr'>privatione</span> 
     </span>
    </p>
   </div>
   <div class='ocr_carea' id='block_1_62' title="bbox 270 3033 3567 3116">
    <p class='ocr_par' dir='ltr' id='par_1_62' title="bbox 270 3033 3567 3116">
     <span class='ocr_line' id='line_1_62' title="bbox 270 3033 3567 3116; baseline 0.002 -16"><span class='ocrx_word' id='word_1_442' title='bbox 270 3045 428 3116; x_wconf 87' lang='lat' dir='ltr'>quod</span> <span class='ocrx_word' id='word_1_443' title='bbox 458 3061 570 3100; x_wconf 90' lang='lat' dir='ltr'>non</span> <span class='ocrx_word' id='word_1_444' title='bbox 589 3047 719 3114; x_wconf 89' lang='lat' dir='ltr'>alia,</span> <span class='ocrx_word' id='word_1_445' title='bbox 745 3046 855 3102; x_wconf 87' lang='lat' dir='ltr'>nisi</span> <span class='ocrx_word' id='word_1_446' title='bbox 883 3047 1275 3103; x_wconf 87' lang='lat' dir='ltr'>destinationis</span> <span class='ocrx_word' id='word_1_447' title='bbox 1295 3065 1410 3103; x_wconf 66' lang='lat' dir='ltr'>sua:</span> <span class='ocrx_word' id='word_1_448' title='bbox 1437 3047 1586 3102; x_wconf 89' lang='lat' dir='ltr'>linea</span> <span class='ocrx_word' id='word_1_449' title='bbox 1605 3047 1676 3101; x_wconf 89' lang='lat' dir='ltr'>ad</span> <span class='ocrx_word' id='word_1_450' title='bbox 1701 3047 1873 3100; x_wconf 89' lang='lat' dir='ltr'>ﬁnem</span> <span class='ocrx_word' id='word_1_451' title='bbox 1895 3033 1942 3096; x_wconf 89' lang='lat' dir='ltr'>C</span> <span class='ocrx_word' id='word_1_452' title='bbox 1959 3045 2211 3099; x_wconf 90' lang='lat' dir='ltr'>omnium</span> <span class='ocrx_word' id='word_1_453' title='bbox 2235 3045 2566 3100; x_wconf 84' lang='lat' dir='ltr'>facultatum</span> <span class='ocrx_word' id='word_1_454' title='bbox 2595 3061 2696 3099; x_wconf 89' lang='lat' dir='ltr'>seu</span> <span class='ocrx_word' id='word_1_455' title='bbox 2723 3045 3063 3116; x_wconf 86' lang='lat' dir='ltr'>dignitatum</span> <span class='ocrx_word' id='word_1_456' title='bbox 3095 3045 3407 3116; x_wconf 84' lang='lat' dir='ltr'>objectione</span> <span class='ocrx_word' id='word_1_457' title='bbox 3433 3064 3567 3108; x_wconf 84' lang='lat' dir='ltr'>cou-</span> 
     </span>
    </p>
   </div>
   <div class='ocr_carea' id='block_1_63' title="bbox 267 3133 1870 3208">
    <p class='ocr_par' dir='ltr' id='par_1_63' title="bbox 267 3133 1870 3208">
     <span class='ocr_line' id='line_1_63' title="bbox 267 3133 1870 3208; baseline 0.001 -20"><span class='ocrx_word' id='word_1_458' title='bbox 267 3133 495 3206; x_wconf 85' lang='lat' dir='ltr'>possint</span> <span class='ocrx_word' id='word_1_459' title='bbox 523 3135 826 3190; x_wconf 88' lang='lat' dir='ltr'>desiderati</span> <span class='ocrx_word' id='word_1_460' title='bbox 855 3136 1070 3208; x_wconf 69' lang='lat' dir='ltr'>praemii</span> <span class='ocrx_word' id='word_1_461' title='bbox 1113 3137 1422 3208; x_wconf 91' lang='lat' dir='ltr'>pervenire,</span> <span class='ocrx_word' id='word_1_462' title='bbox 1459 3137 1650 3208; x_wconf 88' lang='lat' dir='ltr'>itaque</span> <span class='ocrx_word' id='word_1_463' title='bbox 1683 3141 1741 3190; x_wconf 90' lang='lat' dir='ltr'>et</span> <span class='ocrx_word' id='word_1_464' title='bbox 1769 3135 1870 3190; x_wconf 64' lang='lat' dir='ltr'>via:</span> 
     </span>
    </p>
   </div>
   <div class='ocr_carea' id='block_1_64' title="bbox 268 3223 1875 3296">
    <p class='ocr_par' dir='ltr' id='par_1_64' title="bbox 268 3223 1875 3296">
     <span class='ocr_line' id='line_1_64' title="bbox 268 3223 1875 3296; baseline -0.001 -17"><span class='ocrx_word' id='word_1_465' title='bbox 268 3228 483 3279; x_wconf 58' lang='lat' dir='ltr'>nostra;</span> <span class='ocrx_word' id='word_1_466' title='bbox 527 3223 656 3280; x_wconf 84' lang='lat' dir='ltr'>ﬁnis</span> <span class='ocrx_word' id='word_1_467' title='bbox 687 3224 913 3296; x_wconf 89' lang='lat' dir='ltr'>quidam</span> <span class='ocrx_word' id='word_1_468' title='bbox 945 3232 1031 3280; x_wconf 91' lang='lat' dir='ltr'>est</span> <span class='ocrx_word' id='word_1_469' title='bbox 1064 3242 1301 3296; x_wconf 81' lang='lat' dir='ltr'>regnum</span> <span class='ocrx_word' id='word_1_470' title='bbox 1338 3225 1459 3280; x_wconf 90' lang='lat' dir='ltr'>Dei.</span> <span class='ocrx_word' id='word_1_471' title='bbox 1493 3226 1602 3290; x_wconf 86' lang='lat' dir='ltr'>Qui</span> <span class='ocrx_word' id='word_1_472' title='bbox 1631 3242 1760 3280; x_wconf 90' lang='lat' dir='ltr'>vero</span> <span class='ocrx_word' id='word_1_473' title='bbox 1799 3224 1875 3279; x_wconf 90' lang='lat' dir='ltr'>sit</span> 
     </span>
    </p>
   </div>
   <div class='ocr_carea' id='block_1_65' title="bbox 265 3311 1874 3387">
    <p class='ocr_par' dir='ltr' id='par_1_65' title="bbox 265 3311 1874 3387">
     <span class='ocr_line' id='line_1_65' title="bbox 265 3311 1874 3387; baseline 0.001 -19"><span class='ocrx_word' id='word_1_474' title='bbox 265 3327 476 3384; x_wconf 77' lang='lat' dir='ltr'>scapus</span> <span class='ocrx_word' id='word_1_475' title='bbox 506 3311 672 3368; x_wconf 90' lang='lat' dir='ltr'>debet</span> <span class='ocrx_word' id='word_1_476' title='bbox 701 3314 1002 3386; x_wconf 81' lang='lat' dir='ltr'>diligenter</span> <span class='ocrx_word' id='word_1_477' title='bbox 1040 3315 1268 3387; x_wconf 90' lang='lat' dir='ltr'>inquiri.</span> <span class='ocrx_word' id='word_1_478' title='bbox 1293 3315 1400 3381; x_wconf 86' lang='lat' dir='ltr'>Qui</span> <span class='ocrx_word' id='word_1_479' title='bbox 1427 3315 1474 3370; x_wconf 91' lang='lat' dir='ltr'>si</span> <span class='ocrx_word' id='word_1_480' title='bbox 1493 3315 1657 3370; x_wconf 91' lang='lat' dir='ltr'>nobis</span> <span class='ocrx_word' id='word_1_481' title='bbox 1678 3315 1874 3370; x_wconf 89' lang='lat' dir='ltr'>simili-</span> 
     </span>
    </p>
   </div>
   <div class='ocr_carea' id='block_1_66' title="bbox 172 3395 1868 3476">
    <p class='ocr_par' dir='ltr' id='par_1_66' title="bbox 172 3395 1868 3476">
     <span class='ocr_line' id='line_1_66' title="bbox 172 3395 1868 3476; baseline 0.002 -18"><span class='ocrx_word' id='word_1_482' title='bbox 172 3395 188 3401; x_wconf 77' lang='grc'><em>’</em></span> <span class='ocrx_word' id='word_1_483' title='bbox 265 3406 365 3458; x_wconf 86' lang='lat' dir='ltr'>ter</span> <span class='ocrx_word' id='word_1_484' title='bbox 374 3409 694 3474; x_wconf 85' lang='lat' dir='ltr'>compertus</span> <span class='ocrx_word' id='word_1_485' title='bbox 705 3421 817 3460; x_wconf 89' lang='lat' dir='ltr'>non</span> <span class='ocrx_word' id='word_1_486' title='bbox 829 3404 1016 3471; x_wconf 82' lang='lat' dir='ltr'>fuerit,</span> <span class='ocrx_word' id='word_1_487' title='bbox 1024 3405 1230 3460; x_wconf 85' lang='lat' dir='ltr'>frustra</span> <span class='ocrx_word' id='word_1_488' title='bbox 1245 3405 1474 3460; x_wconf 90' lang='lat' dir='ltr'>nitendo</span> <span class='ocrx_word' id='word_1_489' title='bbox 1487 3404 1714 3476; x_wconf 77' lang='lat' dir='ltr'>tatigabi</span> <span class='ocrx_word' id='word_1_490' title='bbox 1723 3421 1868 3473; x_wconf 90' lang='lat' dir='ltr'>mur,</span> 
     </span>
    </p>
   </div>
   <div class='ocr_carea' id='block_1_67' title="bbox 265 3489 1875 3564">
    <p class='ocr_par' dir='ltr' id='par_1_67' title="bbox 265 3489 1875 3564">
     <span class='ocr_line' id='line_1_67' title="bbox 265 3489 1875 3564; baseline 0.001 -18"><span class='ocrx_word' id='word_1_491' title='bbox 265 3489 409 3562; x_wconf 79' lang='lat' dir='ltr'>quia</span> <span class='ocrx_word' id='word_1_492' title='bbox 437 3489 555 3548; x_wconf 75' lang='lat' dir='ltr'>sine</span> <span class='ocrx_word' id='word_1_493' title='bbox 573 3490 664 3546; x_wconf 88' lang='lat' dir='ltr'>via</span> <span class='ocrx_word' id='word_1_494' title='bbox 681 3493 1042 3548; x_wconf 88' lang='lat' dir='ltr'>tendentibus</span> <span class='ocrx_word' id='word_1_495' title='bbox 1065 3493 1224 3548; x_wconf 90' lang='lat' dir='ltr'>labor</span> <span class='ocrx_word' id='word_1_496' title='bbox 1243 3499 1330 3548; x_wconf 89' lang='lat' dir='ltr'>est</span> <span class='ocrx_word' id='word_1_497' title='bbox 1355 3493 1593 3560; x_wconf 90' lang='lat' dir='ltr'>itineris,</span> <span class='ocrx_word' id='word_1_498' title='bbox 1615 3509 1729 3547; x_wconf 91' lang='lat' dir='ltr'>non</span> <span class='ocrx_word' id='word_1_499' title='bbox 1748 3511 1875 3564; x_wconf 88' lang='lat' dir='ltr'>pro-</span> 
     </span>
    </p>
   </div>
   <div class='ocr_carea' id='block_1_68' title="bbox 256 3565 1872 3653">
    <p class='ocr_par' dir='ltr' id='par_1_68' title="bbox 256 3565 1872 3653">
     <span class='ocr_line' id='line_1_68' title="bbox 256 3565 1872 3653; baseline 0.002 -21"><span class='ocrx_word' id='word_1_500' title='bbox 256 3565 477 3645; x_wconf 62' lang='lat' dir='ltr'>fectus;</span> <span class='ocrx_word' id='word_1_501' title='bbox 508 3578 634 3636; x_wconf 87' lang='lat' dir='ltr'>ﬁnis</span> <span class='ocrx_word' id='word_1_502' title='bbox 680 3581 909 3650; x_wconf 84' lang='lat' dir='ltr'>quidem</span> <span class='ocrx_word' id='word_1_503' title='bbox 951 3587 1158 3637; x_wconf 68' lang='lat' dir='ltr'>nostra:</span> <span class='ocrx_word' id='word_1_504' title='bbox 1199 3581 1579 3653; x_wconf 86' lang='lat' dir='ltr'>professionis,</span> <span class='ocrx_word' id='word_1_505' title='bbox 1625 3586 1691 3634; x_wconf 93' lang='lat' dir='ltr'>ut</span> <span class='ocrx_word' id='word_1_506' title='bbox 1729 3581 1872 3636; x_wconf 83' lang='lat' dir='ltr'>dixi-</span> 
     </span>
    </p>
   </div>
   <div class='ocr_carea' id='block_1_69' title="bbox 263 3669 1873 3741">
    <p class='ocr_par' dir='ltr' id='par_1_69' title="bbox 263 3669 1873 3741">
     <span class='ocr_line' id='line_1_69' title="bbox 263 3669 1873 3741; baseline 0 -17"><span class='ocrx_word' id='word_1_507' title='bbox 263 3681 663 3738; x_wconf 80' lang='lat' dir='ltr'>mus,regnum</span> <span class='ocrx_word' id='word_1_508' title='bbox 671 3669 776 3724; x_wconf 86' lang='lat' dir='ltr'>Dei</span> <span class='ocrx_word' id='word_1_509' title='bbox 787 3687 887 3724; x_wconf 89' lang='lat' dir='ltr'>seu</span> <span class='ocrx_word' id='word_1_510' title='bbox 902 3687 1141 3741; x_wconf 87' lang='lat' dir='ltr'>regnum</span> <span class='ocrx_word' id='word_1_511' title='bbox 1159 3671 1425 3726; x_wconf 81' lang='lat' dir='ltr'>caelorum</span> <span class='ocrx_word' id='word_1_512' title='bbox 1445 3675 1551 3736; x_wconf 91' lang='lat' dir='ltr'>est,</span> <span class='ocrx_word' id='word_1_513' title='bbox 1570 3669 1873 3724; x_wconf 88' lang='lat' dir='ltr'>destinatio</span> 
     </span>
    </p>
   </div>
   <div class='ocr_carea' id='block_1_70' title="bbox 263 3755 1874 3834">
    <p class='ocr_par' dir='ltr' id='par_1_70' title="bbox 263 3755 1874 3834">
     <span class='ocr_line' id='line_1_70' title="bbox 263 3755 1874 3834; baseline 0.001 -23"><span class='ocrx_word' id='word_1_514' title='bbox 263 3772 426 3823; x_wconf 83' lang='lat' dir='ltr'>vero,</span> <span class='ocrx_word' id='word_1_515' title='bbox 461 3755 520 3810; x_wconf 90' lang='lat' dir='ltr'>id</span> <span class='ocrx_word' id='word_1_516' title='bbox 555 3763 643 3812; x_wconf 88' lang='lat' dir='ltr'>est</span> <span class='ocrx_word' id='word_1_517' title='bbox 673 3773 893 3830; x_wconf 89' lang='lat' dir='ltr'>scopus,</span> <span class='ocrx_word' id='word_1_518' title='bbox 923 3759 1140 3830; x_wconf 90' lang='lat' dir='ltr'>puritas</span> <span class='ocrx_word' id='word_1_519' title='bbox 1175 3759 1376 3827; x_wconf 89' lang='lat' dir='ltr'>cordis,</span> <span class='ocrx_word' id='word_1_520' title='bbox 1409 3759 1530 3815; x_wconf 80' lang='lat' dir='ltr'>sine</span> <span class='ocrx_word' id='word_1_521' title='bbox 1562 3775 1674 3830; x_wconf 90' lang='lat' dir='ltr'>qua</span> <span class='ocrx_word' id='word_1_522' title='bbox 1703 3759 1772 3812; x_wconf 91' lang='lat' dir='ltr'>ad</span> <span class='ocrx_word' id='word_1_523' title='bbox 1803 3758 1874 3834; x_wconf 85' lang='lat' dir='ltr'>il-</span> 
     </span>
    </p>
   </div>
   <div class='ocr_carea' id='block_1_71' title="bbox 263 3846 1875 3920">
    <p class='ocr_par' dir='ltr' id='par_1_71' title="bbox 263 3846 1875 3920">
     <span class='ocr_line' id='line_1_71' title="bbox 263 3846 1875 3920; baseline 0.001 -18"><span class='ocrx_word' id='word_1_524' title='bbox 263 3846 396 3902; x_wconf 89' lang='lat' dir='ltr'>lum</span> <span class='ocrx_word' id='word_1_525' title='bbox 425 3846 596 3900; x_wconf 88' lang='lat' dir='ltr'>ﬁnem</span> <span class='ocrx_word' id='word_1_526' title='bbox 623 3847 966 3918; x_wconf 79' lang='lat' dir='ltr'>impossibile</span> <span class='ocrx_word' id='word_1_527' title='bbox 997 3853 1083 3903; x_wconf 89' lang='lat' dir='ltr'>est</span> <span class='ocrx_word' id='word_1_528' title='bbox 1113 3849 1434 3920; x_wconf 86' lang='lat' dir='ltr'>quempiam</span> <span class='ocrx_word' id='word_1_529' title='bbox 1463 3847 1776 3920; x_wconf 88' lang='lat' dir='ltr'>pervenire.</span> <span class='ocrx_word' id='word_1_530' title='bbox 1809 3848 1875 3903; x_wconf 91' lang='lat' dir='ltr'>In</span> 
     </span>
    </p>
   </div>
   <div class='ocr_carea' id='block_1_72' title="bbox 265 3933 1876 4007">
    <p class='ocr_par' dir='ltr' id='par_1_72' title="bbox 265 3933 1876 4007">
     <span class='ocr_line' id='line_1_72' title="bbox 265 3933 1876 4007; baseline 0 -17"><span class='ocrx_word' id='word_1_531' title='bbox 265 3933 384 3990; x_wconf 81' lang='lat' dir='ltr'>hac</span> <span class='ocrx_word' id='word_1_532' title='bbox 409 3950 545 4006; x_wconf 82' lang='lat' dir='ltr'>ergo</span> <span class='ocrx_word' id='word_1_533' title='bbox 568 3935 941 3992; x_wconf 86' lang='lat' dir='ltr'>destinatione</span> <span class='ocrx_word' id='word_1_534' title='bbox 970 3937 1277 4007; x_wconf 82' lang='lat' dir='ltr'>deﬁgentes</span> <span class='ocrx_word' id='word_1_535' title='bbox 1315 3943 1522 3992; x_wconf 76' lang='lat' dir='ltr'>nostrae</span> <span class='ocrx_word' id='word_1_536' title='bbox 1551 3935 1876 3992; x_wconf 89' lang='lat' dir='ltr'>directionis</span> 
     </span>
    </p>
   </div>
   <div class='ocr_carea' id='block_1_73' title="bbox 270 4023 1873 4084">
    <p class='ocr_par' dir='ltr' id='par_1_73' title="bbox 270 4023 1873 4084">
     <span class='ocr_line' id='line_1_73' title="bbox 270 4023 1873 4084; baseline 0.001 -6"><span class='ocrx_word' id='word_1_537' title='bbox 270 4023 512 4080; x_wconf 81' lang='lat' dir='ltr'>obtutus</span> <span class='ocrx_word' id='word_1_538' title='bbox 569 4027 641 4084; x_wconf 85' lang='lat' dir='ltr'>ad</span> <span class='ocrx_word' id='word_1_539' title='bbox 692 4031 905 4083; x_wconf 75' lang='lat' dir='ltr'>certam</span> <span class='ocrx_word' id='word_1_540' title='bbox 958 4026 1163 4081; x_wconf 87' lang='lat' dir='ltr'>lineam</span> <span class='ocrx_word' id='word_1_541' title='bbox 1221 4042 1449 4082; x_wconf 87' lang='lat' dir='ltr'>cursum</span> <span class='ocrx_word' id='word_1_542' title='bbox 1500 4025 1873 4080; x_wconf 90' lang='lat' dir='ltr'>rectissimum</span> 
     </span>
    </p>
   </div>
   <div class='ocr_carea' id='block_1_74' title="bbox 267 4113 1877 4186">
    <p class='ocr_par' dir='ltr' id='par_1_74' title="bbox 267 4113 1877 4186">
     <span class='ocr_line' id='line_1_74' title="bbox 267 4113 1877 4186; baseline 0.002 -18"><span class='ocrx_word' id='word_1_543' title='bbox 267 4113 593 4186; x_wconf 82' lang='lat' dir='ltr'>dirigimus,</span> <span class='ocrx_word' id='word_1_544' title='bbox 640 4132 705 4172; x_wconf 89' lang='lat' dir='ltr'>ac</span> <span class='ocrx_word' id='word_1_545' title='bbox 741 4115 792 4169; x_wconf 90' lang='lat' dir='ltr'>si</span> <span class='ocrx_word' id='word_1_546' title='bbox 843 4115 1136 4186; x_wconf 86' lang='lat' dir='ltr'>paululum</span> <span class='ocrx_word' id='word_1_547' title='bbox 1171 4115 1306 4186; x_wconf 85' lang='lat' dir='ltr'>quid</span> <span class='ocrx_word' id='word_1_548' title='bbox 1354 4114 1424 4169; x_wconf 91' lang='lat' dir='ltr'>ab</span> <span class='ocrx_word' id='word_1_549' title='bbox 1481 4115 1585 4168; x_wconf 89' lang='lat' dir='ltr'>hac</span> <span class='ocrx_word' id='word_1_550' title='bbox 1613 4115 1877 4185; x_wconf 87' lang='lat' dir='ltr'>cogitatio</span> 
     </span>
    </p>
   </div>
   <div class='ocr_carea' id='block_1_75' title="bbox 265 4203 1878 4276">
    <p class='ocr_par' dir='ltr' id='par_1_75' title="bbox 265 4203 1878 4276">
     <span class='ocr_line' id='line_1_75' title="bbox 265 4203 1878 4276; baseline 0 -18"><span class='ocrx_word' id='word_1_551' title='bbox 265 4209 473 4260; x_wconf 86' lang='lat' dir='ltr'>nostra</span> <span class='ocrx_word' id='word_1_552' title='bbox 491 4205 798 4272; x_wconf 79' lang='lat' dir='ltr'>deﬂexerit,</span> <span class='ocrx_word' id='word_1_553' title='bbox 817 4203 894 4258; x_wconf 87' lang='lat' dir='ltr'>ad</span> <span class='ocrx_word' id='word_1_554' title='bbox 921 4203 1452 4276; x_wconf 88' lang='lat' dir='ltr'>contemplationem</span> <span class='ocrx_word' id='word_1_555' title='bbox 1477 4204 1601 4274; x_wconf 87' lang='lat' dir='ltr'>ejus</span> <span class='ocrx_word' id='word_1_556' title='bbox 1621 4203 1770 4258; x_wconf 91' lang='lat' dir='ltr'>illico</span> <span class='ocrx_word' id='word_1_557' title='bbox 1793 4220 1878 4258; x_wconf 85' lang='lat' dir='ltr'>re-</span> 
     </span>
    </p>
   </div>
   <div class='ocr_carea' id='block_1_76' title="bbox 1953 3133 3561 3205">
    <p class='ocr_par' dir='ltr' id='par_1_76' title="bbox 1953 3133 3561 3205">
     <span class='ocr_line' id='line_1_76' title="bbox 1953 3133 3561 3205; baseline 0.002 -17"><span class='ocrx_word' id='word_1_558' title='bbox 1953 3133 2114 3204; x_wconf 83' lang='lat' dir='ltr'>tingi,</span> <span class='ocrx_word' id='word_1_559' title='bbox 2137 3133 2246 3188; x_wconf 90' lang='lat' dir='ltr'>nisi</span> <span class='ocrx_word' id='word_1_560' title='bbox 2274 3133 2443 3188; x_wconf 90' lang='lat' dir='ltr'>fuerit</span> <span class='ocrx_word' id='word_1_561' title='bbox 2473 3133 2720 3188; x_wconf 85' lang='lat' dir='ltr'>charitas</span> <span class='ocrx_word' id='word_1_562' title='bbox 2747 3133 2846 3188; x_wconf 87' lang='lat' dir='ltr'>illa</span> <span class='ocrx_word' id='word_1_563' title='bbox 2865 3134 3027 3204; x_wconf 80' lang='lat' dir='ltr'>cujus</span> <span class='ocrx_word' id='word_1_564' title='bbox 3053 3135 3355 3205; x_wconf 86' lang='lat' dir='ltr'>Apostolus</span> <span class='ocrx_word' id='word_1_565' title='bbox 3387 3152 3561 3201; x_wconf 71' lang='lat' dir='ltr'>inem-</span> 
     </span>
    </p>
   </div>
   <div class='ocr_carea' id='block_1_77' title="bbox 1953 3221 3555 3294">
    <p class='ocr_par' dir='ltr' id='par_1_77' title="bbox 1953 3221 3555 3294">
     <span class='ocr_line' id='line_1_77' title="bbox 1953 3221 3555 3294; baseline 0.002 -18"><span class='ocrx_word' id='word_1_566' title='bbox 1953 3222 2055 3277; x_wconf 89' lang='lat' dir='ltr'>bra</span> <span class='ocrx_word' id='word_1_567' title='bbox 2085 3222 2367 3290; x_wconf 90' lang='lat' dir='ltr'>describit,</span> <span class='ocrx_word' id='word_1_568' title='bbox 2401 3239 2524 3294; x_wconf 69' lang='lat' dir='ltr'>quae</span> <span class='ocrx_word' id='word_1_569' title='bbox 2553 3221 2613 3276; x_wconf 92' lang='lat' dir='ltr'>in</span> <span class='ocrx_word' id='word_1_570' title='bbox 2647 3222 2767 3277; x_wconf 88' lang='lat' dir='ltr'>sola</span> <span class='ocrx_word' id='word_1_571' title='bbox 2787 3222 2970 3278; x_wconf 89' lang='lat' dir='ltr'>cordis</span> <span class='ocrx_word' id='word_1_572' title='bbox 2997 3223 3244 3294; x_wconf 87' lang='lat' dir='ltr'>puritate</span> <span class='ocrx_word' id='word_1_573' title='bbox 3279 3225 3555 3292; x_wconf 89' lang='lat' dir='ltr'>consistit.</span> 
     </span>
    </p>
   </div>
   <div class='ocr_carea' id='block_1_78' title="bbox 1955 3311 3554 3383">
    <p class='ocr_par' dir='ltr' id='par_1_78' title="bbox 1955 3311 3554 3383">
     <span class='ocr_line' id='line_1_78' title="bbox 1955 3311 3554 3383; baseline 0.003 -16"><span class='ocrx_word' id='word_1_574' title='bbox 1955 3313 2101 3368; x_wconf 89' lang='lat' dir='ltr'>Nam</span> <span class='ocrx_word' id='word_1_575' title='bbox 2125 3311 2260 3383; x_wconf 90' lang='lat' dir='ltr'>quid</span> <span class='ocrx_word' id='word_1_576' title='bbox 2281 3317 2367 3366; x_wconf 88' lang='lat' dir='ltr'>est</span> <span class='ocrx_word' id='word_1_577' title='bbox 2393 3311 2566 3380; x_wconf 89' lang='lat' dir='ltr'>aliud,</span> <span class='ocrx_word' id='word_1_578' title='bbox 2591 3330 2618 3366; x_wconf 74' lang='grc' dir='ltr'>α</span> <span class='ocrx_word' id='word_1_579' title='bbox 2633 3327 2745 3366; x_wconf 90' lang='lat' dir='ltr'>non</span> <span class='ocrx_word' id='word_1_580' title='bbox 2771 3311 3043 3378; x_wconf 77' lang='lat' dir='ltr'>aemulari,</span> <span class='ocrx_word' id='word_1_581' title='bbox 3069 3328 3183 3367; x_wconf 91' lang='lat' dir='ltr'>non</span> <span class='ocrx_word' id='word_1_582' title='bbox 3211 3312 3418 3382; x_wconf 79' lang='lat' dir='ltr'>inflari,</span> <span class='ocrx_word' id='word_1_583' title='bbox 3434 3331 3554 3371; x_wconf 84' lang='lat' dir='ltr'>non</span> 
     </span>
    </p>
   </div>
   <div class='ocr_carea' id='block_1_79' title="bbox 1952 3401 3563 3474">
    <p class='ocr_par' dir='ltr' id='par_1_79' title="bbox 1952 3401 3563 3474">
     <span class='ocr_line' id='line_1_79' title="bbox 1952 3401 3563 3474; baseline 0.004 -19"><span class='ocrx_word' id='word_1_584' title='bbox 1952 3401 2182 3467; x_wconf 87' lang='lat' dir='ltr'>irritari,</span> <span class='ocrx_word' id='word_1_585' title='bbox 2207 3418 2320 3456; x_wconf 95' lang='lat' dir='ltr'>non</span> <span class='ocrx_word' id='word_1_586' title='bbox 2343 3417 2511 3471; x_wconf 85' lang='lat' dir='ltr'>agere</span> <span class='ocrx_word' id='word_1_587' title='bbox 2541 3416 2857 3472; x_wconf 87' lang='lat' dir='ltr'>perperam,</span> <span class='ocrx_word' id='word_1_588' title='bbox 2888 3417 3002 3456; x_wconf 90' lang='lat' dir='ltr'>non</span> <span class='ocrx_word' id='word_1_589' title='bbox 3029 3417 3279 3472; x_wconf 84' lang='lat' dir='ltr'>quaerere</span> <span class='ocrx_word' id='word_1_590' title='bbox 3311 3418 3434 3474; x_wconf 72' lang='lat' dir='ltr'>quze</span> <span class='ocrx_word' id='word_1_591' title='bbox 3458 3420 3563 3462; x_wconf 87' lang='lat' dir='ltr'>sua</span> 
     </span>
    </p>
   </div>
   <div class='ocr_carea' id='block_1_80' title="bbox 1955 3489 3560 3562">
    <p class='ocr_par' dir='ltr' id='par_1_80' title="bbox 1955 3489 3560 3562">
     <span class='ocr_line' id='line_1_80' title="bbox 1955 3489 3560 3562; baseline 0.002 -18"><span class='ocrx_word' id='word_1_592' title='bbox 1955 3497 2105 3557; x_wconf 85' lang='lat' dir='ltr'>sunt,</span> <span class='ocrx_word' id='word_1_593' title='bbox 2143 3506 2255 3544; x_wconf 89' lang='lat' dir='ltr'>non</span> <span class='ocrx_word' id='word_1_594' title='bbox 2293 3506 2465 3560; x_wconf 90' lang='lat' dir='ltr'>super</span> <span class='ocrx_word' id='word_1_595' title='bbox 2509 3489 2807 3560; x_wconf 84' lang='lat' dir='ltr'>iniquitate</span> <span class='ocrx_word' id='word_1_596' title='bbox 2851 3490 3120 3560; x_wconf 82' lang='lat' dir='ltr'>gaudere,</span> <span class='ocrx_word' id='word_1_597' title='bbox 3154 3507 3268 3545; x_wconf 91' lang='lat' dir='ltr'>non</span> <span class='ocrx_word' id='word_1_598' title='bbox 3311 3492 3560 3562; x_wconf 87' lang='lat' dir='ltr'>cogitare</span> 
     </span>
    </p>
   </div>
   <div class='ocr_carea' id='block_1_81' title="bbox 1956 3577 3558 3652">
    <p class='ocr_par' dir='ltr' id='par_1_81' title="bbox 1956 3577 3558 3652">
     <span class='ocr_line' id='line_1_81' title="bbox 1956 3577 3558 3652; baseline 0.002 -20"><span class='ocrx_word' id='word_1_599' title='bbox 1956 3579 2167 3633; x_wconf 89' lang='lat' dir='ltr'>malum</span> <span class='ocrx_word' id='word_1_600' title='bbox 2201 3599 2224 3628; x_wconf 74' lang='grc' dir='ltr'><strong>ι</strong></span> <span class='ocrx_word' id='word_1_601' title='bbox 2261 3584 2318 3632; x_wconf 92' lang='lat' dir='ltr'>et</span> <span class='ocrx_word' id='word_1_602' title='bbox 2343 3583 2564 3645; x_wconf 85' lang='lat' dir='ltr'>caetera,</span> <span class='ocrx_word' id='word_1_603' title='bbox 2590 3578 2698 3638; x_wconf 87' lang='lat' dir='ltr'>nisi</span> <span class='ocrx_word' id='word_1_604' title='bbox 2727 3594 2824 3632; x_wconf 92' lang='lat' dir='ltr'>cor</span> <span class='ocrx_word' id='word_1_605' title='bbox 2845 3577 3159 3648; x_wconf 86' lang='lat' dir='ltr'>perfectum</span> <span class='ocrx_word' id='word_1_606' title='bbox 3189 3584 3359 3652; x_wconf 89' lang='lat' dir='ltr'>atque</span> <span class='ocrx_word' id='word_1_607' title='bbox 3388 3597 3558 3636; x_wconf 83' lang='lat' dir='ltr'>mun-</span> 
     </span>
    </p>
   </div>
   <div class='ocr_carea' id='block_1_82' title="bbox 1955 3665 3556 3738">
    <p class='ocr_par' dir='ltr' id='par_1_82' title="bbox 1955 3665 3556 3738">
     <span class='ocr_line' id='line_1_82' title="bbox 1955 3665 3556 3738; baseline 0.003 -16"><span class='ocrx_word' id='word_1_608' title='bbox 1955 3667 2250 3722; x_wconf 86' lang='lat' dir='ltr'>dissimum</span> <span class='ocrx_word' id='word_1_609' title='bbox 2270 3668 2386 3722; x_wconf 93' lang='lat' dir='ltr'>Deo</span> <span class='ocrx_word' id='word_1_610' title='bbox 2414 3682 2636 3738; x_wconf 87' lang='lat' dir='ltr'>semper</span> <span class='ocrx_word' id='word_1_611' title='bbox 2661 3665 2953 3727; x_wconf 79' lang='lat' dir='ltr'>oil‘erre,.et</span> <span class='ocrx_word' id='word_1_612' title='bbox 2979 3666 3256 3723; x_wconf 87' lang='lat' dir='ltr'>intactum</span> <span class='ocrx_word' id='word_1_613' title='bbox 3286 3685 3322 3724; x_wconf 91' lang='lat' dir='ltr'>a</span> <span class='ocrx_word' id='word_1_614' title='bbox 3341 3671 3556 3728; x_wconf 88' lang='lat' dir='ltr'>cunctis</span> 
     </span>
    </p>
   </div>
   <div class='ocr_carea' id='block_1_83' title="bbox 1956 3753 3559 3831">
    <p class='ocr_par' dir='ltr' id='par_1_83' title="bbox 1956 3753 3559 3831">
     <span class='ocr_line' id='line_1_83' title="bbox 1956 3753 3559 3831; baseline 0.003 -21"><span class='ocrx_word' id='word_1_615' title='bbox 1956 3753 2469 3826; x_wconf 83' lang='lat' dir='ltr'>perturbationibus</span> <span class='ocrx_word' id='word_1_616' title='bbox 2485 3753 2766 3809; x_wconf 88' lang='lat' dir='ltr'>custodire</span> <span class='ocrx_word' id='word_1_617' title='bbox 2779 3754 2802 3808; x_wconf 82' lang='lat'><strong>?</strong></span> <span class='ocrx_word' id='word_1_618' title='bbox 2815 3755 3006 3811; x_wconf 83' lang='lat' dir='ltr'>omnia</span> <span class='ocrx_word' id='word_1_619' title='bbox 3026 3772 3268 3828; x_wconf 86' lang='lat' dir='ltr'>namque</span> <span class='ocrx_word' id='word_1_620' title='bbox 3288 3757 3438 3813; x_wconf 87' lang='lat' dir='ltr'>dona</span> <span class='ocrx_word' id='word_1_621' title='bbox 3456 3775 3559 3831; x_wconf 88' lang='lat' dir='ltr'>pro</span> 
     </span>
    </p>
   </div>
   <div class='ocr_carea' id='block_1_84' title="bbox 1956 3842 3554 3916">
    <p class='ocr_par' dir='ltr' id='par_1_84' title="bbox 1956 3842 3554 3916">
     <span class='ocr_line' id='line_1_84' title="bbox 1956 3842 3554 3916; baseline 0.004 -18"><span class='ocrx_word' id='word_1_622' title='bbox 1956 3860 2062 3899; x_wconf 89' lang='lat' dir='ltr'>usu</span> <span class='ocrx_word' id='word_1_623' title='bbox 2074 3861 2138 3898; x_wconf 90' lang='lat' dir='ltr'>ac</span> <span class='ocrx_word' id='word_1_624' title='bbox 2149 3843 2481 3898; x_wconf 88' lang='lat' dir='ltr'>necessitate</span> <span class='ocrx_word' id='word_1_625' title='bbox 2497 3842 2822 3902; x_wconf 89' lang='lat' dir='ltr'>tribuuntur</span> <span class='ocrx_word' id='word_1_626' title='bbox 2833 3845 2904 3900; x_wconf 89' lang='lat' dir='ltr'>ad</span> <span class='ocrx_word' id='word_1_627' title='bbox 2916 3849 2970 3900; x_wconf 92' lang='lat' dir='ltr'>tc</span> <span class='ocrx_word' id='word_1_628' title='bbox 2977 3861 3029 3900; x_wconf 74' lang='lat' dir='ltr'>in</span> <span class='ocrx_word' id='word_1_629' title='bbox 3033 3861 3137 3916; x_wconf 91' lang='lat' dir='ltr'>pus</span> <span class='ocrx_word' id='word_1_630' title='bbox 3147 3855 3554 3909; x_wconf 86' lang='lat' dir='ltr'>consummata.</span> 
     </span>
    </p>
   </div>
   <div class='ocr_carea' id='block_1_85' title="bbox 1957 3933 3557 4010">
    <p class='ocr_par' dir='ltr' id='par_1_85' title="bbox 1957 3933 3557 4010">
     <span class='ocr_line' id='line_1_85' title="bbox 1957 3933 3557 4010; baseline 0.004 -22"><span class='ocrx_word' id='word_1_631' title='bbox 1957 3933 2373 4006; x_wconf 87' lang='lat' dir='ltr'>dispensatione</span> <span class='ocrx_word' id='word_1_632' title='bbox 2403 3949 2532 3987; x_wconf 87' lang='lat' dir='ltr'>mox</span> <span class='ocrx_word' id='word_1_633' title='bbox 2551 3933 2744 4004; x_wconf 89' lang='lat' dir='ltr'>procul</span> <span class='ocrx_word' id='word_1_634' title='bbox 2777 3933 2945 3988; x_wconf 90' lang='lat' dir='ltr'>dubio</span> <span class='ocrx_word' id='word_1_635' title='bbox 2968 3935 3278 3990; x_wconf 87' lang='lat' dir='ltr'>transitura</span> <span class='ocrx_word' id='word_1_636' title='bbox 3297 3937 3557 4010; x_wconf 85' lang='lat' dir='ltr'>Charitas</span> 
     </span>
    </p>
   </div>
   <div class='ocr_carea' id='block_1_86' title="bbox 1957 4023 3554 4095">
    <p class='ocr_par' dir='ltr' id='par_1_86' title="bbox 1957 4023 3554 4095">
     <span class='ocr_line' id='line_1_86' title="bbox 1957 4023 3554 4095; baseline 0.006 -20"><span class='ocrx_word' id='word_1_637' title='bbox 1957 4039 2086 4076; x_wconf 90' lang='lat' dir='ltr'>vero</span> <span class='ocrx_word' id='word_1_638' title='bbox 2107 4023 2262 4078; x_wconf 92' lang='lat' dir='ltr'>nullo</span> <span class='ocrx_word' id='word_1_639' title='bbox 2281 4023 2670 4094; x_wconf 87' lang='lat' dir='ltr'>intercipietur</span> <span class='ocrx_word' id='word_1_640' title='bbox 2686 4027 2959 4095; x_wconf 91' lang='lat' dir='ltr'>tempore.</span> <span class='ocrx_word' id='word_1_641' title='bbox 2977 4025 3105 4080; x_wconf 78' lang='lat' dir='ltr'>Non</span> <span class='ocrx_word' id='word_1_642' title='bbox 3125 4025 3306 4082; x_wconf 82' lang='lat' dir='ltr'>solum</span> <span class='ocrx_word' id='word_1_643' title='bbox 3325 4027 3476 4082; x_wconf 89' lang='lat' dir='ltr'>enim</span> <span class='ocrx_word' id='word_1_644' title='bbox 3495 4029 3554 4084; x_wconf 91' lang='lat' dir='ltr'>in</span> 
     </span>
    </p>
   </div>
   <div class='ocr_carea' id='block_1_87' title="bbox 1958 4109 3656 4183">
    <p class='ocr_par' dir='ltr' id='par_1_87' title="bbox 1958 4109 3656 4183">
     <span class='ocr_line' id='line_1_87' title="bbox 1958 4109 3656 4183; baseline 0.005 -18"><span class='ocrx_word' id='word_1_645' title='bbox 1958 4111 2219 4183; x_wconf 68' lang='lat' dir='ltr'>praesenti</span> <span class='ocrx_word' id='word_1_646' title='bbox 2241 4112 2450 4168; x_wconf 90' lang='lat' dir='ltr'>mundo</span> <span class='ocrx_word' id='word_1_647' title='bbox 2467 4112 2686 4166; x_wconf 88' lang='lat' dir='ltr'>utiliter</span> <span class='ocrx_word' id='word_1_648' title='bbox 2705 4117 2970 4183; x_wconf 85' lang='lat' dir='ltr'>operatur</span> <span class='ocrx_word' id='word_1_649' title='bbox 2987 4113 3044 4166; x_wconf 89' lang='lat' dir='ltr'>in</span> <span class='ocrx_word' id='word_1_650' title='bbox 3065 4113 3245 4182; x_wconf 91' lang='lat' dir='ltr'>nobis,</span> <span class='ocrx_word' id='word_1_651' title='bbox 3264 4116 3362 4172; x_wconf 87' lang='lat' dir='ltr'>sed</span> <span class='ocrx_word' id='word_1_652' title='bbox 3382 4117 3554 4176; x_wconf 87' lang='lat' dir='ltr'>etiam</span> <span class='ocrx_word' id='word_1_653' title='bbox 3647 4109 3656 4115; x_wconf 67' lang='grc'><em>’</em></span> 
     </span>
    </p>
   </div>
   <div class='ocr_carea' id='block_1_88' title="bbox 1957 4201 3554 4276">
    <p class='ocr_par' dir='ltr' id='par_1_88' title="bbox 1957 4201 3554 4276">
     <span class='ocr_line' id='line_1_88' title="bbox 1957 4201 3554 4276; baseline 0.006 -21"><span class='ocrx_word' id='word_1_654' title='bbox 1957 4201 2015 4255; x_wconf 91' lang='lat' dir='ltr'>in</span> <span class='ocrx_word' id='word_1_655' title='bbox 2045 4202 2234 4257; x_wconf 87' lang='lat' dir='ltr'>futuro</span> <span class='ocrx_word' id='word_1_656' title='bbox 2261 4201 2482 4256; x_wconf 79' lang='lat' dir='ltr'>sarcina</span> <span class='ocrx_word' id='word_1_657' title='bbox 2507 4218 2788 4273; x_wconf 85' lang='lat' dir='ltr'>corporeae</span> <span class='ocrx_word' id='word_1_658' title='bbox 2809 4203 3156 4264; x_wconf 85' lang='lat' dir='ltr'>necessitatis</span> <span class='ocrx_word' id='word_1_659' title='bbox 3185 4203 3404 4276; x_wconf 86' lang='lat' dir='ltr'>abjecta</span> <span class='ocrx_word' id='word_1_660' title='bbox 3430 4207 3554 4264; x_wconf 85' lang='lat' dir='ltr'>efﬁ-</span> 
     </span>
    </p>
   </div>
   <div class='ocr_carea' id='block_1_89' title="bbox 266 4291 3551 4364">
    <p class='ocr_par' dir='ltr' id='par_1_89' title="bbox 266 4291 3551 4364">
     <span class='ocr_line' id='line_1_89' title="bbox 266 4291 3551 4364; baseline 0.001 -14"><span class='ocrx_word' id='word_1_661' title='bbox 266 4299 585 4362; x_wconf 84' lang='lat' dir='ltr'>currentes,</span> <span class='ocrx_word' id='word_1_662' title='bbox 631 4306 860 4352; x_wconf 76' lang='lat' dir='ltr'>rursum</span> <span class='ocrx_word' id='word_1_663' title='bbox 906 4309 1032 4348; x_wconf 89' lang='lat' dir='ltr'>eam</span> <span class='ocrx_word' id='word_1_664' title='bbox 1079 4293 1233 4348; x_wconf 90' lang='lat' dir='ltr'>velut</span> <span class='ocrx_word' id='word_1_665' title='bbox 1270 4293 1574 4364; x_wconf 88' lang='lat' dir='ltr'>quamdam</span> <span class='ocrx_word' id='word_1_666' title='bbox 1613 4309 1927 4364; x_wconf 79' lang='lat' dir='ltr'>normam_</span> <span class='ocrx_word' id='word_1_667' title='bbox 1955 4292 2140 4347; x_wconf 91' lang='lat' dir='ltr'>cacior</span> <span class='ocrx_word' id='word_1_668' title='bbox 2172 4292 2349 4348; x_wconf 90' lang='lat' dir='ltr'>multo</span> <span class='ocrx_word' id='word_1_669' title='bbox 2395 4297 2564 4364; x_wconf 88' lang='lat' dir='ltr'>atque</span> <span class='ocrx_word' id='word_1_670' title='bbox 2599 4291 2957 4347; x_wconf 88' lang='lat' dir='ltr'>excellentior</span> <span class='ocrx_word' id='word_1_671' title='bbox 2994 4293 3362 4363; x_wconf 88' lang='lat' dir='ltr'>permanebit,</span> <span class='ocrx_word' id='word_1_672' title='bbox 3395 4297 3551 4353; x_wconf 90' lang='lat' dir='ltr'>nullo</span> 
     </span>
    </p>
   </div>
   <div class='ocr_carea' id='block_1_90' title="bbox 267 4357 3552 4456">
    <p class='ocr_par' dir='ltr' id='par_1_90' title="bbox 267 4357 3552 4456">
     <span class='ocr_line' id='line_1_90' title="bbox 267 4357 3552 4456; baseline 0.001 -18"><span class='ocrx_word' id='word_1_673' title='bbox 267 4381 586 4440; x_wconf 83' lang='lat' dir='ltr'>rectissime</span> <span class='ocrx_word' id='word_1_674' title='bbox 625 4382 956 4454; x_wconf 81' lang='lat' dir='ltr'>corrigimus</span> <span class='ocrx_word' id='word_1_675' title='bbox 985 4399 1108 4456; x_wconf 85' lang='lat' dir='ltr'>quae</span> <span class='ocrx_word' id='word_1_676' title='bbox 1147 4398 1368 4454; x_wconf 88' lang='lat' dir='ltr'>semper</span> <span class='ocrx_word' id='word_1_677' title='bbox 1397 4399 1592 4438; x_wconf 88' lang='lat' dir='ltr'>omnes</span> <span class='ocrx_word' id='word_1_678' title='bbox 1637 4387 1871 4438; x_wconf 87' lang='lat' dir='ltr'>conatus</span> <span class='ocrx_word' id='word_1_679' title='bbox 1889 4357 2204 4454; x_wconf 81' lang='lat' dir='ltr'>Dunquam</span> <span class='ocrx_word' id='word_1_680' title='bbox 2241 4381 2651 4452; x_wconf 86' lang='lat' dir='ltr'>corrumpenda</span> <span class='ocrx_word' id='word_1_681' title='bbox 2677 4381 2917 4447; x_wconf 89' lang='lat' dir='ltr'>defectu,</span> <span class='ocrx_word' id='word_1_682' title='bbox 2945 4381 3043 4436; x_wconf 87' lang='lat' dir='ltr'>sed</span> <span class='ocrx_word' id='word_1_683' title='bbox 3059 4398 3160 4452; x_wconf 90' lang='lat' dir='ltr'>per</span> <span class='ocrx_word' id='word_1_684' title='bbox 3181 4380 3552 4455; x_wconf 84' lang='lat' dir='ltr'>incorruptio-</span> 
     </span>
    </p>
   </div>
   <div class='ocr_carea' id='block_1_91' title="bbox 265 4471 1870 4544">
    <p class='ocr_par' dir='ltr' id='par_1_91' title="bbox 265 4471 1870 4544">
     <span class='ocr_line' id='line_1_91' title="bbox 265 4471 1870 4544; baseline 0 -16"><span class='ocrx_word' id='word_1_685' title='bbox 265 4477 500 4529; x_wconf 84' lang='lat' dir='ltr'>nostros</span> <span class='ocrx_word' id='word_1_686' title='bbox 515 4472 592 4528; x_wconf 81' lang='lat' dir='ltr'>ad</span> <span class='ocrx_word' id='word_1_687' title='bbox 609 4487 788 4528; x_wconf 85' lang='lat' dir='ltr'>unum</span> <span class='ocrx_word' id='word_1_688' title='bbox 804 4474 908 4528; x_wconf 88' lang='lat' dir='ltr'>hoc</span> <span class='ocrx_word' id='word_1_689' title='bbox 927 4488 1192 4528; x_wconf 84' lang='lat' dir='ltr'>revocans</span> <span class='ocrx_word' id='word_1_690' title='bbox 1213 4471 1457 4544; x_wconf 80' lang='lat' dir='ltr'>signum,</span> <span class='ocrx_word' id='word_1_691' title='bbox 1474 4471 1664 4543; x_wconf 80' lang='lat' dir='ltr'>arguit</span> <span class='ocrx_word' id='word_1_692' title='bbox 1677 4473 1870 4528; x_wconf 89' lang='lat' dir='ltr'>statim</span> 
     </span>
    </p>
   </div>
   <div class='ocr_carea' id='block_1_92' title="bbox 267 4561 1869 4635">
    <p class='ocr_par' dir='ltr' id='par_1_92' title="bbox 267 4561 1869 4635">
     <span class='ocr_line' id='line_1_92' title="bbox 267 4561 1869 4635; baseline -0.001 -17"><span class='ocrx_word' id='word_1_693' title='bbox 267 4563 322 4618; x_wconf 89' lang='lat' dir='ltr'>si</span> <span class='ocrx_word' id='word_1_694' title='bbox 348 4579 385 4618; x_wconf 88' lang='lat' dir='ltr'>a</span> <span class='ocrx_word' id='word_1_695' title='bbox 412 4561 699 4635; x_wconf 79' lang='lat' dir='ltr'>proposita</span> <span class='ocrx_word' id='word_1_696' title='bbox 717 4561 1025 4618; x_wconf 89' lang='lat' dir='ltr'>directione</span> <span class='ocrx_word' id='word_1_697' title='bbox 1052 4578 1212 4618; x_wconf 89' lang='lat' dir='ltr'>mens</span> <span class='ocrx_word' id='word_1_698' title='bbox 1240 4567 1438 4616; x_wconf 86' lang='lat' dir='ltr'>nostra</span> <span class='ocrx_word' id='word_1_699' title='bbox 1463 4561 1550 4616; x_wconf 91' lang='lat' dir='ltr'>vel</span> <span class='ocrx_word' id='word_1_700' title='bbox 1576 4561 1869 4634; x_wconf 89' lang='lat' dir='ltr'>paululum</span> 
     </span>
    </p>
   </div>
   <div class='ocr_carea' id='block_1_93' title="bbox 268 4649 1868 4724">
    <p class='ocr_par' dir='ltr' id='par_1_93' title="bbox 268 4649 1868 4724">
     <span class='ocr_line' id='line_1_93' title="bbox 268 4649 1868 4724; baseline 0 -18"><span class='ocrx_word' id='word_1_701' title='bbox 268 4651 579 4706; x_wconf 84' lang='lat' dir='ltr'>deviaverit</span> <span class='ocrx_word' id='word_1_702' title='bbox 607 4668 619 4706; x_wconf 90' lang='lat'><strong>:</strong></span> <span class='ocrx_word' id='word_1_703' title='bbox 649 4651 823 4724; x_wconf 77' lang='lat' dir='ltr'>igitur</span> <span class='ocrx_word' id='word_1_704' title='bbox 867 4651 1014 4708; x_wconf 90' lang='lat' dir='ltr'>sicut</span> <span class='ocrx_word' id='word_1_705' title='bbox 1050 4650 1229 4706; x_wconf 90' lang='lat' dir='ltr'>nostri</span> <span class='ocrx_word' id='word_1_706' title='bbox 1270 4649 1542 4724; x_wconf 90' lang='lat' dir='ltr'>propositi</span> <span class='ocrx_word' id='word_1_707' title='bbox 1585 4650 1714 4706; x_wconf 87' lang='lat' dir='ltr'>ﬁnis</span> <span class='ocrx_word' id='word_1_708' title='bbox 1742 4650 1868 4722; x_wconf 84' lang='lat' dir='ltr'>qui-</span> 
     </span>
    </p>
   </div>
   <div class='ocr_carea' id='block_1_94' title="bbox 267 4739 1870 4812">
    <p class='ocr_par' dir='ltr' id='par_1_94' title="bbox 267 4739 1870 4812">
     <span class='ocr_line' id='line_1_94' title="bbox 267 4739 1870 4812; baseline -0.001 -17"><span class='ocrx_word' id='word_1_709' title='bbox 267 4740 404 4795; x_wconf 83' lang='lat' dir='ltr'>dem</span> <span class='ocrx_word' id='word_1_710' title='bbox 439 4741 750 4800; x_wconf 81' lang='lat' dir='ltr'>secundum</span> <span class='ocrx_word' id='word_1_711' title='bbox 776 4741 1109 4812; x_wconf 81' lang='lat' dir='ltr'>Apostolum</span> <span class='ocrx_word' id='word_1_712' title='bbox 1140 4759 1166 4792; x_wconf 81' lang='grc' dir='ltr'>α</span> <span class='ocrx_word' id='word_1_713' title='bbox 1203 4740 1314 4796; x_wconf 85' lang='lat' dir='ltr'>vita</span> <span class='ocrx_word' id='word_1_714' title='bbox 1341 4745 1552 4796; x_wconf 76' lang='lat' dir='ltr'>aeterna</span> <span class='ocrx_word' id='word_1_715' title='bbox 1577 4745 1682 4808; x_wconf 86' lang='lat' dir='ltr'>est,</span> <span class='ocrx_word' id='word_1_716' title='bbox 1729 4759 1757 4793; x_wconf 74' lang='grc' dir='ltr'><strong><em>ι</em></strong></span> <span class='ocrx_word' id='word_1_717' title='bbox 1787 4739 1870 4794; x_wconf 91' lang='lat' dir='ltr'>ita</span> 
     </span>
    </p>
   </div>
   <div class='ocr_carea' id='block_1_95' title="bbox 267 4827 1866 4902">
    <p class='ocr_par' dir='ltr' id='par_1_95' title="bbox 267 4827 1866 4902">
     <span class='ocr_line' id='line_1_95' title="bbox 267 4827 1866 4902; baseline 0 -18"><span class='ocrx_word' id='word_1_718' title='bbox 267 4830 927 4902; x_wconf 78' lang='lat' dir='ltr'>eodempronuntiante,</span> <span class='ocrx_word' id='word_1_719' title='bbox 967 4850 990 4881; x_wconf 81' lang='grc' dir='ltr'>ι</span> <span class='ocrx_word' id='word_1_720' title='bbox 1037 4829 1308 4884; x_wconf 89' lang='lat' dir='ltr'>habentes</span> <span class='ocrx_word' id='word_1_721' title='bbox 1353 4829 1580 4900; x_wconf 89' lang='lat' dir='ltr'>quidem</span> <span class='ocrx_word' id='word_1_722' title='bbox 1621 4827 1866 4884; x_wconf 85' lang='lat' dir='ltr'>fructum</span> 
     </span>
    </p>
   </div>
   <div class='ocr_carea' id='block_1_96' title="bbox 265 4918 1866 4986">
    <p class='ocr_par' dir='ltr' id='par_1_96' title="bbox 265 4918 1866 4986">
     <span class='ocr_line' id='line_1_96' title="bbox 265 4918 1866 4986; baseline -0.001 -12"><span class='ocrx_word' id='word_1_723' title='bbox 265 4925 522 4982; x_wconf 84' lang='lat' dir='ltr'>vestrum</span> <span class='ocrx_word' id='word_1_724' title='bbox 549 4920 610 4976; x_wconf 91' lang='lat' dir='ltr'>in</span> <span class='ocrx_word' id='word_1_725' title='bbox 637 4918 1098 4986; x_wconf 79' lang='lat' dir='ltr'>sanctificatione,</span> <span class='ocrx_word' id='word_1_726' title='bbox 1137 4920 1310 4978; x_wconf 87' lang='lat' dir='ltr'>ﬁnem</span> <span class='ocrx_word' id='word_1_727' title='bbox 1337 4935 1466 4973; x_wconf 89' lang='lat' dir='ltr'>vero</span> <span class='ocrx_word' id='word_1_728' title='bbox 1503 4919 1672 4973; x_wconf 86' lang='lat' dir='ltr'>vitam</span> <span class='ocrx_word' id='word_1_729' title='bbox 1702 4923 1866 4972; x_wconf 78' lang='lat' dir='ltr'>aeter-</span> 
     </span>
    </p>
   </div>
   <div class='ocr_carea' id='block_1_97' title="bbox 266 5007 1869 5082">
    <p class='ocr_par' dir='ltr' id='par_1_97' title="bbox 266 5007 1869 5082">
     <span class='ocr_line' id='line_1_97' title="bbox 266 5007 1869 5082; baseline -0.002 -17"><span class='ocrx_word' id='word_1_730' title='bbox 266 5024 406 5075; x_wconf 79' lang='lat' dir='ltr'>nam</span> <span class='ocrx_word' id='word_1_731' title='bbox 430 5010 607 5082; x_wconf 87' lang='lat' dir='ltr'>(Rom.</span> <span class='ocrx_word' id='word_1_732' title='bbox 650 5025 722 5077; x_wconf 74' lang='lat' dir='ltr'>vr,</span> <span class='ocrx_word' id='word_1_733' title='bbox 767 5007 880 5079; x_wconf 78' lang='lat'>22),</span> <span class='ocrx_word' id='word_1_734' title='bbox 919 5028 946 5060; x_wconf 85' lang='lat'>»</span> <span class='ocrx_word' id='word_1_735' title='bbox 977 5025 1176 5080; x_wconf 89' lang='lat' dir='ltr'>scopus</span> <span class='ocrx_word' id='word_1_736' title='bbox 1213 5007 1397 5062; x_wconf 87' lang='lat' dir='ltr'>cordis</span> <span class='ocrx_word' id='word_1_737' title='bbox 1441 5007 1620 5062; x_wconf 91' lang='lat' dir='ltr'>nostri</span> <span class='ocrx_word' id='word_1_738' title='bbox 1651 5007 1869 5078; x_wconf 88' lang='lat' dir='ltr'>puritas</span> 
     </span>
    </p>
   </div>
   <div class='ocr_carea' id='block_1_98' title="bbox 267 5096 1868 5170">
    <p class='ocr_par' dir='ltr' id='par_1_98' title="bbox 267 5096 1868 5170">
     <span class='ocr_line' id='line_1_98' title="bbox 267 5096 1868 5170; baseline -0.001 -16"><span class='ocrx_word' id='word_1_739' title='bbox 267 5114 396 5154; x_wconf 85' lang='lat' dir='ltr'>esse</span> <span class='ocrx_word' id='word_1_740' title='bbox 447 5097 614 5156; x_wconf 85' lang='lat' dir='ltr'>debet</span> <span class='ocrx_word' id='word_1_741' title='bbox 661 5113 833 5170; x_wconf 86' lang='lat' dir='ltr'>quam</span> <span class='ocrx_word' id='word_1_742' title='bbox 881 5096 1381 5154; x_wconf 86' lang='lat' dir='ltr'>sanctiﬁcationem</span> <span class='ocrx_word' id='word_1_743' title='bbox 1425 5113 1538 5152; x_wconf 91' lang='lat' dir='ltr'>non</span> <span class='ocrx_word' id='word_1_744' title='bbox 1587 5096 1868 5152; x_wconf 90' lang='lat' dir='ltr'>immerito</span> 
     </span>
    </p>
   </div>
   <div class='ocr_carea' id='block_1_99' title="bbox 269 5186 1868 5259">
    <p class='ocr_par' dir='ltr' id='par_1_99' title="bbox 269 5186 1868 5259">
     <span class='ocr_line' id='line_1_99' title="bbox 269 5186 1868 5259; baseline -0.003 -15"><span class='ocrx_word' id='word_1_745' title='bbox 269 5187 637 5258; x_wconf 84' lang='lat' dir='ltr'>nuncupavit,</span> <span class='ocrx_word' id='word_1_746' title='bbox 650 5186 774 5242; x_wconf 86' lang='lat' dir='ltr'>sine</span> <span class='ocrx_word' id='word_1_747' title='bbox 800 5203 913 5259; x_wconf 89' lang='lat' dir='ltr'>qua</span> <span class='ocrx_word' id='word_1_748' title='bbox 932 5187 1230 5258; x_wconf 68' lang='lat' dir='ltr'>praedictus</span> <span class='ocrx_word' id='word_1_749' title='bbox 1259 5186 1388 5243; x_wconf 87' lang='lat' dir='ltr'>ﬁnis</span> <span class='ocrx_word' id='word_1_750' title='bbox 1407 5203 1519 5244; x_wconf 90' lang='lat' dir='ltr'>non</span> <span class='ocrx_word' id='word_1_751' title='bbox 1539 5186 1748 5258; x_wconf 90' lang='lat' dir='ltr'>poterit</span> <span class='ocrx_word' id='word_1_752' title='bbox 1773 5201 1868 5258; x_wconf 89' lang='lat' dir='ltr'>ap-</span> 
     </span>
    </p>
   </div>
   <div class='ocr_carea' id='block_1_100' title="bbox 268 5275 1868 5350">
    <p class='ocr_par' dir='ltr' id='par_1_100' title="bbox 268 5275 1868 5350">
     <span class='ocr_line' id='line_1_100' title="bbox 268 5275 1868 5350; baseline -0.002 -17"><span class='ocrx_word' id='word_1_753' title='bbox 268 5275 564 5350; x_wconf 85' lang='lat' dir='ltr'>prehendi.</span> <span class='ocrx_word' id='word_1_754' title='bbox 603 5277 684 5332; x_wconf 87' lang='lat' dir='ltr'>Ac</span> <span class='ocrx_word' id='word_1_755' title='bbox 720 5277 770 5332; x_wconf 90' lang='lat' dir='ltr'>si</span> <span class='ocrx_word' id='word_1_756' title='bbox 801 5276 1034 5332; x_wconf 86' lang='lat' dir='ltr'>dixisset</span> <span class='ocrx_word' id='word_1_757' title='bbox 1067 5275 1194 5330; x_wconf 89' lang='lat' dir='ltr'>aliis</span> <span class='ocrx_word' id='word_1_758' title='bbox 1225 5275 1407 5330; x_wconf 88' lang='lat' dir='ltr'>verbis</span> <span class='ocrx_word' id='word_1_759' title='bbox 1449 5293 1461 5329; x_wconf 88' lang='lat'><strong>:</strong></span> <span class='ocrx_word' id='word_1_760' title='bbox 1513 5295 1536 5328; x_wconf 82' lang='grc'><strong>‹</strong></span> <span class='ocrx_word' id='word_1_761' title='bbox 1582 5275 1868 5332; x_wconf 86' lang='lat' dir='ltr'>Habentes</span> 
     </span>
    </p>
   </div>
   <div class='ocr_carea' id='block_1_101' title="bbox 269 5364 1865 5440">
    <p class='ocr_par' dir='ltr' id='par_1_101' title="bbox 269 5364 1865 5440">
     <span class='ocr_line' id='line_1_101' title="bbox 269 5364 1865 5440; baseline -0.002 -18"><span class='ocrx_word' id='word_1_762' title='bbox 269 5365 504 5440; x_wconf 88' lang='lat' dir='ltr'>quidem</span> <span class='ocrx_word' id='word_1_763' title='bbox 533 5381 764 5438; x_wconf 88' lang='lat' dir='ltr'>scopum</span> <span class='ocrx_word' id='word_1_764' title='bbox 803 5371 1053 5420; x_wconf 89' lang='lat' dir='ltr'>vestrum</span> <span class='ocrx_word' id='word_1_765' title='bbox 1081 5364 1140 5419; x_wconf 91' lang='lat' dir='ltr'>in</span> <span class='ocrx_word' id='word_1_766' title='bbox 1179 5364 1364 5420; x_wconf 88' lang='lat' dir='ltr'>cordis</span> <span class='ocrx_word' id='word_1_767' title='bbox 1394 5365 1660 5436; x_wconf 87' lang='lat' dir='ltr'>puritate,</span> <span class='ocrx_word' id='word_1_768' title='bbox 1694 5365 1865 5420; x_wconf 87' lang='lat' dir='ltr'>ﬁnem</span> 
     </span>
    </p>
   </div>
   <div class='ocr_carea' id='block_1_102' title="bbox 1953 4469 3550 4542">
    <p class='ocr_par' dir='ltr' id='par_1_102' title="bbox 1953 4469 3550 4542">
     <span class='ocr_line' id='line_1_102' title="bbox 1953 4469 3550 4542; baseline 0.002 -16"><span class='ocrx_word' id='word_1_769' title='bbox 1953 4488 2082 4529; x_wconf 88' lang='lat' dir='ltr'>nem</span> <span class='ocrx_word' id='word_1_770' title='bbox 2103 4477 2434 4542; x_wconf 88' lang='lat' dir='ltr'>perpetuam</span> <span class='ocrx_word' id='word_1_771' title='bbox 2461 4469 2792 4541; x_wconf 85' lang='lat' dir='ltr'>ﬂagrantius</span> <span class='ocrx_word' id='word_1_772' title='bbox 2813 4471 2929 4524; x_wconf 90' lang='lat' dir='ltr'>Deo</span> <span class='ocrx_word' id='word_1_773' title='bbox 2957 4475 3126 4540; x_wconf 88' lang='lat' dir='ltr'>atque</span> <span class='ocrx_word' id='word_1_774' title='bbox 3155 4469 3426 4527; x_wconf 90' lang='lat' dir='ltr'>intentius</span> <span class='ocrx_word' id='word_1_775' title='bbox 3447 4473 3550 4530; x_wconf 86' lang='lat' dir='ltr'>ad-</span> 
     </span>
    </p>
   </div>
   <div class='ocr_carea' id='block_1_103' title="bbox 1950 4558 3549 4630">
    <p class='ocr_par' dir='ltr' id='par_1_103' title="bbox 1950 4558 3549 4630">
     <span class='ocr_line' id='line_1_103' title="bbox 1950 4558 3549 4630; baseline 0.004 -18"><span class='ocrx_word' id='word_1_776' title='bbox 1950 4559 2202 4627; x_wconf 83' lang='lat' dir='ltr'>haesura;</span> <span class='ocrx_word' id='word_1_777' title='bbox 2220 4559 2465 4614; x_wconf 90' lang='lat' dir='ltr'>charitas</span> <span class='ocrx_word' id='word_1_778' title='bbox 2485 4575 2618 4630; x_wconf 85' lang='lat' dir='ltr'>ergo</span> <span class='ocrx_word' id='word_1_779' title='bbox 2647 4563 2751 4624; x_wconf 86' lang='lat' dir='ltr'>est,</span> <span class='ocrx_word' id='word_1_780' title='bbox 2775 4564 2841 4614; x_wconf 92' lang='lat' dir='ltr'>ut</span> <span class='ocrx_word' id='word_1_781' title='bbox 2864 4558 3005 4612; x_wconf 89' lang='lat' dir='ltr'>mihi</span> <span class='ocrx_word' id='word_1_782' title='bbox 3026 4559 3262 4626; x_wconf 89' lang='lat' dir='ltr'>videtur,</span> <span class='ocrx_word' id='word_1_783' title='bbox 3285 4565 3440 4616; x_wconf 89' lang='lat' dir='ltr'>recta</span> <span class='ocrx_word' id='word_1_784' title='bbox 3457 4579 3549 4618; x_wconf 87' lang='lat' dir='ltr'>vo-</span> 
     </span>
    </p>
   </div>
   <div class='ocr_carea' id='block_1_104' title="bbox 1951 4646 3548 4722">
    <p class='ocr_par' dir='ltr' id='par_1_104' title="bbox 1951 4646 3548 4722">
     <span class='ocr_line' id='line_1_104' title="bbox 1951 4646 3548 4722; baseline 0.006 -21"><span class='ocrx_word' id='word_1_785' title='bbox 1951 4647 2137 4704; x_wconf 86' lang='lat' dir='ltr'>luntas</span> <span class='ocrx_word' id='word_1_786' title='bbox 2164 4647 2236 4702; x_wconf 89' lang='lat' dir='ltr'>ab</span> <span class='ocrx_word' id='word_1_787' title='bbox 2270 4646 2530 4702; x_wconf 89' lang='lat' dir='ltr'>omnibus</span> <span class='ocrx_word' id='word_1_788' title='bbox 2555 4647 2796 4703; x_wconf 90' lang='lat' dir='ltr'>terrenis</span> <span class='ocrx_word' id='word_1_789' title='bbox 2825 4664 2889 4702; x_wconf 90' lang='lat' dir='ltr'>ac</span> <span class='ocrx_word' id='word_1_790' title='bbox 2917 4647 3287 4720; x_wconf 65' lang='lat' dir='ltr'>praesentibus</span> <span class='ocrx_word' id='word_1_791' title='bbox 3317 4667 3548 4722; x_wconf 88' lang='lat' dir='ltr'>prorsus</span> 
     </span>
    </p>
   </div>
   <div class='ocr_carea' id='block_1_105' title="bbox 1950 4736 3545 4814">
    <p class='ocr_par' dir='ltr' id='par_1_105' title="bbox 1950 4736 3545 4814">
     <span class='ocr_line' id='line_1_105' title="bbox 1950 4736 3545 4814; baseline 0.006 -24"><span class='ocrx_word' id='word_1_792' title='bbox 1950 4753 2201 4804; x_wconf 85' lang='lat' dir='ltr'>accersa;</span> <span class='ocrx_word' id='word_1_793' title='bbox 2227 4737 2428 4808; x_wconf 87' lang='lat' dir='ltr'>juncta</span> <span class='ocrx_word' id='word_1_794' title='bbox 2462 4737 2577 4792; x_wconf 89' lang='lat' dir='ltr'>Deo</span> <span class='ocrx_word' id='word_1_795' title='bbox 2627 4736 3094 4808; x_wconf 86' lang='lat' dir='ltr'>inseparabiliter,</span> <span class='ocrx_word' id='word_1_796' title='bbox 3129 4743 3187 4794; x_wconf 89' lang='lat' dir='ltr'>et</span> <span class='ocrx_word' id='word_1_797' title='bbox 3225 4740 3387 4796; x_wconf 84' lang='lat' dir='ltr'>unita</span> <span class='ocrx_word' id='word_1_798' title='bbox 3413 4741 3545 4814; x_wconf 81' lang='lat' dir='ltr'>igne</span> 
     </span>
    </p>
   </div>
   <div class='ocr_carea' id='block_1_106' title="bbox 1948 4824 3546 4902">
    <p class='ocr_par' dir='ltr' id='par_1_106' title="bbox 1948 4824 3546 4902">
     <span class='ocr_line' id='line_1_106' title="bbox 1948 4824 3546 4902; baseline 0.004 -21"><span class='ocrx_word' id='word_1_799' title='bbox 1948 4825 2192 4898; x_wconf 89' lang='lat' dir='ltr'>quodam</span> <span class='ocrx_word' id='word_1_800' title='bbox 2225 4825 2405 4880; x_wconf 87' lang='lat' dir='ltr'>sancti</span> <span class='ocrx_word' id='word_1_801' title='bbox 2435 4824 2696 4896; x_wconf 85' lang='lat' dir='ltr'>Spiritus,</span> <span class='ocrx_word' id='word_1_802' title='bbox 2729 4841 2763 4878; x_wconf 89' lang='lat' dir='ltr'>a</span> <span class='ocrx_word' id='word_1_803' title='bbox 2791 4842 2901 4898; x_wconf 91' lang='lat' dir='ltr'>quo</span> <span class='ocrx_word' id='word_1_804' title='bbox 2927 4831 3030 4894; x_wconf 89' lang='lat' dir='ltr'>est,</span> <span class='ocrx_word' id='word_1_805' title='bbox 3061 4832 3120 4882; x_wconf 90' lang='lat' dir='ltr'>et</span> <span class='ocrx_word' id='word_1_806' title='bbox 3147 4829 3218 4883; x_wconf 86' lang='lat' dir='ltr'>ad</span> <span class='ocrx_word' id='word_1_807' title='bbox 3247 4846 3414 4902; x_wconf 89' lang='lat' dir='ltr'>quem</span> <span class='ocrx_word' id='word_1_808' title='bbox 3451 4849 3546 4888; x_wconf 84' lang='lat' dir='ltr'>re-</span> 
     </span>
    </p>
   </div>
   <div class='ocr_carea' id='block_1_107' title="bbox 1948 4913 3547 4988">
    <p class='ocr_par' dir='ltr' id='par_1_107' title="bbox 1948 4913 3547 4988">
     <span class='ocr_line' id='line_1_107' title="bbox 1948 4913 3547 4988; baseline 0.006 -19"><span class='ocrx_word' id='word_1_809' title='bbox 1948 4915 2128 4971; x_wconf 88' lang='lat' dir='ltr'>fertur</span> <span class='ocrx_word' id='word_1_810' title='bbox 2155 4916 2400 4982; x_wconf 88' lang='lat' dir='ltr'>incensa,</span> <span class='ocrx_word' id='word_1_811' title='bbox 2433 4913 2848 4986; x_wconf 85' lang='lat' dir='ltr'>inquinamenti</span> <span class='ocrx_word' id='word_1_812' title='bbox 2891 4917 3072 4972; x_wconf 91' lang='lat' dir='ltr'>omnis</span> <span class='ocrx_word' id='word_1_813' title='bbox 3111 4923 3394 4988; x_wconf 86' lang='lat' dir='ltr'>extranea,</span> <span class='ocrx_word' id='word_1_814' title='bbox 3426 4937 3547 4978; x_wconf 88' lang='lat' dir='ltr'>cor-</span> 
     </span>
    </p>
   </div>
   <div class='ocr_carea' id='block_1_108' title="bbox 1947 5004 3546 5084">
    <p class='ocr_par' dir='ltr' id='par_1_108' title="bbox 1947 5004 3546 5084">
     <span class='ocr_line' id='line_1_108' title="bbox 1947 5004 3546 5084; baseline 0.005 -24"><span class='ocrx_word' id='word_1_815' title='bbox 1947 5006 2136 5078; x_wconf 89' lang='lat' dir='ltr'>rumpi</span> <span class='ocrx_word' id='word_1_816' title='bbox 2155 5005 2362 5073; x_wconf 87' lang='lat' dir='ltr'>nescia,</span> <span class='ocrx_word' id='word_1_817' title='bbox 2376 5005 2516 5060; x_wconf 90' lang='lat' dir='ltr'>nulli</span> <span class='ocrx_word' id='word_1_818' title='bbox 2536 5004 2672 5060; x_wconf 89' lang='lat' dir='ltr'>vitio</span> <span class='ocrx_word' id='word_1_819' title='bbox 2691 5004 3080 5060; x_wconf 83' lang='lat' dir='ltr'>mutabilitatis</span> <span class='ocrx_word' id='word_1_820' title='bbox 3101 5007 3362 5076; x_wconf 85' lang='lat' dir='ltr'>obnoxia,</span> <span class='ocrx_word' id='word_1_821' title='bbox 3376 5025 3546 5084; x_wconf 89' lang='lat' dir='ltr'>super</span> 
     </span>
    </p>
   </div>
   <div class='ocr_carea' id='block_1_109' title="bbox 1951 5094 3542 5167">
    <p class='ocr_par' dir='ltr' id='par_1_109' title="bbox 1951 5094 3542 5167">
     <span class='ocr_line' id='line_1_109' title="bbox 1951 5094 3542 5167; baseline 0.004 -17"><span class='ocrx_word' id='word_1_822' title='bbox 1951 5095 2142 5151; x_wconf 88' lang='lat' dir='ltr'>omnia</span> <span class='ocrx_word' id='word_1_823' title='bbox 2168 5110 2290 5167; x_wconf 86' lang='lat' dir='ltr'>quae</span> <span class='ocrx_word' id='word_1_824' title='bbox 2329 5094 2629 5150; x_wconf 88' lang='lat' dir='ltr'>carnaliter</span> <span class='ocrx_word' id='word_1_825' title='bbox 2661 5094 2976 5166; x_wconf 85' lang='lat' dir='ltr'>diliguntur</span> <span class='ocrx_word' id='word_1_826' title='bbox 3014 5097 3247 5164; x_wconf 86' lang='lat' dir='ltr'>excelsa,</span> <span class='ocrx_word' id='word_1_827' title='bbox 3291 5099 3542 5158; x_wconf 73' lang='lat' dir='ltr'>affectio-</span> 
     </span>
    </p>
   </div>
   <div class='ocr_carea' id='block_1_110' title="bbox 1948 5183 3544 5260">
    <p class='ocr_par' dir='ltr' id='par_1_110' title="bbox 1948 5183 3544 5260">
     <span class='ocr_line' id='line_1_110' title="bbox 1948 5183 3544 5260; baseline 0.005 -21"><span class='ocrx_word' id='word_1_828' title='bbox 1948 5200 2084 5240; x_wconf 91' lang='lat' dir='ltr'>num</span> <span class='ocrx_word' id='word_1_829' title='bbox 2131 5183 2382 5240; x_wconf 88' lang='lat' dir='ltr'>omnium</span> <span class='ocrx_word' id='word_1_830' title='bbox 2423 5184 2778 5256; x_wconf 90' lang='lat' dir='ltr'>potissimum</span> <span class='ocrx_word' id='word_1_831' title='bbox 2807 5183 3007 5241; x_wconf 69' lang='lat' dir='ltr'>divinae</span> <span class='ocrx_word' id='word_1_832' title='bbox 3053 5187 3544 5260; x_wconf 83' lang='lat' dir='ltr'>contemplationis</span> 
     </span>
    </p>
   </div>
   <div class='ocr_carea' id='block_1_111' title="bbox 1950 5271 3542 5346">
    <p class='ocr_par' dir='ltr' id='par_1_111' title="bbox 1950 5271 3542 5346">
     <span class='ocr_line' id='line_1_111' title="bbox 1950 5271 3542 5346; baseline 0.006 -19"><span class='ocrx_word' id='word_1_833' title='bbox 1950 5273 2126 5340; x_wconf 87' lang='lat' dir='ltr'>avida,</span> <span class='ocrx_word' id='word_1_834' title='bbox 2157 5271 2214 5328; x_wconf 91' lang='lat' dir='ltr'>in</span> <span class='ocrx_word' id='word_1_835' title='bbox 2237 5272 2496 5328; x_wconf 89' lang='lat' dir='ltr'>omnibus</span> <span class='ocrx_word' id='word_1_836' title='bbox 2515 5289 2738 5344; x_wconf 89' lang='lat' dir='ltr'>semper</span> <span class='ocrx_word' id='word_1_837' title='bbox 2764 5273 2986 5342; x_wconf 85' lang='lat' dir='ltr'>invicta,</span> <span class='ocrx_word' id='word_1_838' title='bbox 3007 5291 3228 5330; x_wconf 90' lang='lat' dir='ltr'>summa</span> <span class='ocrx_word' id='word_1_839' title='bbox 3253 5277 3542 5346; x_wconf 81' lang='lat' dir='ltr'>actionum</span> 
     </span>
    </p>
   </div>
   <div class='ocr_carea' id='block_1_112' title="bbox 1948 5361 3540 5442">
    <p class='ocr_par' dir='ltr' id='par_1_112' title="bbox 1948 5361 3540 5442">
     <span class='ocr_line' id='line_1_112' title="bbox 1948 5361 3540 5442; baseline -0.001 -26"><span class='ocrx_word' id='word_1_840' title='bbox 1948 5361 2242 5429; x_wconf 87' lang='lat' dir='ltr'>bonarum,</span> <span class='ocrx_word' id='word_1_841' title='bbox 2273 5363 2424 5417; x_wconf 89' lang='lat' dir='ltr'>salus</span> <span class='ocrx_word' id='word_1_842' title='bbox 2463 5378 2702 5430; x_wconf 88' lang='lat' dir='ltr'>morum,</span> <span class='ocrx_word' id='word_1_843' title='bbox 2735 5363 2864 5417; x_wconf 89' lang='lat' dir='ltr'>ﬁnis</span> <span class='ocrx_word' id='word_1_844' title='bbox 2893 5364 3202 5420; x_wconf 64' lang='lat' dir='ltr'>caelestium</span> <span class='ocrx_word' id='word_1_845' title='bbox 3231 5375 3540 5442; x_wconf 66' lang='lat' dir='ltr'>praecepto-</span> 
     </span>
    </p>
   </div>
   <div class='ocr_carea' id='block_1_113' title="bbox 269 5451 3540 5528">
    <p class='ocr_par' dir='ltr' id='par_1_113' title="bbox 269 5451 3540 5528">
     <span class='ocr_line' id='line_1_113' title="bbox 269 5451 3540 5528; baseline 0 -17"><span class='ocrx_word' id='word_1_846' title='bbox 269 5471 410 5511; x_wconf 88' lang='lat' dir='ltr'>vero</span> <span class='ocrx_word' id='word_1_847' title='bbox 432 5455 604 5510; x_wconf 87' lang='lat' dir='ltr'>vitam</span> <span class='ocrx_word' id='word_1_848' title='bbox 636 5459 926 5522; x_wconf 68' lang='lat' dir='ltr'>aeternam,</span> <span class='ocrx_word' id='word_1_849' title='bbox 957 5471 986 5508; x_wconf 69' lang='grc' dir='ltr'><strong>ι</strong></span> <span class='ocrx_word' id='word_1_850' title='bbox 1021 5455 1090 5509; x_wconf 89' lang='lat' dir='ltr'>de</span> <span class='ocrx_word' id='word_1_851' title='bbox 1116 5469 1229 5526; x_wconf 89' lang='lat' dir='ltr'>qua</span> <span class='ocrx_word' id='word_1_852' title='bbox 1258 5452 1633 5508; x_wconf 88' lang='lat' dir='ltr'>destinatione</span> <span class='ocrx_word' id='word_1_853' title='bbox 1660 5453 1866 5508; x_wconf 89' lang='lat' dir='ltr'>docens</span> <span class='ocrx_word' id='word_1_854' title='bbox 1943 5467 2092 5518; x_wconf 60' lang='lat' dir='ltr'>sum,</span> <span class='ocrx_word' id='word_1_855' title='bbox 2119 5467 2270 5506; x_wconf 88' lang='lat' dir='ltr'>mors</span> <span class='ocrx_word' id='word_1_856' title='bbox 2296 5451 2612 5519; x_wconf 88' lang='lat' dir='ltr'>criminum,</span> <span class='ocrx_word' id='word_1_857' title='bbox 2634 5451 2749 5507; x_wconf 87' lang='lat' dir='ltr'>vita</span> <span class='ocrx_word' id='word_1_858' title='bbox 2776 5451 3065 5520; x_wconf 87' lang='lat' dir='ltr'>virtutum,</span> <span class='ocrx_word' id='word_1_859' title='bbox 3089 5453 3266 5527; x_wconf 82' lang='lat' dir='ltr'>virtus</span> <span class='ocrx_word' id='word_1_860' title='bbox 3287 5473 3540 5528; x_wconf 83' lang='lat' dir='ltr'>pugnan-</span> 
     </span>
    </p>
   </div>
   <div class='ocr_carea' id='block_1_114' title="bbox 268 5542 1860 5616">
    <p class='ocr_par' dir='ltr' id='par_1_114' title="bbox 268 5542 1860 5616">
     <span class='ocr_line' id='line_1_114' title="bbox 268 5542 1860 5616; baseline -0.001 -16"><span class='ocrx_word' id='word_1_861' title='bbox 268 5561 377 5601; x_wconf 88' lang='lat' dir='ltr'>nos</span> <span class='ocrx_word' id='word_1_862' title='bbox 407 5543 557 5600; x_wconf 89' lang='lat' dir='ltr'>idem</span> <span class='ocrx_word' id='word_1_863' title='bbox 586 5543 784 5600; x_wconf 88' lang='lat' dir='ltr'>beatus</span> <span class='ocrx_word' id='word_1_864' title='bbox 824 5544 1146 5616; x_wconf 87' lang='lat' dir='ltr'>Apostolus,</span> <span class='ocrx_word' id='word_1_865' title='bbox 1177 5544 1365 5616; x_wconf 90' lang='lat' dir='ltr'>ipsum</span> <span class='ocrx_word' id='word_1_866' title='bbox 1393 5559 1619 5610; x_wconf 90' lang='lat' dir='ltr'>nomen,</span> <span class='ocrx_word' id='word_1_867' title='bbox 1662 5542 1718 5597; x_wconf 91' lang='lat' dir='ltr'>id</span> <span class='ocrx_word' id='word_1_868' title='bbox 1757 5547 1860 5609; x_wconf 89' lang='lat' dir='ltr'>est,</span> 
     </span>
    </p>
   </div>
   <div class='ocr_carea' id='block_1_115' title="bbox 515 5643 970 5706">
    <p class='ocr_par' dir='ltr' id='par_1_115' title="bbox 515 5643 970 5706">
     <span class='ocr_line' id='line_1_115' title="bbox 515 5643 970 5706; baseline 0.002 -2"><span class='ocrx_word' id='word_1_869' title='bbox 515 5645 776 5706; x_wconf 77' lang='grc' dir='ltr'>ΡΑτιιοι..</span> <span class='ocrx_word' id='word_1_870' title='bbox 815 5643 970 5706; x_wconf 85' lang='lat' dir='ltr'><strong>CXII</strong></span> 
     </span>
    </p>
   </div>
   <div class='ocr_carea' id='block_1_116' title="bbox 1946 5541 3534 5616">
    <p class='ocr_par' dir='ltr' id='par_1_116' title="bbox 1946 5541 3534 5616">
     <span class='ocr_line' id='line_1_116' title="bbox 1946 5541 3534 5616; baseline 0.004 -20"><span class='ocrx_word' id='word_1_871' title='bbox 1946 5541 2108 5608; x_wconf 89' lang='lat' dir='ltr'>tium,</span> <span class='ocrx_word' id='word_1_872' title='bbox 2141 5541 2330 5612; x_wconf 88' lang='lat' dir='ltr'>palma</span> <span class='ocrx_word' id='word_1_873' title='bbox 2355 5542 2647 5610; x_wconf 85' lang='lat' dir='ltr'>victorum,</span> <span class='ocrx_word' id='word_1_874' title='bbox 2681 5542 2868 5598; x_wconf 86' lang='lat' dir='ltr'>anima</span> <span class='ocrx_word' id='word_1_875' title='bbox 2893 5549 3214 5612; x_wconf 79' lang='lat' dir='ltr'>sanctarum</span> <span class='ocrx_word' id='word_1_876' title='bbox 3237 5547 3534 5616; x_wconf 88' lang='lat' dir='ltr'>mentium,</span> 
     </span>
    </p>
   </div>
   <div class='ocr_carea' id='block_1_117' title="bbox 3223 5645 3296 5709">
    <p class='ocr_par' dir='ltr' id='par_1_117' title="bbox 3223 5645 3296 5709">
     <span class='ocr_line' id='line_1_117' title="bbox 3223 5645 3296 5709; baseline 0.055 -4"><span class='ocrx_word' id='word_1_877' title='bbox 3223 5645 3296 5709; x_wconf 74' lang='grc'>41</span> 
     </span>
    </p>
   </div>
  </div>
