3982 6158
537 313 660 373 1291
1139 313 1199 367 Β.
1243 307 1514 366 RABANI
1554 311 1783 367 MAURI
1837 305 2172 364 ARCHIEP.
2215 306 2538 365 MOGUNT.
2581 308 2878 365 OPERUM
2915 310 3098 364 PARS
3137 311 3228 366 Ill.
3598 314 3704 372 l29‘2

522 456 692 496 causa
722 439 1053 494 meritorum
1082 437 1376 505 bonorum,
1397 439 1691 510 praemium
1719 437 2110 511 perfectorum,
2135 437 2181 495 A
2199 441 2370 501 amat,
2387 436 2483 508 qui
2503 435 2694 491 taliter
2713 441 2882 503 amat,
2907 437 3171 508 quoniam
3190 455 3296 493 non
3314 439 3387 494 illi
3401 445 3592 496 tantum
3610 459 3706 514 pro-

521 528 580 584 in
607 528 850 602 peccatis
880 527 998 583 suis
1025 533 1277 583 mortuos
1305 529 1559 594 suscitat,
1579 529 1912 600 languentes
1931 531 2112 591 sanat,
2197 524 2332 580 ximi
2363 526 2539 580 nostri
2567 543 2688 581 esse
2727 526 2990 581 credendi
3031 533 3179 592 sunt,
3211 546 3343 600 quos
3369 528 3512 584 nobis
3542 531 3708 602 gradus

521 619 769 691 perditos
800 617 1098 684 instaurat,
1133 633 1292 688 spem
1321 617 1630 689 desperatis
1667 617 1924 688 inspirat,
1971 614 2117 686 paci-
2197 614 2488 685 sanguinis
2519 615 2727 686 jungit,
2769 615 2864 669 sed
2902 615 3140 686 proximi
3169 617 3337 671 nostri
3363 635 3472 672 esse
3497 620 3706 691 credendi

519 689 652 762 ﬁcat
685 712 922 772 mentes,
963 703 1241 761 inhabitat
1276 706 1564 761 fructuosa
1593 705 1652 760 in
1692 703 2110 778 paenitentibus,
2196 709 2329 757 sunt
2355 720 2550 758 omnes
2579 703 2833 759 homines
2859 711 3073 760 naturae
3101 711 3317 772 nostra,
3338 707 3472 761 sicut
3491 707 3602 773 dixi,
3615 689 3710 780 par-

517 793 647 852 lata
672 795 1106 868 proﬁcientibus,
1140 795 1386 866 gloriosa
1410 795 1468 850 in
1497 793 2000 866 perseverantibus,
2035 793 2113 846 vi-
2195 791 2410 864 ticipes.
2441 792 2470 847 J
2475 810 2566 846 am
2587 793 2632 846 si
2664 793 3006 865 propinquos
3031 799 3266 862 nostros,
3294 797 3524 866 quamvis
3547 796 3710 852 incom-

517 885 758 941 ctoriosa
786 885 846 940 in
865 883 1230 956 martyribus,
1253 901 1486 955 operosa
1511 885 1570 938 in
1596 884 1856 940 omnibus
1885 881 2112 938 omnino
2197 882 2426 952 positos,
2457 887 2650 954 turpes
2695 899 2759 938 ac
2798 884 2942 937 male
2981 875 3246 951 moratos,
3276 885 3547 956 plusquam
3579 903 3711 957 quos-

515 973 792 1028 ﬁdelibus.
813 974 992 1038 Quam
1022 973 1161 1027 ﬁdes
1191 973 1447 1044 concipit.
1475 973 1544 1026 ad
1567 989 1735 1044 quam
1761 988 1888 1044 spes
1915 970 2108 1032 currit,
2194 971 2330 1024 libet
2371 978 2611 1038 sanctos,
2645 989 2784 1043 quos
2821 989 2853 1025 a
2901 971 3060 1026 nobis
3099 973 3396 1027 secundum
3441 975 3709 1044 sanguinem

516 1063 606 1118 cui
637 1062 916 1136 profectus
945 1061 1196 1117 omnium
1232 1061 1428 1128 servit,
1457 1078 1522 1116 ex
1565 1078 1676 1132 qua
1715 1059 1988 1132 quidquid
2027 1064 2113 1114 est
2191 1074 2473 1126 vocamus,
2496 1066 2790 1114 extraneos
2809 1059 3126 1131 diligamus,
3153 1077 3264 1116 non
3284 1062 3451 1116 solum
3470 1062 3712 1118 carnaliter

509 1151 646 1207 boni
683 1152 868 1224 operis
904 1151 1058 1218 vivit,
1100 1150 1204 1206 sub
1243 1167 1356 1222 qua
1391 1149 1711 1206 obedientia
1747 1149 1962 1214 crescit,
2010 1165 2112 1220 per
2191 1147 2497 1219 diligimus,
2529 1149 2627 1204 sed
2665 1150 2834 1203 etiam
2880 1150 3129 1221 graviter
3166 1150 3226 1204 in
3265 1149 3362 1204 tali
3397 1167 3570 1206 eorum
3603 1151 3710 1205 dile-

513 1258 684 1314 quam
714 1241 986 1313 patientia
1006 1240 1194 1306 vincit,
1229 1245 1460 1311 propter
1484 1255 1651 1310 quam
1682 1239 1928 1293 carnalia
1946 1237 2108 1292 blan-
2191 1239 2374 1294 ctione
2411 1255 2728 1310 peccamus.
2763 1239 3001 1293 Proinde
3029 1239 3333 1294 secundum
3361 1256 3454 1294 nos
3489 1239 3712 1312 proximos

510 1330 759 1386 dimenta
787 1330 1006 1385 devotio
1035 1329 1298 1399 religiosa
1329 1328 1655 1390 contemnit,
1688 1327 1808 1381 sine
1840 1343 1950 1398 qua
1980 1327 2108 1381 nul-
2191 1343 2385 1382 omnes
2431 1327 2684 1382 homines
2721 1327 3004 1397 diligimus
3031 1328 3256 1399 quando
3287 1329 3354 1382 ad
3392 1345 3556 1382 mores
3579 1327 3713 1382 bonos

510 1420 598 1475 lus
627 1421 743 1474 Deo
772 1419 999 1491 placuit,
1023 1435 1149 1473 cum
1178 1434 1291 1489 qua
1318 1434 1422 1472 nec
1439 1417 1624 1488 potuit
1651 1416 1854 1488 aliquis
1877 1432 2107 1487 peccare
2188 1421 2245 1471 et
2263 1417 2334 1471 ad
2363 1423 2632 1471 aeternam
2652 1417 2821 1470 vitam
2852 1417 3318 1488 consequendam,
3341 1417 3475 1472 sicut
3489 1416 3623 1471 nobis
3639 1432 3711 1470 eo-

503 1523 613 1564 nec
646 1509 872 1581 poterit.
913 1509 1044 1562 Haec
1073 1513 1158 1561 est
1183 1506 1427 1560 charitas
1461 1523 1610 1571 vera,
1644 1522 1933 1576 germana,
1975 1522 2105 1576 per-
2185 1521 2312 1560 rum
2339 1506 2509 1560 saluti
2537 1505 2897 1572 consulimus,
2922 1506 3146 1576 quando
3165 1523 3269 1561 nos
3299 1524 3395 1578 pro
3423 1523 3594 1561 eorum
3615 1522 3712 1576 pec-

505 1598 671 1665 fecta,
707 1613 874 1669 quam
903 1595 1349 1651 excellentiorem
1393 1595 1539 1649 viam
1576 1595 1833 1648 nominat
1879 1599 2104 1648 sanctus
2187 1596 2324 1650 catis
2355 1612 2419 1650 ac
2447 1595 2710 1667 periculis
2750 1595 3080 1666 cogitamus,
3115 1601 3173 1650 et
3210 1597 3352 1652 sicut
3379 1596 3525 1650 nobis
3556 1594 3711 1650 subve-

506 1687 826 1758 Apostolus,
852 1691 910 1740 et
934 1701 1064 1740 vere
1087 1685 1209 1757 ipsa
1229 1690 1316 1738 est
1343 1675 1433 1738 via
1452 1701 1575 1756 qua;
1605 1684 1760 1738 ducit
1785 1699 1888 1754 per
1906 1700 1966 1737 se
1989 1699 2104 1737 am-
2185 1685 2294 1740 niri
2325 1691 2665 1756 optaremus,
2698 1685 2778 1740 ita
2801 1685 2882 1739 eis
2910 1702 3011 1756 pro
3041 1685 3254 1740 viribus
3273 1685 3615 1750 subvenimus,
3640 1690 3714 1738 aut

506 1775 765 1831 bulantes
791 1775 862 1830 ad
892 1775 1153 1846 patriam,
1180 1773 1312 1846 quia
1339 1773 1484 1828 sicut
1501 1773 1621 1827 sine
1647 1773 1736 1826 via
1763 1774 1952 1828 nullus
1977 1774 2160 1844 per-B
2182 1774 2228 1829 si
2257 1774 2491 1829 facultas
2527 1774 2785 1840 defuerit,
2827 1775 3176 1829 voluntatem
3221 1773 3561 1828 subveniendi
3590 1779 3712 1827 tene-

413 1905 420 1911 .
503 1865 658 1920 venit
685 1881 795 1936 quo
823 1863 1024 1930 tendit,
1058 1863 1139 1917 ita
1173 1863 1293 1918 sine
1331 1861 1624 1928 charitate,
1660 1879 1784 1933 qua;
1825 1862 1976 1917 dicta
2015 1867 2101 1916 est
2181 1863 2686 1935 mus.Quapropter
2703 1863 2820 1918 haec
2840 1869 2926 1917 est
2945 1863 3184 1934 proximi
3206 1863 3559 1928 totadilectio,
3578 1860 3715 1916 utbo-

503 1953 612 2022 via,
645 1969 758 2008 non
805 1952 1092 2008 ambulare
1131 1957 1370 2024 possunt
1406 1952 1680 2018 homines,
1714 1951 1810 2005 sed
1857 1967 2047 2006 errare
2083 1968 2094 2004 :

503 2057 637 2113 ergo
665 2042 712 2097 si
739 2042 1071 2096 chantatem
1101 2041 1217 2095 Deo
1247 2040 1608 2094 exhibeamus
1646 2045 1704 2094 et
1745 2039 1998 2111 proximo
2029 2040 2098 2094 de

501 2131 668 2186 corde
705 2147 848 2202 puro
885 2135 944 2186 et
976 2129 1315 2184 conscientia
1357 2129 1522 2196 bona,
1559 2135 1615 2183 et
1645 2129 1755 2183 ﬁde
1803 2145 1914 2183 non
1946 2130 2093 2198 ﬁcta,

499 2220 660 2275 facile
695 2225 922 2292 peccato
969 2220 1302 2285 resistimus,
1344 2217 1506 2274 bonis
1555 2217 1814 2273 omnibus
1841 2217 2094 2272 abunda-

498 2325 645 2376 mus,
661 2309 848 2364 saeculi
859 2307 1244 2363 blandimenta
1255 2307 1686 2375 contemnimus,
1703 2313 1760 2362 et
1775 2307 1962 2361 omnia
1972 2324 2094 2378 quae

497 2397 747 2454 difﬁcilia
778 2403 911 2452 sunt
949 2398 1210 2453 humana:
1242 2396 1531 2468 fragilitati
1561 2397 1648 2452 vel
1677 2413 1894 2467 aspera,
1922 2396 2092 2452 etiam

495 2503 625 2543 cum
641 2487 1011 2542 delectatione
1027 2487 1347 2558 perﬁcimus
1364 2505 1376 2540 :
1401 2487 1448 2541 si
1465 2491 1654 2542 tamen
1667 2485 1892 2540 Domini
1915 2486 2094 2540 chari-

2179 1969 2315 2008 num
2347 1953 2495 2024 quod
2532 1952 2636 2006 tibi
2684 1951 2922 2006 conferri
2970 1951 3070 2019 vis,
3111 1952 3250 2007 velis
3287 1958 3343 2007 et
3385 1952 3623 2024 proximo.
3648 1950 3714 2005 Illi

2179 2059 2309 2097 vero
2327 2043 2454 2114 plus
2473 2059 2641 2113 quam
2667 2059 2726 2096 se
2742 2042 2986 2112 diligunt
2995 2042 3192 2108 Deum,
3215 2042 3311 2113 qui
3326 2059 3424 2113 pro
3442 2042 3552 2112 ejus
3565 2055 3715 2095 amona

2179 2148 2294 2186 sua:
2313 2131 2384 2185 ad
2397 2136 2619 2202 tempus
2640 2131 2806 2185 saluti
2828 2147 2940 2185 non
2960 2137 3220 2202 parcunt,
3237 2131 3444 2203 seipsos
3458 2129 3716 2185 tribulatio-

2177 2219 2343 2276 nibus
2372 2236 2435 2274 ac
2461 2219 2721 2291 periculis
2750 2220 3002 2286 tradunt,
3027 2220 3232 2275 nudari
3265 2219 3598 2276 facultatibus
3620 2233 3718 2290 pro-

2177 2309 2333 2381 priis,
2366 2309 2562 2380 patriae
2590 2326 2704 2363 suae
2734 2314 2980 2364 extorres
3010 2309 3150 2376 ﬁeri,
3187 2309 3506 2380 parentibus
3535 2315 3585 2362 et
3609 2323 3716 2362 uxo-

2177 2399 2331 2453 ribus
2351 2415 2416 2453 ac
2443 2398 2573 2452 ﬁliis
2599 2399 2716 2452 suis
2745 2399 3071 2452 renuntiare
3093 2398 3284 2470 parati
3312 2405 3456 2463 sunt,
3488 2403 3554 2464 et,
3581 2401 3634 2452 ut
3652 2400 3718 2450 to-

2175 2492 2296 2542 tum
2323 2488 2524 2554 dicam,
2549 2486 2728 2558 ipsam
2761 2488 3010 2558 corporis
3029 2492 3275 2542 mortem
3306 2505 3418 2542 non
3445 2487 3606 2542 solum
3628 2499 3715 2539 non

373 3493 384 3516 κ
485 3465 714 3521 tutum?
741 3465 1009 3520 Ordinem
1033 3464 1349 3520 dilectionis
1373 3464 1454 3519 illi
1474 3469 1819 3537 pervertunt,
1835 3481 1938 3520 nec
1965 3483 2082 3520 mo-

491 2583 611 2632 tate
639 2577 905 2649 perfecta,
941 2593 1064 2648 quae
1099 2575 1260 2630 nobis
1289 2575 1360 2630 ab
1387 2575 1484 2630 illo
1513 2581 1614 2641 est,
1660 2592 1725 2630 ex
1753 2579 1872 2630 toto
1901 2575 2084 2642 corde,

494 2682 561 2721 ex
589 2671 710 2721 tota
756 2665 949 2720 anima
977 2671 1035 2720 et
1071 2682 1137 2720 ex
1163 2665 1298 2719 totis
1329 2663 1542 2719 viribus
1571 2664 1892 2735 diligamus,
1929 2682 1995 2718 ex
2023 2680 2091 2719 ea

493 2755 645 2810 enim
674 2760 834 2826 parte
863 2753 988 2825 quis
1019 2758 1230 2824 peccat,
1251 2770 1318 2808 ex
1345 2770 1458 2824 qua
1485 2753 1672 2810 minus
1687 2753 1872 2824 diligit
1885 2755 2084 2809 Deum.

493 2840 673 2908 Quem
711 2843 759 2898 si
789 2861 855 2897 ex
882 2847 1001 2898 toto
1033 2843 1199 2898 corde
1241 2843 1558 2914 diligamus,
1595 2843 1737 2898 nihil
1776 2843 1884 2898 erit
1925 2842 2086 2898 nobis

491 2931 642 2986 unde
665 2931 878 3005 peccati
906 2931 1200 2986 desideriis
1227 2932 1554 2994 serviamus,
1585 2937 1642 2986 et
1667 2932 1800 3004 quid
1831 2937 1918 2987 est
1957 2932 2086 2986 dili-
2173 2953 2194 2984 ι
2231 2933 2486 2986 ordinate
2533 2932 2590 2986 in
2623 2949 2713 2986 me
2759 2933 3112 2998 charitatem,
3149 2952 3172 2984 ι
3222 2939 3290 2987 ut
3329 2933 3470 2987 sicut
3505 2930 3718 2985 ordinata

489 3037 624 3091 gere
665 3021 865 3087 Deum,
906 3020 1016 3074 nisi
1053 3019 1135 3074 illi
1179 3037 1450 3092 occupare
1487 3021 1760 3087 animum,
1793 3021 2086 3093 concipere
2167 3021 2410 3075 charitas
2456 3021 2652 3092 poscit,
2693 3021 2872 3075 Deum
2916 3021 3306 3092 principaliter
3349 3021 3638 3091 diligamus,
3675 3021 3718 3070 et

490 3107 740 3164 fruendae
755 3109 980 3163 visionis
999 3109 1122 3179 ejus
1133 3108 1415 3176 affectum,
1433 3109 1645 3180 peccati
1657 3109 1868 3176 odium,
1887 3111 2082 3164 mundi
2105 3096 2148 3154 C
2168 3116 2396 3182 prapter
2422 3109 2606 3181 ipsum
2641 3110 2695 3163 in
2726 3110 2846 3182 ipso
2884 3127 2950 3164 ea
2978 3127 3102 3180 quae
3131 3110 3420 3182 diligenda
3445 3115 3581 3172 sunt,
3617 3112 3714 3160 tan-

486 3197 793 3263 fastidium,
813 3197 1044 3267 diligere
1063 3197 1232 3252 etiam
1260 3197 1592 3268 proximum,
1619 3214 1784 3269 quem
1805 3197 1924 3270 ipse
1951 3215 2083 3254 cen-
2164 3203 2284 3254 tum
2317 3203 2588 3270 quantum
2629 3199 2747 3270 ipse
2778 3199 3048 3270 praecipit,
3090 3199 3416 3270 diligamus.
3447 3199 3562 3270 Ipse
3598 3194 3716 3250 enim

489 3287 604 3342 suit
627 3287 998 3358 diligendum,
1037 3285 1094 3340 in
1124 3285 1246 3358 ipso
1277 3302 1468 3340 amore
1508 3303 1730 3341 servare
1768 3287 2080 3358 legitimum
2165 3289 2418 3360 praecipit
2445 3293 2509 3342 ut
2543 3304 2778 3359 corpora
2805 3293 2996 3342 nostra
3040 3293 3276 3360 propter
3321 3305 3440 3348 nos.
3483 3285 3716 3358 proximos

489 3376 736 3442 modum,
766 3391 870 3430 nec
894 3381 1212 3447 pervertere
1249 3375 1562 3430 dilectionis
1590 3375 1843 3430 ordinem
1873 3378 2081 3432 consti-
2164 3377 2309 3432 sicut
2336 3394 2457 3444 nos,
2485 3382 2543 3431 et
2577 3377 2762 3448 ipsum
2793 3377 2916 3447 plus
2947 3393 3118 3448 quam
3161 3393 3270 3432 nos
3297 3376 3522 3447 diligere
3558 3371 3718 3428 debea-

2163 3483 2308 3533 mus,
2341 3467 2422 3521 ita
2447 3482 2601 3528 sane,
2633 3471 2698 3520 ut
2725 3465 2824 3528 eis,
2859 3482 2997 3537 quos
3036 3465 3195 3520 nobis
3239 3465 3626 3536 coniunctiores
3659 3461 3718 3514 fa-

2160 3555 2456 3610 miliaritas
2501 3555 2652 3621 facit,
2685 3555 2732 3609 si
2779 3571 2876 3609 eos
2914 3555 3066 3609 fama
3101 3571 3212 3609 non
3255 3554 3513 3627 reprobat
3545 3557 3595 3606 et
3628 3549 3718 3604 vita

2160 3645 2642 3712 commendat,nos
2661 3645 2903 3716 amplius
2925 3644 3341 3714 impendamus,
3364 3641 3598 3697 omnium
3619 3654 3718 3711 pro-

2159 3733 2353 3800 fectus,
2377 3739 2598 3789 nostros
2619 3751 2740 3788 esse
2757 3733 3070 3799 credamus,
3096 3737 3153 3787 et
3169 3733 3242 3787 de
3262 3732 3500 3787 aliorum
3517 3726 3718 3804 peccatis

2159 3827 2429 3894 tanquam
2472 3823 2541 3877 de
2586 3823 2794 3877 nostris
2843 3821 3284 3877 misericorditer
3314 3822 3610 3893 lugeamus.
3632 3817 3717 3888 {Sic

2159 3927 2292 3982 ergo
2317 3918 2554 3983 possunt
2581 3912 2640 3966 in
2670 3912 2775 3965 hac
2803 3912 2920 3966 vita
2961 3911 3041 3965 illi
3065 3927 3188 3966 esse
3217 3911 3470 3982 perfecti,
3502 3909 3590 3980 qui
3613 3921 3716 3980 per-

2157 4000 2298 4054 fecte
2327 4000 2570 4071 diligunt
2593 4001 2792 4066 Deum,
2815 4005 2873 4055 et
2898 4000 2980 4054 illi
3009 4001 3190 4055 Deum
3219 4000 3464 4072 perfecte
3491 3999 3714 4069 diligunt,

2161 4089 2257 4160 qui
2286 4089 2520 4144 volendo
2563 4089 2712 4161 quod
2738 4089 2859 4144 vult
2891 4090 3058 4156 Deus,
3095 4095 3152 4144 et
3181 4089 3426 4144 nolendo
3454 4085 3592 4160 quod
3627 4097 3716 4139 non

2157 4178 2296 4245 vult,
2343 4194 2446 4232 nec
2483 4177 2614 4232 ullis
2652 4178 2894 4250 peccatis
2941 4177 3144 4249 quibus
3179 4178 3483 4233 offenditur
3525 4173 3718 4246 acquie-

2173 2577 2476 2646 refugiunt,
2511 2576 2608 2630 sed
2638 2575 2808 2630 etiam
2846 2576 3086 2631 libenter
3126 2577 3428 2648 excipiunt,
3458 2575 3716 2630 ambientes

2171 2683 2205 2720 a
2229 2665 2482 2736 corporis
2507 2665 2594 2719 sui
2619 2665 2734 2719 vita
2756 2666 2935 2736 magis
2957 2683 3126 2736 quam
3147 2683 3182 2720 a
3211 2667 3331 2721 Deo
3361 2667 3469 2721 vita
3491 2665 3602 2719 vita:
3629 2679 3716 2718 sua:

2170 2754 2474 2809 discedere.
2505 2755 2617 2809 Iste
2643 2754 2819 2825 igitur
2841 2753 3002 2809 nobis
3030 2755 3348 2810 dilectionis
3376 2754 3504 2810 ordo
3529 2767 3715 2808 servan-

2169 2844 2274 2899 dus
2317 2850 2422 2910 est,
2452 2845 2613 2914 juxta
2647 2843 2786 2898 illud
2836 2845 2984 2914 quod
3037 2843 3176 2898 dicit
3233 2844 3470 2916 Spiritus
3511 2847 3714 2906 sanctus,

485 3554 621 3610 dum
656 3553 924 3625 diligendi
967 3553 1308 3622 custodiunt,
1359 3554 1455 3624 qui
1494 3553 1788 3620 mundum,
1821 3555 1914 3624 qui
1945 3572 2079 3609 con-

481 3644 818 3698 temnendus
847 3649 950 3710 est,
983 3642 1226 3712 diligunt
1253 3647 1354 3696 aut
1383 3659 1618 3714 corpora
1645 3659 1749 3698 sua
1779 3642 1965 3697 minus
1993 3643 2076 3707 di-

481 3729 726 3804 ligenda,
763 3733 890 3804 plus
932 3731 1192 3803 diligunt,
1225 3737 1324 3786 aut
1362 3732 1645 3803 proximos
1693 3731 1838 3786 sicut
1867 3731 2079 3804 seipsos

481 3827 582 3878 aut
607 3823 786 3878 Deum
817 3822 1114 3894 plusquam
1139 3820 1350 3893 seipsos
1379 3821 1522 3876 forte
1550 3837 1664 3876 non
1691 3821 1951 3892 diligunt.
1969 3821 2077 3876 Sed

479 3911 550 3966 de
579 3911 809 3976 mundo,
853 3909 1000 3982 quod
1030 3909 1188 3981 diligi
1225 3911 1455 3965 omnino
1497 3926 1610 3964 non
1649 3909 1868 3977 debeat,
1901 3909 2078 3981 ipsius

481 3999 706 4056 Domini
732 3999 911 4054 nostri
931 4015 1033 4071 per
1059 4004 1316 4070 sanctum
1341 4001 1614 4054 Joannem
1637 3999 1954 4070 apostolum
1975 4003 2076 4055 vo'x

481 4093 570 4146 est
593 4088 829 4144 dicentis
861 4105 872 4142 :
913 4109 935 4140 ε
972 4088 1158 4143 Nolite
1187 4087 1420 4159 diligere
1443 4087 1716 4143 mundum
1749 4089 1799 4154 (Ι
1821 4089 1982 4142 Joan.
2013 4105 2071 4157 ll,

483 4176 590 4247 15),
628 4195 656 4231 ι
687 4179 903 4248 Corpus
921 4182 1112 4230 autem
1134 4181 1410 4243 nostrum,
1445 4177 1580 4248 quia
1607 4194 1738 4248 pars
1764 4176 1942 4232 nostri
1971 4182 2072 4246 est,

479 4267 550 4322 ad
581 4267 685 4322 hoc
711 4265 873 4322 nobis
903 4271 988 4322 est
1023 4265 1393 4337 diligendum,
1425 4271 1490 4322 ut
1518 4266 1685 4320 saluti
1719 4266 1843 4338 ejus
1872 4283 1936 4322 ac
1963 4265 2078 4322 fra-
2159 4272 2342 4333 scunt,‘
2365 4273 2423 4321 et
2460 4264 2682 4338 semper
2721 4283 2780 4321 se
2809 4265 2880 4322 ad
2909 4265 3144 4322 virtutes
3173 4284 3317 4338 quas
3345 4267 3464 4338 ipse
3487 4265 3718 4334 dignatur

479 4355 686 4427 gilitati
707 4355 1044 4412 naturaliter
1069 4355 1429 4410 consulamus
1449 4361 1507 4411 et
1535 4371 1771 4426 agamus
1799 4361 2076 4428 quatenus
2157 4356 2368 4412 donare
2401 4356 2716 4429 diligendus
2754 4361 2813 4410 et
2849 4354 3136 4410 habendas
3164 4355 3490 4412 extendunt.
3520 4353 3586 4410 Hi
3610 4353 3720 4407 sunt

479 4444 702 4518 spiritui
751 4445 1009 4502 ordinate
1049 4443 1359 4516 subjectam
1390 4444 1462 4499 ad
1507 4449 1777 4500 aeternam
1813 4443 2138 4513 salutem,D
2157 4446 2252 4517 qui
2283 4445 2473 4500 omnia
2511 4444 2678 4514 bona,
2711 4462 2837 4516 quae
2860 4443 3096 4516 implere
3123 4445 3431 4516 potuerint,
3463 4441 3531 4498 ab
3563 4441 3716 4496 illose

479 4541 708 4606 accepta
759 4533 1183 4589 immortalitate
1231 4538 1288 4589 et
1329 4531 1747 4604 incorruptione
1783 4533 2074 4605 perveniat
2152 4535 2375 4607 adjutos
2402 4539 2466 4590 ut
2492 4533 2709 4606 possint
2733 4533 3007 4590 veraciter
3028 4534 3285 4603 credunt,
3319 4530 3578 4606 quidquid
3604 4525 3717 4584 mali

478 4631 593 4679 non
611 4623 729 4678 suis
755 4623 1134 4696 voluptatibus
1157 4622 1461 4678 difﬂuendo
1481 4621 1682 4678 animae
1701 4622 1946 4694 rigorem
1966 4623 2073 4678 sibi
2154 4621 2552 4692 commiserint,
2593 4622 2726 4677 vitio
2767 4639 2884 4678 sum
2917 4623 3222 4678 voluntatis
3255 4621 3556 4684 ascribunt,
3585 4615 3717 4691 quid-

479 4711 728 4769 cedentis
766 4711 1034 4778 emolliat,
1075 4711 1380 4784 puritatem
1425 4712 1657 4784 polluat,
1694 4717 1752 4768 et
1781 4717 1960 4768 totam
1986 4712 2073 4768 di-
2156 4713 2291 4786 quid
2323 4711 2456 4768 boni
2500 4727 2612 4768 non
2644 4711 2931 4786 potuerint
2953 4711 3208 4783 implere,
3243 4711 3514 4766 abillo'ut
3531 4703 3715 4781 possint

477 4801 752 4874 gnitatem
781 4817 896 4857 sum
923 4801 1310 4858 delectationis
1339 4800 1536 4857 morbo
1558 4806 1900 4874 corrumpat.
1935 4802 2074 4858 Pro-
2150 4802 2367 4875 jugiter
2380 4807 2599 4874 petunt,
2620 4817 2746 4856 cum
2764 4801 3053 4874 potuerint
3070 4801 3150 4856 illi
3162 4799 3381 4872 gratias
3393 4803 3578 4872 agunt,
3593 4795 3714 4850 bona

477 4892 656 4948 ximos
693 4895 883 4946 autem
909 4895 1044 4946 tunc
1084 4890 1372 4963 diligimus
1399 4889 1544 4946 sicut
1570 4906 1692 4958 nos,
1725 4889 1774 4946 si
1799 4906 1912 4946 non
1942 4907 2074 4964 pro-
2156 4891 2278 4964 ejus
2306 4907 2431 4963 quae
2471 4890 2683 4946 fuerint
2712 4890 2996 4947 consecuti
3024 4890 3197 4946 etiam
3237 4889 3365 4946 aliis
3391 4883 3614 4944 conferri
3643 4897 3714 4938 so-

476 4986 602 5054 pter
633 4981 850 5053 aliquas
879 4980 1154 5037 utilitates
1180 4985 1420 5046 nostras,
1449 4995 1562 5036 non
1592 4985 1822 5052 propter
1849 4987 2074 5052 sperata
2154 4980 2374 5036 cialiter
2400 4981 2594 5036 volunt
2621 4985 2678 5035 et
2699 4997 2878 5052 usque
2904 4977 2964 5034 in
2992 4996 3125 5034 suos
3150 4979 3410 5036 inimicos
3435 4971 3711 5032 dilectionis

477 5070 748 5130 beneﬁcia
761 5070 847 5126 vel
861 5075 1107 5143 accepta,
1122 5085 1236 5125 non
1256 5074 1484 5142 propter
1507 5069 1810 5126 afﬁnitates
1828 5076 1928 5126 aut
1945 5086 2074 5125 con-

476 5161 906 5234 sanguinitates,
950 5159 1047 5215 sed
1077 5164 1307 5230 propter
1350 5159 1456 5214 hoc
1492 5163 1714 5215 tantum
1753 5159 1901 5231 quod
1942 5165 2074 5215 sunt

477 5257 694 5308 naturae
723 5250 927 5306 nostra:
957 5249 1256 5322 participes
1289 5249 1612 5319 diligamus,
1645 5247 1779 5320 quia
1821 5265 1934 5303 non
1977 5265 2070 5304 eos

473 5339 620 5395 sicut
645 5356 746 5396 nos
773 5341 923 5412 ipsos
949 5355 1224 5406 amamus,
1255 5339 1478 5410 quando
1520 5344 1750 5410 propter
1776 5337 1874 5392 illa
1901 5355 2070 5409 supe-

477 5427 596 5483 rius
615 5429 764 5483 dicta
782 5429 1088 5499 diligimus.
1111 5430 1304 5500 Neque
1328 5427 1477 5482 enim
1499 5427 1622 5482 ideo
1645 5444 1703 5481 se
1721 5427 1910 5497 diligit.
1923 5427 2072 5498 quis-

477 5532 604 5586 que,
638 5516 769 5588 quia
799 5517 902 5571 sibi
928 5519 1102 5572 frater
1131 5522 1229 5572 aut
1253 5534 1428 5584 soror,
1461 5521 1622 5588 pater
1641 5521 1740 5572 aut
1757 5516 1924 5585 ﬁlius,
1947 5533 2068 5572 ma-

473 5611 563 5662 ter
589 5611 690 5662 aut
720 5604 851 5673 ﬁlia,
875 5623 1046 5680 nepos
1067 5612 1164 5661 aut
1195 5606 1377 5678 neptis
1399 5612 1501 5672 est,
1535 5606 1836 5661 carnaliter
1863 5606 2069 5678 quippe

2154 5087 2268 5128 suae
2311 5069 2665 5124 latitudinem
2711 5069 3080 5142 porrigentes,
3119 5068 3225 5124 hoc
3270 5083 3466 5123 omnes
3509 5063 3710 5136 cupiunt

2153 5176 2275 5214 esse
2304 5160 2451 5230 quod
2481 5159 2590 5230 ipsi
2618 5164 2768 5214 sunt.
2802 5159 3006 5214 Omnia
3023 5157 3215 5229 igitur,
3243 5157 3415 5228 hujus
3441 5155 3613 5226 gratia
3633 5165 3710 5220 ge-

2151 5249 2327 5304 renda
2355 5247 2780 5320 appetendaque
2823 5253 2957 5302 sunt
2999 5245 3178 5313 nobis,
3211 5263 3312 5318 pro
3353 5246 3458 5299 hac
3496 5240 3702 5314 jejunis,

2150 5339 2386 5409 vigilias,
2411 5337 2630 5392 labores
2657 5337 2924 5410 corporis,
2958 5337 3286 5401 nuditatem,
3319 5335 3600 5390 lectionem
3624 5345 3704 5384 ce-

2149 5434 2410 5499 terasque
2451 5427 2681 5482 virtutes
2726 5425 2930 5482 debere
2960 5426 3370 5497 nos-suscipere
3396 5421 3698 5479 noverimus,

2150 5523 2214 5574 ut
2242 5517 2456 5572 scilicet
2481 5533 2582 5588 per
2620 5517 2742 5570 illas
2772 5515 2842 5570 ab
2882 5516 3155 5571 universis
3182 5512 3525 5588 passionibus
3552 5505 3701 5564 noxiis

2150 5608 2602 5678 illaasum'parare
2625 5623 2722 5662 cor
2740 5613 2992 5661 nostrum
3016 5612 3074 5662 et
3090 5619 3413 5662 conservare
3430 5598 3693 5674 possimus,
