3982 6158
227 378 368 437 1293
1313 415 1326 438 ι
1471 385 1564 438 DE
1603 384 1818 440 PURlT

1901 385 1959 439 Ὲ
1997 384 2277 440 CORDIS.
3367 384 3502 442 1294

223 511 280 558 et
319 504 387 558 ad
428 502 823 575 perfectionem
875 503 1163 558 charitatis
1208 505 1331 559 istis
1379 506 1648 576 gradibus
1682 507 1888 565 inni-A
1911 507 2055 560 stola
2083 524 2186 560 sua
2215 504 2508 575 descripsit
2534 504 2722 558 dicens
2754 523 2764 556 :
2797 523 2819 555 ι
2854 505 2978 558 Non
3016 506 3165 560 enim
3199 508 3347 578 quod
3377 509 3501 564 volo

219 594 392 648 tendo
420 593 889 659 conscendere,et
905 609 1017 647 non
1039 601 1270 665 prapter
1284 596 1386 650 has
1416 596 1816 661 observantias,
1906 597 2046 651 facio
2071 593 2311 662 bonum;
2348 595 2442 648 sed
2467 595 2612 664 quod
2636 594 2728 646 odi
2772 595 3002 661 malum,
3051 595 3152 649 hoc
3186 612 3291 666 ago
3344 598 3496 664 (θον.

221 682 268 735 si
297 682 441 736 forte
471 681 711 735 honesta
733 698 797 735 ac
816 683 1132 736 necessaria
1146 685 1510 756 occupatione
1527 685 1816 756 prazventi,
1905 703 1998 751 vn,
2041 685 2120 754 l5)
2147 705 2158 747 ;
2185 705 2210 737 ι)
2245 685 2328 738 vel
2352 684 2488 738 illud
2517 702 2526 735 :
2559 702 2583 731 «
2611 683 2666 736 Si
2688 689 2874 737 autem
2900 683 3046 752 quod
3067 685 3187 738 volo
3208 685 3312 738 hoc
3335 685 3497 753 facio,

221 769 637 824 solemnitatem
657 770 1024 826 districtionis
1045 779 1250 828 nostra;
1267 791 1378 828 non
1399 775 1707 846 poterimus
1723 775 1824 828 im-
1900 775 2018 844 jam
2048 791 2159 828 non
2189 791 2294 843 ego
2323 790 2524 844 operor
2571 773 2726 838 illud,
2759 773 2858 825 sed
2896 773 3042 842 quod
3085 773 3296 829 habitat
3323 775 3380 828 in
3409 791 3500 830 me

219 859 394 930 plere,
431 858 744 913 incidamus
772 859 829 913 in
859 860 1167 928 tristitiam,
1210 863 1294 916 vel
1321 863 1483 930 iram,
1518 863 1631 917 sive
1674 863 1822 917 indi-

219 947 570 1017 gnationem,
601 947 671 1000 ob
701 963 825 1019 quae
845 950 1234 1020 expugnanda,
1258 951 1396 1005 illud
1415 952 1561 1022 quod
1591 956 1823 1022 praeter—

221 1036 459 1090 missum
487 1041 573 1090 est
603 1036 890 1091 fueramus
914 1039 1113 1093 acturi.
1147 1040 1271 1094 Non
1303 1041 1454 1094 enim
1483 1047 1569 1094 est
1599 1046 1822 1094 tantum

219 1125 441 1180 lucrum
449 1126 670 1196 jejunii,
686 1133 960 1197 quantum
979 1128 1076 1182 irae
1097 1129 1455 1200 dispendium
1475 1149 1487 1198 ;
1509 1147 1610 1184 nec
1629 1135 1823 1184 tantus

218 1214 462 1270 lectione
490 1215 710 1286 capitur
734 1215 968 1282 fructus,
986 1223 1258 1288 quantum
1280 1224 1606 1290 contemptu
1636 1218 1822 1273 fratris

217 1303 532 1359 incurritur
565 1304 987 1360 detrimentum.
1023 1307 1100 1360 Ea
1143 1307 1316 1377 igitur
1362 1326 1485 1380 quae
1529 1308 1823 1380 sequentia

216 1398 373 1459 sunt,
409 1393 466 1447 id
496 1399 599 1458 est,
627 1395 862 1464 jejunis,
896 1395 1499 1466 vigilizemnachoresis,
1529 1397 1820 1452 meditatio

216 1481 637 1552 Scripturarum
669 1488 899 1554 prOpter
923 1483 1290 1556 principalem
1335 1503 1586 1556 scopum,
1620 1486 1679 1540 id
1711 1491 1814 1552 est,

210 1570 522 1642 puritatem
565 1572 766 1637 cordis,
801 1573 1066 1642 quodest
1113 1574 1374 1638 Charitas,
1425 1592 1528 1629 nos
1559 1575 1820 1630 convenit

211 1675 491 1726 exercere,
525 1666 583 1714 et
613 1678 722 1714 non
756 1667 985 1733 propter
1015 1662 1112 1718 illa
1141 1663 1503 1734 principalem
1526 1665 1670 1718 hanc
1693 1682 1817 1735 pro-

209 1749 444 1814 turbare
476 1750 757 1816 virtutem,
794 1751 925 1822 quia
955 1751 1115 1805 nobis
1145 1752 1366 1823 integra
1407 1753 1691 1824 illaesaque
1717 1754 1816 1807 du-

1906 869 2193 934 peccatum
2223 865 2382 929 (Ibid.
2416 880 2465 916 υ.
2510 863 2590 929 15)
2621 881 2632 928 ;
2665 881 2690 914 ι)
2713 862 2798 914 vel
2819 862 2967 932 quod
2991 863 3277 934 sequitur:
3307 884 3330 915 ι
3359 865 3504 919 Con-

1907 953 2153 1007 delector
2183 953 2332 1006 enim
2355 952 2464 1022 legi
2494 951 2593 1006 Dei
2618 951 2924 1005 secundum
2957 951 3280 1006 interiorem
3315 953 3500 1007 homi-

1905 1059 2054 1107 nem,
2091 1041 2248 1095 video
2293 1047 2481 1094 autem
2530 1040 2700 1094 aliam
2747 1040 2927 1110 legem
2968 1040 3024 1094 in
3064 1040 3330 1095 membris
3361 1041 3499 1096 meis

1905 1136 2314 1202 repugnantem
2347 1129 2454 1199 legi
2483 1129 2688 1183 mentis
2717 1146 2876 1196 meae,
2909 1134 2967 1184 et
2993 1130 3274 1202 captivum
3291 1147 3380 1185 me
3399 1131 3500 1187 du-

1904 1227 2123 1274 centem
2161 1219 2218 1272 in
2249 1218 2371 1288 lege
2406 1219 2638 1289 peccati,
2673 1234 2796 1289 quae
2831 1223 2918 1272 est
2956 1218 3013 1272 in
3059 1219 3328 1273 membris
3359 1220 3499 1274 meis

1908 1310 2091 1377 (Ibz'd.,
2124 1326 2173 1362 υ.
2201 1305 2290 1373 22,
2318 1305 2428 1376 23).
2467 1327 2488 1357 ι
2521 1307 2655 1370 Quae
2682 1306 2814 1360 licet
2840 1307 3162 1362 testimonia
3183 1307 3411 1379 quidam
3432 1325 3499 1364 ex

1903 1403 2258 1470 peccatorum
2286 1412 2527 1468 persona
2559 1413 2687 1450 eum
2727 1395 2930 1450 dixisse
2970 1395 3334 1464 arbitrentur,
3365 1415 3500 1470 per-

1902 1488 2155 1558 spicuum
2199 1492 2284 1540 est
2328 1490 2681 1556 peccatorum
2723 1501 2974 1555 personae
3017 1485 3134 1538 hzec
3178 1503 3290 1540 non
3334 1491 3498 1558 posse

1901 1576 2238 1630 omnimodis
2267 1574 2578 1640 convenire,
2609 1573 2703 1627 sed
2743 1573 2812 1628 ad
2841 1574 2987 1628 solos
3015 1591 3138 1645 quae
3191 1574 3343 1629 dicta
3365 1580 3499 1631 sunt

1899 1665 2141 1719 attinere
2191 1664 2482 1736 perfectos,
2531 1669 2587 1716 et
2624 1680 2818 1716 eorum
2863 1669 3080 1717 tantum
3125 1663 3220 1734 qui
3265 1665 3500 1734 Aposto-

1896 1753 2078 1808 lorum
2120 1753 2325 1807 merita
2365 1751 2786 1822 subsequuntur
2833 1768 3142 1822 congruere
3189 1753 3495 1808 sanctitati.

210 1844 379 1892 rante
398 1839 535 1892 nihil
565 1839 762 1904 oberit,
790 1839 837 1893 si
889 1841 1102 1911 aliquid
1131 1859 1324 1895 eorum
1355 1860 1477 1913 quae
1522 1843 1816 1913 sequentia
1831 1869 1876 1928 B
1899 1845 2175 1898 Caeterum
2209 1859 2317 1912 quo
2340 1846 2500 1912 pacto
2521 1841 2625 1894 hoc
2644 1845 2999 1910 peccatorum
3022 1858 3273 1912 personae
3291 1842 3501 1912 poterit

211 1933 369 1990 sunt,
398 1945 498 1998 pro
512 1928 846 1982 necessitate
875 1929 1046 1983 fuerit
1061 1931 1521 2000 pratermissum,
1540 1931 1814 2002 siquidem

213 2033 320 2071 nec
348 2017 600 2088 proderit
635 2017 897 2072 universa
939 2018 1154 2085 fecisse,
1193 2021 1460 2092 adempta
1501 2021 1606 2074 hac
1645 2037 1815 2092 quam

214 2106 459 2160 diximus
491 2107 785 2179 principali
801 2124 988 2175 causa,
1021 2109 1182 2178 cujus
1209 2110 1442 2164 obtentu
1475 2117 1607 2164 sunt
1625 2109 1816 2164 omnia

214 2196 559 2268 peragenda.
579 2197 681 2250 Hic
709 2213 842 2267 ergo
862 2196 1022 2252 nobis
1051 2198 1374 2270 principalis
1395 2199 1560 2254 debet
1580 2217 1701 2253 esse
1731 2216 1818 2254 co-

211 2290 408 2350 natus,
439 2287 556 2340 hzec
584 2286 888 2340 immobilis
914 2286 1214 2342 destinatio
1234 2288 1416 2342 cordis
1441 2289 1654 2359 jugiter
1680 2289 1815 2342 aﬁ‘e-

211 2375 440 2440 ctanda,
474 2381 539 2429 ut
565 2375 766 2430 divinis
793 2375 959 2430 rebus
991 2393 1055 2430 ac
1068 2377 1184 2431 Deo
1207 2395 1365 2432 mens
1389 2395 1610 2449 semper
1641 2379 1815 2434 inhae-

207 2469 357 2530 reat,
392 2463 663 2534 quidquid
694 2463 764 2518 ab
800 2465 906 2519 hac
933 2465 1214 2520 diversum
1265 2474 1368 2532 est,
1415 2467 1669 2538 quamvis
1694 2484 1812 2521 ma-

204 2569 410 2624 gnum,
425 2553 732 2607 secundum
752 2558 942 2608 tamen
955 2559 1056 2608 aut
1075 2555 1246 2609 etiam
1266 2555 1525 2609 inﬁmum
1545 2573 1644 2609 seu
1664 2563 1814 2610 certe

207 2641 444 2696 noxium
469 2642 838 2712 judicandum
869 2649 972 2697 est.
1007 2645 1190 2714 Hujus
1215 2644 1423 2698 mentis
1442 2645 1526 2698 vel
1558 2650 1715 2698 actus
1744 2646 1811 2699 ﬁ-

207 2746 360 2801 gura
389 2730 558 2785 etiam
601 2731 658 2785 in
699 2733 996 2802 Evangelia
1020 2750 1120 2804 per
1148 2735 1430 2788 Martham
1458 2735 1545 2788 vel
1575 2734 1810 2788 Mariam

209 2819 593 2890 pulcherrime
641 2820 969 2891 designatur
1014 2824 1160 2889 (Luc.
1213 2839 1267 2889 x,
1327 2821 1439 2893 41).
1474 2825 1616 2878 Cum
1661 2823 1809 2877 enim

208 2908 439 2963 Martha
455 2915 650 2964 sancto
665 2909 860 2980 utique
879 2909 1192 2965 ministerio
1209 2912 1515 2966 deserviret
1532 2918 1596 2966 ut
1606 2912 1807 2984 potuit.

208 3013 340 3069 quae
359 2998 465 3070 ipsi
489 2999 728 3054 Domino
749 3000 982 3070 ejusque
1005 3000 1291 3072 discipulis
1311 3001 1810 3068 ministrabat,Ma-

207 3089 299 3142 ria
320 3087 562 3158 spiritali
591 3091 982 3144 tantummodo
1011 3089 1229 3144 intenta
1257 3090 1542 3158 doctrinae,
1569 3092 1596 3145 J
1603 3108 1700 3145 esu
1720 3107 1812 3162 pe-

1897 1933 2193 1987 convcnire
2225 1931 2372 2002 quod
2399 1929 2623 1996 dicitur,
2654 1950 2674 1979 ι
2710 1947 2820 1982 non
2850 1930 3000 1983 enim
3026 1931 3174 2000 quod
3203 1931 3324 1984 volo
3356 1931 3496 1986 facio

1896 2022 2125 2088 bonum,
2159 2021 2254 2074 sed
2288 2019 2435 2090 quod
2466 2018 2557 2072 odi
2589 2019 2800 2073 malum
2835 2019 2936 2072 hoc
2963 2036 3088 2088 ago,
3126 2039 3150 2070 »
3182 2019 3279 2072 sed
3313 2037 3496 2091 neque

1895 2111 2033 2165 illud
2067 2110 2200 2182 quid
2221 2114 2324 2172 est,
2359 2109 2506 2180 quod
2534 2107 2632 2173 ait,
2661 2128 2682 2158 α
2725 2107 2773 2161 si
2802 2113 2990 2162 autem
3021 2108 3168 2178 quod
3217 2109 3345 2161 nolo
3392 2108 3496 2164 hoc

1897 2201 2056 2265 facio,
2083 2201 2202 2270 jam
2235 2217 2347 2253 non
2375 2215 2478 2268 ego
2511 2214 2712 2268 Operor
2749 2196 2906 2263 illud,
2941 2197 3037 2250 sed
3079 2196 3228 2267 quod
3277 2195 3496 2252 habitat

1898 2289 1954 2343 in
1985 2307 2074 2343 me
2106 2295 2412 2360 peccatum.
2440 2306 2465 2340 ›)
2489 2286 2624 2352 Quis
2655 2285 2803 2340 enim
2833 2285 3278 2356 delinquentium
3298 2285 3494 2342 nolens

1899 2397 1957 2433 se
2004 2377 2295 2432 adulteriis
2338 2375 2908 2446 fornicationibusque
2957 2374 3318 2441 contaminet,
3365 2375 3492 2446 quis

1896 2469 2102 2522 invitus
2144 2467 2396 2538 proximo
2452 2465 2647 2520 tendat
2692 2464 2944 2530 insidias,
3004 2464 3129 2534 quis
3186 2463 3491 2519 inevitabili

1895 2557 2226 2612 necessitate
2262 2561 2513 2626 cogatur,
2547 2559 2612 2609 ut
2661 2553 2800 2609 falso
2846 2553 3168 2608 testimonio
3203 2554 3489 2609 hominem

1894 2646 2176 2718 opprimat
2201 2645 2419 2700 furtove
2457 2643 2719 2715 decipiat,
2753 2648 2854 2697 aut
2881 2643 3117 2697 alterius
3147 2643 3327 2714 spolia
3354 2660 3489 2698 con-

1893 2753 1955 2789 cu
1963 2735 2140 2807 piscat
2152 2735 2236 2788 vel
2251 2735 2583 2806 sanguinem
2604 2731 3200 2800 fundat?Quinimo,ut
3219 2732 3491 2804 scriptum

1893 2825 2323 2892 est,humanum
2351 2839 2530 2894 genus
2559 2822 2858 2892 diligenter
2878 2821 3158 2876 intentum
3180 2827 3266 2876 est
3293 2821 3364 2876 ad
3395 2838 3492 2876 ne-

1894 2913 2130 2985 quitiam
2160 2931 2194 2966 a
2215 2914 2510 2984 juventute
2539 2929 2660 2966 sua.
2693 2911 2843 2976 Quos
2862 2910 3034 2964 etiam
3063 2911 3336 2965 Jeremias
3357 2927 3489 2983 pro-

1893 3004 2064 3075 pheta
2093 3019 2207 3057 non
2233 3002 2414 3056 solum
2444 3001 2692 3055 volentes
2718 3017 2819 3054 nec
2845 3016 2972 3054 cum
2993 2999 3186 3072 requie
3216 2999 3400 3055 cordis
3431 3006 3488 3055 et

1893 3093 2141 3164 corporis
2158 3089 2746 3162 ﬁagitiorumcrimina
2761 3094 3303 3161 perpetrare,verum
3316 3089 3490 3144 etiam

209 3175 382 3232 dibus
417 3177 747 3244 inhaerebat,
781 3196 920 3250 quos
959 3180 1217 3234 osculans
1261 3178 1418 3234 bonae
1452 3179 1812 3234 confessionis
1835 3192 1878 3251 Ο
1897 3183 1953 3237 in
1967 3188 2188 3237 tantum
2212 3199 2308 3235 eos
2329 3179 2532 3235 asserit
2558 3179 2852 3233 laboriosis
2876 3179 3165 3234 conatibus
3182 3185 3243 3233 ut
3259 3179 3329 3233 ad
3363 3180 3492 3235 ell'e-

207 3265 450 3320 liniebat
474 3273 761 3337 unguento
787 3287 798 3321 :
832 3268 1126 3340 praefertur
1139 3275 1330 3324 tamen
1351 3286 1384 3324 a
1405 3269 1816 3340 Domino,quod

209 3361 269 3410 et
297 3355 590 3410 meliorem
623 3357 857 3427 elegerit
883 3363 1100 3428 partem
1126 3363 1182 3412 et
1203 3375 1329 3412 eam
1359 3376 1480 3429 quae
1508 3358 1579 3412 ab
1609 3375 1677 3412 ea
1705 3375 1816 3412 non

208 3449 408 3516 posset
432 3444 658 3498 auferri.
690 3446 891 3500 Dicens
921 3447 1070 3500 enim
1101 3447 1171 3501 ad
1198 3449 1477 3502 Martham
1504 3447 1776 3502 Dominus
1799 3465 1810 3500 :

215 3554 237 3582 ι
271 3533 534 3588 Sollicita
556 3551 616 3588 es
645 3540 702 3588 et
728 3535 974 3590 turbaris
993 3553 1130 3608 erga
1150 3537 1545 3604 multat/bid),
1578 3557 1601 3588 ι
1629 3536 1819 3607 paucis

208 3639 348 3676 vero
381 3639 520 3694 opus
549 3627 653 3690 est,
676 3630 774 3678 aut
801 3625 970 3678 etiam
999 3641 1131 3693 uno,
1154 3643 1438 3680 summum
1469 3625 1677 3680 bonum
1707 3641 1819 3679 non

207 3710 266 3765 in
297 3711 529 3777 actuali,
553 3713 807 3783 quamvis
822 3713 1088 3767 laudabili
1111 3732 1298 3786 opere,
1327 3721 1383 3770 et
1407 3715 1598 3769 multis
1628 3713 1820 3768 fructi-

210 3798 322 3854 bus
354 3799 682 3868 abundanti,
711 3802 808 3856 sed
838 3803 894 3856 in
937 3820 1040 3857 sua
1069 3805 1247 3868 (Forte
1293 3808 1391 3872 leg.
1427 3803 1536 3873 sui)
1567 3808 1818 3858 contem-

211 3889 490 3960 platione,
521 3907 643 3961 quae
688 3907 817 3945 vere
845 3892 1080 3963 simplex
1111 3899 1168 3947 et
1219 3910 1332 3947 una
1377 3899 1463 3947 est
1509 3893 1816 3960 collocavit,

140 4004 153 4015 -
208 3977 414 4049 paucis
435 3995 575 4050 opus
591 3996 714 4033 esse
727 3982 1177 4051 pronuntiansad
1201 3983 1504 4052 perfectam
1526 3980 1824 4036 beatitudi-

210 4083 372 4133 nem,
408 4067 465 4121 id
495 4075 598 4134 est,
631 4069 729 4122 illa
755 4071 972 4125 theoria
989 4089 1112 4142 qua:
1141 4071 1296 4143 prius
1317 4077 1404 4126 est
1431 4072 1489 4126 in
1518 4089 1822 4142 paucorum

209 4157 696 4226 contemplatione
729 4177 739 4212 :
776 4161 1154 4214 conscendens
1183 4165 1373 4216 autem
1413 4160 1506 4230 qui
1555 4160 1736 4214 adhuc
1764 4159 1823 4213 in

209 4251 490 4316 provectu
535 4247 752 4318 positus
785 4254 889 4314 est,
937 4248 1006 4302 ad
1036 4248 1176 4304 illud
1217 4266 1438 4321 quoque
1469 4248 1617 4319 quod
1647 4263 1822 4302 unum

209 4334 449 4402 dicitur,
481 4335 536 4388 id
570 4341 673 4402 est,
707 4337 808 4391 Dei
855 4337 1028 4392 solius
1073 4338 1342 4392 intuitum
1371 4337 1494 4408 ipso
1521 4337 1823 4407 adjuvante

207 4425 530 4496 perveniet,
563 4431 628 4480 ut
655 4425 866 4480 scilicet
895 4427 1066 4480 etiam
1098 4431 1420 4482 sanctorum
1451 4433 1608 4482 actus
1639 4444 1702 4482 ac
1723 4427 1826 4482 mi-

1898 3277 2047 3325 ctum
2077 3288 2270 3326 eorum
2291 3269 2620 3342 perveniant
2637 3268 3003 3334 desudare,ut
3023 3268 3092 3322 de
3108 3268 3300 3322 lethali
3321 3269 3492 3324 scele-

1897 3377 2024 3415 rum
2053 3359 2304 3431 appetitu
2328 3376 2428 3413 nec
2442 3357 2841 3412 obsistentibus
2861 3357 3052 3411 arduis
3072 3357 3494 3413 difﬁcultatibus

1899 3454 2246 3515 revocentur,
2279 3448 2470 3502 dicens
2504 3461 2515 3498 :
2553 3465 2579 3499 α
2604 3446 2677 3500 Ut
2711 3445 2900 3516 inique
2942 3451 3176 3516 agerent
3203 3445 3493 3500 laborave-

1900 3545 2034 3592 runt
2067 3540 2198 3605 (Jer.
2249 3553 2322 3601 Ix,
2349 3538 2422 3605 5).
2465 3555 2489 3588 ›>
2540 3535 2684 3590 Illud
2725 3551 2946 3605 quoque
2977 3533 3102 3604 quis
3135 3533 3336 3588 dixerit
3361 3551 3494 3606 pec-

1901 3625 2183 3681 catoribus
2203 3624 2516 3690 convenire,
2555 3643 2578 3676 α
2611 3623 2797 3694 itaque
2820 3639 2923 3692 ego
2954 3621 3072 3693 ipse
3101 3627 3289 3676 mente
3315 3623 3496 3678 servio

1903 3717 2010 3787 legi
2040 3715 2161 3782 Dei,
2181 3731 2348 3768 carne
2379 3717 2570 3768 autem
2587 3712 2696 3782 legi
2722 3711 2990 3783 peccati.»
3012 3728 3264 3782 quosnec
3286 3717 3494 3780 mente,

1901 3823 2004 3860 nec
2031 3822 2198 3860 carne
2218 3805 2334 3858 Deo
2355 3802 2562 3858 servire
2592 3801 2952 3856 manifestum
2969 3801 3088 3854 est?
3108 3805 3207 3854 aut
3225 3801 3497 3872 quemad-

1903 3895 2129 3949 modum
2161 3893 2215 3946 hi
2239 3893 2332 3965 qui
2363 3896 2593 3964 peccant
2609 3907 2858 3962 corpore,
2879 3895 3066 3944 mente
3089 3889 3339 3944 serviunt
3357 3889 3494 3959 Deo,

1905 4000 2032 4037 cum
2063 3983 2324 4036 vitiorum
2367 3981 2617 4035 fomitem
2657 3997 2786 4034 caro
2817 3997 2882 4033 ex
2915 3979 3080 4033 corde
3117 3979 3412 4052 concipiat,
3442 3985 3500 4035 et

1906 4073 2026 4144 ipse
2057 4076 2250 4126 auctor
2297 4069 2591 4140 utriusque
2629 4075 2845 4123 natura:
2887 4069 3094 4124 fontem
3133 4075 3302 4140 atque
3331 4069 3500 4142 origi-

1905 4179 2032 4216 nem
2067 4165 2420 4232 peccatorum
2451 4176 2516 4212 ex
2546 4176 2610 4212 eo
2658 4159 2987 4230 pronuntiat
3016 4176 3280 4214 emanare
3313 4178 3324 4212 :
3359 4177 3384 4210 (\
3418 4159 3500 4214 De

1904 4251 2090 4316 corde,
2123 4241 2729 4321 inquiens,procedunt
2753 4247 3119 4318 cogitationes
3151 4247 3500 4315 malae,adul-

1904 4340 2065 4406 teria,
2117 4338 2530 4394 fornicationes.
2573 4337 2740 4402 furta,
2787 4345 2892 4390 etc.
2933 4337 3144 4405 (Matth.
3180 4355 3264 4404 xv,
3315 4334 3440 4408 19)?
3469 4355 3497 4390 ››

1904 4428 2276 4494 Quamobrem
2299 4427 2587 4481 evidenter
2613 4426 2928 4480 ostenditur
2947 4425 3100 4480 nullo
3121 4425 3286 4479 modo
3307 4425 3412 4480 hoc
3431 4426 3501 4480 de

208 4513 461 4568 nisteria
490 4515 726 4568 miriﬁca
749 4532 1166 4587 supergressus,
1199 4517 1372 4571 solius
1403 4517 1501 4571 Dei
1546 4518 1665 4587 jam
1696 4513 2252 4590 pul-Dpeccatorum
2281 4515 2516 4586 intelligi
2547 4532 2708 4586 posse
2740 4513 3010 4586 personis,
3047 4513 3142 4585 qui
3170 4531 3282 4569 non
3315 4515 3498 4570 solum

207 4603 544 4659 chritudine
572 4603 916 4676 scientiaque
945 4611 1224 4676 pascatur.
1249 4605 1428 4660 Maria
1455 4622 1588 4677 ergo
1617 4605 1818 4658 bonam

207 4698 444 4764 partem
476 4692 662 4764 elegit,
698 4711 821 4764 quae
851 4711 963 4749 non
993 4697 1280 4749 auferetur
1297 4694 1366 4748 ab
1388 4712 1470 4760 ea,
1493 4700 1552 4748 et
1575 4695 1680 4747 hoc
1700 4693 1822 4747 dili-

205 4782 450 4853 gentius
469 4783 801 4838 intuendum
833 4789 936 4838 est.
971 4785 1114 4840 Nam
1135 4801 1261 4839 cum
1291 4784 1461 4838 dicit:
1491 4781 1707 4836 «Maria
1720 4781 1822 4836 bo-

208 4889 357 4928 nam
390 4877 610 4943 partem
639 4873 825 4944 elegit,
865 4894 888 4925 ι
915 4874 1048 4928 licet
1074 4879 1260 4928 taceat
1286 4874 1355 4927 de
1394 4872 1618 4926 Martha
1637 4876 1695 4926 et
1722 4889 1822 4926 ne-

211 4977 511 5036 quaquam
537 4948 661 5018 eam
682 4964 998 5036 vituperare
1027 4964 1298 5030 videatur,
1324 4965 1477 5018 illam
1498 4969 1688 5018 tamen
1709 4963 1826 5016 lau-

210 5053 387 5112 dans.
416 5053 560 5108 hanc
587 5053 906 5108 inferiorem
927 5073 1048 5109 esse
1067 5054 1410 5126 pronuntiat.
1436 5055 1678 5108 Rursum
1697 5068 1822 5106 cum

209 5143 453 5209 dicitur,
491 5162 517 5194 α
547 5160 669 5214 quae
691 5160 802 5198 non
832 5145 1121 5198 auferetur
1147 5144 1218 5198 ab
1239 5160 1324 5209 ea,
1353 5164 1378 5196 »
1403 5142 1648 5197 ostendit
1677 5143 1823 5214 quod

211 5231 293 5286 ab
324 5233 432 5286 hac
457 5249 559 5286 sua
588 5233 770 5304 portio
801 5234 980 5304 possit
1003 5233 1229 5287 auferri.
1255 5233 1370 5287 Nec
1394 5232 1544 5285 enim
1573 5232 1825 5286 ministe-

211 5321 379 5376 rium
409 5321 696 5392 corporale
723 5339 850 5376 cum
871 5322 1099 5376 homine
1129 5321 1337 5394 poterit
1357 5320 1570 5392 jugiter
1597 5335 1822 5391 perma-

210 5425 384 5475 nere,
411 5410 563 5464 illius
591 5427 722 5464 vero
751 5411 1002 5465 studium
1029 5412 1184 5466 nullo
1221 5413 1331 5464 ﬁne
1373 5425 1602 5482 prorsus
1629 5409 1826 5463 edocet

212 5515 394 5573 posse
415 5499 583 5553 ﬁniri.
606 5500 763 5554 Unde
785 5500 921 5554 mihi
949 5501 1169 5554 videtur
1195 5514 1505 5572 congruum
1536 5514 1656 5551 esse
1688 5497 1824 5551 illud

211 5588 587 5644 considerare
617 5589 750 5660 quid
782 5589 857 5644 sit
899 5589 1004 5642 hoc
1042 5588 1250 5644 bonum
1289 5589 1434 5660 quod
1466 5587 1671 5642 Paulus
1692 5603 1827 5659 apo-

217 5678 413 5734 stolus
433 5677 592 5752 quasi
624 5678 960 5749 conquirens
991 5695 1049 5733 se
1078 5679 1258 5733 facere
1291 5694 1400 5732 non
1426 5693 1589 5750 posse
1610 5675 1667 5730 in
1697 5675 1828 5748 Epi-

1902 4623 2014 4661 non
2041 4607 2298 4670 oderunt,
2332 4605 2430 4658 sed
2468 4603 2636 4658 etiam
2665 4603 2911 4674 diligunt
2932 4603 3098 4670 mala,
3133 4609 3190 4657 et
3215 4602 3500 4658 intantum

1903 4696 2018 4749 Deo
2038 4712 2150 4749 non
2181 4698 2369 4747 mente
2390 4709 2491 4746 nec
2530 4709 2698 4746 carne
2731 4692 3070 4758 deserviunt,
3102 4697 3167 4746 ut
3213 4697 3346 4746 ante
3401 4693 3502 4747 de-

1904 4783 2164 4855 linquant
2193 4788 2382 4836 mente
2421 4798 2589 4852 quam
2620 4798 2807 4848 carne,
2827 4786 2883 4835 et
2902 4782 3232 4852 priusquam
3253 4781 3503 4861 corporis

1905 4873 2162 4944 expleant
2191 4873 2537 4926 voluntatem
2564 4870 3194 4942 praevenianturmentis
3214 4887 3328 4924 suae
3349 4869 3502 4940 cogi-

1903 4962 2294 5032 tationumque
2326 4965 2588 5032 peccato;
2623 4965 2879 5032 superest
2925 4959 3098 5029 igitur
3126 4965 3190 5012 ut
3237 4958 3505 5013 virtutem

1906 5067 2102 5105 sensus
2131 5068 2198 5104 ex
2229 5050 2428 5104 intimo
2455 5049 2692 5103 dicentis
2719 5067 2772 5102 m
2790 5049 3020 5102 rtiamur
3039 5049 3240 5102 all‘ectu
3283 5054 3341 5102 et
3371 5046 3505 5119 quid

1904 5139 2102 5194 beatus
2130 5139 2431 5212 Apostolus
2461 5137 2664 5192 dixerit
2706 5136 2936 5204 bonum,
2985 5137 3185 5208 quidve
3209 5153 3504 5208 compara-

1904 5229 2057 5284 tione
2088 5227 2534 5302 pronuntiaverit
2561 5227 2770 5281 malum
2792 5244 2904 5280 non
2927 5227 3078 5281 nuda
3093 5226 3502 5296 signiﬁcatione

1901 5319 2218 5383 verborum,
2253 5317 2350 5371 sed
2381 5316 2576 5371 eadem
2621 5333 2731 5387 qua
2768 5315 2858 5369 ille
2909 5315 3276 5370 discutiamus
3323 5315 3504 5372 inten-

1904 5408 2078 5463 tione.
2112 5407 2384 5463 Intuitum
2417 5422 2636 5477 quoque
2667 5406 2788 5471 ejus
2817 5405 3122 5459 secundum
3167 5403 3501 5474 dignitatem

1907 5497 2322 5570 pronuntiantis
2364 5511 2427 5549 ac
2472 5493 2735 5549 meritum
2780 5499 3226 5565 perscrutemur;
3261 5493 3502 5566 denique

1907 5603 2132 5642 necesse
2153 5591 2239 5638 est
2265 5590 2327 5639 ut
2363 5583 2493 5654 quid
2529 5584 2602 5637 sit
2648 5583 2752 5636 hoc
2789 5583 2935 5655 quod
2975 5583 3359 5655 principaliter
3400 5583 3501 5637 bo-

1909 5693 2044 5731 num
2065 5674 2365 5748 Apostolus
2404 5688 2515 5726 non
2556 5671 2802 5746 potuerit
2845 5673 3113 5752 perﬁcere
3151 5689 3278 5728 cum
3312 5671 3498 5746 vellet,
