3982 6158
545 327 678 386 1295

1136 331 1196 384 B.
1241 329 1510 384 RABANI
1551 329 1781 383 MAURI
1818 328 2155 384 ARCHIEP.
2199 329 2522 385 MOGUNT.
2565 307 2862 384 OPERUM
2901 327 3083 382 PARS
3122 327 3217 382 Ill.

3600 333 3707 392 1296

534 452 860 524 diligentius
880 453 1234 525 indagamus.
1265 452 1447 508 Multa
1473 453 1627 508 enim
1681 453 1937 507 novimus
1984 451 2195 514 bonaA
2215 452 2342 522 cibi,
2376 437 2549 508 ullam
2582 453 2897 508 indumenti
2942 453 3244 510 aliarumve
3276 456 3540 513 carnalium
3566 476 3709 516 rerum

533 558 657 614 quae
685 541 914 598 beatum
931 543 1260 616 Apostolum
1283 559 1591 614 omnesque
1608 541 1760 597 illius
1781 541 1968 596 meriti
1983 541 2130 597 viros

533 635 593 685 et
621 629 884 687 habuisse
911 649 1012 704 per
1034 635 1298 686 naturam
1329 638 1386 686 et
1411 631 1716 702 acquisisse
1759 647 1860 704 per
1887 630 2129 702 gratiam

531 736 740 791 negare
769 738 882 776 non
909 737 1226 794 possumus.
1253 721 1354 776 Est
1380 721 1531 776 enim
1557 719 1708 774 bona
1734 720 1982 786 castitas,
2005 720 2128 774 lau-

532 807 752 878 dabilis,
777 811 1143 876 continentia,
1185 809 1444 864 miranda
1477 809 1795 881 prudentia,
1838 809 1997 880 larga
2028 808 2130 864 hu-

531 897 794 966 manitas,
823 897 1228 970 circumspecta
1279 897 1572 964 sobrietas,
1611 897 1868 952 modesta
1911 901 2127 968 tempe-

527 979 732 1056 rantia,
753 987 850 1060 pia
877 986 1278 1054 misericordia,
1311 992 1508 1042 sancta
1521 985 1762 1058 justitia,
1785 1003 1908 1058 qum
1939 985 2127 1040 omnia

526 1073 587 1130 in
615 1077 867 1149 apostolo
915 1077 1091 1131 Paulo
1139 1077 1372 1148 ejusque
1422 1074 1772 1130 consortibus
1828 1075 1909 1130 ita
1960 1074 2128 1146 plena

525 1169 694 1238 atque
731 1165 978 1238 perfecta
1015 1165 1187 1227 fuisse
1216 1181 1330 1219 non
1379 1164 1611 1220 dubium
1650 1170 1736 1219 est
1763 1170 1827 1219 ut
1855 1163 2126 1218 virtutum

525 1253 847 1325 magisterio
873 1254 1065 1326 potius
1085 1271 1252 1325 quam
1281 1253 1576 1308 verborum
1599 1253 1668 1308 ab
1699 1253 1778 1309 eis
1804 1253 2002 1323 religio
2031 1253 2127 1308 do-

527 1339 770 1398 ceretur.
803 1343 963 1408 Quod
1004 1343 1128 1415 jugi
1177 1342 1551 1398 Ecclesiarum
1579 1360 1715 1398 cura
1770 1359 1835 1398 ac
1869 1341 2128 1414 pervigili

533 1423 907 1489 sollicitudine
931 1449 1154 1506 semper
1183 1433 1365 1488 exusti
1401 1437 1552 1500 sunt,
1585 1437 1860 1504 quantum
1889 1432 1994 1486 hoc
2028 1431 2130 1485 mi-

531 1507 849 1578 sericordiae
868 1521 1112 1577 bonum!
1147 1527 1359 1594 quanta
1383 1521 1650 1594 perfectio
1698 1527 1802 1590 est,
1834 1538 1934 1593 pro
1974 1537 2131 1576 scan-

532 1609 901 1666 dalizantibus
928 1610 1036 1679 uri,
1067 1627 1194 1668 cum
1213 1609 1631 1666 infirmantibus
1646 1609 1921 1665 inﬁrmari
1946 1611 1958 1665 !
1991 1612 2131 1666 Cum

532 1717 666 1773 ergo
694 1701 868 1756 tantis
889 1700 1190 1774 Apostolus
1229 1699 1597 1755 abundaverit
1619 1699 1800 1767 bonis,
1829 1700 1963 1772 quid
1995 1700 2131 1755 illud

2209 542 2448 614 gesserit
2464 560 2529 598 cu
2536 547 2783 608 ram,aut
2793 559 3079 616 nunquam
3093 543 3162 601 de
3181 543 3400 600 fratrum
3409 549 3707 620 susceptione,

2211 631 2280 686 de
2311 632 2416 686 loci
2439 633 2896 694 commutatione,
2930 633 2998 686 de
3027 633 3177 687 cellae
3203 635 3534 690 exstructione
3553 637 3710 694 sollici-

2210 725 2321 787 tus,
2356 727 2454 776 aut
2497 737 2662 792 Opem
2700 721 2947 794 aliquam
2984 721 3216 776 humani
3258 724 3711 798 concupierit‘adju-

2209 807 2405 878 menti,
2431 815 2531 865 aut
2560 809 2761 882 inopiae
2784 809 3084 864 sterilitate
3113 816 3334 866 vexatus
3372 811 3507 866 illam
3537 820 3712 872 senten-

2208 898 2346 952 tiam
2364 899 2667 954 Dominicae
2686 898 3088 970 increpationis
3107 899 3531 957 incurreretuNe
3547 903 3714 959 solliciti

2208 987 2410 1042 animae
2436 994 2632 1042 vestrae
2648 988 2770 1042 sitis
2803 987 2938 1060 quid
2969 988 3330 1056 manducetis,
3357 1006 3517 1061 neque
3547 992 3712 1062 corpori

2207 1081 2410 1140 vestro,
2445 1077 2579 1148 quid
2601 1076 2943 1144 induamini;
2965 1097 2988 1131 «
3004 1077 3244 1149 denique
3259 1078 3430 1153 ipsum
3447 1079 3583 1133 illum
3599 1097 3716 1152 apos-

2207 1165 2386 1220 tolum
2405 1165 2663 1230 Paulum,
2682 1167 2777 1237 qui
2797 1166 3050 1220 omnium
3083 1173 3394 1222 sanctorum
3405 1167 3615 1223 laborem
3626 1185 3716 1240 pas:

2207 1253 2429 1309 sionum
2449 1255 2852 1310 numerositate
2866 1255 3306 1323 transcenderat,
3320 1273 3629 1330 nequaquam
3641 1257 3719 1324 hac

2209 1342 2442 1414 implere
2471 1343 2718 1415 potuisse
2734 1345 3081 1400 conﬁdenter
3097 1345 3530 1418 astruimusdpso
3547 1346 3594 1400 in
3609 1346 3718 1402 Acti-

2209 1429 2314 1486 bus
2344 1433 2724 1504 apostolorum
2769 1433 3056 1507 discipulis
3085 1439 3384 1490 attestante
3425 1452 3483 1488 ac
3513 1435 3716 1492 dicente:

2219 1541 2241 1572 ι
2271 1521 2384 1594 Ipsi
2414 1522 2566 1576 scitis
2597 1522 2861 1594 quoniam
2890 1523 2960 1578 ad
3011 1540 3078 1578 ea
3108 1540 3234 1595 quae
3279 1523 3410 1579 mihi
3447 1541 3568 1596 opus
3589 1530 3724 1594 erant,

2214 1615 2271 1664 et
2289 1611 2377 1666 his
2396 1611 2492 1683 qui
2521 1628 2738 1667 mecum
2769 1618 2920 1679 sunt,
2959 1613 3416 1668 ministraverunt
3440 1630 3613 1668 manus
3641 1613 3728 1671 ista

2217 1701 2348 1768 (Act.
2381 1718 2467 1765 xx,
2503 1699 2592 1770 3’1)
2633 1720 2646 1766 ;
2689 1720 2717 1753 ι
2750 1701 2835 1756 vel
2881 1719 3009 1756 cum
3047 1701 3602 1758 Thessalonicensibus
3634 1703 3731 1756 scri-

532 1789 608 1844 sit
627 1789 778 1858 boni,
810 1791 970 1861 cujus
999 1788 1337 1861 perfectione
1380 1789 1627 1845 caruerit
1663 1805 1776 1844 non
1821 1789 2128 1861 poterimus
2146 1775 2192 1834 Β
2209 1787 2346 1842 bens
2383 1788 2440 1842 in
2459 1789 2654 1844 labore
2682 1795 2739 1844 et
2763 1789 3110 1862 fatigatione,
3126 1797 3291 1846 nocte
3319 1798 3373 1846 et
3399 1791 3482 1846 die
3499 1797 3732 1862 operatum

530 1895 853 1955 agnoscere,
883 1879 992 1934 nisi
1021 1879 1080 1933 in
1101 1879 1261 1934 illum
1298 1896 1408 1950 quo
1437 1879 1556 1951 ipse
1587 1879 1807 1935 locutus
1835 1884 1920 1934 est
1943 1878 2128 1951 profe-

531 1967 774 2024 cerimus
801 1969 1080 2036 aﬂ'ectum,
1103 1984 1298 2024 omnes
1327 1969 1518 2040 itaque
1545 1985 1686 2040 quas
1729 1968 1971 2023 diximus
1999 1985 2131 2024 eum

532 2056 798 2140 habuisse
819 2055 1074 2126 virtutes,
1099 2056 1352 2130 quamvis
1365 2058 1517 2112 velut
1531 2075 1773 2128 gemmae
1802 2057 2132 2140 splendidis-

533 2135 690 2204 simis
731 2153 900 2220 atque
939 2147 1204 2220 speciosae
1251 2146 1383 2214 sint,
1426 2152 1616 2202 tamen
1660 2147 1707 2201 si
1745 2147 2010 2219 prmclaro
2047 2135 2127 2200 illi

535 2241 706 2310 atque
757 2237 1037 2310 praecipuo
1083 2235 1412 2306 margarito,
1439 2236 1589 2308 quod
1633 2235 1726 2290 ille
1765 2235 2129 2306 Evangelicus

529 2325 850 2398 negotiator
875 2323 1166 2398 inquirens
1184 2323 1458 2380 universis
1476 2340 1600 2398 quae
1627 2323 1875 2398 possidet
1891 2324 2128 2380 venditis

532 2431 858 2489 comparare
887 2414 1188 2482 desiderat,
1212 2413 1594 2483 conferantur,
1624 2414 1704 2468 ita
1732 2431 1927 2469 earum
1961 2414 2126 2468 meri-

532 2511 657 2560 tum
687 2501 966 2559 revilescit
1000 2508 1170 2574 atque
1197 2502 1595 2570 contemnitur,
1629 2509 1693 2558 ut
1719 2502 1800 2558 eis
1837 2503 1959 2558 sine
1995 2520 2127 2558 cun-

479 2619 490 2632 -
532 2593 778 2649 ctatione
793 2589 1512 2658 distractis,uniustantum
1537 2591 1669 2646 boni
1683 2592 1962 2664 possessio
1980 2594 2129 2647 locu-

532 2681 710 2754 pletet
726 2679 1001 2742 bonorum
1039 2679 1540 2736 innumerabilium
1581 2681 1949 2737 venditorem.
1983 2683 2129 2746 Quid

533 2775 622 2826 est
641 2785 776 2842 ergo
803 2785 978 2824 unum
996 2767 1146 2840 quod
1168 2767 1280 2823 illis
1301 2769 1477 2824 tantis
1491 2769 1613 2824 sine
1641 2771 1998 2826 cunctatione
2011 2771 2128 2826 dis-

529 2851 722 2915 tinctis
744 2864 974 2930 tamque
995 2857 1304 2912 innumeris
1332 2858 1492 2914 bonis
1520 2863 1637 2915 tam
1680 2859 2132 2932 incomparabili-

2211 1894 2272 1930 se
2299 1878 2470 1932 fuisse
2493 1883 2755 1933 testatur.
2789 1878 3003 1944 Quibus
3036 1880 3166 1934 licet
3195 1897 3400 1952 magna
3430 1880 3588 1934 eidem
3605 1878 3733 1934 meri-

2211 1971 2398 2021 torum
2449 1967 2729 2038 stipendia
2773 1974 3142 2040 pararentur,
3199 1975 3389 2026 tamen
3449 1985 3588 2024 mens
3625 1969 3732 2039 ejus,

2213 2055 2465 2127 quamvis
2475 2062 2668 2111 sancta
2681 2062 2850 2129 atque
2859 2057 3261 2124 sublimis,non
3277 2063 3489 2132 poterat
3502 2055 3738 2113 nonabilla

2211 2145 2422 2200 caelesti
2441 2145 2690 2200 theorica
2713 2147 3028 2202 intentione
3056 2149 3271 2202 terreni
3300 2147 3474 2218 operis
3499 2144 3736 2218 aliquando

2211 2233 2416 2288 divelli.
2448 2235 2700 2310 Denique
2723 2253 2850 2290 cum
2873 2254 2932 2291 se
2967 2237 3144 2291 tantis
3173 2253 3244 2292 ac
3271 2237 3470 2292 talibus
3496 2235 3638 2291 ditari
3659 2235 3741 2290 fm-

2211 2322 2392 2378 ctibus
2420 2330 2692 2391 cerneret,
2727 2330 2785 2380 et
2813 2342 2843 2379 e
2863 2326 3146 2381 contrario
3175 2327 3407 2382 theorue
3422 2325 3606 2380 bonum
3617 2322 3740 2379 corde

2211 2420 2492 2484 pensaret,
2531 2430 2596 2468 ac
2627 2413 2780 2468 velut
2798 2415 2857 2468 in
2884 2431 2999 2469 una
3039 2417 3199 2470 lance
3237 2421 3517 2470 tantorum
3541 2412 3744 2468 laborum

2211 2502 2538 2576 profectum,
2571 2503 2630 2558 in
2659 2505 2837 2558 altera
2865 2504 3302 2560 delectationem
3331 2504 3520 2560 divinae
3544 2508 3742 2557 contem-

2210 2591 2472 2663 plationis
2491 2593 2851 2664 appenderet,
2883 2593 2982 2648 diu
3009 2593 3273 2648 examine
3292 2593 3524 2667 pectoris
3550 2592 3625 2646 sui
3648 2605 3746 2662 quo-

2211 2679 2512 2738 dammodo
2538 2682 2810 2752 castigato
2835 2681 2971 2736 dum
2985 2681 3147 2738 illum
3176 2683 3314 2739 hinc
3329 2682 3571 2739 laborum
3585 2681 3746 2752 stipen-

2209 2767 2302 2822 dia
2329 2769 2607 2824 immensa
2635 2771 2933 2838 delectant,
2948 2771 3102 2825 illinc
3122 2770 3468 2827 desiderium
3492 2768 3692 2826 unitatis
3707 2771 3749 2820 et

2213 2857 2602 2930 inseparabilis
2623 2859 2832 2914 Christi
2861 2859 3300 2926 societas,etiam
3319 2860 3389 2916 ad
3410 2851 3746 2914 resolutionem

531 2937 622 3003 ter
632 2952 1080 3022 preeponatur,ut
1093 2948 1295 3019 spretis
1310 2947 1400 3020 abj
1407 2949 1652 3022 actisque
1665 2966 1752 3004 om
1759 2949 2130 3018 nibus,solum
2212 2947 2396 3002 carnis
2407 2947 2828 3016 invitat,anxius
2839 2949 3067 3004 tandem
3079 2950 3398 3021 proclamat
3407 2955 3459 3004 et
3469 2948 3606 3004 dicit:
3617 2941 3749 3022 «Quid

535 3035 738 3092 debeat
769 3035 1086 3110 possideri?
1117 3037 1385 3093 nimirum
1425 3037 1523 3093 illa
1555 3055 1686 3111 pars
1727 3039 1939 3112 optima
1969 3041 2127 3110 cujus

2213 3034 2413 3106 eligam
2435 3036 2908 3107 ignoro,coarctor
2925 3043 3116 3092 autem
3134 3055 3202 3093 ex
3225 3033 3751 3102 duobus,desiderium

532 3096 1084 3196 magnificentiamac
1103 3096 1712 3200 perpetuitatem,cum,
1729 3096 1922 3184 relicto
1947 3096 2133 3185 sus'ce-
2152 3096 2196 3156 Ο
2212 3096 2424 3180 habens
2453 3096 2698 3180 vdissolvi
2739 3131 2796 3181 et
2821 3143 2949 3182 cum
3000 3127 3228 3183 Christo
3275 3145 3418 3183 esse.
3447 3096 3608 3182 multo
3635 3121 3750 3178 enim

531 3207 740 3288 ptionis
758 3217 927 3288 atque
939 3215 1308 3272 humanitatis
1323 3217 1708 3283 officio,Maria
1725 3217 2132 3290 prmelegit;ita
2212 3213 2432 3280 melius,
2479 3231 2810 3286 permanere
2864 3221 3055 3270 autem
3101 3215 3160 3270 in
3206 3233 3380 3270 carne
3435 3213 3751 3270 necessarium

532 3293 684 3378 enim
711 3301 1050 3378 praedicatur
1069 3322 1102 3362 a
1123 3306 1362 3362 Domino
1393 3325 1406 3360 :
1445 3323 1472 3359 α
1499 3307 1738 3373 Martha,
1766 3307 2006 3374 Martha,
2025 3308 2130 3362 sol-
2209 3308 2441 3376 propter
2456 3319 2550 3358 vos
2572 3303 3175 3375 (Philipp.l,‘2°2).»Cum
3204 3305 3386 3376 igitur
3409 3303 3590 3358 multis
3614 3297 3752 3356 modis

533 3391 690 3450 licita
711 3410 772 3450 es
787 3400 844 3450 et
863 3393 1110 3452 turbaris
1127 3395 1276 3452 circa
1304 3396 1512 3462 multa;
1527 3395 1718 3468 paucis
1737 3413 1866 3452 vero
1883 3413 2022 3468 opus
2042 3402 2128 3453 est
2209 3389 2338 3446 boni
2355 3391 2526 3464 hujus
2554 3392 2961 3459 excellentiam,
2995 3393 3212 3448 cunctis
3255 3394 3430 3448 etiam
3471 3389 3756 3465 Ρηθάἱαιιίο·

529 3488 630 3538 aut
657 3483 829 3539 etiam
859 3501 992 3553 uno,
1018 3485 1198 3540 Maria
1219 3490 1408 3542 autem
1437 3485 1644 3542 bonam
1673 3491 1894 3558 partem
1933 3486 2120 3558 elegit,
2205 3481 2294 3536 nis
2323 3498 2437 3537 sua:
2466 3481 2738 3537 fructibus
2755 3481 3116 3556 praetulisset,
3139 3487 3340 3538 tamen
3367 3477 3754 3542 charitatis,siae

525 3587 650 3646 quae
675 3589 789 3628 non
827 3574 1116 3630 auferetur
1151 3573 1222 3629 ab
1260 3591 1330 3629 ea
1369 3575 1513 3640 (Luc.
1545 3591 1642 3642 xx,
1675 3574 1786 3646 41).
1834 3575 1959 3632 Una
1991 3591 2125 3647 ergo
2208 3587 2321 3646 qua
2353 3587 2518 3626 nemo
2574 3571 2876 3627 Dominum
2920 3577 3300 3644 promeretur,
3345 3567 3756 3642 contemplatione

528 3653 588 3716 et
611 3661 732 3718 sola
759 3663 864 3731 est,
881 3669 947 3718 ut
965 3663 1229 3730 diximus,
1257 3663 1498 3731 theoria,
1521 3663 1580 3720 id
1599 3668 1712 3732 est,
1727 3663 2124 3736 contemplatio
2206 3647 2574 3728 submittitur,
2600 3676 2666 3716 ac
2685 3665 2918 3733 propter
2937 3659 3064 3716 illos
3087 3659 3296 3732 quibus
3327 3661 3511 3716 adhuc
3535 3659 3614 3714 lac
3641 3654 3755 3710 velut

527 3747 628 3806 Dei
653 3751 745 3807 cui
766 3751 968 3808 merito
989 3751 1182 3808 omnia
1194 3751 1664 3824 justificationum
1675 3769 1887 3824 genera
1908 3753 2126 3809 univer—
2207 3749 2491 3805 nutricula
2516 3747 2782 3806 uberibus
2809 3749 3191 3822 [evangelicis]
3224 3747 3608 3822 immulgebat,
3625 3741 3757 3802 divul-

474 3879 483 3889 .
523 3829 699 3914 eaque
725 3839 998 3897 virtutum
1027 3841 1218 3896 studia
1243 3845 1676 3914 postponuntur,
1690 3847 1748 3898 et
1771 3841 1872 3898 illa
1899 3841 2126 3915 quidem
2207 3838 2423 3895 sionem
2451 3855 2489 3894 a
2520 3839 2744 3894 Christo
2773 3839 2880 3894 sibi
2904 3839 3133 3911 quidem
3181 3839 3435 3907 noxiam,
3465 3837 3558 3892 sed
3589 3830 3754 3892 ceteris

524 3930 736 3998 omnia,
763 3946 886 4002 quae
912 3929 973 3986 in
991 3930 1244 4002 apostolo
1271 3930 1448 3986 Paulo
1482 3929 1706 3986 fulsisse
1745 3931 2122 4004 praediximus,
2206 3928 2719 3996 necessariammon
2737 3927 3342 4001 recusat.Impossibile
3365 3927 3517 3984 enim
3535 3931 3614 3982 est
3629 3922 3760 3979 etiam

524 4033 639 4075 non
679 4019 861 4074 solum
904 4016 1052 4074 bona
1081 4025 1139 4074 et
1162 4018 1342 4086 utilia,
1389 4034 1584 4075 verum
1619 4019 1790 4075 etiam
1837 4037 2043 4094 magna
2069 4027 2127 4077 et
2207 4017 2383 4073 menti
2403 4035 2526 4090 quae
2549 4023 2669 4072 tam
2696 4015 2908 4072 crebris
2931 4015 3279 4072 distenditur
3297 4017 3594 4083 curis,tam
3611 4009 3756 4074 variis,

525 4097 795 4182 praeclara
819 4112 971 4175 sunt,
1005 4107 1102 4163 sed
1146 4107 1312 4174 sicut,
1344 4107 1498 4164 verbi
1538 4108 1743 4181 gratia,
1787 4110 1976 4166 stanni
2013 4127 2128 4166 me-
2206 4113 2326 4163 tam
2345 4107 2602 4164 violentis
2621 4105 2928 4178 angoribus
2939 4103 3626 4179 praepeditur,divinoﬁ'ui
3647 4114 3760 4158 sem-

523 4195 748 4264 tallum,
771 4195 922 4268 quod
951 4194 1188 4267 alicujus
1211 4194 1474 4252 utilitatis
1494 4201 1553 4252 et
1571 4197 1770 4268 gratiae
1795 4197 2118 4270 putabatur,
2205 4213 2307 4276 per
2334 4196 2563 4252 intuitu.
2588 4195 2750 4262 Quod
2777 4195 2926 4251 enim
2950 4201 3067 4251 tam
3087 4194 3352 4268 pertinax
3365 4196 3764 4276 sanctorumstnf

526 4285 593 4340 fit
603 4283 824 4358 argenti
843 4284 1314 4357 contemplatione
1326 4283 1745 4353 vilissimum,et
1759 4303 1984 4342 rursum
2000 4287 2124 4342 auri
2205 4275 2536 4358 dium,quod
2563 4290 2680 4342 tam
2702 4284 2945 4340 arduum
2973 4290 3160 4358 potest
3183 4301 3315 4342 esse
3335 4275 3763 4358 propositum,cui

526 4373 944 4452 comparatione
958 4373 1178 4446 argenti
1199 4374 1465 4431 meritum
1477 4375 1980 4443 evanescit,aurum
1992 4393 2126 4448 quo-
2148 4421 2190 4452 η
2207 4391 2322 4430 non
2349 4374 2562 4448 aliquid
2584 4375 2679 4430 ille
2697 4379 2956 4430 versutus
2982 4373 3284 4430 insidiator
3307 4372 3550 4430 illudat?
3571 4370 3690 4436 Quis
3705 4367 3766 4420 ita

529 4463 832 4538 queipsum
849 4480 1208 4539 gemmarum
1229 4464 1704 4537 contemplatione
1721 4467 2120 4534 contemnitur,
2142 4463 2187 4478 ”
2209 4464 2526 4522 solitudinis
2539 4468 2784 4520 sectatus
2803 4469 2890 4520 est
2903 4469 3118 4518 secreta
3142 4463 3638 4535 universorumque
3649 4469 3765 4514 mor

529 4552 848 4626 etipSarum
859 4552 1227 4608 nihilominus
1237 4553 1492 4626 quamvis
1510 4553 1813 4625 insignium
1826 4554 2126 4612 multitudo
2205 4553 2410 4610 talium
2437 4552 2718 4610 consortia
2740 4551 3059 4621 declinavit,
3097 4557 3165 4608 ut
3192 4568 3493 4626 nunquam
3521 4545 3768 4622 cogitatio-

527 4637 883 4715 gemmarum
910 4640 1079 4696 unius
1108 4641 1428 4714 margaritae
1471 4641 1715 4698 vincitur
1741 4641 2016 4712 claritate,
2046 4643 2127 4700 ita
2206 4641 2372 4700 nibus
2423 4641 2726 4717 superﬂuis
2764 4641 3066 4710 laberetur,
3106 4646 3166 4699 et
3209 4640 3430 4699 intuitu
3483 4653 3659 4698 rerum
3700 4630 3769 4686 vel

528 4729 626 4784 illa
663 4729 854 4784 omnia
881 4729 1084 4786 merita
1131 4731 1466 4799 sanctitatis,
1499 4731 1754 4804 quamvis
1781 4747 1897 4788 non
1941 4732 2124 4790 solum

527 4819 599 4874 ad
615 4833 866 4892 praesens
890 4819 1041 4876 bona
1067 4823 1126 4876 et
1145 4818 1307 4876 utilia
1325 4820 1458 4887 sint,
1491 4837 1684 4878 verum
1713 4821 1886 4877 etiam
1911 4821 2122 4878 donum

527 4907 860 4966 aeternitatis
884 4909 1198 4983 acquirant,
1216 4915 1406 4967 tamen
1449 4908 1497 4964 si
1535 4909 1737 4967 divinae
1773 4912 2120 4985 contempla-

524 4997 697 5055 tionis
716 4997 932 5056 meritis
952 4997 1330 5066 conferantur,
1343 4999 1474 5055 vilia
1487 5004 1678 5072 atque,
1691 5005 1754 5056 ut
1767 4998 1848 5056 ita
1867 4998 2122 5070 dixerim,

525 5077 827 5144 vendibilia
836 5087 1233 5144 censebuntur.
1251 5087 1390 5152 Quis
1407 5089 1560 5145 enim
1579 5105 1850 5162 unquam,
1871 5091 2125 5163 quamvis

527 5178 842 5251 praecipuus
852 5175 1106 5234 omnium
1121 5177 1410 5249 justorum
1431 5183 1601 5250 atque
1613 5183 1934 5236 sanctorum
1954 5179 2126 5252 hujus

2205 4731 2568 4807 occupatione
2609 4737 2839 4788 actuum
2879 4737 3236 4787 terrenarum
3275 4731 3351 4788 ab
3388 4731 3486 4788 illa
3531 4743 3644 4803 quae
3666 4737 3766 4780 vere

2202 4823 2323 4878 sola
2349 4829 2408 4879 et
2435 4822 2581 4879 bona
2608 4828 2712 4890 est,
2726 4819 2829 4879 Dei
2845 4821 3322 4894 contemplatione
3339 4819 3624 4878 decederet
3635 4810 3764 4880 iQuis

2201 4917 2422 4970 tantum
2449 4911 2684 4984 spiritus
2695 4927 2943 4984 unquam
2970 4910 3219 4984 potuerit
3245 4909 3498 4966 retinere
3515 4909 3763 4967 fervorem,

2207 5006 2272 5060 ut
2297 5018 2410 5057 non
2450 5001 2737 5058 interdum
2789 4999 3019 5056 lubricis
3073 4999 3514 5072 cogitationibus
3562 4996 3626 5055 ab
3664 4992 3760 5064 ipsi

2206 5107 2429 5164 quoque
2455 5090 2724 5147 orationis
2767 5089 3084 5145 intentione
3115 5089 3432 5146 translatus
3479 5089 3688 5160 repente
3707 5080 3759 5135 de

2204 5179 2522 5236 caelestibus
2549 5181 2618 5236 ad
2645 5186 2874 5236 terrena
2902 5177 3226 5235 corruerat?
3255 5178 3403 5244 Quis
3439 5181 3691 5237 nostrum.
3709 5172 3754 5224 ll‘

529 5265 779 5338 corporis
809 5264 1045 5322 vinculis
1090 5265 1402 5339 colligatus,
1435 5283 1720 5324 summum
1767 5268 1874 5324 hoc
1916 5267 2124 5324 bonum
2205 5275 2407 5326 caetera
2433 5269 3173 5342 pervagationum‘tempora
3199 5267 3644 5339 praetermittam,
3671 5271 3754 5316 non

530 5352 609 5408 ita
645 5354 928 5425 possidere
956 5355 1206 5426 potuisse
1235 5356 1546 5412 credendus
1566 5374 1644 5424 es,
1668 5362 1734 5412 ut
1770 5373 2059 5430 nunquam
2091 5375 2126 5413 a
2205 5358 2300 5414 illo
2330 5359 2500 5414 etiam
2529 5365 2813 5414 momento
2843 5374 2952 5430 quo
2973 5357 3089 5412 Deo
3108 5357 3436 5428 supplicans
3457 5356 3526 5410 ad
3540 5347 3756 5409 sublimis

529 5439 718 5496 divina
743 5443 1212 5515 contemplatione
1240 5445 1600 5512 descendens,
1615 5463 1687 5502 ne
1706 5464 1876 5520 parvo
1895 5447 2121 5518 quidem
2203 5449 2371 5520 erigit
2393 5455 2660 5514 mentem,
2674 5447 2916 5519 quodam
2935 5452 3162 5518 stupore
3178 5445 3483 5518 collapsus,
3510 5441 3666 5499 etiam
3681 5448 3758 5510 per

529 5535 782 5600 tempore
798 5531 868 5587 ab
895 5549 962 5585 eo
989 5533 1082 5604 qui
1106 5535 1258 5588 solus
1285 5535 1466 5591 bonus
1495 5540 1600 5603 est,
1638 5537 1880 5592 terrenis
1907 5537 2120 5607 cogita-
2204 5538 2260 5592 id
2281 5538 2368 5592 vel
2407 5537 2612 5592 invitus
2649 5536 2896 5590 olfendat
2931 5551 3030 5606 per
3075 5533 3220 5606 quod
3273 5533 3539 5605 sperabat
3574 5526 3754 5583 veniam

527 5617 772 5674 tionibus
815 5625 1044 5695 putetur
1099 5621 1433 5692 abstractus,
1481 5625 1578 5695 qui
1617 5641 1904 5696 nunquam
1946 5627 2119 5682 ullam
2203 5626 2581 5681 delictorum?
2607 5625 2743 5689 Quis
2777 5641 3026 5696 unquam
3060 5629 3173 5678 tam
3188 5628 3458 5694 expertus
3485 5626 3540 5676 et
3559 5614 3754 5687 νίεἰιειιις
