3982 6158
336 215 476 276 1297

1631 217 1726 272 DE
1762 217 2118 275 PURITATE
2155 221 2436 277 CORDIS.

3472 199 3615 276 1298

329 345 438 409 est,
485 342 568 408 ut,
633 339 771 396 dum
834 341 1115 412 psalmum
1169 341 1285 396 Deo
1341 341 1512 408 canit,
1567 357 1858 414 nunquam
1899 359 1934 396 a
1958 347 1999 404 Α
2019 345 2200 416 perati
2230 331 2534 416 fragilitate
2564 345 2766 414 carnis,
2797 344 3114 412 incurrunt,
3149 359 3216 398 ac
3240 343 3484 416 gratiam
3507 342 3616 396 D‘o-

330 429 634 503 Scripturae
653 445 822 485 sensu
861 431 982 500 ejus
1013 429 1238 486 animus
1264 429 1616 486 abducatur?
1645 429 1781 496 Quis
1810 435 1928 487 tam

329 519 624 576 familiaris
643 519 780 588 Deo,
810 525 1040 592 tamque
1069 521 1419 592 conjunctus,
1445 521 1540 592 qui
1561 521 1926 592 apostolicum

329 609 470 666 illud
499 611 824 684 imperium,
857 627 966 682 quo
1014 609 1134 665 sine
1184 610 1598 664 intermissione
1627 627 1790 667 orare
1827 627 1930 666 nos

331 699 674 773 praecipitur,
696 699 782 754 vel
808 715 920 754 uno
951 698 1040 754 die
1053 718 1112 754 se
1130 701 1378 770 gaudeat
1399 701 1766 755 exsecutum?
1797 701 1930 766 Qua:

331 789 464 846 licet
489 788 681 844 omnia
722 787 1026 856 nonnullis,
1070 789 1164 861 qui
1201 795 1336 844 sunt
1366 788 1732 844 crassioribus
1782 789 1931 844 vitiis

331 868 588 944 involuti,
621 877 766 932 levia
809 881 978 948 atque
1005 894 1042 931 a
1066 883 1293 950 peccato
1337 895 1478 950 pene
1502 877 1686 932 aliena
1709 877 1934 933 videan-

328 973 441 1035 tur,
465 965 773 1022 scientibus
791 971 984 1022 tamen
1013 967 1369 1038 perfectionis
1387 967 1599 1022 bonum
1629 968 1801 1022 etiam
1829 968 1934 1022 mi-

329 1055 617 1112 nimarum
659 1072 850 1111 rerum
903 1055 1205 1112 multitudo
1258 1056 1590 1127 gravissima
1628 1063 1714 1111 est
1743 1075 1754 1110 :
1779 1056 1934 1112 fasti-

329 1145 494 1201 diunt
525 1162 658 1216 ergo
687 1145 870 1200 sancti
897 1145 1162 1200 universa
1211 1162 1275 1198 ex
1311 1145 1513 1218 quibus
1554 1147 1796 1202 mundus
1825 1147 1930 1202 iste

327 1234 606 1303 subsistit,
639 1233 738 1288 sed
763 1233 1108 1306 impossibile
1142 1239 1228 1289 est
1255 1238 1320 1289 ut
1347 1251 1459 1290 non
1488 1234 1557 1290 ad
1580 1252 1648 1290 ea
1667 1235 1750 1290 vel
1779 1235 1930 1290 brevi

326 1324 731 1396 cogitationum
743 1315 1040 1395 rapiantur
1059 1341 1306 1391 excessu,
1320 1325 1620 1396 nullusque
1637 1323 1930 1381 hominum

325 1412 385 1468 in
405 1413 512 1468 hac
533 1412 664 1481 vita,
690 1417 918 1484 excepto
953 1413 1190 1468 Domino
1213 1413 1502 1468 Salvatore
1531 1418 1742 1479 nostro,
1768 1419 1931 1468 natu-

327 1502 508 1557 ralem
539 1503 994 1574 pervagationem
1019 1501 1225 1556 mentis
1246 1501 1326 1557 ita
1351 1501 1591 1556 deﬁxam
1622 1519 1844 1574 semper
1871 1501 1930 1556 in

325 1591 431 1646 Dei
472 1591 944 1663 contemplatione
987 1591 1282 1658 continuit,
1328 1599 1394 1646 ut
1433 1607 1724 1664 nunquam
1765 1589 1835 1644 ab
1864 1607 1932 1644 ea

327 1685 526 1752 raptus
547 1680 844 1736 mundanae
865 1681 1138 1751 cujusque
1150 1681 1232 1734 rei
1255 1680 1623 1736 delectatione
1652 1685 1926 1752 peccaret,

327 1768 550 1824 dicente
573 1769 890 1840 Scriptura:
921 1787 948 1822 α
972 1769 1171 1824 Sidera
1198 1769 1320 1840 ipsa
1349 1785 1462 1824 non
1481 1773 1615 1823 sunt
1642 1768 1855 1823 munda
1871 1768 1932 1823 in

265 1905 278 1914 ε
327 1864 632 1930 conspectu
650 1861 802 1930 ejus;
829 1876 855 1911 ι
880 1865 938 1912 et
950 1857 1156 1912 iterum
1191 1877 1202 1910 :
1231 1876 1258 1911 α
1283 1858 1341 1914 Si
1371 1858 1430 1912 in
1458 1857 1799 1912 sanctissuis
1817 1873 1930 1912 non

328 1948 580 2014 conlidit,
600 1953 658 2002 et
679 1948 736 2002 in
750 1947 964 2019 angelis
984 1947 1100 2002 suis
1119 1947 1332 2019 reperit
1341 1947 1852 2019 prav1tatem,»sive
1867 1951 1934 2002 ut

329 2036 654 2092 emendatio
669 2036 964 2091 translatio
989 2035 1178 2104 habet,
1201 2055 1226 2088 ‹‹
1252 2052 1376 2090 ecce
1396 2037 1545 2091 inter
1563 2042 1787 2090 sanctos
1807 2037 1930 2108 ejus

327 2141 498 2182 nemo
526 2125 914 2192 immutabilis,
947 2129 1005 2180 et
1041 2125 1164 2181 οωΙί
1192 2143 1304 2180 non
1333 2131 1468 2181 sunt
1497 2125 1693 2180 mundi
1721 2126 1781 2180 in
1801 2141 1932 2180 con-

323 2218 521 2288 spectu
544 2216 683 2286 ejus.
714 2215 884 2270 Recte
898 2214 1074 2286 igitur
1093 2219 1334 2281 sanctos,
1353 2215 1449 2286 qui
1469 2214 1801 2269 memoriam
1828 2213 1928 2269 Dei

320 2299 605 2360 stabiliter
629 2304 938 2359 retinentes
965 2303 1125 2376 quasi
1164 2321 1266 2376 per
1306 2309 1563 2358 extensas
1594 2305 1652 2358 in
1690 2303 1929 2360 sublime

319 2392 504 2448 lineas
529 2409 797 2466 suspenso
813 2393 1073 2450 feruntur
1091 2393 1332 2460 incessu,
1357 2391 1750 2460 schmnobatis,
1787 2409 1927 2464 quos

319 2483 489 2553 vulgo
519 2481 876 2538 funambulos
893 2488 1110 2550 vocant,
1134 2482 1368 2538 dixerim
1391 2481 1813 2554 comparandos,
1830 2482 1926 2554 qui

317 2587 606 2626 summam
637 2589 750 2626 suae
779 2570 977 2626 salutis
1001 2589 1067 2626 ac
1094 2571 1220 2627 vitae
1249 2571 1306 2627 in
1347 2571 1747 2644 angustissimo
1775 2571 1924 2626 funi-

321 2659 435 2715 culi
463 2659 616 2715 illius
637 2661 863 2716 tramite
891 2661 1243 2730 collocantes,
1276 2660 1691 2716 atrocissimum
1711 2677 1772 2716 se
1782 2677 1928 2715 mor-

320 2755 444 2804 tem
472 2749 730 2822 protinus
769 2749 1064 2805 incursuro
1093 2767 1214 2804 esse
1263 2766 1376 2805 non
1423 2749 1735 2822 ambigunt,
1765 2749 1813 2805 si
1842 2749 1927 2805 vel

329 2838 534 2910 exigua
563 2856 661 2912 pes
700 2856 894 2894 eorum
942 2838 1278 2894 titubatione
1325 2839 1646 2907 deviaverit,
1677 2845 1778 2896 aut
1805 2855 1926 2895 mo-

313 2927 459 2983 dum
485 2928 636 2983 illius
668 2929 932 2984 salutaris
960 2929 1282 2984 directionis
1319 2929 1634 2997 excesserit,
1665 2929 1761 3000 qui
1788 2929 1924 2985 dum

2009 432 2149 487 mini
2172 433 2387 505 jugiter
2405 433 2776 506 postulantes,
2790 451 2950 489 veras
2975 431 3318 507 paenitentiae
3332 431 3612 502 lacrymas

2009 521 2395 577 indesinenter
2422 521 2731 589 effundant,
2780 523 2986 596 quippe
3031 521 3128 594 qui
3157 519 3383 576 videant
3409 517 3613 574 iisdem

2013 610 2150 684 ipsis
2179 627 2239 665 se
2294 627 2396 683 pro
2454 611 2657 684 quibus
2705 612 2971 667 continuo
3027 610 3218 665 dolore
3246 607 3428 663 vexati
3456 611 3608 678 sunt,

2011 700 2183 754 etiam
2203 715 2382 773 usque
2403 699 2474 756 ad
2504 701 2768 756 ultimum
2789 700 2914 756 vitae
2941 701 3112 755 ﬁnem
3145 697 3371 754 aestibus
3398 695 3613 752 involu-

2010 794 2118 856 tos,
2149 789 2322 844 etiam
2355 790 2506 862 ipsas
2545 789 2982 863 supplicationes
3009 806 3139 844 suas
3172 787 3372 842 offerre
3400 803 3460 842 se
3488 785 3612 842 sine

2012 877 2417 948 cogitationum
2439 877 2719 934 anxietate
2738 895 2852 934 non
2879 894 3043 950 posse
3071 897 3082 932 :
3115 876 3329 950 experti
3357 873 3610 954 igiturse

2012 966 2274 1022 humanis
2293 967 2508 1023 viribus
2536 968 2916 1023 desideratum
2946 969 3137 1034 ﬁnem,
3163 965 3468 1022 obsistente
3486 981 3610 1019 car-

2013 1055 2102 1110 nis
2123 1055 2363 1122 sarcina,
2397 1055 2674 1128 attingere
2701 1073 2815 1112 non
2841 1057 3045 1124 valere,
3077 1070 3260 1127 neque
3291 1051 3373 1109 illi
3419 1051 3611 1128 praeci-

2012 1162 2124 1218 puo
2135 1161 2469 1217 summoque
2483 1145 2629 1201 bono
2640 1145 2950 1202 secundum
2961 1145 3143 1201 cordis
3163 1145 3251 1200 sui
3269 1141 3610 1199 desiderium

2013 1251 2174 1306 posse
2219 1234 2521 1306 conjungi,
2564 1235 2662 1289 sed
2711 1235 2781 1290 ab
2838 1236 2960 1306 ejus
3005 1234 3216 1296 intuitu
3253 1233 3499 1306 captivos
3537 1231 3610 1310 ad

2012 1323 2299 1378 mundana
2328 1323 2634 1391 transduci,
2681 1323 2752 1378 ad
2791 1323 3036 1396 gratiam
3081 1323 3204 1392 Dei,
3247 1339 3368 1394 quae
3405 1319 3608 1393 impios

2005 1412 2300 1483 justificat,
2331 1413 2690 1468 convolantes
2720 1429 2848 1468 cum
2894 1413 3162 1484 Apostolo
3203 1415 3606 1483 protestantur,

2011 1502 2108 1574 qui
2127 1503 2208 1556 ait
2229 1518 2242 1560 :
2263 1519 2290 1554 α
2313 1501 2508 1558 Infelix
2529 1519 2632 1574 ego
2651 1502 2841 1569 homo,
2865 1502 2992 1573 quis
3009 1518 3100 1556 me
3117 1499 3378 1556 liberabit
3396 1499 3466 1554 de
3485 1516 3612 1554 cor-

2011 1607 2146 1663 pore
2164 1591 2361 1646 mortis
2376 1591 2581 1662 hujus?
2602 1590 2799 1646 Gratia
2807 1590 2909 1646 Dei
2924 1607 3025 1666 per
3038 1589 3340 1645 Dominum
3351 1593 3608 1644 nostrum

1945 1666 2040 1736 Β]
2045 1696 2202 1734 esum
2233 1680 2520 1736 Christum
2547 1681 2724 1752 (Rom.
2757 1694 2856 1748 vn,
2882 1677 2993 1745 24).
3025 1699 3054 1734 η
3084 1677 3346 1734 Sentiunt
3371 1677 3522 1732 enim
3549 1693 3612 1733 se

2010 1767 2220 1824 bonum
2251 1769 2403 1824 istud
2432 1769 2581 1842 quod
2611 1769 2806 1825 volunt
2841 1785 2954 1824 non
2983 1785 3146 1841 posse
3167 1766 3410 1841 perfecte
3437 1763 3611 1839 perﬁ-

2011 1877 2156 1926 cere,
2171 1859 2268 1914 sed
2285 1859 2344 1914 in
2363 1859 2502 1914 illud
2531 1859 2679 1931 quod
2700 1859 2918 1926 nolunt,
2943 1858 3202 1932 quodque
3226 1857 3468 1912 oderunt
3495 1871 3612 1908 ma-
3689 1933 3694 1936 _

2011 1949 2150 2016 lum,
2172 1949 2229 2004 id
2251 1955 2352 2016 est,
2385 1947 2792 2020 cogitationum
2823 1953 3011 2002 motus
3041 1951 3100 2002 et
3126 1963 3320 2001 curam
3350 1961 3606 2017 corpora-

2011 2037 2150 2092 lium
2172 2054 2364 2092 rerum
2389 2053 2614 2109 semper
2633 2036 2900 2092 incidere.
2916 2037 2986 2092 Et
3013 2035 3472 2092 condelectantur
3487 2033 3609 2105 qui-

2011 2128 2141 2182 dem
2171 2127 2282 2198 legi
2313 2126 2434 2194 Dei,
2464 2126 2772 2182 secundum
2818 2125 3144 2180 interiorem
3191 2123 3480 2180 hominem
3509 2123 3606 2195 qui

2009 2216 2251 2272 visibilia
2277 2221 2477 2272 cuncta
2494 2215 2896 2272 transcendens
2923 2219 3160 2270 conatur
3185 2214 3302 2269 Deo
3330 2212 3434 2267 soli
3455 2227 3606 2267 sem-

2009 2322 2112 2378 per
2121 2304 2288 2372 uniri,
2309 2305 2408 2360 sed
2423 2304 2615 2360 vident
2631 2324 2658 2358 α
2677 2303 2844 2359 aliam
2859 2304 3042 2375 legem
3055 2302 3114 2358 in
3125 2300 3392 2356 membris
3403 2300 3540 2367 suis,
3573 2318 3602 2354 ››

2009 2395 2068 2449 id
2113 2400 2218 2463 est,
2269 2394 2328 2449 in
2375 2399 2581 2450 natura
2633 2393 2896 2448 humanae
2933 2391 3270 2446 conditionis
3308 2390 3598 2458 insertam,

2011 2500 2135 2556 quae
2150 2501 2177 2535 ‹‹
2199 2487 2480 2555 repugnat
2497 2482 2609 2554 legi
2628 2482 2834 2538 mentis
2849 2500 2870 2534 ι
2887 2497 3102 2548 eorum,
3122 2485 3180 2535 et
3189 2479 3472 2552 captivum
3480 2495 3606 2552 per-

2007 2572 2185 2628 trahit
2203 2588 2430 2627 sensum
2455 2572 2698 2628 violenta
2718 2571 2842 2642 lege
2870 2569 3102 2643 peccati,
3133 2569 3470 2642 compellens
3495 2567 3606 2624 sci-

2008 2661 2140 2716 licet
2169 2678 2318 2729 eum,
2345 2661 2540 2716 relicto
2567 2659 2662 2716 illo
2681 2659 2975 2734 principali
3002 2657 3168 2726 bono,
3194 2663 3424 2714 terrena
3447 2656 3602 2729 cogi-

2007 2750 2222 2806 tatione
2239 2749 2514 2818 submitti,
2541 2767 2666 2822 quae
2681 2749 2934 2822 quamvis
2967 2747 3286 2804 necessaria
3297 2753 3468 2820 atque
3485 2745 3602 2802 uti-

2008 2839 2078 2894 lis
2107 2839 2366 2894 videatur
2391 2857 2520 2895 cum
2565 2839 2921 2912 dispensione
2967 2838 3284 2910 cujuspiam
3323 2837 3600 2909 religiosae

2007 2929 2357 2985 necessitatis
2381 2929 2744 3001 impenditur,
2779 2927 3198 3001 comparatione
3231 2931 3426 2982 tamen
3451 2925 3603 2982 illius

312 3023 440 3072 arte
461 3017 702 3072 miriﬁca
729 3017 912 3074 aerios
929 3034 1156 3091 gressus
1184 3035 1286 3090 per
1313 3018 1481 3074 inane
1511 3019 1840 3086 moliuntur,
1875 3019 1922 3074 si
1944 2991 1989 3051 θ
2007 3017 2140 3073 boni
2170 3018 2319 3090 quod
2365 3022 2689 3073 sanctorum
2738 3017 2992 3072 omnium
3035 3015 3280 3072 oblectat
3305 3015 3598 3086 intuitum,

311 3106 474 3161 illam
506 3107 890 3178 angustiorem
918 3107 1151 3179 vestigio
1171 3109 1431 3162 semitam
1451 3125 1565 3163 non
1575 3113 1742 3164 cauta
1752 3114 1922 3181 atque

313 3195 562 3251 sollicita
590 3196 974 3252 moderatione
1003 3197 1364 3264 servaverint,
1405 3204 1560 3252 terra
1591 3215 1714 3270 quae
1743 3197 1921 3252 omni-

312 3283 424 3340 bus
451 3285 602 3340 velut
627 3287 902 3342 naturalis
931 3293 1017 3341 est
1042 3286 1192 3342 basis
1214 3292 1272 3341 et
1291 3288 1693 3343 solidissimum
1705 3290 1920 3344 cunctis

313 3389 383 3428 ac
435 3374 782 3430 tutissimum
828 3377 1266 3444 ﬁrmamentum,
1315 3377 1380 3431 ﬁt
1425 3377 1535 3431 illis
1575 3395 1819 3448 praesens
1857 3395 1922 3434 ac

316 3463 623 3520 manifesta
639 3465 935 3537 pernicies,
950 3483 1062 3521 non
1092 3466 1224 3538 quia
1242 3465 1394 3522 illius
1414 3471 1666 3522 mutetur
1692 3471 1916 3535 natura,

317 3552 422 3609 sed
454 3553 586 3624 quia
612 3553 696 3620 illi
727 3555 797 3609 ad
827 3572 948 3610 eam
979 3555 1253 3628 praecipiti
1285 3555 1469 3610 carnis
1503 3555 1752 3628 pondere
1781 3555 1918 3612 dila-

311 3640 549 3696 buntur.
573 3641 661 3698 Ita
687 3643 858 3698 etiam
887 3643 1168 3700 indefessa
1193 3643 1291 3700 illa
1316 3645 1420 3700 Dei
1461 3643 1683 3700 bonitas
1719 3646 1922 3700 immu-

315 3729 619 3802 tabilisque
635 3731 1084 3805 substantiaipsa
1094 3734 1320 3806 quidem
1337 3734 1620 3790 neminem
1635 3733 1808 3802 laedit,
1821 3734 1919 3791 sed

315 3835 424 3874 nos
434 3817 766 3876 declinando
789 3839 824 3876 a
843 3839 1062 3878 summo
1082 3829 1252 3894 atque
1281 3824 1353 3878 ad
1377 3824 1493 3878 ima
1516 3823 1796 3879 tendendo
1815 3841 1918 3880 no-

313 3905 404 3963 bis
435 3907 572 3980 ipsis
601 3909 996 3966 consciscimus
1035 3917 1296 3981 mortem,
1327 3913 1442 3967 imo
1469 3912 1592 3984 ipsa
1620 3913 1934 3970 declinatio

320 4014 478 4052 mors
524 3997 766 4054 efﬁcitur
815 4000 1138 4056 declinanti.
1177 4023 1200 4052 ι
1233 4001 1328 4058 Vae
1376 4001 1546 4070 enim,
1577 4003 1780 4076 inquit,
1813 4003 1914 4074 eis,

323 4088 592 4160 quoniam
619 4096 974 4145 recesserunt
1001 4107 1035 4146 a
1062 4107 1154 4146 me
1186 4109 1197 4146 :
1230 4091 1616 4158 vastabuntur,
1649 4092 1917 4164 quoniam

321 4176 674 4248 praevaricati
703 4183 840 4232 sunt
861 4177 920 4232 in
949 4195 1040 4234 me
1071 4179 1207 4247 (038.
1240 4198 1328 4248 vn,
1360 4179 1467 4250 13).
1502 4201 1526 4232 ι
1559 4182 1630 4236 Et
1655 4181 1862 4237 iterum
1897 4202 1909 4238 :

327 4283 358 4318 ι
387 4265 484 4321 Vae
511 4267 592 4321 eis
615 4283 744 4322 cum
779 4284 1063 4323 recessero
1087 4267 1158 4323 ab
1185 4268 1265 4324 eis
1293 4287 1304 4323 :
1337 4276 1538 4341 arguet
1563 4287 1808 4343 namque
1837 4278 1913 4342 te,

321 4354 542 4411 malitia
585 4361 687 4412 tua
727 4363 786 4412 et
823 4356 1037 4412 aversio
1083 4363 1184 4412 tua
1232 4359 1544 4432 increpabit
1569 4365 1644 4416 te.
1681 4361 1830 4417 Scito
1863 4369 1920 4418 et

320 4441 468 4509 vide,
499 4442 634 4513 quia
661 4443 876 4498 malum
915 4449 972 4498 et
1001 4461 1260 4500 amarum
1289 4451 1376 4500 est
1401 4445 1694 4518 reliquisse
1722 4453 1778 4502 te
1807 4448 1918 4503 Do-

321 4530 544 4586 minum
555 4529 738 4586 Deum
759 4537 920 4588 tuum
937 4534 1068 4603 (030.
1092 4551 1168 4602 1x,
1203 4533 1310 4604 12).
1338 4553 1362 4586 ι
1395 4535 1536 4590 Cum
1566 4553 1698 4607 ergo
1719 4542 1921 4592 semet-

319 4619 476 4692 ipsos
503 4620 752 4691 quotidie
778 4621 1028 4676 sentiant
1079 4623 1258 4678 sancti
1286 4629 1523 4680 terrenaa
1565 4625 1920 4696 cogitationis

318 4707 570 4781 pondere
597 4717 992 4781 praegravatos,
1026 4711 1095 4766 ab
1123 4712 1220 4767 illa
1240 4713 1444 4768 mentis
1466 4712 1807 4770 sublimitate
1827 4715 1920 4771 de-

320 4795 523 4854 cedere
543 4802 600 4852 et
616 4798 842 4867 invitos,
865 4799 978 4856 imo
999 4818 1128 4857 vero
1145 4801 1314 4857 etiam
1335 4802 1646 4858 nescientes
1657 4803 1716 4858 in
1734 4804 1917 4875 legem

319 4887 539 4960 peccati
554 4887 863 4960 mortisque
873 4890 1180 4958 transduci,
1195 4897 1383 4962 atque,
1407 4897 1472 4947 ut
1485 4897 1685 4948 caetera
1695 4899 1921 4965 praeter-

321 4975 570 5044 mittam,
588 4975 701 5055 illis
711 4977 912 5032 saltem
921 4994 1044 5051 quae
1057 4979 1315 5052 superius
1329 4982 1745 5054 comprehendi,
1760 4981 1921 5038 bonis

322 5061 554 5136 quidem
582 5081 647 5119 ac
687 5067 875 5138 justis,
915 5067 1015 5122 sed
1058 5073 1249 5124 tamen
1275 5069 1516 5125 terrenis
1542 5088 1577 5126 a
1621 5077 1921 5143 conspectu

319 5151 428 5209 Dei
459 5153 722 5225 cperibus
760 5155 1026 5225 revocari,
1059 5157 1270 5212 habent
1304 5158 1552 5231 profecto
1591 5177 1692 5232 pro
1721 5159 1922 5232 quibus

321 5240 399 5298 ad
419 5240 725 5298 Dominum
737 5244 952 5316 jugiter
969 5245 1364 5318 ingemiscant,
1381 5247 1591 5303 habent
1599 5265 1702 5321 pro
1721 5249 1924 5321 quibus

319 5331 386 5388 in
414 5330 649 5388 veritate
707 5331 988 5390 humiliati
1034 5341 1205 5408 atque
1251 5337 1571 5408 compuncti
1599 5353 1712 5392 non
1742 5338 1924 5394 verbis

321 5421 723 5477 tantummodo
733 5421 834 5478 sed
857 5421 1059 5480 aﬁectu
1077 5427 1406 5500 semetipsos
1421 5427 1792 5500 pronuntient
1798 5419 1922 5501 pec-

322 5515 548 5568 catores
573 5515 633 5568 et
673 5512 896 5572 veniam
939 5531 1041 5587 pro
1071 5513 1330 5573 omnibus
1373 5533 1496 5590 quae
1523 5516 1792 5588 quotidie,
1825 5534 1921 5574 su-

2003 3108 2154 3162 mala
2181 3107 2378 3180 utique
2408 3105 2478 3160 ab
2508 3106 2588 3162 eis
2623 3123 2689 3162 ac
2715 3105 2982 3178 fugienda
3010 3106 3348 3173 decernitur,
3381 3107 3477 3179 qui
3499 3123 3602 3179 per

2003 3215 2130 3254 eam
2153 3214 2377 3270 quoquo
2406 3195 2572 3251 modo
2600 3196 2686 3252 vel
2716 3196 2787 3251 ad
2807 3196 3088 3252 modicum
3112 3202 3336 3268 tempus
3361 3195 3432 3252 ab
3449 3195 3601 3252 illius

2002 3286 2258 3358 perfectae
2286 3285 2654 3340 beatitudinis
2681 3285 2888 3356 gaudio
2916 3286 3302 3341 retrahuntur.

2075 3376 2298 3444 (Moyses
2328 3377 2393 3429 in
2422 3375 2616 3430 Collat.
2639 3374 2901 3441 0assiod.,
2928 3377 3052 3429 coll.
3089 3392 3126 3442 ι,
3159 3390 3276 3444 cap.
3307 3373 3420 3444 15).
3449 3375 3598 3430 Con-

2001 3464 2294 3535 templatio
2319 3479 2450 3518 vero
2469 3462 2572 3518 Dei
2599 3462 2905 3518 multifarie
2929 3462 3258 3535 concipitur.
3281 3465 3428 3519 Nam
3448 3465 3599 3520 Deus

2000 3568 2113 3609 non
2143 3551 2264 3607 sola
2306 3549 2888 3624 incomprehensibilis
2938 3551 3090 3606 illius
3117 3551 3444 3608 substantiae
3483 3569 3598 3610 sua

2001 3641 2376 3697 admiratione
2405 3640 2779 3712 cognoscitur,
2815 3641 2964 3714 quod
2991 3647 3184 3696 tamen
3216 3641 3399 3696 adhuc
3418 3641 3478 3696 in
3495 3658 3596 3714 spe

2000 3728 2388 3802 promissionis
2416 3727 2803 3784 absconditum
2832 3734 2956 3798 est;
2986 3728 3086 3784 sed
3113 3729 3286 3783 etiam
3314 3734 3598 3786 creaturae

1999 3836 2128 3874 rum
2142 3835 2373 3874 suarum
2388 3818 2796 3890 magnitudine,
2809 3817 2897 3874 vel
2909 3817 3190 3891 aequitatis
3215 3835 3332 3874 suae
3347 3819 3598 3876 conside-

1999 3910 2236 3976 ratione,
2267 3909 2354 3964 vel
2383 3909 2721 3981 quotidianae
2764 3907 3199 3981 dispensationis
3239 3907 3446 3963 auxilio
3472 3925 3598 3981 per-

1997 3999 2248 4066 videtur;
2281 3997 2504 4071 quando
2531 3997 2741 4052 scilicet
2767 4014 2890 4070 quae
2931 4014 3061 4053 cum
3105 3998 3314 4054 sanctis
3343 3997 3460 4059 suis
3495 4016 3598 4072 per

1997 4088 2250 4160 singulas
2273 4087 2667 4160 generationes
2695 4087 2891 4159 egerit,
2923 4093 3113 4143 mente
3139 4087 3441 4162 purissima
3465 4105 3594 4162 per-

1995 4179 2324 4246 lustramus,
2357 4193 2485 4234 cum
2513 4177 2824 4250 potentiam
2850 4177 3046 4250 ipsius,
3069 4194 3194 4250 qua:
3222 4179 3483 4235 universa
3497 4197 3598 4252 gu-

1998 4268 2219 4338 bernat,
2260 4267 2587 4324 moderatur
2643 4285 2708 4322 ac
2761 4267 2925 4340 regit,
2976 4284 3107 4323 cum
3154 4268 3597 4326 immensitatem

2001 4358 2248 4414 scientiae
2279 4359 2420 4430 ejus,
2461 4363 2518 4411 et
2561 4356 2806 4423 oculum,
2853 4372 3021 4428 quem
3077 4361 3295 4412 secreta
3343 4357 3598 4414 cordium

2001 4448 2176 4504 latere
2201 4464 2316 4503 non
2343 4451 2597 4519 possunt,
2631 4451 2910 4500 tremente
2938 4444 3102 4500 corde
3132 4444 3434 4518 miramur;
3467 4461 3597 4500 cum

2001 4553 2233 4592 arenam
2258 4535 2434 4590 maris
2460 4534 2853 4605 undarumque
2881 4549 3182 4588 numerum
3200 4533 3518 4591 dimensum
3546 4537 3598 4592 ei

2003 4631 2062 4682 et
2089 4625 2374 4698 cognitum
2404 4623 2590 4695 pavidi
2617 4622 2960 4694 cogitamus;
2983 4639 3112 4677 cum
3138 4623 3455 4695 pluviarum
3471 4631 3598 4696 gut-

2001 4720 2108 4781 tas,
2140 4730 2268 4768 cum
2296 4712 2627 4769 saeculorum
2659 4711 2780 4767 dies
2827 4716 2885 4767 et
2928 4711 3116 4779 horas,
3148 4729 3277 4768 cum
3313 4713 3600 4786 praeterita

1997 4802 2255 4860 futurave
2289 4803 2554 4858 universa
2579 4801 3052 4874 obstupescentes,
3085 4801 3327 4858 scientiae
3347 4804 3470 4875 ejus
3517 4820 3602 4858 as-

2000 4893 2200 4948 sistere
2225 4891 2700 4964 contemplamur:
2728 4907 2855 4947 cum
2883 4890 3222 4946 ineffabilem
3241 4891 3600 4948 clementiam

2001 4984 2124 5055 ejus
2151 4981 2569 5038 consideramus
2599 4981 2732 5053 quia
2753 4981 3052 5036 innumera
3081 4979 3315 5052 ﬂagitia,
3329 4997 3452 5052 quae
3480 4980 3601 5036 sin-

2001 5072 2150 5144 gulis
2177 5071 2491 5144 quibusque
2519 5070 2820 5125 momentis
2857 5069 2961 5124 sub
2988 5069 3140 5126 illius
3169 5069 3603 5128 committuntur

2005 5166 2252 5233 aspectu,
2282 5159 2564 5216 indefessa
2589 5158 3338 5230 longanimitatesustentat:
3374 5176 3504 5215 cum
3515 5159 3603 5226 in-

2004 5256 2232 5306 tuemur
2258 5248 2606 5305 vocationem
2641 5264 2751 5321 qua
2777 5264 2898 5315 nos,
2941 5247 3110 5303 nullis
3158 5248 3602 5321 precedentibus

2007 5338 2243 5408 meritis,
2271 5339 2458 5411 gratia
2483 5355 2598 5394 suae
2627 5337 3004 5392 miserationis
3025 5337 3260 5407 ascivit;
3293 5354 3422 5396 cum
3450 5339 3606 5396 deni-

2004 5445 2113 5502 que
2135 5434 2272 5502 quot
2301 5427 2617 5483 occasiones
2645 5427 2844 5482 salutis
2873 5426 3072 5482 tribuit
3099 5427 3432 5502 adoptandis
3475 5447 3604 5486 cum

2003 5518 2248 5591 quodam
2277 5515 2674 5576 admirationis
2701 5516 2992 5574 intuemur
3027 5533 3256 5576 excessu
3289 5538 3306 5576 :
3347 5519 3498 5593 quod
3524 5519 3607 5578 ita
