3982 6158
414 183 554 244 1299

1018 188 1083 244 Β.
1125 186 1396 244 RABANI
1433 185 1667 245 MAURI
1704 184 2023 243 ARCHIEP
2058 185 2384 244 MOGUNT.
2427 184 2724 242 OPERUM
2758 184 2946 242 PARS
2981 186 3082 243 III.

3539 185 3661 249 {300

416 313 694 369 nosnasci
714 311 996 386 praecepit,
1015 316 1082 369 ut
1097 309 1169 369 ab
1185 311 1324 386 ipsis
1342 312 1634 369 cunabulis
1647 312 1835 384 gratia
1852 311 2014 367 nobis
2032 319 2073 379 Α
2097 311 2376 384 propitius
2407 312 2559 367 Deus
2585 310 2685 366 dat
2712 309 3033 383 petentibus
3060 326 3138 376 se,
3168 309 3263 366 hic
3281 313 3368 366 est
3390 311 3663 368 thesaurus

418 401 673 474 legisque
701 419 816 459 sum
842 403 1046 457 notitia
1064 403 1402 470 traderetur,
1431 402 1579 474 quod
1602 403 1724 474 ipse
1753 401 2014 456 adversa-

420 489 569 546 rium
595 490 822 546 vincens
858 491 917 546 in
951 491 1114 546 nobis
1140 509 1243 564 pro
1272 492 1390 547 solo
1421 488 1579 547 bonae
1603 490 1903 546 voluntatis
1931 507 2016 544 as-

416 595 588 637 sensu
611 585 823 635 aeterna
848 578 1196 636 beatitudine
1224 598 1290 636 ac
1309 581 1595 653 perpetuis
1642 596 1744 635 nos
1773 578 2017 652 praemiis

378 739 405 749 ω
418 673 784 738 muneratur;
805 686 933 724 cum
961 675 1244 742 postremo
1259 670 1734 742 dispensationem
1753 669 2014 727 incarna-

416 757 589 814 tionis
615 775 731 814 suae
766 775 869 831 pro
900 764 1095 815 nostra
1121 759 1302 814 salute
1341 759 1604 832 suscepit,
1633 775 1698 814 ac
1736 758 2018 814 mirabilia

418 847 820 920 mysteriorum
849 864 1082 903 suorum
1118 847 1175 927 in
1209 849 1425 903 cunctis
1450 847 1712 920 gentibus
1739 847 2012 902 dilatavit.

421 935 568 991 Sunt
595 941 785 992 autem
816 936 939 991 aliae
966 953 1188 1009 quoque
1215 937 1538 1008 hujusmodi
1554 937 1864 992 innumerae
1883 954 2016 991 con-

419 1025 834 1096 templationes,
895 1042 1018 1098 quae
1050 1043 1151 1098 pro
1193 1027 1466 1098 qualitate
1498 1027 1624 1082 vitae
1672 1043 1738 1082 ac
1771 1025 2016 1098 puritate

422 1113 608 1169 cordis
633 1113 692 1169 in
721 1114 928 1170 nostris
938 1114 1196 1170 sensibus
1223 1116 1499 1182 oriuntur,
1526 1115 1730 1188 quibus
1752 1116 1901 1170 Deus
1930 1117 2015 1170 vel

418 1201 642 1258 videtur
659 1203 884 1259 mundis
905 1203 1210 1271 obtutibus,
1233 1204 1321 1259 vel
1334 1209 1578 1260 tenetur.
1603 1205 1754 1269 Quas
1773 1204 2018 1276 profecto

418 1291 608 1348 nullus
656 1297 930 1365 perpetuo
978 1293 1286 1348 retentabit
1328 1293 1389 1348 in
1429 1310 1538 1365 quo
1581 1294 1766 1349 adhuc
1805 1293 2018 1366 aliquid

419 1381 735 1436 carnalium
783 1381 914 1436 vivit
959 1381 1284 1450 affectuum,
1313 1382 1446 1454 quia
1477 1402 1500 1434 ι
1532 1399 1645 1437 non
1676 1382 1902 1454 poteris,
1938 1382 2021 1437 ait

418 1470 714 1537 Dominus,
742 1469 930 1525 videre
968 1469 1168 1525 faciem
1215 1487 1402 1526 meam
1435 1490 1447 1526 :
1489 1488 1602 1526 non
1634 1471 1784 1526 enim
1811 1471 2020 1527 videbit

421 1545 514 1615 uie
532 1559 702 1614 homo
733 1563 792 1614 et
817 1558 964 1615 vivet
985 1559 1174 1630 (Exod.
1200 1576 1396 1628 xxxrn,
1418 1558 1532 1630 20),
1569 1579 1595 1615 »
1628 1560 2017 1616 scilicetmun-

2097 406 2314 467 noster,
2328 400 2419 456 hic
2446 405 2535 456 est
2561 401 2651 456 via
2688 404 2902 467 nostra,
2932 398 3025 454 hic
3052 402 3138 454 est
3175 398 3446 472 sapientia
3472 407 3659 470 nostra,

2091 489 2318 560 justitia
2343 494 2578 555 nostra,’
2590 496 2785 562 pastor
2806 494 3015 556 noster,
3065 494 3122 544 et
3147 493 3340 560 pastor
3376 488 3563 556 bonus,
3584 491 3664 546 hic

2097 582 2186 634 est
2209 579 2322 633 vita
2362 584 2576 645 nostra,
2624 579 2780 634 vides
2823 584 3034 650 quanta
3077 576 3244 644 bona,
3292 577 3351 632 in
3375 594 3484 633 uno
3516 578 3662 649 bono,

2097 667 2216 724 haec
2242 667 2392 723 bona
2438 668 2599 723 nobis
2648 667 2957 739 praedicant
3001 666 3375 737 evangelista,
3400 667 3512 721 haec
3538 667 3666 725 bona

2098 756 2393 830 requirens
2448 756 2623 811 David
2663 760 2748 810 ait
2777 771 2792 810 :
2827 773 2854 808 «
2895 755 3033 821 Quis
3073 755 3323 810 ostendit
3355 754 3510 810 nobis
3539 754 3668 813 bona

2101 846 2265 916 (Psal.
2299 861 2370 912 1v,
2403 844 2458 916 6)
2483 845 2508 898 ?
2537 863 2563 898 ι
2598 850 2656 899 et
2680 844 2927 900 ostendit
2953 845 3141 916 ipsum
3190 861 3314 901 esse
3349 845 3492 901 bona
3512 845 3665 918 subji-

2099 933 2253 989 ciens
2281 951 2294 987 :
2331 955 2354 984 α
2389 934 2687 1004 Signatum
2719 939 2808 989 est
2834 933 2894 989 in
2921 933 3082 988 nobis
3104 934 3299 989 lumen
3326 935 3506 989 vultus
3531 935 3620 990 tui.
3640 951 3664 990 ι

2099 1013 2236 1089 Quis
2261 1028 2455 1079 autem
2483 1024 2676 1079 lumen
2703 1024 2891 1078 vultus
2920 1023 3122 1092 Patris,
3154 1023 3267 1078 nisi
3295 1025 3548 1096 splendor
3567 1025 3667 1096 glo-

2073 1113 2217 1180 riae,
2248 1119 2308 1168 et
2334 1114 2522 1185 imago
2549 1111 2842 1167 invisibilis
2870 1111 2973 1167 Dei
2998 1111 3024 1166 ’ἲ
3052 1113 3111 1166 in
3141 1128 3255 1184 quo
3294 1112 3582 1168 et‘videtur
3621 1118 3670 1169 et

2099 1202 2438 1257 clariﬁcatur
2449 1203 2633 1268 Pater,
2662 1201 2807 1257 sicut
2853 1201 2974 1274 ipse
3013 1200 3288 1256 clariﬁcat
3296 1200 3495 1256 Filium
3506 1218 3665 1258 suum.

2100 1293 2225 1364 Ipse
2257 1296 2343 1346 est
2371 1308 2504 1362 ergo
2533 1290 2808 1346 Dominus
2825 1291 2853 1346 J
2858 1307 2989 1346 esus
3006 1290 3223 1345 bonum
3242 1307 3520 1346 summum
3542 1291 3668 1363 quod

2100 1379 2262 1435 nobis
2290 1380 2689 1438 annuntiatum
2719 1396 2754 1433 a
2780 1379 3091 1451 prophetis,
3126 1378 3491 1451 praedicatum
3510 1378 3669 1435 aban-

2097 1469 2257 1540 gelis,
2300 1470 2640 1541 promissum
2692 1486 2728 1524 a
2768 1469 2954 1535 Patre,
3011 1468 3456 1540 evangelizatum
3499 1474 3577 1523 est
3611 1467 3669 1523 ab

2098 1557 2401 1631 apostolis;
2426 1558 2523 1630 qui
2544 1557 2706 1613 nobis
2727 1562 2999 1630 tanquam
3021 1557 3329 1613 maturitas
3344 1557 3572 1627 advenit,
3586 1575 3671 1615 nec

420 1647 494 1703 do
521 1646 652 1702 huic
678 1646 1078 1719 aﬁ‘ectibusque
1106 1648 1366 1703 terrenis.
2027 1643 2075 1703 B
2092 1646 2277 1702 solum
2335 1651 2608 1719 tanquam
2664 1646 2964 1702 maturitas
3001 1646 3251 1714 advenit,
3282 1646 3382 1701 sed
3432 1652 3671 1718 tanquam

491 1735 678 1791 Habet
705 1752 838 1808 ergo
857 1735 1043 1791 cibum
1072 1753 1240 1793 suum
1263 1742 1321 1792 et
1352 1737 1622 1792 amictum
1653 1738 1862 1807 anima,
1895 1756 2018 1812 quae
2099 1735 2398 1790 maturitas
2426 1734 2488 1791 in
2511 1734 2793 1790 mentibus
2821 1735 3000 1801 adest,
3031 1742 3097 1790 ut
3125 1735 3271 1790 nihil
3311 1734 3577 1802 acerbum,
3603 1735 3671 1790 ni-

419 1824 516 1880 illo
538 1841 759 1879 summo
785 1823 930 1880 bono
958 1825 1224 1892 adhaeret,
1273 1827 1422 1898 quod
1453 1832 1537 1882 est
1565 1827 1838 1896 divinum,
1869 1829 2017 1900 quod
2098 1824 2179 1878 hil
2200 1824 2572 1879 immaturum
2594 1825 2654 1879 in
2674 1824 2884 1879 nostris
2905 1823 3153 1879 consiliis
3173 1824 3269 1892 sit,
3300 1825 3443 1879 nihil
3463 1825 3667 1891 immite,

420 1914 708 1988 apostolus
736 1914 935 1968 Petrus
975 1915 1176 1970 suadet
1215 1916 1599 1987 quaerendum,
1646 1922 1711 1972 ut
1758 1935 1859 1990 per
1896 1919 2018 1990 ejus
2099 1912 2242 1968 nihil
2267 1929 2533 1984 asperum
2565 1912 2626 1968 in
2654 1912 2918 1986 operibus
2943 1930 3009 1968 ac
3039 1912 3316 1982 moribus,
3349 1913 3443 1985 qui
3485 1913 3671 1986 primus

421 2001 755 2085 cognitionis
785 2003 1231 2075 acquisitionem,
1262 2004 1463 2060 divina;
1510 2005 1689 2061 simus
1731 2013 2018 2062 consortes
2100 2001 2489 2072 evangelizans
2513 2001 2662 2058 bona
2689 2001 2906 2072 adfuit;
2958 2003 3108 2057 unde
3136 2007 3198 2057 et
3226 2003 3310 2057 ait
3343 2022 3355 2057 :
3394 2023 3417 2054 ι
3448 2003 3563 2074 Ipse
3592 2003 3670 2074 qui

419 2096 656 2148 naturae.
676 2091 858 2163 Hujus
879 2092 1255 2164 cognitionem
1291 2094 1476 2166 aperit
1498 2095 1706 2150 sanctis
1725 2095 1841 2151 suis
1869 2097 2019 2152 Deus
2100 2090 2389 2163 loquebar,
2421 2090 2620 2146 adsum
2632 2091 2763 2162 (Ιεα.
2780 2105 2878 2160 LII,
2897 2087 2974 2162 6),
3004 2110 3028 2143 ι
3046 2091 3103 2146 id
3128 2097 3237 2158 est,
3251 2091 3349 2164 qui
3366 2089 3668 2164 loqnebarin

420 2179 618 2247 bonus,
653 2185 712 2235 et
737 2180 912 2236 donat
938 2181 1008 2237 de
1035 2182 1303 2238 thesauro
1349 2200 1451 2238 suo
1493 2183 1660 2250 bono,
1693 2185 1841 2240 sicut
1866 2185 2020 2240 testi-
2101 2179 2410 2251 prophetis,
2423 2179 2942 2252 adsumincorpore
2955 2180 3106 2252 quod
3117 2181 3344 2252 suscepi
3361 2180 3668 2251 exVirgine:

421 2270 624 2326 ﬁcatur
640 2269 729 2326 lex
742 2286 904 2326 sacra
929 2270 1139 2339 dicens,
1169 2290 1198 2324 ιι
1229 2272 1363 2343 quia
1381 2273 1594 2343 juravit
1619 2273 1891 2329 Dominus
1917 2291 2018 2346 pa-
2101 2267 2302 2323 adsum
2329 2268 2566 2323 interior
2591 2268 2778 2340 imago
2805 2268 2926 2336 Dei,
2949 2270 3246 2324 character
3272 2267 3599 2335 substantiae,
3626 2275 3675 2325 et

419 2358 601 2414 tribus
631 2360 754 2430 ejus
780 2359 918 2414 dare
938 2359 1039 2414 tibi
1059 2365 1118 2415 et
1135 2358 1355 2433 aperire
1379 2361 1710 2417 thesaurum
1739 2379 1903 2418 suum
1925 2363 2021 2420 bo-
2100 2357 2300 2412 adsum
2343 2363 2407 2413 ut
2453 2357 2642 2425 homo,
2684 2357 2783 2412 sed
2809 2357 2934 2430 quis
2965 2358 3255 2429 cognoscit
3292 2375 3401 2426 me,
3422 2358 3671 2412 hominem

421 2462 578 2515 num,
595 2449 666 2503 de
689 2465 800 2520 quo
819 2449 1086 2504 thesauro
1105 2450 1427 2506 cmlestidat
1440 2451 1687 2522 pluviam
1705 2457 1870 2507 terrae
1881 2469 2016 2519 sum,
2103 2446 2254 2501 enim
2276 2447 2568 2502 Viderunt:
2601 2447 2700 2502 sed
2728 2446 2991 2519 operibus
3016 2460 3192 2519 supra
3221 2447 3504 2503 hominem
3525 2446 3674 2502 credi-

419 2535 752 2593 benedicere
805 2538 998 2593 omnia
1040 2555 1214 2612 opera
1258 2556 1532 2596 manuum
1582 2557 1814 2596 suarum
1840 2542 2016 2609 (Deut.
2101 2535 2327 2592 derunt.
2358 2538 2447 2591 An
2475 2552 2589 2591 non
2619 2542 2684 2591 ut
2724 2536 2912 2603 homo,
2951 2553 3080 2592 cum
3117 2538 3397 2592 Lazarum
3436 2538 3600 2602 ﬂeret,
3625 2541 3672 2590 et

421 2616 603 2696 xvm).
640 2645 666 2679 »
698 2627 830 2682 Haec
875 2632 962 2682 est
995 2627 1184 2700 pluvia
1207 2629 1493 2701 eloquium
1539 2630 1680 2702 legis
1708 2631 1856 2703 quod
1884 2631 2022 2685 irro-
2102 2641 2300 2680 rursus
2327 2642 2503 2698 supra
2526 2625 2832 2693 hominem,
2861 2642 2988 2680 cum
3016 2643 3145 2681 eum
3201 2625 3590 2682 resuscitaret?
3611 2641 3672 2680 an

423 2719 516 2770 rat
541 2714 790 2770 animam
822 2716 977 2771 illam
1006 2716 1301 2773 fecundam
1358 2723 1416 2774 et
1462 2719 1704 2774 fertilem
1744 2719 2022 2775 bonorum
2101 2730 2216 2770 non
2235 2718 2300 2768 ut
2325 2714 2494 2770 homo
2525 2731 2652 2770 cum
2701 2715 2994 2786 vapularet
3025 2733 3038 2768 :
3072 2731 3275 2771 rursus
3321 2732 3489 2788 supra
3522 2713 3672 2768 homi-

425 2820 681 2876 operum,
702 2810 768 2859 ut
785 2804 992 2860 habeat
1005 2806 1301 2862 humorem
1315 2808 1514 2879 gratim
1539 2827 1552 2863 ;
1579 2809 1748 2880 hujus
1774 2808 1906 2864 boni
1935 2827 2023 2864 co.
2102 2819 2253 2871 nem,
2270 2820 2400 2858 cum
2412 2803 2589 2859 totius
2600 2804 2798 2858 mundi
2815 2809 3106 2876 peccatum
3138 2805 3406 2860 tolleret?
3424 2804 3506 2859 Ad
3532 2803 3670 2857 illum

421 2891 732 2964 gnitionem
759 2894 1046 2965 quaerebat
1071 2896 1268 2965 David,
1290 2897 1437 2952 sicut
1481 2897 1601 2970 ipse
1629 2897 1908 2969 signiﬁcat
1942 2898 2025 2954 di-
2043 2951 2083 2970 η
2102 2891 2278 2962 igitur
2330 2909 2702 2964 properemus
2753 2892 2814 2948 in
2871 2909 2982 2965 quo
3022 2909 3318 2948 summum
3359 2899 3443 2949 est
3469 2892 3667 2957 bonum.

423 2951 556 3036 Zeus
587 2999 600 3036 :
637 2999 664 3036 α
695 2951 879 3038 Unam
918 2984 1088 3056 petivi
1117 3001 1152 3039 a
1181 2951 1439 3054 Domino,
1459 2951 1605 3041 his;
1623 2951 1927 3059 tamen
1949 2951 2024 3043 Et
2041 2951 2085 3011 δ
2103 2951 2370 3054 εἶιιοηίωῖλ
2392 2951 2515 3053 ipse
2541 2987 2629 3036 est
2655 2951 2907 3049 bonitas:
2929 2981 3049 3054 ipse
3068 2981 3348 3054 patientia
3387 2982 3566 3048 Israel.
3592 2951 3672 3052 qui

421 3069 736 3126 inhabitem
763 3071 824 3127 in
851 3073 1018 3128 domo
1067 3073 1292 3129 Domini
1341 3075 1602 3130 omnibus
1649 3075 1847 3132 diebus
1895 3077 2023 3133 vitae
2103 3071 2175 3125 ad
2202 3070 2590 3142 paenitentiam
2618 3076 2675 3126 te
2704 3077 2864 3126 vocat
2890 3087 2962 3126 ne
2986 3071 3180 3126 venias
3207 3072 3269 3126 in
3292 3068 3671 3143 judicium,sed

424 3176 563 3216 meae
581 3165 640 3216 et
660 3160 882 3216 videam
901 3161 1301 3218 delectationes
1333 3163 1560 3219 Domini
1588 3169 1646 3219 et
1671 3164 2022 3220 considerem
2103 3158 2342 3232 accipias
2372 3165 2729 3232 peccatorum
2760 3160 3166 3216 remissionem.
3203 3179 3229 3213 α
3265 3161 3447 3233 Agite,
3494 3159 3668 3231 inquit,

421 3249 698 3321 templum
725 3251 849 3322 ejus
884 3251 1055 3321 (Psal.
1103 3266 1257 3319 xxvr,
1299 3252 1375 3322 4).
1406 3270 1437 3307 ι)
1468 3253 1721 3326 Denique
1759 3254 1863 3310 hoc
1899 3271 2022 3310 esse
2101 3247 2492 3322 poenitentiam
2553 3249 2762 3320 (Matth.
2821 3263 2907 3313 III,
2949 3248 3031 3321 2).
3073 3271 3090 3296 ο
3153 3250 3284 3322 Ipse
3339 3255 3425 3305 est
3474 3249 3540 3304 de
3579 3263 3670 3320 quo

424 3355 708 3395 summum
741 3339 949 3396 bonum
977 3338 1263 3396 subtexuit
1297 3341 1491 3397 statim
1522 3343 1581 3398 in
1628 3343 1825 3398 eodem
1871 3345 2022 3415 psal-
2103 3337 2310 3393 clamat
2325 3340 2498 3392 Amos
2529 3338 2806 3410 propheta
2837 3357 2849 3392 :
2883 3358 2906 3390 ι
2937 3337 3229 3410 Exquirite
3268 3338 3492 3406 bonum,
3518 3356 3544 3390 ι
3569 3335 3670 3408 ipse

425 3442 556 3485 mo:
587 3448 609 3482 ι
637 3428 818 3484 Credo
833 3427 1021 3484 videre
1047 3427 1196 3484 bona
1214 3430 1440 3486 Domini
1468 3431 1526 3487 in
1553 3432 2022 3488 terraviventium
2104 3431 2191 3482 est
2253 3443 2539 3482 summum
2607 3425 2816 3482 bonum
2842 3466 2856 3491 θ
2917 3426 3016 3498 qui
3068 3427 3284 3483 nullius
3337 3427 3566 3498 indiget.
3624 3427 3672 3479 ei

431 3514 792 3588 (Ibid.).»Hic
803 3518 954 3572 enim
968 3518 1256 3590 quaeritur,
1277 3519 1541 3575 illicfacie
1555 3521 1627 3576 ad
1644 3520 1841 3576 faciem
1859 3522 2023 3594 plene
2104 3515 2358 3570 abundat
2413 3515 2697 3571 omnibus.
2732 3515 2916 3571 Facile
2968 3515 3221 3572 abundat
3270 3517 3330 3572 in
3383 3532 3490 3589 quo
3523 3513 3671 3586 pleni-

424 3605 664 3673 videtur,
696 3606 803 3661 hoc
850 3605 1058 3662 bonum
1087 3607 1148 3663 in
1174 3609 1342 3664 domo
1369 3609 1472 3664 Dei
1501 3615 1605 3676 est,
1632 3610 1690 3664 in
1705 3609 1801 3665 illo
1830 3611 2023 3682 utique
2104 3603 2242 3660 tudo
2269 3604 2580 3660 divinitatis
2598 3603 2819 3660 habitat
2843 3606 3230 3678 corporaliter,
3256 3605 3417 3660 facile
3452 3601 3671 3659 abundat

423 3699 639 3750 secreto
668 3695 792 3766 ejus
826 3697 1326 3764 acrecessugunde
1342 3697 1550 3752 iterum
1570 3698 1686 3753 ait:
1711 3719 1737 3753 «
1762 3699 2022 3770 Replebi-
2105 3693 2174 3748 de
2203 3694 2364 3765 cujus
2418 3693 2770 3765 plenitudine
2824 3710 3019 3749 omnes
3059 3695 3370 3766 accipimus
3419 3699 3474 3750 et
3514 3691 3567 3747 in
3588 3691 3667 3746 illo

426 3799 564 3839 mur
603 3783 663 3839 in
710 3784 872 3840 bonis
922 3785 1124 3841 domus
1181 3792 1291 3841 tua;
1347 3787 1513 3855 (Psal.
1541 3803 1684 3853 an',
1714 3784 1789 3856 6),
1828 3809 1848 3837 ι
1889 3788 2022 3843 alibi
2105 3781 2305 3854 repleti
2326 3799 2542 3851 sumus,
2571 3781 2707 3837 dicit
2747 3783 3116 3855 Evangelista.
3149 3784 3272 3839 Hoc
3310 3783 3480 3856 igitur
3500 3794 3667 3836 verum

423 3888 646 3945 quoque
674 3873 819 3928 hanc
837 3890 1117 3928 summam
1145 3891 1269 3929 esse
1318 3873 1722 3931 benedictionis
1751 3878 2026 3949 expressit
2104 3876 2164 3926 et
2189 3888 2474 3926 summum
2503 3871 2733 3939 bonum,
2765 3872 2912 3927 sicut
2935 3871 3032 3927 illo
3059 3871 3474 3944 concupiscibili
3504 3887 3597 3927 suo
3620 3873 3668 3923 et

421 3961 614 4017 dicens
642 3981 655 4017 :
696 3978 725 4015 α
753 3961 1057 4017 Benedicat
1081 3967 1139 4017 te
1166 3961 1439 4018 Dominus
1462 3980 1529 4018 ex
1567 3964 1720 4031 Sion,
1745 3972 1804 4020 et
1837 3966 2023 4021 videas
2103 3961 2417 4016 delectabili
2445 3960 2637 4016 anima
2661 3960 2992 4033 gustaverit,
3012 3966 3071 4016 et
3087 3961 3308 4018 duabus
3332 3963 3420 4016 his
3445 3956 3668 4015 hauserit

423 4066 548 4122 quae
575 4049 726 4105 bona
752 4055 885 4105 sunt
921 4051 1236 4106 Jerusalem
1269 4052 1436 4120 (Psal.
1488 4069 1686 4121 cxxvn,
1711 4054 1766 4127 ὁ)
1803 4073 1868 4109 ε»
1896 4054 2022 4110 ideo
2102 4048 2507 4117 aﬁ'ectionibus,
2561 4051 2858 4106 excludens
2906 4050 3158 4106 dolorem
3207 4057 3269 4106 et
3318 4049 3662 4113 formidinem:

421 4136 620 4194 beatus
642 4138 739 4210 qui
767 4137 882 4192 illic
908 4138 1126 4194 habitat
1165 4139 1224 4197 in
1251 4157 1451 4211 gressu
1501 4142 1630 4196 ﬁdei
1669 4143 2023 4215 hospitioque
2102 4139 2506 4196 incredibiliter
2534 4144 2822 4206 exaestuat,
2854 4139 3107 4194 osculata
3148 4140 3304 4195 enim
3335 4138 3556 4194 verbum
3579 4134 3664 4191 Dei

419 4226 646 4295 mentis,
687 4226 996 4283 devotionis
1023 4227 1360 4298 habitacula,
1393 4231 1814 4286 conversatione
1842 4228 2333 4331 virtu-Dmodum
2361 4246 2475 4284 non
2503 4229 2672 4300 capit,
2715 4245 2818 4284 nec
2860 4228 3136 4300 expletur,
3166 4229 3358 4284 dicens
3391 4247 3404 4284 :
3438 4249 3460 4280 ι
3494 4223 3664 4283 Suavis

419 4315 512 4372 tis.
539 4317 603 4372 In
631 4315 729 4372 illo
766 4316 942 4388 igitur
979 4317 1151 4373 simul
1183 4323 1355 4390 atque
1394 4319 1454 4374 in
1496 4336 1562 4375 eo
1586 4336 1916 4377 maneamus
1952 4321 2022 4376 de
2042 4315 2084 4331 ’³
2103 4335 2182 4386 es,
2212 4319 2469 4386 Domine,
2502 4316 2633 4372 etin
2649 4317 3006 4390 jucunditate
3024 4322 3126 4374 tua
3151 4318 3289 4373 doce
3314 4335 3403 4373 me
3415 4316 3663 4389 justitica-

420 4420 532 4478 quo
560 4410 619 4460 et
644 4404 820 4461 Isaias
839 4405 999 4460 dicit:
1020 4426 1046 4460 ι(
1067 4407 1249 4472 Quam
1279 4407 1515 4480 speciosi
1543 4409 1712 4480 pedes
1739 4408 2021 4480 evangeli-
2101 4407 2422 4463 tionestuas
2445 4410 2549 4477 (Ps.
2567 4424 2709 4473 xcxx,
2735 4406 2812 4478 5);
2841 4427 2862 4459 ι
2887 4407 3136 4462 osculata
3174 4408 3278 4463 Dei
3310 4405 3526 4462 verbum
3553 4417 3662 4458 con-

420 4493 670 4550 zantium
700 4511 918 4566 pacem,
940 4496 1444 4567 evangelizantium
1471 4496 1618 4552 bona
1641 4498 1653 4551 !
1687 4500 1815 4565 (Isa.
1837 4515 1930 4566 ιιι,
1950 4497 2016 4568 7;
2102 4496 2339 4569 cupiscit
2355 4513 2760 4569 superomnem
2776 4496 3054 4563 decorem,
3072 4496 3259 4568 diligit
3277 4512 3448 4569 super
3465 4506 3659 4549 omnem

415 4585 570 4640 Rom.
601 4598 654 4649 x,
694 4581 798 4652 15).
828 4600 856 4637 ››
887 4584 994 4648 Qui
1023 4591 1156 4640 sunt
1197 4584 1294 4656 qui
1361 4570 1746 4657 evangelizant
1783 4587 1893 4642 nisi
1919 4588 2020 4643 Pe-
2100 4585 2372 4654 laetitiam,
2396 4585 2708 4642 delectatur
2755 4602 2924 4658 super
2983 4585 3171 4641 omnia
3226 4590 3491 4649 aromata,
3528 4579 3658 4652 cupit

415 4671 576 4727 trus?
590 4671 701 4726 nisi
713 4672 923 4727 Paulus
939 4671 964 4726 ἱ)
983 4673 1091 4728 nisi
1130 4689 1326 4730 omnes
1347 4674 1600 4746 Apostoli
1619 4676 1644 4728 ?
1679 4675 1824 4740 Quid
1857 4693 2021 4732 evan-
2100 4674 2426 4746 frequenter
2452 4675 2660 4742 videre,
2693 4691 2839 4746 saepe
2866 4674 3177 4742 intendere,
3212 4674 3367 4746 cupit
3391 4669 3581 4727 attrahi
3603 4672 3656 4724 ut

412 4759 660 4833 gelizant
688 4759 870 4828 bonis,
907 4761 1017 4816 nisi
1066 4762 1368 4818 Dominum
1408 4763 1649 4818 Jesum?
1685 4764 1778 4819 hic
1806 4771 1891 4820 est
1914 4782 2023 4838 pax
2102 4763 2262 4836 sequi
2290 4762 2469 4835 possit
2497 4780 2509 4816 :
2547 4782 2574 4816 α
2605 4765 2988 4835 Unguentum,
3007 4764 3209 4836 inquit,
3223 4760 3650 4822 exinanitmnestv

413 4854 627 4918 nostra,
660 4848 754 4905 hic
807 4855 896 4904 est
940 4846 1150 4907 bonum
1193 4850 1331 4907 illud
1380 4869 1684 4920 summum,
1733 4853 1866 4926 quia
1903 4854 2021 4927 ipse
2102 4869 2306 4909 nomen
2333 4859 2826 4926 tuum,pr0pterea
2851 4857 2909 4908 te
2931 4853 3241 4926 diligimus.
3258 4847 3651 4912 adolescentulo,

411 4938 592 4995 bonus
619 4955 685 4994 ex
708 4938 871 5007 bono,
894 4955 961 4994 ex
987 4938 1188 4994 arbore
1217 4940 1368 4995 enim
1410 4940 1559 4996 bona
1595 4940 1775 4997 bonus
1804 4942 2018 5000 fructus
2102 4953 2401 5014 propterea
2422 4948 2723 5009 certamus,
2751 4943 2847 4999 sed
2871 4941 3340 5014 comprehendere
3364 4946 3418 4996 te
3438 4955 3541 4994 non
3549 4951 3652 5008 poo-

411 5027 636 5098 legitur.
658 5027 913 5099 Denique
931 5031 990 5082 et
1019 5027 1260 5100 Spiritus
1293 5030 1416 5100 ejus
1440 5027 1638 5097 bonus,
1677 5030 1772 5102 qui
1801 5048 1867 5085 ex
1896 5032 2017 5104 ipso

410 5117 614 5189 accipit
639 5122 697 5172 et
715 5116 940 5172 deducit
952 5116 1313 5173 Deiservulos
1333 5117 1390 5172 in
1413 5118 1558 5173 viam
1579 5124 1824 5188 rectam;
1856 5121 2016 5192 quies

411 5211 602 5262 autem
632 5205 844 5261 habens
866 5205 1140 5278 Spiritum
1159 5205 1262 5262 Dei
1280 5206 1336 5261 in
1358 5224 1418 5262 se
1449 5212 1618 5279 neget
1638 5208 1867 5277 bonum,
1885 5226 2014 5265 cum

411 5294 530 5366 ipse
559 5294 744 5349 dicat:
783 5315 805 5347 ι
832 5295 922 5350 An
950 5296 1146 5351 oculus
1174 5300 1304 5352 tuus
1327 5313 1570 5369 nequam
1625 5303 1729 5365 est,
1755 5298 1886 5370 quia
1912 5316 2015 5370 ego

408 5381 588 5437 bonus
617 5398 743 5438 sum
773 5384 951 5452 (Matt.
983 5402 1056 5453 vr,
1092 5383 1183 5456 ‘23)
1206 5385 1232 5438 ?
1265 5408 1292 5435 υ
1326 5386 1445 5442 Hoc
1492 5385 1700 5443 bonum
1731 5387 1920 5443 veniat
1954 5387 2014 5444 in

406 5469 657 5526 animam
688 5477 960 5541 nostram,
1003 5472 1062 5528 in
1104 5479 1308 5531 nostrae
1347 5475 1549 5534 mentis
1579 5476 1808 5544 viscera,
1861 5477 2008 5551 quod

2098 5047 2313 5097 sumus,
2339 5031 2560 5086 attrahe
2577 5048 2681 5086 nos
2692 5036 2757 5086 ut
2764 5031 3044 5104 possimus
3071 5047 3313 5093 currere,
3345 5034 3401 5085 et
3426 5039 3647 5099 unguen-

2090 5125 2284 5176 torum
2308 5125 2539 5175 tuorum
2585 5121 2756 5175 odore
2804 5120 3141 5194 accipiamus
3166 5120 3422 5175 virtutem
3447 5127 3647 5186 sequen-
3710 5138 3717 5146 -

2096 5208 2172 5263 di.
2207 5227 2230 5260 ι
2254 5209 2508 5264 Festinat
2535 5203 2708 5263 etiam
2737 5209 2888 5265 inter
2914 5210 3184 5282 mysteria
3208 5208 3389 5264 videre
3401 5206 3646 5278 ipsamre-

2098 5297 2287 5370 quiem
2316 5297 2485 5364 verbi,
2517 5297 2699 5370 ipsam
2722 5298 2853 5353 boni
2883 5298 3035 5355 illius
3060 5297 3263 5355 summi
3283 5292 3641 5352 habitationem

2096 5392 2154 5443 et
2172 5387 2352 5442 lucem
2383 5387 2506 5458 ejus
2534 5392 2593 5442 et
2609 5387 2944 5455 claritatem,
2978 5388 3037 5444 in
3068 5387 3166 5444 illo
3210 5387 3335 5444 sinu
3365 5400 3426 5441 ac
3449 5390 3637 5438 recessu

2093 5475 2277 5549 patrio
2323 5473 2552 5534 festinat
2589 5476 2786 5533 audire
2833 5494 3121 5534 sermones
3163 5477 3301 5550 ejus,
3347 5478 3534 5529 etcum
3555 5479 3636 5520 au-
