3892 6150
204 313 320 373 1301

1419 315 1514 371 DE
1549 317 1905 374 PURITATE
1941 318 2222 374 CORDIS.

3326 307 3462 370 1302

197 436 368 500 dierit,
402 451 576 506 super
599 450 824 490 omnem
855 436 1187 492 suavitatem
1229 439 1448 510 accipit.
1491 441 1700 496 Doceat
1727 447 1782 496 te
1803 447 1840 502 Α
1863 444 2042 497 Deum
2059 459 2283 514 semper
2301 441 2578 502 intendat,
2609 439 2846 511 accipiet
2875 454 2910 492 a
2929 436 3153 492 Christo
3181 435 3460 508 fulgorem

197 524 476 600 propheta,
502 524 601 596 qui
614 525 863 596 gustavit
883 531 940 579 et
955 526 1036 580 ait
1059 545 1070 579 :
1094 547 1118 578 α
1136 527 1316 591 Quam
1333 529 1518 583 dulcia
1529 530 1782 586 faucibus

196 614 324 669 meis
343 612 516 667 verba
547 618 650 667 tua
679 629 849 685 super
893 615 1004 668 mel
1051 619 1108 668 et
1135 615 1320 670 favum
1343 617 1425 671 ori
1455 635 1580 672 meo
1610 619 1777 686 (Psal.

201 719 366 768 cxvm,
405 700 553 772 103.)
589 721 615 754 ››
673 702 819 766 Quid
857 703 1007 757 enim
1049 703 1200 758 aliud
1235 704 1527 760 desideret
1567 707 1777 774 anima,

198 808 309 864 quae
329 790 508 846 semel
535 791 870 846 suavitatem
907 791 1060 846 verbi
1091 794 1420 862 gustaverit,
1459 811 1582 866 quae
1605 797 1781 850 semel

194 880 497 936 claritatem
552 881 676 951 ejus
707 880 909 934 viderit
935 881 960 934 Ἰ
1007 881 1227 953 Moyses
1255 882 1314 937 in
1343 890 1533 938 monte
1563 885 1780 956 positus

194 969 566 1042 quadraginta
587 968 809 1035 diebus,
833 969 1014 1040 legem
1039 971 1318 1042 accipiens
1335 971 1520 1027 cibum
1531 974 1780 1045 corporis

190 1075 292 1114 non
321 1057 664 1130 requirebat,
687 1057 834 1114 Elias
853 1059 925 1112 ad
953 1059 1108 1114 illam
1129 1060 1400 1116 festinans
1421 1062 1670 1134 requiem
1694 1079 1782 1118 ro-

187 1147 350 1219 gabat
379 1154 444 1203 ut
469 1147 820 1219 acciperetur
847 1164 886 1202 a
909 1165 970 1202 se
1007 1148 1198 1204 anima
1225 1166 1347 1216 sua,
1397 1151 1598 1206 Petrus
1635 1153 1780 1224 aspi-

188 1235 332 1291 ciens
361 1241 420 1290 et
436 1236 557 1308 ipse
583 1236 644 1290 in
671 1242 862 1292 monte
887 1237 1192 1293 Dominicae
1217 1240 1640 1294 resurrectionis
1653 1241 1778 1312 glo-

188 1324 344 1390 riam,
379 1324 607 1381 nolebat
620 1325 978 1393 descendere,
1004 1326 1226 1381 dicens:
1253 1345 1280 1380 α
1304 1328 1777 1396 Domine,bonum

185 1419 262 1468 est
293 1430 402 1468 nos
430 1414 522 1469 hic
542 1431 668 1469 esse
699 1417 893 1482 (Marc.
922 1431 998 1481 IX,
1039 1413 1114 1485 3).
1153 1435 1178 1467 »
1240 1416 1464 1480 Quanta
1489 1417 1662 1489 igitur
1680 1417 1778 1472 illa

183 1502 378 1558 divinae
404 1503 734 1561 substantiae
747 1504 929 1574 gloria
954 1505 966 1558 !
988 1510 1200 1576 quanta
1218 1505 1369 1560 verbi
1403 1505 1548 1561 bona
1564 1506 1622 1561 in
1653 1524 1776 1584 quae

181 1593 582 1664 concupiscunt
599 1598 658 1646 et
673 1593 858 1664 angeli
872 1594 1216 1666 prospicere!
1238 1594 1443 1649 Anima
1451 1595 1626 1666 igitur
1652 1614 1776 1668 quae

179 1681 310 1736 illud
339 1681 512 1747 videt,
546 1698 749 1754 corpus
778 1682 883 1737 hoc
921 1699 1034 1738 non
1077 1683 1333 1754 requirit,
1367 1685 1774 1758 minimamque

1864 531 2170 604 sapientia,
2194 538 2260 586 ut
2306 530 2691 586 illuminatum
2725 528 2786 582 in
2811 526 3098 598 agnitione
3133 525 3339 581 habeat
3358 525 3459 580 ob-

1863 625 2072 687 tutum,
2097 627 2161 675 ut
2178 621 2365 674 videat
2379 619 2535 674 illam
2565 634 2723 690 spem
2753 623 2958 672 nostra:
2983 614 3460 686 vocationis,aspi-

1863 709 1978 764 ciet
2002 710 2141 764 illud
2172 709 2318 780 quod
2349 708 2653 764 estbonum
2668 713 2726 762 et
2753 706 3060 778 perfectum
3089 710 3147 759 et
3167 703 3454 776 placitum,

1864 799 2013 869 quod
2040 799 2190 852 enim
2219 798 2428 852 bonum
2463 796 2861 868 complacitum
2890 793 3066 860 Patri,
3114 791 3263 870 quod
3301 808 3458 847 com-

1863 887 2130 958 placitum
2144 887 2470 959 perfectum,
2487 887 2634 941 sicut
2663 884 2833 940 habes
2849 883 2907 938 in
2926 881 3224 952 Evangelio
3262 880 3358 936 ubi
3375 881 3458 936 di-

1863 975 1939 1030 cit
1975 975 2280 1030 Dominus:
2315 995 2338 1028 ι
2363 975 2591 1046 Diligite
2629 973 2890 1029 inimicos
2916 977 3149 1037 vestros,
3173 976 3239 1024 ut
3265 970 3455 1025 imite-

1863 1064 2002 1118 mini
2014 1065 2239 1120 Patrem
2255 1065 2350 1136 qui
2361 1064 2506 1136 pluit
2531 1079 2700 1135 super
2713 1063 2898 1134 justos
2912 1066 2970 1116 et
2979 1060 3056 1131 inj
3063 1064 3220 1114 ustos
3233 1059 3450 1127 (Matth.

1862 1169 1915 1219 v,
1938 1153 2081 1222 44),»
2097 1154 2246 1226 quod
2272 1159 2357 1209 est
2375 1153 2570 1225 utique
2589 1151 2873 1216 bonitatis,
2895 1157 2954 1204 et
2960 1153 3158 1221 postea
3167 1147 3450 1203 concludit

1860 1242 2050 1298 dicens
2093 1261 2105 1296 :
2167 1263 2190 1296 ι
2227 1244 2419 1298 Estote
2447 1241 2677 1314 perfecti
2707 1241 2853 1294 sicut
2878 1239 3046 1293 Pater
3073 1242 3257 1292 vester
3283 1237 3452 1292 cele-

1859 1331 1961 1386 stis
1989 1331 2268 1403 perfectus
2299 1337 2386 1386 est
2415 1332 2575 1398 (Ibid.
2600 1347 2650 1384 υ.
2681 1329 2792 1394 48),
2823 1347 2848 1380 ι)
2881 1327 3127 1382 Charitas
3146 1325 3298 1382 enim
3328 1341 3452 1398 per-

1859 1421 2004 1476 fecta
2033 1427 2137 1486 est,
2161 1421 2403 1492 denique
2429 1418 2720 1492 plenitudo
2757 1417 2898 1488 legis
2927 1421 3014 1471 est
3053 1434 3064 1470 :
3102 1413 3237 1486 quid
3257 1420 3450 1470 autem

1857 1515 1975 1564 tam
2000 1509 2206 1564 bonum
2233 1525 2405 1580 quam
2425 1509 2690 1574 charitas,
2714 1523 2838 1578 quae
2853 1506 3061 1560 malum
3091 1521 3203 1560 non
3215 1505 3444 1575 cogitat,

1857 1605 1916 1654 et
1942 1599 2067 1653 ideo
2086 1605 2267 1653 terras
2296 1599 2495 1669 fugito,
2528 1599 2588 1653 in
2608 1597 2810 1670 quibus
2823 1596 3036 1652 invidia
3064 1600 3168 1661 est,
3200 1593 3296 1649 ubi
3325 1610 3448 1649 am-

1855 1687 2012 1754 bitio,
2045 1687 2140 1742 ubi
2187 1690 2500 1755 contentio;
2555 1687 2689 1742 boni
2731 1703 2864 1758 ergo
2899 1685 3050 1740 illius
3089 1699 3350 1756 capacem
3388 1698 3449 1738 se

179 1769 275 1824 sibi
305 1770 756 1826 familiaritatem
801 1787 928 1826 cum
977 1789 1042 1826 eo
1085 1771 1290 1828 debere
1320 1789 1442 1828 esse
1487 1774 1768 1846 intelligit,
1788 1766 2043 1833 Banima
2057 1781 2157 1831 tua
2175 1775 2512 1849 praebeat,ut
2528 1774 2887 1848 supranubes
2899 1775 3064 1842 volet,
3078 1771 3443 1844 sicutaquila,

176 1859 466 1914 renuntiat
490 1876 551 1914 se
573 1860 708 1926 Deo,
733 1859 961 1915 abducit
985 1877 1044 1915 se
1075 1877 1109 1914 a
1125 1861 1362 1916 vinculis
1389 1863 1592 1930 carnis,
1618 1865 1772 1919 exuit

174 1947 435 2003 omnibus
463 1949 814 2020 voluptatum
842 1949 1077 2005 istarum
1095 1949 1613 2023 nexibus.Denique
1643 1953 1768 2008 Ste-

169 2037 390 2110 phanus
409 2039 601 2092 Iesum
634 2038 872 2103 videbat,
898 2044 956 2093 et
993 2039 1231 2110 lapidari
1263 2056 1371 2094 non
1405 2039 1760 2108 formidabat,

166 2125 268 2180 imo
297 2143 436 2181 cum
461 2127 810 2198 lapidaretur
829 2144 941 2182 non
962 2144 1064 2200 pro
1095 2145 1172 2195 se,
1195 2129 1293 2182 sed
1321 2145 1422 2200 pro
1452 2129 1562 2184 illis
1591 2147 1628 2184 a
1646 2131 1766 2202 qui-

165 2214 261 2270 bus
307 2215 719 2286 perimebatur,
752 2216 988 2288 rogabat
1022 2235 1034 2284 ;
1083 2217 1293 2272 Paulus
1323 2234 1546 2290 quoque
1568 2225 1763 2290 raptus

163 2321 339 2376 usque
371 2305 445 2358 ad
474 2305 706 2359 tertium
737 2306 940 2360 cmlum
965 2310 1155 2361 utrum
1196 2323 1326 2360 cum
1354 2323 1586 2379 corpore
1614 2314 1763 2364 esset

159 2410 228 2448 an
255 2394 388 2448 sine
416 2409 649 2464 corpore
681 2394 984 2461 nesciebat,
1005 2400 1217 2466 raptus,
1239 2395 1489 2466 inquam,
1515 2397 1574 2451 in
1600 2413 1761 2468 para-

157 2481 368 2549 disum,
384 2499 551 2537 usum
562 2483 852 2554 proprium
863 2484 984 2554 jam
1001 2500 1114 2538 non
1131 2484 1409 2539 sentiebat
1429 2486 1762 2558 corporis,et

157 2571 399 2626 audiens
411 2571 582 2626 verba
608 2572 728 2638 Dei,
745 2573 1024 2642 quomodo
1037 2573 1107 2626 ad
1123 2573 1372 2644 corporis
1401 2574 1759 2631 infirmitates

155 2661 529 2716 descenderet
538 2660 902 2716 erubescebat
920 2680 933 2728 ;
952 2661 1142 2732 itaque
1162 2662 1343 2716 sciens
1363 2662 1498 2734 quid
1530 2663 1760 2720 vidisset

154 2749 211 2804 in
237 2749 511 2822 paradiso
553 2751 638 2806 vel
688 2750 822 2822 quid
868 2749 1138 2817 audisset,
1189 2750 1471 2806 clamabat
1515 2752 1707 2808 dicens
1739 2771 1752 2806 :

158 2858 182 2890 ι
203 2839 362 2904 Quid
375 2839 558 2894 adhuc
580 2839 729 2894 velut
741 2839 984 2894 viventes
995 2841 1064 2894 de
1084 2841 1191 2894 hoc
1203 2841 1412 2895 mundo
1431 2841 1751 2910 decernitis,

154 2943 221 2982 ne
249 2927 579 2999 tetigeritis,
594 2945 666 2983 ne
683 2929 1246 2996 attaminaveritis,ne
1255 2930 1615 3001 gustaveritis
1631 2948 1755 3003 quae

1852 1871 2154 1920 renovetur
2175 1865 2321 1920 sicut
2339 1865 2546 1936 aquila,
2577 1881 2796 1936 pennas
2823 1863 3066 1928 emittat,
3089 1867 3155 1917 ut
3164 1861 3446 1916 renovatis

1851 1955 2069 2010 alarum
2097 1953 2365 2025 remigiis,
2396 1953 2514 2008 alta
2540 1959 2733 2025 petere
2775 1968 2888 2007 non
2915 1951 3260 2016 reformidet,
3301 1950 3446 2005 hanc

1849 2043 2254 2098 habitationem
2271 2043 2570 2114 relinquat,
2582 2048 2871 2097 terrenum
2889 2040 3038 2094 enim
3059 2038 3442 2094 habitaculum

1845 2137 2043 2203 gravat
2078 2132 2346 2198 animam,
2380 2136 2548 2186 exuat
2573 2136 2782 2198 vetera,
2816 2129 3045 2200 abjiciat
3062 2127 3270 2183 erroris
3297 2127 3443 2184 desi-

1845 2221 2020 2287 deria,
2053 2222 2246 2276 abluat
2273 2221 2464 2276 oculos
2495 2237 2646 2288 suos,
2679 2225 2744 2275 ut
2779 2219 2965 2273 videat
3011 2217 3173 2272 illum
3223 2216 3440 2272 fontem

1847 2327 1989 2365 verae
2017 2311 2325 2382 sapientiae,
2358 2310 2521 2365 illum
2549 2309 2758 2364 fontem
2790 2308 2914 2363 vitae
2952 2312 3175 2362 aeterna
3209 2322 3222 2358 :
3254 2305 3440 2360 afﬂuit

1842 2405 2012 2471 atque
2040 2400 2287 2455 exundat
2305 2399 2585 2466 omnibus,
2609 2397 2816 2454 nullius
2843 2396 3121 2467 indigens,
3145 2393 3270 2467 quis
3284 2393 3438 2448 enim

1841 2487 1998 2542 dedit
2027 2489 2108 2542 illi
2136 2505 2264 2543 cum
2294 2503 2360 2542 ex
2385 2487 2504 2559 ipso
2522 2491 2582 2542 et
2608 2503 2709 2558 per
2727 2485 2933 2557 ipsum,
2954 2488 3011 2539 et
3030 2483 3089 2538 in
3104 2483 3226 2554 ipso
3244 2482 3437 2537 omnia

1840 2577 1997 2632 sint?
2029 2577 2168 2632 Vita
2195 2577 2371 2648 igitur
2394 2576 2521 2631 fons
2541 2580 2629 2630 est
2646 2591 2930 2630 summum
2949 2573 3088 2628 illud
3116 2571 3346 2638 bonum,
3367 2587 3435 2625 ex

1841 2682 1951 2737 quo
1976 2665 2195 2721 vivendi
2216 2659 2532 2721 substantia
2557 2664 2912 2719 ministratur
2936 2661 3215 2727 omnibus,
3247 2660 3434 2731 ipsum

1839 2761 2030 2810 autem
2055 2755 2114 2809 in
2155 2772 2215 2810 se
2253 2754 2425 2810 habet
2448 2754 2621 2809 vitam
2651 2757 2996 2816 manentem,
3023 2767 3059 2805 a
3084 2750 3240 2804 nullo
3269 2749 3431 2820 quasi

1837 2845 2000 2916 inops
2026 2844 2489 2916 accipit,largitur
2513 2843 2662 2898 bona
2679 2841 2824 2909 aliis,
2847 2857 2960 2896 non
2983 2839 3211 2894 aliunde
3225 2838 3435 2894 adsunt

1836 2933 1960 2988 sibi.
1991 2935 2185 3004 Neque
2213 2933 2362 2988 enim
2392 2932 2610 3003 indiget
2632 2930 2828 2996 nostri,
2847 2929 2997 2985 unde
3019 2932 3078 2983 et
3104 2927 3187 2982 ait
3214 2943 3282 2982 ex
3305 2943 3433 2999 per-

149 3023 282 3072 sunt
313 3017 512 3072 omnia
540 3017 612 3072 ad
643 3018 1021 3090 corruptelam
1041 3019 1163 3090 ipso
1192 3035 1298 3074 usu
1325 3019 1456 3088 (Col.
1493 3037 1546 3086 ιι,
1585 3018 1695 3089 21),
1723 3040 1748 3074 »
1781 3086 1809 3090 ,_
1835 3039 1976 3078 sona
2004 3023 2282 3078 hominis:
2303 3040 2331 3076 ‹‹
2356 3021 2636 3087 Quoniam
2649 3020 2926 3075 bonorum
2945 3033 3202 3074 meorum
3214 3032 3328 3071 non
3347 3015 3431 3072 in-

149 3105 382 3161 volabat
400 3106 551 3160 enim
581 3124 683 3162 nos
702 3107 762 3162 in
783 3086 965 3178 figura
979 3086 1102 3162 esse
1130 3107 1291 3162 istius
1319 3086 1535 3176 mundi,
1564 3086 1753 3164 nonin
1770 3086 1811 3145 Ο
1834 3112 1991 3183 diges
2007 3111 2294 3181 (Ps.xv,2)
2315 3130 2327 3178 ;
2352 3110 2533 3182 aquid
2566 3125 2702 3181 ergo
2729 3107 3020 3181 pulchrius
3047 3121 3218 3178 quam
3247 3104 3298 3159 ei
3327 3122 3431 3176 ap-

145 3195 509 3267 possessione
529 3201 699 3268 atque
709 3213 834 3263 usu,
851 3203 915 3251 ut
934 3197 1014 3251 ita
1029 3202 1258 3252 utamur
1273 3198 1378 3252 hoc
1400 3199 1610 3253 mundo
1624 3204 1754 3254 tan-

147 3300 326 3356 quam
345 3301 459 3340 non
476 3290 722 3350 utamur,
747 3291 1018 3357 tanquam
1046 3291 1468 3356 praetereuntes,
1496 3293 1753 3343 non-tan-

144 3389 322 3445 quam
334 3373 1024 3441 residentes,ambulantes
1034 3379 1302 3446 tanquam
1319 3375 1378 3428 in
1391 3375 1636 3446 imagine
1656 3393 1754 3431 sae-

140 3463 252 3518 culi
279 3479 404 3517 non
453 3462 512 3518 in
548 3463 872 3534 cupiditate,
899 3468 960 3517 ut
987 3463 1333 3523 velocissima
1373 3463 1753 3536 disputatione

140 3550 339 3623 ipsam
367 3551 675 3622 imaginem
703 3552 1078 3624 hujusmundi
1107 3558 1461 3607 transeamus
1480 3571 1491 3606 :
1510 3553 1752 3625 denique

137 3639 260 3712 ipse
273 3639 398 3694 ﬁde
413 3639 725 3708 ambulans,
754 3657 867 3696 non
891 3641 1073 3713 specie
1103 3641 1616 3714 peregrinabatura
1633 3659 1752 3698 cor-

138 3745 304 3800 pore,
324 3729 526 3783 aderat
537 3730 734 3797 Deo,et
743 3747 872 3785 cum
885 3737 1033 3785 esset
1045 3731 1104 3786 in
1117 3731 1302 3799 terris,
1319 3747 1430 3785 non
1443 3731 1501 3785 in
1511 3732 1752 3787 terrenis

135 3819 237 3873 sed
251 3819 320 3874 in
337 3817 654 3873 cmlestibus
668 3819 1104 3874 conversabatur
1127 3838 1137 3872 :
1159 3836 1292 3890 ergo
1322 3820 1513 3874 anima
1533 3826 1746 3888 nostra,

137 3923 270 3978 quae
281 3908 408 3963 Deo
431 3907 548 3962 vult
557 3909 1028 3980 appropinquare,
1037 3909 1211 3962 elevet
1223 3926 1282 3962 se
1293 3926 1328 3962 a
1341 3926 1405 3964 co
1411 3926 1748 3981 rpore,sem-

133 4013 241 4068 per
249 3995 345 4052 illi
359 4013 581 4052 summo
593 3997 876 4052 adhaereat
887 3996 1050 4063 bono,
1060 3998 1208 4068 quod
1226 4004 1312 4053 est
1321 3998 1592 4066 divinum,
1601 3999 1750 4070 quod

135 4087 494 4158 estsemper,
519 4091 576 4140 et
589 4086 737 4158 quod
766 4092 892 4140 erat
919 4086 1184 4153 abinitio,
1206 4092 1259 4141 et
1278 4087 1426 4158 quod
1449 4093 1572 4142 erat
1601 4088 1750 4159 apud

127 4174 350 4242 Deum,
382 4175 489 4229 hoc
503 4180 609 4242 est,
628 4175 728 4230 Dei
750 4175 1016 4230 Verbum.
1036 4177 1226 4247 Ipsum
1237 4181 1322 4230 est
1345 4176 1484 4231 illud
1496 4177 1747 4231 divinum

129 4265 195 4320 in
225 4281 351 4337 quo
393 4263 628 4319 vivimus
660 4271 718 4319 et
747 4281 952 4319 sumus
983 4270 1040 4319 et
1070 4281 1380 4331 movemur,
1425 4265 1613 4337 ipsum
1641 4271 1745 4330 est,

131 4355 302 4426 quod
337 4359 464 4408 erat
509 4353 567 4408 in
611 4353 904 4426 principio,
929 4354 1114 4426 ipsum
1144 4359 1248 4421 est,
1289 4354 1436 4425 quod
1457 4360 1562 4419 est,
1591 4375 1612 4405 ι
1648 4355 1751 4409 Dei

129 4443 304 4498 enim
337 4442 513 4498 Filius
541 4443 704 4497 Jesus
741 4442 1014 4510 Christus,
1039 4443 1096 4497 in
1117 4443 1290 4509 vobis,
1322 4443 1526 4514 inquit,
1551 4449 1656 4510 est,
1691 4444 1749 4498 in

130 4548 256 4604 quo
299 4547 417 4586 non
467 4531 574 4586 fuit
602 4532 701 4586 Est
754 4537 811 4586 et
856 4549 986 4598 non,
1013 4532 1110 4586 sed
1167 4533 1266 4586 Est
1305 4532 1363 4586 in
1416 4533 1511 4587 illo
1556 4533 1682 4588 fuit.
1719 4552 1745 4584 »

126 4621 274 4693 Ipse
307 4619 450 4674 dixit
479 4620 658 4692 Moysi
705 4625 768 4675 ut
819 4620 1049 4687 diceret,
1085 4639 1112 4674 ι
1144 4620 1241 4692 qui
1282 4625 1369 4676 est
1397 4621 1554 4675 misit
1582 4637 1691 4676 me.
1719 4640 1746 4674 ι

127 4710 293 4766 Cum
309 4709 419 4764 hoc
437 4709 612 4780 igitur
623 4709 816 4765 anima
828 4715 1020 4764 nostra
1035 4709 1127 4776 sit,
1145 4713 1203 4764 et
1219 4709 1312 4776 sit,
1336 4709 1386 4764 si
1409 4709 1530 4764 fieri
1544 4715 1749 4782 potest.

123 4815 395 4872 semper,
435 4804 501 4853 ut
530 4804 588 4854 et
617 4804 872 4854 nostrum
904 4799 1082 4870 possit
1109 4798 1234 4870 quis
1265 4799 1470 4866 dicere,
1505 4820 1527 4852 ι
1562 4799 1753 4854 anima

125 4888 353 4944 meain
372 4887 636 4943 manibus
655 4888 768 4943 tuis
779 4905 1003 4960 semper
1022 4908 1045 4941 υ
1072 4888 1304 4955 erit,aut
1323 4888 1370 4942 si
1389 4906 1500 4943 non
1513 4889 1572 4944 in
1585 4905 1752 4944 carne

116 4979 227 5046 sit,
266 4977 372 5031 sed
398 4977 460 5031 in
490 4976 693 5049 spiritu
725 4977 852 5044 erit,
903 4977 950 5032 si
982 4995 1044 5032 se
1071 4977 1314 5033 terrenis
1346 4994 1460 5032 non
1493 4979 1746 5046 misceat,

119 5073 269 5122 tum
293 5066 447 5122 enim
467 5067 538 5120 ad
555 5066 805 5121 carnalia
817 5067 1145 5134 reflectitur,
1165 5072 1302 5122 tunc
1311 5067 1362 5121 ei
1383 5066 1645 5122 illecebra
1657 5067 1751 5122 ob-

116 5155 298 5229 repit
342 5156 611 5227 corporis,
645 5161 781 5210 tunc
832 5155 919 5210 ira
946 5163 1004 5210 et
1031 5155 1420 5226 indignatione
1458 5162 1744 5224 exaestuat,

117 5253 287 5302 tunc
311 5245 582 5300 maestitia
607 5245 869 5310 afﬁcitur,
901 5251 1036 5300 tunc
1061 5245 1361 5316 supinatur
1369 5263 1470 5317 per
1485 5262 1752 5317 arrogan-

113 5336 452 5401 tiam,tunc
461 5335 654 5389 dolore
665 5334 939 5405 affligitur
957 5353 969 5401 ;
1005 5335 1088 5390 hae
1102 5339 1237 5389 sunt
1247 5335 1608 5405 aegritudines
1625 5335 1750 5389 ani-

121 5442 256 5480 mae
267 5440 490 5494 graves,
532 5423 737 5495 quibus
773 5424 1104 5496 plerumque
1146 5424 1479 5482 admortem
1507 5424 1746 5494 cogitur,

113 5515 290 5570 dum
316 5513 462 5567 oculi
481 5515 604 5584 ejus
631 5518 931 5579 caecantur,
948 5519 1012 5568 ut
1035 5530 1148 5568 non
1175 5513 1403 5567 videant
1422 5528 1546 5567 vere
1558 5512 1750 5566 lumen

115 5602 349 5676 gloriae
365 5608 423 5658 et
434 5602 660 5659 divitias
684 5607 908 5660 aeternis
937 5601 1300 5668 haereditatis,
1320 5601 1468 5676 quod
1492 5601 1539 5656 si
1555 5618 1651 5658 eos
1679 5601 1750 5658 ad

1835 3201 2233 3274 propinquare,
2263 3201 2314 3254 ei
2328 3199 2658 3256 adhaerere?
2689 3215 2814 3270 quas
2839 3197 3022 3268 major
3039 3195 3295 3266 voluptas
3316 3194 3428 3248 est?

1835 3290 1984 3362 quod
2014 3291 2062 3346 is
2109 3291 2205 3362 qui
2233 3289 2438 3345 viderit
2462 3293 2522 3344 et
2547 3288 2618 3343 de
2657 3287 2808 3342 fonte
2853 3302 3013 3356 aqua;
3070 3284 3205 3338 vive
3248 3282 3455 3354 gratis.

1831 3379 2162 3449 gustaverit,
2178 3377 2312 3450 quid
2340 3383 2526 3449 potest
2535 3375 2687 3430 aliud
2708 3373 3066 3429 desiderare?
3087 3389 3210 3444 quae
3231 3387 3425 3442 regna,

1835 3483 1976 3538 quas
2028 3470 2354 3537 potestates,
2389 3480 2559 3535 quam
2615 3461 2933 3534 pecuniam,
2973 3475 3103 3515 cum
3149 3459 3422 3524 advertat,

1834 3571 2004 3627 quam
2038 3555 2256 3608 miserae
2306 3553 2479 3608 etiam
2532 3551 2624 3606 hic
2677 3567 2876 3622 regum
2911 3548 3262 3603 conditiones
3289 3546 3422 3614 sint,

1834 3660 2004 3716 quam
2037 3641 2335 3698 mutabiles
2361 3640 2587 3712 imperii
2630 3644 2831 3704 status,
2869 3653 3040 3710 quam
3067 3636 3272 3707 exigua
3299 3634 3425 3690 vitae

1833 3733 2002 3804 hujus
2039 3731 2242 3804 spatia,
2265 3735 2478 3802 quanta
2501 3729 2561 3784 in
2600 3729 2724 3800 ipso
2743 3725 2980 3798 imperio
3017 3724 3263 3790 servitia,
3295 3740 3424 3778 cum

1833 3822 1904 3876 ad
1925 3822 2163 3876 aliorum
2184 3837 2298 3875 non
2321 3819 2392 3874 ad
2412 3835 2580 3874 suum
2589 3818 2779 3872 vivant
2799 3813 3132 3870 arbitrium?
3163 3812 3289 3886 quis
3320 3828 3423 3867 au-

1831 3916 1948 3966 tem
1973 3909 2283 3982 peculiatus
2311 3909 2384 3963 ad
2411 3908 2585 3964 vitam
2610 3911 2882 3962 aeternam
2918 3902 3142 3970 transit,
3181 3901 3290 3957 nisi
3318 3901 3426 3956 vir-

1830 4003 2020 4054 tutum
2053 3999 2228 4052 fultus
2249 3997 2487 4070 peculio,
2513 3995 2662 4068 quod
2686 3999 2974 4066 receptum
3003 3991 3265 4048 omnibus
3292 3991 3426 4048 solis

1831 4087 2096 4142 divitibus
2121 4085 2465 4158 impossibile
2493 4083 2895 4157 pronuntiatur
2919 4083 2943 4138 ?
2989 4083 3116 4138 Non
3142 4081 3318 4153 igitur
3337 4080 3426 4136 his

1829 4175 1916 4231 uti
1943 4175 2171 4249 beatum
2197 4180 2301 4241 est,
2337 4174 2436 4229 sed
2454 4173 2594 4229 illud
2622 4173 2832 4240 videre,
2853 4187 2964 4244 quo
2998 4171 3109 4226 ista
3127 4169 3422 4244 despicias,

1831 4269 1890 4320 et
1919 4281 2061 4319 vana
2080 4281 2208 4320 vero
2236 4264 2458 4320 refellas
2486 4269 2656 4335 atque
2679 4261 2872 4316 inania
2891 4266 2949 4316 et
2980 4276 3141 4315 cassa
3159 4258 3378 4331 judices
3408 4276 3422 4325 ;

1831 4354 1986 4408 illam
1999 4354 2163 4410 nuda
2176 4353 2430 4408 veritatis
2452 4351 2929 4424 pulchritudinem
2948 4347 3168 4418 diligas,
3185 4363 3309 4418 quia
3323 4347 3426 4401 has

1829 4443 2016 4500 saeculi
2033 4443 2420 4514 fugosissimas
2438 4441 2714 4496 vanitates
2729 4438 3059 4508 redarguat:
3086 4435 3240 4507 erige
3251 4435 3428 4507 igitur
3460 4457 3468 4464 -

1831 4533 2041 4599 oculos,
2074 4533 2280 4598 anima,
2304 4538 2451 4596 tuos,
2476 4530 2603 4584 illos
2619 4528 2827 4593 oculos,
2862 4526 2932 4580 de
2959 4524 3162 4596 quibus
3175 4523 3280 4579 tibi
3300 4541 3425 4579 ver-

1832 4620 1967 4676 bum
1985 4621 2260 4676 Deidicit:
2287 4639 2312 4672 α
2331 4619 2508 4674 Corde
2527 4634 2629 4672 nos
2651 4615 2886 4687 coepisti,
2903 4631 3062 4669 soror
3073 4630 3201 4668 mea
3221 4630 3428 4686 sponsa

1835 4711 2099 4778 (0ant.1v,
2125 4710 2200 4780 9),
2225 4730 2250 4762 »
2282 4708 2446 4764 corde
2467 4723 2569 4762 nos
2595 4705 2814 4777 cepisti
2841 4721 2955 4759 uno
2993 4703 3063 4758 ab
3097 4703 3272 4759 oculis
3291 4703 3424 4759 tuis.

1831 4799 2084 4854 Ascende
2103 4798 2162 4853 in
2187 4798 2454 4870 palmam,
2476 4795 2632 4850 vince
2654 4793 2940 4861 saeculum,
2964 4798 3029 4848 ut
3059 4798 3252 4848 teneas
3273 4791 3426 4847 verbi

1834 4887 2216 4955 altitudinem;
2249 4885 2554 4957 imaginem
2574 4885 2742 4940 istam
2771 4881 2968 4938 mundi
2995 4881 3132 4936 foris
3148 4882 3422 4952 relinque,

1832 4977 1966 5031 foris
1996 4976 2294 5041 malitiam,
2327 4974 2588 5030 introduc
2637 4977 2830 5028 autem
2859 4971 3066 5026 mentis
3093 4969 3424 5037 bonitatem,

1834 5083 1958 5138 quae
1987 5065 2158 5121 habet
2183 5064 2428 5136 gratiam
2475 5064 2534 5118 in
2569 5063 2722 5134 ligno
2750 5060 2895 5127 vitae,
2928 5059 2975 5114 si
3006 5059 3204 5114 laverit
3222 5058 3426 5113 stolam

1833 5173 1992 5212 suam
2018 5159 2076 5209 et
2100 5153 2450 5226 ingrediatur
2478 5152 2538 5207 in
2584 5150 2889 5216 civitatem,
2918 5165 3042 5221 qua:
3070 5164 3202 5202 vera
3222 5151 3307 5201 est
3334 5163 3432 5219 pa-

1832 5246 1946 5301 tria
1972 5250 2316 5309 sanctorum,
2347 5243 2406 5297 in
2435 5258 2548 5313 qua
2588 5246 2676 5296 est
2721 5238 2946 5294 Domini
2976 5235 3426 5304 tabernaculum,

1833 5335 1981 5390 circa
2001 5333 2150 5406 quod
2177 5331 2368 5387 scribae
2392 5329 2616 5386 Domini
2645 5328 3034 5401 praetendunt,
3051 5325 3148 5382 ubi
3168 5342 3282 5381 non
3311 5325 3431 5382 dies

1835 5430 1937 5480 aut
1957 5424 2039 5479 sol
2069 5428 2168 5477 aut
2193 5423 2329 5477 luna
2343 5421 2536 5475 lumen
2548 5418 2888 5484 ministrant,
2903 5417 3001 5471 sed
3018 5417 3137 5488 ipse
3157 5415 3432 5472 Dominus

1834 5501 2027 5568 lumen
2057 5509 2521 5576 est,totamillam
2532 5507 2814 5576 civitatem
2825 5505 3168 5573 illuminans,
3196 5510 3255 5561 et
3281 5505 3433 5560 enim

1838 5602 1934 5656 lux
1965 5599 2182 5667 mundi,
2212 5614 2324 5653 non
2349 5602 2545 5672 utique
2571 5598 2666 5654 lux
2689 5595 2939 5663 visibilis,
2971 5595 3070 5652 sed
3090 5595 3426 5660 animarum,
