3982 6158
484 302 621 360 1303
1079 299 1143 356 Β.
1183 299 1456 355 RABANI
1494 299 1724 356 MAURI
1761 301 2078 356 ARCHIEP

2167 301 2464 359 [OGUNT
2503 303 2801 360 OPERUM
2836 302 3022 358 PARS
3059 303 3156 358 ΙΙΙ.
3583 301 3696 362 ιδθι

483 445 608 502 quae
629 429 688 484 in
716 428 820 482 hoc
849 426 1060 482 mundo
1091 430 1224 482 sunt
1245 424 1613 498 intelligibilis
1635 427 1928 494 claritudo,
1957 428 2076 499 qui-
2093 431 2137 490 A
2657 429 2870 484 LIBER
2925 428 3243 485 TERTIUS.

480 517 589 574 bus
603 534 662 572 se
674 516 989 590 splendenti
1002 515 1218 572 lumine
1227 513 1578 570 rationabilis
1590 515 1834 570 infundit
1840 517 2080 588 pruden-

481 607 581 674 tia,
618 623 742 678 qua:
772 605 1111 678 praedicatur
1146 595 1205 660 in
1232 604 1533 676 Evangelia
1565 623 1591 658 α
1625 604 1684 660 in
1713 622 1945 678 corpore
1970 595 2080 661 vir-

481 695 1007 762 tutis,inﬂammans
1019 710 1225 766 vapore
1234 710 1341 748 suo
1349 698 1564 748 secreta
1573 694 1850 750 mentium
1863 693 2076 750 animo-

481 801 721 856 rumque
744 783 1108 856 penetralian
1146 784 1206 839 Si
1237 783 1363 854 quis
1382 783 1749 856 igiturincola
1763 801 1886 840 esse
1897 800 2076 857 coepe-
2229 787 2370 840 Cum
2401 787 2708 840 maximum
2735 785 2946 840 bonum
2981 786 3054 840 sit
3078 791 3142 841 ut
3179 786 3346 840 homo
3385 786 3700 858 semetipsum

481 877 556 930 rit
574 874 724 930 illius
753 875 994 928 civitatis
1039 889 1311 946 supernae,
1343 873 1527 928 incola
1568 873 1826 928 videlicet
1851 889 2076 929 conver—
2155 875 2460 930 humilians
2473 876 2758 930 conditori
2771 892 2874 931 suo
2903 892 2962 930 se
2984 893 3086 947 per
3097 875 3289 929 omnia
3307 874 3514 941 subdat,
3537 880 3704 946 etpra-

481 965 698 1020 satione
726 979 792 1018 ac
821 963 1087 1030 moribus,
1119 978 1234 1017 non
1288 962 1558 1028 discedat,
1599 978 1712 1017 non
1745 961 1927 1028 abeat,
1961 979 2075 1018 non
2157 965 2333 1036 ceptis
2364 965 2444 1019 eis
2476 965 2741 1020 obediens
2769 981 2884 1020 non
2910 965 2969 1019 in
2995 965 3298 1036 semetipso
3349 964 3587 1018 ﬁduciam
3621 965 3703 1019 hae

481 1061 660 1121 exeat,
686 1069 796 1108 non
817 1053 1074 1108 reﬂectat
1093 1051 1391 1122 vestigium
1418 1067 1532 1106 non
1551 1053 1799 1124 corporis
1818 1052 1962 1120 dico,
1977 1053 2075 1106 sed
2155 1052 2304 1120 beat,
2337 1055 2435 1108 sed
2466 1055 2708 1109 ﬁrmiter
2735 1055 2793 1108 in
2816 1055 2917 1110 Dei
2946 1053 3199 1108 bonitate
3227 1053 3481 1120 conﬁdat,
3503 1057 3555 1107 et
3577 1054 3704 1125 quid-

481 1142 688 1198 mentis
717 1142 842 1196 dico
861 1141 1178 1212 vestigium,
1211 1157 1326 1196 non
1361 1145 1678 1195 revertatur
1696 1147 1848 1195 retro
1879 1159 1892 1193 :
1923 1146 2074 1196 retro
2157 1143 2292 1214 quid
2323 1159 2384 1198 se
2405 1143 2729 1198 meminerit
2749 1144 3013 1215 nequiter
3028 1143 3334 1215 egisse,per
3351 1142 3703 1197 confessionem

482 1231 724 1297 luxuria,
747 1236 900 1286 retro
923 1230 1222 1302 impuritas
1254 1235 1372 1297 est;
1403 1229 1646 1300 denique
1666 1230 1974 1284 ascendens
2002 1231 2074 1285 ad
2156 1233 2433 1287 sacerdoti
2463 1233 2781 1304 patefaciet,
2824 1237 2882 1287 et
2930 1250 3030 1304 pro
3078 1233 3190 1287 hoc
3223 1233 3342 1304 ipso
3369 1233 3704 1303 paenitentiam

481 1327 733 1377 montem
762 1321 925 1387 Loth,
956 1325 1108 1375 retro
1153 1319 1383 1391 reliquit
1431 1319 1810 1374 Sodomitaria
1837 1319 2072 1390 ﬂagitia,
2157 1321 2493 1392 condignam
2523 1328 2708 1392 gerat,
2741 1337 2976 1394 sperans
3021 1321 3081 1376 in
3134 1320 3514 1376 misericordia
3533 1320 3706 1392 opiﬁcis

484 1425 608 1483 quae
622 1415 814 1465 autem
843 1409 1088 1481 respexit
1117 1413 1287 1473 retro,
1320 1423 1435 1462 non
1462 1407 1649 1478 potuit
1685 1407 1756 1462 ad
1783 1407 2078 1479 superiora
2157 1411 2246 1466 sui
2275 1411 2424 1482 quod
2472 1411 2615 1483 ipse,
2657 1411 2753 1482 qui
2784 1427 2914 1466 eum
2954 1427 3020 1465 ex
3049 1410 3234 1465 nihilo
3266 1409 3518 1471 condidit,
3549 1414 3706 1480 potens

483 1500 753 1567 evadere;
806 1513 920 1553 non
948 1513 1081 1568 ergo
1110 1497 1281 1569 pedes
1305 1497 1390 1551 tui
1421 1501 1593 1563 retro,
1625 1496 1724 1552 sed
1749 1513 1936 1551 mores
1965 1513 2078 1551 non
2159 1505 2248 1554 est
2273 1505 2400 1570 post
2411 1501 2631 1570 lapsum
2649 1515 2875 1554 rursum
2897 1515 3250 1570 recuperare,
3285 1504 3342 1552 et
3371 1499 3440 1552 de
3459 1503 3702 1569 peccatore

481 1593 856 1656 revertantur,
889 1604 1002 1642 non
1019 1587 1160 1642 fiant
1180 1603 1382 1642 manus
1397 1592 1508 1641 tuae
1537 1586 1806 1652 remissae,
1830 1591 1889 1640 et
1908 1587 2077 1641 devo-
2153 1589 2372 1660 justum
2400 1589 2602 1656 facere,
2620 1593 2788 1660 atque
2810 1589 3004 1643 aeterni
3023 1589 3184 1658 regni
3202 1587 3372 1642 simul
3392 1603 3512 1642 cum
3540 1587 3707 1641 sanais

481 1679 652 1734 tionis
671 1683 782 1733 tua:
803 1677 1012 1732 acﬁdei
1027 1693 1214 1748 genua
1241 1675 1533 1743 dissoluta,
1556 1691 1670 1730 non
1689 1675 1792 1730 ﬁat
1817 1676 2076 1730 volunta-
2160 1678 2377 1748 angelis
2405 1678 2524 1732 suis
2547 1678 2880 1749 participem
2915 1677 3155 1744 efﬁcere,
3189 1677 3335 1748 prob
3371 1677 3546 1730 dolor!
3574 1675 3704 1730 multi

481 1769 556 1824 tis
583 1775 698 1824 tuae
711 1766 954 1822 recidiva
971 1765 1290 1832 inﬁrmitas,
1313 1781 1427 1819 non
1443 1765 1592 1820 ullus
1610 1765 1955 1818 intercursus
1975 1764 2078 1818 cri-
2096 1749 2143 1810 Β
2162 1773 2294 1821 sunt
2315 1767 2410 1838 qui
2440 1783 2670 1838 peccare
2706 1781 2819 1821 non
2849 1771 3131 1833 metuunt,
3159 1772 3219 1820 et
3249 1781 3426 1837 usque
3459 1765 3525 1820 ad
3546 1765 3705 1820 termi-

483 1859 720 1926 minum,
744 1857 842 1911 sed
858 1857 1144 1926 ingressus
1161 1871 1240 1921 es,
1262 1871 1445 1922 mane,
1481 1853 2072 1926 pervenisti,consiste,
2160 1873 2296 1910 num
2327 1871 2468 1928 pene
2499 1856 2626 1911 vitae
2651 1871 2784 1917 suae,
2820 1855 2879 1910 in
2905 1855 3149 1926 peccatis
3183 1855 3369 1909 vivere
3387 1871 3493 1908 non
3511 1859 3704 1918 cessant,

485 1947 706 2002 salvans
735 1946 889 2001 salva
929 1945 1183 1999 animam
1232 1949 1409 2011 tuam,
1442 1943 1749 1998 ascendens
1777 1943 2074 2010 directum,
2160 1944 2388 2000 sibimet
2413 1945 2661 2016 periculo
2681 1963 2740 2000 se
2775 1945 3130 1999 blandientes
3156 1949 3328 2016 atque
3357 1943 3582 1998 dicentes
3604 1942 3710 1998 :Mi-

480 2035 942 2106 attollegradum,
966 2033 1156 2088 nullus
1173 2033 1305 2088 inde
1327 2037 1449 2087 tute
1477 2032 1625 2088 sedit
1642 2033 1820 2102 [Forte
1839 2036 1941 2101 leg.
1971 2031 2080 2086 dis-
2160 2035 2462 2090 sericordia
2489 2035 2590 2090 Dei
2633 2051 2840 2106 magna
2879 2040 2982 2101 est,
3016 2039 3073 2089 et
3104 2034 3244 2088 licet
3271 2049 3461 2088 omnes
3489 2033 3594 2086 dies
3615 2032 3712 2086 vita:

483 2122 674 2195 cedit],
699 2124 829 2178 hinc
857 2123 966 2190 via,
997 2122 1128 2178 inde
1158 2123 1325 2176 ruina
1353 2125 1455 2189 est,
1487 2121 1618 2176 hinc
1631 2137 1914 2187 ascensus,
1947 2122 2078 2176 inde
2159 2141 2298 2179 meae
2326 2125 2385 2178 in
2413 2125 2656 2195 peccatis
2681 2124 2884 2178 ducam
2913 2129 2971 2178 et
2991 2125 3156 2194 juxta
3185 2123 3402 2178 obitum
3423 2133 3594 2176 meum
3619 2125 3714 2173 tan-

482 2213 872 2288 praacipitium,
900 2211 1237 2268 ascendendi
1261 2211 1491 2282 quidem
1516 2210 1692 2277 labor,
1724 2211 1825 2264 sed
1845 2211 2077 2265 descen-
2160 2211 2288 2267 dem
2332 2213 2618 2267 confessus
2655 2212 2814 2266 fuero
2843 2217 3072 2284 peccata
3099 2227 3250 2277 mea,
3285 2216 3344 2265 et
3377 2208 3713 2282 paenitentiam

483 2303 652 2359 dendi
683 2302 1016 2374 periculum,
1050 2301 1144 2356 sed
1193 2305 1392 2372 potens
1423 2305 1510 2355 est
1557 2299 1848 2364 Dominus,
1888 2300 1984 2371 qui
2021 2306 2079 2354 te
2161 2303 2448 2374 accipiam,
2479 2302 2744 2357 continuo
2761 2302 2948 2356 salvus
2983 2317 3100 2360 ero.
3123 2301 3262 2372 quia
3292 2299 3538 2354 nesciunt
3559 2302 3714 2352 utrum

485 2393 782 2449 fundatum
808 2391 922 2446 illic
951 2389 1248 2456 custodiat,
1282 2394 1504 2462 septum
1527 2389 1876 2460 Propheticis
1903 2389 2081 2444 muris
2163 2391 2244 2446 eis
2271 2392 2437 2447 unius
2469 2391 2578 2446 diei
2600 2391 2844 2463 spatium
2876 2407 3046 2462 super
3064 2396 3282 2444 terram
3294 2390 3472 2444 vivere
3489 2386 3712 2442 conceda-

489 2489 548 2538 et
566 2480 887 2554 apostolicis
904 2478 1176 2546 turribus,
1195 2479 1321 2533 ideo
1333 2478 1437 2532 tibi
1449 2478 1586 2534 dicit
1605 2479 1906 2533 Dominus:
1945 2497 1966 2529 ι
1993 2479 2083 2534 Ιιι-
2161 2486 2274 2536 tur.
2296 2481 2406 2534 Alii
2421 2485 2612 2535 autem
2633 2485 2761 2552 post
2777 2480 3142 2534 commissum
3164 2480 3471 2534 multorum
3489 2476 3714 2531 scelerum

487 2577 657 2638 tmte,
683 2571 912 2636 calcate,
944 2569 1080 2640 quia
1097 2567 1314 2622 assistit
1339 2567 1641 2633 vindemia,
1677 2567 1832 2622 intus
1851 2583 1965 2623 non
1995 2567 2082 2622 fo-
2162 2569 2492 2640 semetipsos
2521 2569 2902 2640 desperantes,
2930 2573 2988 2621 et
3012 2567 3082 2622 de
3108 2567 3366 2622 bonitate
3381 2565 3478 2620 Dei
3505 2563 3715 2621 difﬁden-

489 2662 570 2716 ris
596 2661 793 2724 simus,
819 2677 847 2711 ι)
879 2663 938 2713 et
962 2658 1022 2711 in
1052 2655 1352 2727 Evangelio
1381 2655 1484 2711 Dei
1505 2656 1680 2710 Filius
1703 2657 1842 2712 dicit
1871 2675 1883 2710 :
1917 2675 1944 2710 ε
1975 2657 2082 2722 Qui
2161 2663 2268 2726 tes,
2293 2657 2454 2713 aiunt
2465 2675 2544 2726 se,
2559 2659 2607 2713 si
2636 2662 2765 2730 post
2792 2656 3056 2729 baptismi
3075 2657 3490 2728 perceptionem
3504 2651 3716 2708 sordibus

491 2749 658 2805 estin
675 2751 844 2814 tecto,
877 2762 990 2800 non
1010 2745 1313 2800 descendat
1341 2760 1476 2800 vasa
1499 2762 1604 2801 sua
1633 2747 1830 2801 tollere
1857 2746 2080 2817 (Matth.
2163 2747 2428 2802 vitiorum
2441 2747 2761 2819 polluerint,
2787 2761 3146 2818 nequaquam
3163 2746 3227 2801 in
3247 2745 3537 2818 pristinum
3547 2745 3716 2798 statum

493 2847 639 2905 xxxv,
674 2835 812 2906 17))
841 2854 854 2903 ;
878 2849 993 2890 non
1021 2835 1216 2906 utique
1232 2834 1301 2888 de
1331 2834 1436 2889 hoc
1464 2840 1612 2890 tecto
1642 2835 1866 2902 dicitur,
1899 2835 1997 2890 sed
2016 2835 2086 2890 de
2167 2836 2486 2908 recuperari
2502 2851 2684 2906 posse,
2709 2841 2767 2890 et
2780 2836 3059 2906 integram
3074 2835 3300 2890 veniam
3313 2827 3718 2906 promereri.Sed

493 2928 592 2982 illo
607 2944 621 2980 :
635 2925 1110 2981 Extenditcuelum
1121 2923 1266 2978 sicut
1282 2939 1566 2979 cameram
1585 2943 1599 2993 ;
1616 2925 1768 2980 intus
1789 2941 1922 2996 ergo
1943 2929 2084 2990 esto,
2168 2925 2302 2997 quia
2327 2925 2434 2979 iste
2465 2941 2623 2979 error
2649 2926 2762 2980 late
2790 2942 2850 2980 se
2869 2924 3092 2996 sparsit,
3124 2929 3182 2978 et
3201 2923 3262 2977 in
3275 2922 3465 2977 multis
3483 2920 3604 2976 locis
3629 2933 3718 2973 ma-

493 3015 994 3080 intra'J‘erusalem,
1017 3013 1430 3068 intraanimam
1463 3019 1622 3069 tuam
1641 3014 1953 3086 paciﬁcate,
1984 3015 2088 3068 mi-
2111 3073 2149 3086 Α
2165 3014 2254 3086 gis
2283 2999 2574 3086 magisque
2602 3015 2848 3082 inolevit,
2881 3014 3114 3085 dignum
3143 3029 3274 3068 esse
3301 3012 3516 3066 videtur
3530 3008 3660 3072 mihi,
3671 3010 3720 3060 ut

491 3110 610 3160 tem
633 3108 802 3174 atque
831 3102 1228 3174 tranquillam;
1257 3117 1370 3157 non
1397 3118 1564 3158 exeas
1581 3073 1664 3156 de:
1668 3118 1754 3170 ea,
1775 3073 1958 3173 neque
1979 3103 2090 3158 de-
2106 3073 2150 3134 C
2165 3073 2240 3159 ad
2267 3073 2416 3159 hunc
2444 3073 2800 3172 abolendum,
2825 3073 3123 3158 canonicas
3152 3101 3463 3156 sententias
3496 3105 3548 3154 et
3564 3095 3720 3152 ortho-

494 3193 859 3258 scendas,vas
877 3197 1040 3247 tuum
1055 3192 1228 3258 istud,
1261 3197 1362 3246 aut
1373 3190 1699 3259 honoribus,
1724 3195 1825 3246 aut
1855 3191 2082 3258 divitiis,
2169 3194 2440 3249 doxorum
2472 3194 2703 3248 Patrum
2725 3193 2875 3247 dicta
2892 3193 2952 3246 in
2967 3208 3144 3246 unum
3163 3191 3430 3246 volumen
3447 3199 3718 3258 congeram,

496 3288 598 3338 aut
618 3281 942 3353 arrogantia
960 3281 1237 3347 attollere,
1270 3281 1424 3336 intus
1462 3286 1582 3336 esto
1611 3285 1676 3336 ut
1693 3297 1796 3352 per
1812 3287 1870 3334 te
1897 3281 2091 3335 alieni-
2171 3288 2230 3338 et
2253 3283 2391 3354 quid
2407 3282 2588 3337 sancti
2613 3283 2812 3337 Patres
2829 3281 2960 3336 inde
2985 3281 3318 3335 censuerint
3327 3277 3661 3338 credendum,
3677 3277 3722 3326 et

496 3387 656 3445 genae
669 3387 783 3426 non
797 3375 1106 3436 transeant,
1119 3368 1606 3442 peccataanimam
1617 3375 1773 3425 tuam
1787 3386 1900 3424 non
1911 3376 2091 3424 trans-
2172 3373 2306 3444 quid
2335 3388 2438 3442 ego
2455 3372 2588 3426 inde
2615 3371 2856 3426 sentiam
2883 3369 3242 3442 patefaciam.
3275 3370 3420 3424 Nam
3448 3371 3721 3423 sanctorum

500 3466 650 3528 eant,
679 3473 835 3516 vanae
868 3459 1222 3532 Operationes
1245 3464 1304 3514 et
1346 3459 1715 3530 cogitationes
1751 3459 1949 3514 inanes
1978 3475 2091 3514 non
2172 3461 2577 3533 prophetarum
2595 3461 2761 3528 dicta,
2785 3461 2918 3514 licet
2934 3459 2994 3514 in
3023 3458 3310 3530 aliquibus
3337 3455 3612 3512 sententiis
3629 3467 3722 3524 pec-

497 3556 808 3618 transeant,
841 3549 890 3604 si
915 3555 1108 3605 autem
1159 3548 1596 3604 sanctiﬁcaberis
1624 3549 1800 3620 [Forte
1829 3553 1928 3618 leg.
1960 3564 2092 3604 san-
2173 3549 2429 3606 cantibus
2456 3565 2650 3621 poenas
2675 3550 2982 3616 minentur,
3011 3554 3202 3602 tamen
3230 3547 3518 3600 manifeste
3535 3556 3723 3598 conver-

497 3639 853 3710 ct‘iﬂcaveris]
876 3638 1087 3693 bellum
1133 3653 1235 3710 pro
1276 3638 1588 3692 devotionis
1641 3644 1700 3692 et
1750 3637 1880 3692 ﬁdei
1917 3643 2094 3693 certa-
2173 3641 2250 3694 sis
2273 3657 2308 3693 a
2330 3639 2594 3710 peccatis,
2629 3643 2687 3693 et
2713 3655 2842 3693 vere
2871 3636 3264 3709 paenitentiam
3294 3634 3576 3706 agentibus
3600 3643 3723 3702 spem

499 3731 670 3797 mine,
711 3745 814 3802 pro
842 3727 1094 3782 veritatis
1125 3727 1331 3793 studio,
1376 3727 1642 3781 adversus
1669 3727 1992 3798 passionum
2023 3727 2092 3782 il-
2174 3729 2348 3784 veniae
2372 3729 2526 3795 dant,
2552 3728 3008 3782 etremissionem
3040 3731 3403 3797 peccatorum
3427 3723 3534 3777 illis
3559 3716 3723 3792 prsidi-

498 3819 765 3886 lecebras,
800 3816 858 3873 et
878 3809 1362 3890 sumpseris'arma
1377 3815 1479 3870 Dei
1495 3815 1790 3870 adversum
1812 3815 2093 3886 spiritales
2175 3824 2323 3885 cant,
2355 3818 2506 3872 unde
2525 3823 2582 3872 et
2619 3818 2739 3888 ipse
2764 3817 3039 3871 Dominus
3064 3815 3123 3870 in
3153 3814 3433 3870 mundum
3460 3810 3662 3866 veniens
3685 3811 3725 3858 et

461 3898 476 3909 ’
500 3909 780 3982 nequitias
809 3913 866 3961 et
893 3905 1161 3961 astutiam
1188 3903 1414 3970 diaboli,
1449 3903 1545 3974 qui
1583 3907 1868 3975 pertentat
1893 3920 2093 3960 sensus
2173 3907 2294 3962 sine
2319 3912 2546 3979 peccato
2575 3923 2676 3979 per
2726 3905 3002 3976 virginem
3046 3909 3214 3959 natus
3259 3907 3570 3976 peccatores
3601 3897 3659 3952 ad
3681 3911 3726 3948 se

499 3995 930 4054 nostrosfraude
959 4011 1024 4048 ac
1047 3994 1195 4060 dolo,
1217 4007 1385 4063 quem
1405 3998 1732 4049 mansuetus
1755 3993 1990 4048 bellator
2007 3995 2092 4048 fa-
2173 4014 2475 4052 convocare
2505 3998 2770 4067 dignatus
2789 4001 2894 4062 est,
2925 3995 3118 4049 statim
3149 3995 3206 4048 in
3239 3994 3400 4048 initio
3429 3985 3724 4064 praedicatio-

501 4089 608 4144 cile
645 4084 866 4158 poterit,
903 4083 998 4154 qui
1029 4097 1141 4138 non
1169 4086 1323 4136 serat
1361 4081 1570 4152 jurgia,
1605 4083 1702 4136 sed
1729 4082 1876 4137 sicut
1911 4083 2088 4150 decet,
2174 4087 2263 4142 nis
2277 4103 2410 4152 suae,
2426 4087 2571 4142 sicut
2588 4086 2884 4140 Matthaeus
2913 4084 3261 4155 evangelista
3283 4087 3536 4146 testatur,
3565 4076 3722 4133 eadem

501 4189 724 4233 servum
751 4172 977 4228 Domini
997 4187 1124 4226 cum
1147 4169 1422 4225 modestia
1443 4168 1610 4224 ﬁdem
1656 4171 1870 4237 doceat,
1913 4178 1970 4226 et
1987 4188 2093 4232 .eos
2175 4176 2342 4230 verba
2365 4192 2487 4247 qua:
2517 4191 2830 4246 praecursor
2858 4191 2996 4228 suus
3028 4174 3276 4228 Joannes
3297 4170 3544 4225 videlicet
3570 4161 3724 4235 Bapti-

503 4266 600 4338 qui
625 4264 994 4319 adversantur
1011 4261 1332 4332 redarguat,
1367 4260 1437 4314 de
1458 4260 1565 4314 hoc
1594 4260 1731 4316 dicit
1757 4261 2045 4333 Scriptura
2076 4281 2088 4313 :
2173 4271 2262 4320 sta
2287 4265 2348 4319 in
2373 4265 2596 4319 deserto
2625 4265 2832 4319 Judseae
2853 4263 3104 4317 docendo
3132 4266 3265 4316 ante
3295 4259 3605 4332 protulerat,
3631 4253 3724 4322 ipse

501 4355 949 4422 Quimansuetus
963 4356 1050 4406 est
1063 4350 1301 4406 bellator
1327 4355 1608 4420 exsurgat,
1641 4355 1698 4404 et
1713 4350 1972 4404 inﬁrmus
2011 4349 2528 4455 di-Dpraedicabat,
2553 4354 2622 4406 de
2651 4369 2761 4424 quo
2809 4352 3080 4422 scriptum
3118 4355 3205 4404 est
3245 4367 3256 4402 :
3297 4369 3321 4402 ι
3354 4342 3726 4455 Οαωξυάἱεεθξ

500 4450 592 4502 cat
613 4463 624 4498 :
647 4463 670 4496 ι
691 4441 899 4500 Omnia
937 4454 1166 4513 possum
1187 4439 1247 4494 in
1279 4455 1345 4494 eo
1375 4439 1471 4510 qui
1493 4455 1584 4494 me
1611 4439 1887 4494 confortat
1919 4441 2084 4507 (Phil.
2108 4429 2154 4455 υ
2171 4444 2199 4498 J
2204 4459 2333 4497 esus
2351 4443 2498 4514 quod
2519 4443 2764 4497 Joannes
2782 4441 3024 4495 traditus
3056 4445 3161 4507 est,
3187 4438 3358 4511 coepit
3382 4433 3658 4508 pradicant
3679 4429 3724 4480 et

500 4551 574 4600 Iv,
594 4532 702 4603 l3).
723 4533 884 4586 nHac
912 4531 1022 4586 ﬁde
1050 4529 1228 4584 fretus
1253 4529 1425 4584 etiam
1451 4529 1545 4600 qui
1569 4529 1829 4584 inﬁrmus
1850 4535 1936 4584 est
1955 4545 2092 4600 pree-
2171 4531 2354 4586 dicere
2377 4551 2388 4585 :
2429 4549 2455 4582 α
2487 4530 2879 4586 Paenitentiam
2910 4529 3078 4600 agite,
3117 4522 3576 4600 appropinquabit
3599 4516 3721 4573 enim

496 4621 720 4688 valebit,
767 4625 825 4676 et
851 4620 961 4674 erit
1005 4625 1200 4674 sancta
1227 4619 1418 4673 anima
1453 4619 1594 4690 ejus,
1629 4623 1687 4672 et
1717 4618 2010 4673 stillabunt
2037 4619 2089 4673 ei
2171 4637 2408 4690 regnum
2435 4621 2702 4674 ccelor'um
2725 4621 2938 4688 (Matth.
2976 4635 3051 4684 ιιι,
3077 4616 3156 4687 2);
3196 4640 3222 4666 υ
3273 4617 3320 4670 si
3342 4615 3487 4670 enim
3513 4611 3598 4665 ille
3623 4620 3722 4678 pec-

499 4715 720 4767 montes
735 4709 1048 4782 prophetici
1079 4709 1165 4762 vel
1187 4707 1478 4780 apostolici
1494 4706 1866 4774 dulcedinem,
1898 4713 1956 4762 et
1974 4708 2088 4762 col-
2171 4711 2452 4766 catoribus
2479 4711 2648 4780 digne
2677 4726 2776 4780 pro
2804 4707 3046 4779 peccatis
3059 4707 3176 4761 suis
3195 4703 3719 4782 poenitentiamageu-

495 4802 580 4858 les
609 4780 788 4855 ﬂuent
810 4780 897 4852 lac
922 4796 1108 4867 (Amos
1132 4813 1206 4863 ix,
1240 4795 1345 4866 l3),
1381 4796 1564 4866 qualis
1591 4797 1686 4850 ille
1715 4796 1871 4850 collis
1895 4796 1988 4868 qui
2005 4797 2088 4850 la-
2169 4799 2319 4854 tibus
2338 4799 2627 4870 ignoscere
2659 4798 2852 4863 nollet,
2876 4811 3232 4866 nequaquam
3258 4810 3352 4848 eos
3392 4804 3548 4862 agere
3574 4780 3718 4857 Ρωιὶί·

495 4890 600 4947 ctis
637 4893 834 4962 potum
859 4885 1163 4942 Corinthiis
1184 4885 1372 4953 dabat,
1405 4891 1463 4939 et
1494 4886 1672 4940 ﬂuent
1698 4885 1750 4940 ei
1773 4903 1801 4939 α
1831 4902 1990 4958 aqua:
2019 4887 2088 4941 de
2169 4888 2406 4944 tentiam
2415 4887 2659 4959 juberet,
2685 4885 2828 4941 bene
2857 4901 2991 4956 ergo
3007 4901 3109 4956 per
3129 4885 3470 4938 Salvatorem
3487 4874 3716 4962 poeniten-

493 4980 612 5036 suis
629 4957 795 5044 vasis,
820 4981 877 5031 et
896 4981 1196 5048 puteorum
1211 4991 1440 5030 suorum
1461 4973 1726 5042 fontibus,
1753 4976 1835 5029 vel
1853 4975 1924 5029 de
1953 4993 2088 5030 ven-
2170 4978 2319 5034 tibus
2337 4957 2790 5050 appropinquare
2819 4990 3056 5045 regnum
3075 4973 3344 5028 caelorum
3369 4968 3581 5028 dicitur,
3613 4957 3715 5034 qui!

492 5076 580 5126 tre
612 5069 734 5140 ejus
761 5081 920 5138 aquae
945 5065 1097 5132 vivae,
1133 5081 1159 5118 ω
1191 5063 1472 5135 spiritales
1493 5063 1752 5119 videlicet
1779 5081 1918 5136 quas
1947 5065 2086 5120 ﬁde-
2169 5084 2270 5140 per
2295 5067 2480 5138 ipsum
2509 5067 2577 5120 de
2605 5065 2734 5120 imis
2761 5065 2833 5118 ad
2844 5064 2960 5118 alta
2973 5053 3714 5129 sublevamur,appropinql18'

492 5158 640 5213 libus
668 5155 783 5212 suis
803 5154 1048 5228 Spiritus
1063 5157 1289 5208 sanctus
1318 5152 1620 5218 ministrat,
1649 5153 1746 5224 qui
1769 5153 1940 5208 etiam
1961 5154 2086 5208 ani-
2168 5156 2251 5210 bit
2277 5155 2425 5210 enim
2445 5172 2572 5210 vere
2602 5160 2737 5208 tunc
2767 5151 3170 5226 paenitentibus
3199 5162 3434 5226 regnum.
3470 5142 3708 5198 caelorum-

492 5263 643 5302 mam
670 5251 828 5300 tuam
865 5244 1131 5314 dignetur
1158 5242 1365 5314 rigare,
1394 5261 1419 5294 κ
1454 5247 1520 5297 ut
1533 5242 1785 5298 abundet
1801 5243 1858 5297 in
1878 5248 1935 5297 te
1960 5243 2083 5298 fons
2166 5261 2294 5300 cum
2309 5245 2562 5299 Salvator
2585 5247 2778 5298 noster
2797 5242 2857 5295 in
2875 5257 2978 5296 suo
3007 5240 3244 5294 adventu
3259 5233 3508 5290 omnibus
3520 5227 3710 5301 quicun'

493 5349 651 5405 aquae
682 5334 932 5389 salientis
962 5333 1020 5388 in
1050 5333 1221 5388 vitam
1263 5339 1545 5388 mternam'
1579 5334 1758 5399 (Joan.
1798 5349 1870 5399 1v,
1899 5332 2007 5404 14).
2055 5351 2077 5383 ι
2167 5317 3708 5410 queperpoenitentiamprisciserroribusabrenuntiantes

2167 5423 2236 5476 ad
2249 5423 2297 5492 ej
2307 5439 2372 5476 us
2383 5423 2551 5476 ﬁdem
2563 5427 2620 5475 et
2629 5421 2974 5492 baptismum
2985 5417 3118 5473 conf
3113 5412 3532 5488 ugerunt,vitam
3541 5416 3706 5492 Pro“?

2167 5489 2536 5576 sitaeternam,
2567 5530 2590 5562 α
2626 5489 2902 5582 quotquot
2930 5513 3123 5564 autem
3142 5505 3464 5576 receperunt
3475 5511 3604 5560 eum,
3631 5489 3704 5544 ἅθ’

2169 5600 2256 5655 dis
2275 5600 2355 5655 eis
2379 5604 2718 5672 potestatem
2745 5597 2890 5653 ﬁlios
2908 5598 3009 5654 Dei
3040 5597 3161 5652 ﬁeri
3189 5597 3362 5663 (Joan.
3383 5609 3416 5657 ι,
3451 5586 3550 5656 19),
3574 5601 3598 5635 ν
3625 5595 3700 5650 δικ

2590 553 2658 590 DE
2730 551 2880 592 MODO
2955 553 3322 592 PCENITENTIE.

2477 663 2608 718 CAP.
2643 661 2688 716 Ι.
2717 691 2782 701 -
2826 663 2897 716 De
2926 677 3058 716 vera
3089 664 3424 731 paenitentia.
