3892 6150
222 323 355 383 1805

1416 324 1509 380 DE
1545 324 1750 381 MODO
1790 325 2291 384 PCENITENTIAE.

3354 320 3492 384 i306

214 449 554 525 propinquat
580 446 750 502 etiam
777 451 835 501 et
862 462 1027 512 nunc,
1062 447 1198 518 quia
1221 448 1339 518 ipse
1368 449 1654 523 discipulis
1688 451 1869 513 suisA
1892 453 1984 507 die
2000 454 2217 524 judicii,
2240 453 2372 508 hinc
2405 453 2619 508 nullam
2661 455 2987 509 servitutem
3032 452 3193 510 nobis
3235 453 3354 519 das,
3405 450 3491 505 vel

213 545 342 612 post
356 535 824 593 resurrectionem
836 551 999 590 suam
1010 536 1183 606 jussit
1200 538 1505 608 praedicare
1517 540 1576 595 in
1587 541 1814 595 nomine

213 628 335 699 ejus
384 624 774 699 pcenitentiam
803 629 863 678 et
912 624 1303 681 remissionem
1344 633 1698 700 peccatorum
1753 628 1813 684 in

211 732 407 770 omnes
432 720 651 785 gentes,
687 732 713 766 α
748 714 818 769 Et
855 729 1001 772 ecce.
1056 714 1153 779 ait,
1205 732 1307 785 ego
1355 716 1639 772 vobiscum
1685 734 1813 772 sum

211 803 475 881 omnibus
504 802 702 858 diebus
728 819 908 874 usque
936 803 1009 856 ad
1040 805 1583 861 consummationem
1621 806 1811 862 saeculi

207 893 432 966 (Matth.
468 909 665 957 xxvm,
694 890 802 959 20).
838 911 865 945 ι)
897 893 1138 947 Necesse
1178 888 1266 949 est
1309 895 1461 949 enim
1508 893 1813 968 unicuique

210 984 308 1054 qui
337 1000 399 1038 se
418 988 769 1055 peccatorem
796 972 852 1036 ct
874 998 1035 1037 reum
1073 999 1196 1038 esse
1225 986 1529 1055 cognoscit,
1582 992 1648 1041 ut
1684 1002 1812 1040 cum

207 1074 559 1146 pauitantia:
585 1073 812 1128 sibimet
829 1074 1076 1128 remedio
1111 1074 1424 1140 subveniat,
1460 1093 1562 1131 nec
1590 1077 1815 1132 differat

207 1164 279 1219 de
307 1165 402 1219 die
428 1163 653 1218 indiem
673 1163 919 1217 converti
948 1164 1007 1218 in
1037 1164 1257 1231 melius,
1283 1166 1379 1219 sed
1409 1166 1541 1220 dum
1574 1173 1733 1221 vacat
1759 1173 1816 1223 et

204 1251 265 1307 in
293 1253 399 1307 hac
425 1252 544 1307 vita
559 1251 832 1317 subsistit,
871 1252 1099 1306 studeat
1125 1254 1307 1324 magis
1346 1255 1610 1326 operibus
1652 1255 1814 1311 bonis

205 1357 407 1397 curam
418 1340 765 1412 impendere,
786 1350 955 1411 quam
971 1341 1324 1411 negligentiae
1337 1343 1553 1397 desidia
1566 1349 1807 1415 torpere,

1896 544 2173 612 quomodo
2204 542 2345 600 bene
2376 544 2559 598 vivere
2586 547 2713 614 post
2740 542 3129 615 paenitentiam
3165 533 3489 603 debeamus,

1894 630 2093 687 docere
2119 648 2221 688 nos
2250 631 2437 686 debes.
2458 632 2593 685 Dico
2613 647 2765 703 ergo,
2790 631 3072 687 abstinere
3103 630 3172 687 ab
3198 622 3492 698 ebrietate,

1893 736 1929 773 a
1955 721 2424 792 concupiscentia,
2460 736 2494 774 a
2521 720 2691 787 furto,
2725 737 2759 774 a
2789 721 3134 792 maliloquio,
3167 719 3237 774 ab
3251 719 3372 792 ipso
3392 719 3494 773 im-

1894 810 2185 865 moderato
2211 810 2347 877 risu,
2381 826 2415 863 a
2441 808 2609 864 verbo
2648 809 2844 877 otioso,
2876 809 3027 865 unde
3057 807 3332 865 reddituri
3361 812 3495 863 sunt

1893 897 2150 953 homines
2200 899 2475 954 rationem
2514 899 2572 953 in
2603 897 2693 952 die
2717 899 2936 969 judicii,
2970 915 3097 953 ecce
3124 913 3304 970 quam
3351 896 3495 953 levia

1893 988 2026 1055 dixi,
2058 993 2116 1044 et
2142 989 2332 1043 omnia
2360 989 2456 1043 illa
2483 988 2675 1059 gravia
2695 992 2752 1041 et
2763 988 3045 1060 pestifera,
3079 993 3138 1041 et
3163 987 3314 1041 aliud
3336 978 3487 1042 dico:

1894 1094 2007 1132 non
2034 1078 2216 1132 solum
2244 1081 2372 1148 post
2398 1076 2806 1149 paenitentiam,
2831 1075 2900 1131 ab
2923 1076 3060 1147 ipsis
3077 1075 3225 1131 vitiis
3246 1078 3307 1130 se‘
3323 1075 3492 1131 homo

1895 1182 2119 1222 servare
2147 1166 2331 1237 debet,
2367 1167 2464 1221 sed
2490 1171 2546 1220 et
2572 1170 2703 1220 ante
2731 1166 3141 1237 paenitentiam,
3166 1164 3299 1220 dum
3320 1160 3494 1220 sanus

1896 1260 1999 1319 est,
2036 1256 2167 1327 quia
2195 1256 2373 1311 nescit
2402 1256 2451 1311 si
2481 1255 2659 1327 ipsam
2698 1255 3086 1326 paenitentiam
3134 1254 3309 1326 possit
3354 1252 3494 1310 soci:

1895 1359 2029 1416 pere
2058 1350 2114 1399 et
2143 1345 2398 1400 confiteri
2428 1345 2544 1400 Deo
2572 1349 2629 1399 et
2655 1345 2929 1399 sacerdoti
2960 1350 3188 1416 peccata
3207 1360 3341 1400 sua:
3367 1345 3509 1400 ecce"

204 1430 445 1485 docente
466 1431 573 1484 hoc
594 1429 885 1501 Scriptura
905 1435 1078 1501 atque
1106 1431 1327 1487 dicente
1350 1451 1362 1487 :
1399 1451 1426 1485 α
1455 1434 1539 1487 Ne
1578 1433 1809 1503 adjicias
1892 1453 2066 1510 quare
2095 1437 2238 1493 dixi:
2265 1437 2334 1492 Et
2349 1444 2478 1492 ante
2501 1437 2892 1509 paenitentiam
2909 1437 3051 1492 bene
3072 1436 3366 1492 vivendum
3383 1438 3486 1505 es‘t,

203 1524 502 1591 peccatum
529 1534 704 1591 super
740 1524 1045 1595 peccatum.
1062 1523 1121 1573 et
1137 1519 1319 1575 dicas:
1371 1539 1397 1573 «
1428 1522 1809 1577 Misericordia
1892 1532 1949 1582 et
1972 1526 2496 1598 postpaanitentiam
2520 1526 2738 1593 melius,
2760 1542 2932 1597 agens
2953 1542 3083 1581 vero
3104 1525 3495 1597 paenitentiam

204 1608 311 1664 Dei
339 1609 525 1663 multa
554 1614 673 1675 est;
696 1607 961 1679 quoniam
1001 1608 1387 1665 misericordia
1417 1616 1475 1665 et
1501 1609 1587 1665 ira
1616 1610 1686 1665 ab
1714 1612 1810 1667 illo
1892 1616 1963 1672 ad
1991 1615 2254 1671 ultimum
2282 1622 2339 1671 et
2368 1616 2761 1671 reconciliatus
2815 1616 3017 1670 exierit
3046 1616 3115 1671 de
3155 1626 3406 1688 corpore,
3445 1615 3493 1670 si

204 1702 296 1752 est
322 1696 516 1766 (Εοοιέ.
540 1712 595 1763 γ,
628 1693 683 1762 6,
714 1698 792 1765 7).
823 1715 848 1747 ι

532 1810 663 1866 CAP.
693 1806 764 1867 ῙῙ.
799 1842 863 1852 -
899 1813 971 1866 Dc
995 1817 1134 1867 recte
1162 1814 1489 1870 virentibus.

276 1923 483 1978 Certus
496 1938 619 1976 sum
643 1920 791 1976 enim
815 1921 949 1992 quia
970 1921 1137 1975 homo
1174 1920 1509 1993 baptizatus,
1542 1924 1589 1978 si
1618 1923 1810 1991 vitam,

201 2029 320 2075 non
351 2012 535 2066 audeo
567 2011 752 2066 dicere
778 2009 989 2082 absque
1032 2016 1279 2082 peccato,
1314 2012 1441 2083 quis
1493 2014 1643 2068 enim
1688 2014 1812 2071 sine

199 2101 474 2173 peccato?
491 2101 588 2156 sed
608 2097 780 2155 vitam
802 2100 923 2155 sine
940 2099 1174 2154 crimine
1186 2100 1426 2164 duxerit,
1452 2108 1509 2157 et
1535 2102 1649 2157 alia
1688 2118 1813 2175 pec-

200 2198 334 2246 cata
357 2188 641 2257 habuerit,
677 2208 799 2262 qua:
829 2188 1077 2262 quotidie
1107 2190 1159 2244 ei
1187 2190 1554 2246 dimittuntur
1590 2192 1650 2248 in
1690 2209 1812 2247 ora-

197 2279 363 2335 tione
393 2278 631 2333 dicenti:
672 2298 693 2329 (
722 2278 950 2332 Dimitte
978 2278 1139 2333 nobis
1157 2278 1345 2333 debita
1357 2284 1567 2347 nostra,
1594 2280 1738 2336 sicut
1758 2288 1816 2336 et

198 2385 308 2424 nos
339 2366 683 2422 dimittimus
703 2365 1047 2421 debitoribus
1072 2368 1296 2435 nostris,
1323 2386 1349 2421 ι
1386 2369 1433 2423 si
1464 2369 1632 2424 faciat
1661 2372 1812 2443 quod

198 2457 314 2512 sibi
337 2475 373 2512 a
387 2458 503 2512 Deo
515 2456 669 2528 cupit
690 2456 831 2519 fieri,
855 2456 1077 2526 quando
1097 2456 1231 2510 dum
1254 2457 1481 2523 ﬁnierit,
1506 2458 1679 2513 vitam
1698 2475 1811 2515 non

198 2548 354 2613 ﬁnit,
380 2547 480 2601 sed
507 2546 713 2600 transit
740 2544 809 2601 de
838 2545 953 2600 vita
980 2546 1051 2599 ad
1075 2546 1264 2612 vitam,
1300 2548 1369 2600 de
1413 2548 1693 2603 laboriosa
1741 2548 1811 2603 ad

200 2636 485 2707 quietam,
507 2635 579 2689 de
599 2635 807 2689 misera
820 2635 891 2689 ad
906 2634 1149 2703 beatam,
1168 2636 1542 2707 detemporali
1560 2637 1630 2690 ad
1653 2642 1812 2692 aeter-

202 2742 369 2801 nam,
400 2725 515 2779 sive
534 2725 641 2779 iste
670 2726 955 2780 voluntate
986 2741 1090 2779 sua
1118 2730 1311 2779 currat
1336 2726 1407 2780 ad
1447 2726 1809 2797 baptismum,

201 2820 267 2870 et
292 2814 410 2868 sive
434 2814 490 2868 in
508 2813 755 2885 periculo
768 2814 1103 2868 constitutus
1116 2813 1433 2885 baptizetur
1456 2821 1520 2870 ut
1538 2821 1809 2881 transeat,

199 2902 283 2957 ad
312 2902 619 2957 Dominum
652 2902 821 2968 vadit,
859 2902 929 2956 ad
960 2902 1213 2973 requiem
1258 2903 1446 2972 vadit;
1487 2904 1583 2975 qui
1628 2910 1818 2961 autem

200 2990 528 3062 baptizatus
559 2982 755 3062 postea
791 2991 1045 3045 desertor
1088 2990 1436 3063 violatorque
1482 2992 1819 3049 sacramenti

198 3080 386 3135 fuerit
412 3085 470 3135 et
494 3097 730 3152 peccans
758 3080 1060 3135 Dominum
1087 3080 1310 3151 repellit
1328 3098 1360 3135 a
1383 3098 1461 3149 se,
1484 3082 1534 3138 si
1563 3090 1697 3154 agat
1706 3100 1820 3157 Ρω-
1840 3091 1882 3151 C

198 3169 513 3225 nitentiam
534 3188 601 3224 ex
628 3175 745 3225 toto
774 3170 958 3237 corde,
993 3175 1051 3223 et
1074 3170 1120 3224 si
1148 3176 1280 3240 agat
1308 3188 1500 3226 veram
1531 3173 1781 3243 pceniten

201 3260 377 3325 tiam,
409 3258 504 3314 ubi
532 3260 684 3314 videt
704 3259 852 3331 quod
881 3258 1019 3313 vidit
1038 3275 1133 3313 cor
1147 3260 1341 3325 David,
1379 3262 1603 3332 quando
1632 3262 1813 3316 incre-

200 3354 383 3423 patus
411 3366 446 3423 a
472 3350 747 3421 propheta
790 3348 1054 3419 graviter,
1098 3353 1156 3402 et
1180 3354 1309 3419 post
1346 3350 1814 3406 comminationes

208 3422 504 3493 terribiles
533 3438 653 3503 Dei,
703 3436 1031 3492 exclamavit
1072 3436 1295 3492 dicens:
1352 3458 1373 3489 ι
1410 3438 1656 3504 Peccavi,
1694 3459 1716 3490 ι
1761 3445 1819 3495 et

201 3542 348 3581 mox
373 3528 679 3582 exaudivit:
710 3544 736 3579 α
764 3525 1039 3582 Dominus
1057 3526 1291 3581 abstulit
1319 3534 1611 3599 peccatum
1629 3533 1812 3594 tuum,

199 3632 330 3671 non
351 3615 579 3687 peribis.
603 3635 628 3668 ››
648 3616 807 3670 Enim
832 3616 1027 3687 [Fortc,
1047 3616 1353 3686 enimvero]
1375 3621 1649 3688 quantum
1674 3617 1821 3671 valet

203 3706 337 3760 haec
366 3722 488 3771 vox,
504 3711 619 3760 tres
640 3703 865 3776 syllabae
888 3709 1040 3770 sunt,
1088 3723 1113 3767 ρ
1142 3704 1385 3777 peccavi,
1422 3723 1445 3756 ι
1491 3705 1589 3759 sed
1634 3705 1694 3760 in
1731 3705 1819 3761 his

202 3793 400 3849 tribus
428 3793 658 3866 syllabis
679 3794 908 3847 flamma
927 3792 1184 3847 sacriﬁcii
1211 3793 1393 3848 cordis
1425 3794 1545 3863 ejus
1590 3793 1663 3848 ad
1706 3809 1820 3849 cm-

200 3883 336 3937 lum
368 3882 658 3948 ascendit;
692 3898 824 3954 ergo
860 3881 956 3953 qui
1000 3881 1181 3953 egerit
1222 3881 1494 3936 veraciter
1541 3882 1821 3954 poeniten-

202 3972 378 4036 tiam,
404 3972 687 4026 etsolutus
706 3970 874 4026 fuerit
889 3989 923 4025 a
942 3970 1268 4041 ligamento,
1293 3988 1402 4043 quo
1424 3976 1547 4025 erat
1565 3977 1822 4027 constru-

209 4068 345 4117 ctus
374 4066 433 4115 et
461 4059 601 4114 bene
625 4065 751 4131 post
770 4060 1161 4133 penitentiam
1194 4059 1414 4126 vixerit,
1438 4067 1570 4132 post
1582 4062 1825 4117 reconci-

210 4148 514 4221 liationem
544 4166 672 4203 cum
696 4149 990 4204 defunctus
1010 4148 1183 4203 fuerit
1212 4148 1283 4203 ad
1312 4149 1617 4206 Dominum
1646 4152 1821 4219 vadit,

211 4240 293 4293 ad
320 4238 578 4309 requiem
610 4238 779 4305 vadit,
796 4255 969 4310 regno
990 4237 1092 4293 Dei
1111 4253 1225 4323 non
1236 4237 1821 4315 privabitur,apopulo

214 4327 432 4382 diaboli
461 4326 742 4382 serabitur
757 4327 936 4401 [Forte
967 4330 1068 4395 leg.
1093 4326 1489 4400 separabitur].

545 4442 676 4497 CAP.
710 4442 809 4497 III.
844 4471 909 4483 —
939 4442 1013 4496 Dc
1041 4458 1159 4496 sero
1189 4445 1479 4497 conversis.

269 4548 540 4621 Quisquis
550 4553 739 4603 autem
752 4548 967 4619 positus
977 4548 1037 4602 in
1048 4547 1251 4602 ultima
1261 4548 1591 4604 necessitate
1602 4549 1825 4620 aegritu-

214 4639 367 4695 dinis
387 4654 524 4705 suae,
549 4637 824 4709 acceperit
855 4637 1247 4708 paenitentiam
1289 4642 1348 4692 et
1401 4654 1527 4693 mox
1573 4639 1824 4695 reconci-

214 4728 405 4784 liatus
435 4727 623 4794 fuerit,
657 4733 715 4782 et
736 4725 1026 4781 transierit
1068 4726 1137 4781 de
1174 4742 1424 4798 corpore,
1476 4727 1674 4795 fateor,
1704 4744 1820 4784 non

210 4818 296 4873 illi
321 4830 471 4887 nego
500 4816 649 4888 quod
675 4816 832 4887 petit,
867 4814 965 4869 sed
996 4830 1098 4869 nec
1121 4830 1403 4887 praesumo
1452 4816 1637 4871 dicere
1686 4817 1822 4889 quia

213 4906 363 4963 bene
391 4906 524 4960 hinc
550 4905 705 4972 exiit,
738 4921 849 4959 non
880 4920 1177 4977 praesumo,
1233 4920 1346 4959 non
1387 4905 1669 4977 polliceor,
1703 4920 1816 4961 non

207 4997 361 5062 dico,
396 4994 683 5049 neminem
701 4993 853 5060 fallo,
886 4993 1173 5049 neminem
1201 4992 1437 5066 decipio,
1463 5010 1576 5051 non
1594 4995 1819 5067 penitus

208 5084 592 5157 promittitur.
628 5082 835 5138 Fidelis
864 5081 1006 5137 bene
1026 5083 1234 5149 vivens,
1266 5099 1495 5138 securus
1513 5084 1583 5139 de
1598 5084 1703 5140 hoc
1725 5101 1822 5141 sae-

205 5174 339 5229 culo
374 5173 604 5254 migrat,
632 5173 679 5227 si
702 5172 822 5244 agit
834 5171 1242 5244 paenitentiam,
1267 5173 1401 5227 dum
1428 5188 1597 5228 sanus
1626 5179 1728 5240 est,
1764 5179 1822 5229 et

207 5262 613 5319 reconciliatus
646 5268 841 5335 postea
865 5260 1008 5316 bene
1035 5260 1234 5315 vixerit
1259 5279 1271 5327 ;
1303 5261 1401 5316 sed
1430 5261 1565 5316 dicit
1591 5261 1816 5334 aliquis,

206 5349 361 5416 Quid
394 5354 484 5405 est
507 5349 649 5406 bene
662 5351 863 5405 vixerit
881 5351 905 5404 ’ἶ
921 5349 1006 5405 vel
1031 5350 1138 5405 hoc
1160 5366 1261 5405 nos
1296 5350 1531 5416 instrue,
1561 5351 1819 5406 sacerdos

206 5439 376 5506 boue,
410 5441 729 5495 utsciamus
748 5439 905 5507 illud,
949 5440 1168 5495 nescire
1204 5445 1261 5495 te
1297 5440 1434 5495 dicis
1467 5438 1595 5510 quia
1634 5439 1683 5494 is
1716 5440 1811 5512 qui

207 5533 446 5602 accepta
473 5530 802 5601 paenitentia
833 5530 904 5583 ad
927 5530 1129 5585 horam
1151 5529 1369 5595 transit,
1393 5529 1440 5584 si
1460 5529 1713 5585 remittat
1730 5529 1813 5585 illi

1893 1721 2126 1761 securus
2152 1705 2284 1761 hinc
2296 1705 2411 1760 exit
2440 1722 2542 1777 ego
2572 1704 2781 1773 nescio,
2816 1704 3204 1777 paenitentiam
3227 1705 3361 1760 dare
3374 1708 3496 1777 post

1831 1771 1879 1832 Β
1897 1810 2042 1861 sum,
2066 1793 2428 1850 securitatem
2445 1799 2634 1851 autem
2656 1794 2793 1849 dare
2818 1810 2929 1849 non
2960 1809 3187 1867 possum
3209 1813 3224 1848 :
3244 1771 3393 1865 quad
3416 1788 3496 1848 di-

1894 1890 2086 1940 cturus
2115 1900 2261 1949 sum,
2306 1884 2601 1950 attendite,
2634 1883 2811 1938 habeo
2836 1882 3058 1956 planius
3106 1883 3383 1955 exponere
3424 1884 3495 1937 ne

1895 1972 2099 2043 aliquis
2129 1988 2219 2026 me
2249 1972 2395 2026 male
2423 1971 2721 2042 intelligat.

1964 2060 2232 2132 Nunquid
2242 2059 2364 2114 dico
2377 2058 2737 2114 damnabitur
2755 2059 2781 2113 ?
2792 2059 2891 2114 sed
2922 2074 3024 2114 nec
3038 2059 3182 2127 dico,
3200 2060 3333 2132 quia
3354 2059 3490 2115 libe-

1894 2148 2129 2217 rabitur,
2157 2154 2213 2204 et
2231 2148 2363 2221 quid
2382 2148 2519 2204 mihi
2542 2148 2697 2214 dicis,
2719 2154 2909 2203 sancte
2924 2148 3218 2221 episcope?
3246 2136 3497 2219 quidtibi

1894 2238 2077 2293 dicam
2100 2238 2308 2304 nescio,
2330 2238 2449 2309 jam
2475 2236 2607 2305 dixi,
2623 2254 2736 2293 non
2758 2254 3060 2309 praesumo,
3082 2248 3194 2292 non
3209 2228 3495 2309 promitto,

1894 2343 2126 2400 prorsus
2152 2328 2338 2383 nescio
2351 2328 2419 2383 de
2437 2327 2538 2383 Dei
2550 2326 2857 2381 voluntate.
2878 2326 2977 2381 Vis
2997 2330 3207 2393 autem,
3233 2326 3424 2391 frater,
3442 2320 3500 2381 ιε

1894 2416 2112 2472 adubio
2131 2416 2377 2484 liberari,
2398 2415 2483 2472 vis
2509 2417 2656 2489 quod
2685 2415 2960 2471 incertum
2995 2422 3083 2470 est
3109 2415 3361 2482 evadere,
3387 2422 3501 2487 pa?-

1893 2506 2192 2560 nitentiam
2208 2506 2454 2576 agedum
2487 2521 2658 2559 sanus
2678 2521 2767 2571 es;
2801 2505 2847 2559 si
2869 2505 3019 2559 enim
3042 2504 3162 2576 agis
3180 2518 3368 2559 veram
3387 2516 3501 2576 pm-

1892 2594 2190 2649 nitentiam
2218 2595 2351 2650 dum
2382 2610 2557 2649 sanus
2587 2609 2665 2659 es,
2697 2598 2754 2647 et
2780 2593 3063 2648 invenerit
3090 2598 3151 2649 te
3166 2592 3501 2648 novissimus

1894 2683 2033 2749 dies,
2049 2684 2295 2738 curritur
2314 2689 2379 2737 ut
2401 2682 2798 2739 reconcilieris.
2823 2682 2871 2737 si
2899 2683 2983 2737 sic
3010 2682 3150 2752 agis,
3174 2690 3402 2736 securus
3419 2695 3497 2737 es:

1895 2788 2068 2844 quare
2082 2789 2311 2827 securus
2322 2772 2418 2827 es?
2438 2772 2522 2827 vis
2545 2771 2667 2827 dico
2697 2769 2800 2826 tibi
2814 2770 2841 2825 ?
2861 2771 2998 2843 quia
3032 2770 3197 2841 egisti
3225 2770 3503 2843 pmniten4

1898 2862 2037 2915 tiam
2066 2878 2132 2917 eo
2171 2866 2424 2934 tempore
2473 2878 2582 2932 quo
2623 2877 2853 2934 peccare
2894 2860 3157 2932 potuisti,
3210 2875 3336 2915 ecce
3389 2858 3504 2914 dixi

1899 2950 2003 3005 tibi
2031 2967 2206 3023 quare
2224 2966 2455 3005 securus
2486 2966 2575 3017 es;
2609 2950 2857 3005 siautem
2875 2954 3009 3004 tunc
3037 2948 3121 3002 vis
3134 2964 3301 3020 agere
3322 2938 3503 3021 ipsam

1901 3039 2287 3111 paenitentiam
2318 3040 2541 3111 quando
2567 3040 2688 3111 jam
2727 3053 2957 3111 peccare
3004 3054 3118 3093 non
3154 3044 3332 3110 potes,
3373 3052 3505 3109 pec-

1899 3134 2026 3184 cata
2053 3134 2109 3183 te
2138 3129 2495 3194 dimiserunt,
2531 3145 2643 3184 non
2674 3132 2737 3183 tu
2766 3132 3015 3201 peccata,
3065 3126 3163 3182 sed
3206 3125 3509 3200 respondet

1895 3218 2117 3290 aliquis,
2168 3217 2329 3273 Unde
2360 3219 2487 3284 scis,
2522 3218 2568 3271 si
2598 3218 2742 3272 forte
2774 3216 2923 3273 Deus
2957 3216 3308 3272 misereatur
3335 3221 3393 3272 et
3418 3215 3506 3271 di-
3616 3252 3619 3253 ν

1896 3308 2088 3362 mittat
2112 3308 2250 3361 mihi
2281 3313 2507 3379 peccata
2521 3307 2672 3361 mea?
2687 3306 2899 3362 Verum
2919 3305 3076 3372 dicis,
3091 3305 3289 3371 frater,
3308 3316 3505 3360 Verum

1897 3396 2055 3463 dicis,
2084 3396 2234 3450 unde
2263 3396 2396 3461 scio,
2431 3400 2486 3450 et
2516 3395 2641 3449 ideo
2671 3394 2774 3450 tibi
2815 3396 2888 3449 do
2932 3395 3328 3467 paenitentiam
3369 3394 3504 3466 quia

1898 3485 2104 3551 nescio,
2124 3491 2189 3538 ut
2209 3489 2289 3551 tu,
2314 3484 2522 3555 inquis,
2540 3500 2674 3554 ergo
2691 3484 2912 3538 dimitte
2936 3499 3164 3538 causam
3185 3498 3367 3537 meam
3390 3482 3501 3537 Do-

1898 3574 2072 3639 mino,
2104 3573 2238 3644 quid
2268 3589 2357 3626 me
2374 3578 2494 3627 tum
2509 3571 2689 3627 verbis
2720 3571 2944 3643 afﬂigis,
2978 3577 3035 3626 et
3060 3570 3238 3643 judici
3269 3586 3360 3625 me
3385 3570 3504 3626 Deo

1900 3660 2339 3716 dimittis?illius
2354 3660 2565 3731 judicio
2581 3665 2637 3714 te
2658 3660 2967 3725 committo,
3001 3662 3163 3731 cujus
3176 3659 3388 3732 judicio
3412 3675 3503 3715 me

1900 3750 2228 3805 commendo
2255 3769 2267 3804 :
2302 3766 2434 3803 nam
2462 3748 2509 3803 si
2538 3749 2739 3803 scirem
2769 3747 2912 3803 nihil
2947 3747 3049 3803 tibi
3087 3749 3352 3821 prodesse
3382 3746 3503 3820 ρώ-

1903 3839 2222 3905 nitentiam,
2256 3853 2369 3893 non
2394 3837 2497 3893 tibi
2542 3854 2666 3893 eam
2705 3837 2920 3893 darem.
2968 3838 3178 3893 Iterum
3220 3855 3267 3891 ει
3302 3837 3505 3893 scirem

1902 3928 2004 3984 tibi
2035 3929 2316 4000 prodesse,
2349 3944 2461 3983 non
2493 3932 2549 3982 te
2580 3931 2871 3982 terrerem.
2910 3927 3046 3983 Duae
3088 3943 3175 3982 res
3213 3931 3363 3992 sunt,
3406 3930 3507 3982 aut

1903 4018 2213 4089 ignoscitur
2238 4016 2359 4083 tibi,
2393 4021 2493 4071 aut
2517 4033 2631 4071 non
2660 4016 2764 4071 tibi
2792 4015 3121 4088 ignoscitur,
3140 4015 3272 4088 quid
3301 4009 3505 4071 horum

1904 4105 2007 4162 tibi
2033 4106 2285 4161 futurum
2313 4105 2389 4160 sit
2415 4122 2518 4177 ego
2546 4106 2765 4176 ignoro,
2808 4105 2908 4162 sed
2956 4104 3254 4161 consilium
3294 4104 3385 4172 do,
3410 4102 3498 4158 di-

1904 4195 2068 4250 mitte
2096 4194 2392 4260 incertum,
2424 4200 2482 4249 et
2508 4199 2639 4249 tene
2663 4198 2902 4259 certum,
2936 4199 2993 4250 et
3020 4195 3156 4249 dum
3184 4193 3340 4259 vivis,
3370 4192 3506 4248 dum

1905 4300 2076 4340 sanus
2104 4299 2183 4351 es,
2216 4299 2319 4355 age
2344 4282 2736 4355 paenitentiam
2756 4298 2967 4350 veram,
2991 4287 3055 4338 ut
3072 4296 3200 4337 cum
3219 4281 3435 4336 veneris
3447 4280 3506 4335 in

1836 4373 2173 4467 Djudicium
2189 4372 2312 4467 Dei,
2331 4388 2443 4467 non
2462 4370 2531 4467 ab
2560 4389 2625 4428 eo
2652 4370 3031 4467 conﬂandaris,
3266 4381 3505 4467 regnum

1904 4464 2126 4518 caeleste
2152 4461 2458 4518 induceris.
2479 4461 2610 4516 Haec
2635 4460 2705 4515 de
2719 4461 2788 4515 iis
2816 4461 2911 4532 qui
2941 4458 3352 4532 paenitentiam,
3369 4457 3506 4511 dum

1903 4554 2124 4625 tempus
2134 4556 2513 4623 opportunum
2528 4549 2928 4619 habent,agere
2940 4547 3507 4611 dissimulant,ut‘non

1903 4655 2081 4710 usque
2108 4639 2178 4694 ad
2196 4640 2324 4695 vita:
2349 4637 2657 4693 terminum
2686 4653 2810 4693 eam
2830 4637 3129 4709 protelent,
3165 4633 3504 4690 admonitio-

1902 4728 1991 4783 nis
2017 4727 2186 4782 verba
2222 4727 2442 4800 prolata
2468 4726 2754 4782 sufﬁciant
2778 4745 2792 4794 ;
2813 4736 2963 4782 nunc
2993 4726 3062 4781 de
3080 4725 3169 4780 his
3194 4723 3290 4796 qui
3304 4723 3506 4777 nolunt

1902 4833 2069 4888 agere
2100 4816 2510 4889 paenitentiam,
2530 4815 2627 4870 sed
2643 4817 2711 4870 de
2738 4815 2920 4870 salute
2936 4813 3160 4887 penitus
3180 4809 3499 4883 desperant,

1899 4911 2077 4962 restat
2104 4911 2169 4960 ut
2197 4905 2633 4961 orthodoxorum
2668 4905 2901 4960 Patrum
2945 4904 3282 4959 documenta
3309 4899 3381 4955 ad
3415 4910 3505 4954 eo-

1901 5011 2029 5050 rum
2053 4994 2453 5050 correctionem
2482 4993 2834 5066 replicemus.

1904 5085 2035 5140 CAP.
2051 5084 2144 5140 IV.
2172 5115 2218 5125 -
2251 5084 2401 5150 Quod
2414 5099 2523 5138 non
2540 5086 2613 5137 sit
2624 5083 3025 5152 desperandum
3042 5081 3105 5134 de
3116 5081 3214 5134 Dei
3232 5078 3489 5133 bonitate.

1973 5174 2100 5231 Non
2128 5172 2298 5228 debes
2312 5188 2464 5243 ergo,
2494 5189 2526 5225 ο
2549 5171 2737 5237 homo,
2764 5170 3020 5225 difﬁdere
3043 5169 3179 5234 Deo,
3198 5171 3256 5221 et
3284 5164 3353 5220 de
3392 5166 3501 5221 mi-

1907 5263 2208 5321 sericordia
2236 5262 2358 5333 ejus
2385 5261 2717 5333 desperare;
2755 5259 2883 5315 nolo
2914 5258 3154 5324 dubites,
3189 5270 3372 5328 neque
3400 5255 3500 5311 de-

1902 5368 2092 5424 speres
2120 5350 2328 5406 mutari
2356 5354 2413 5405 te
2442 5364 2607 5423 posse
2635 5349 2694 5405 in
2724 5348 2959 5405 melius:
3001 5348 3049 5403 si
3088 5346 3239 5403 enim
3278 5349 3501 5402 tantum

1897 5440 2076 5514 potuit
2087 5438 2442 5507 diabolus,ut
2468 5456 2504 5494 a
2532 5438 2693 5494 celsis
2716 5438 2992 5495 virtutum
3022 5434 3272 5509 vestigiis
3289 5434 3347 5490 in
3376 5448 3502 5510 pro-
3528 5452 3533 5459 ν

1893 5529 2128 5585 fundum
2154 5533 2210 5583 te
2238 5529 2470 5585 duceret
2499 5528 2795 5594 malarum,
2830 5532 3042 5601 quanto
3074 5525 3252 5599 magis
3290 5524 3501 5599 poterit

206 5617 463 5675 facium
490 5628 619 5685 sea,
642 5619 691 5675 si
720 5619 934 5675 rebitet
956 5619 1045 5675 illi
1070 5620 1237 5676 Deus
1260 5622 1485 5691 peccata
1530 5618 1708 5691 iptius
1750 5619 1810 5675 in
1891 5619 2041 5676 Deus
2062 5617 2133 5673 ad
2165 5626 2454 5674 summum
2472 5623 2537 5675 te
2561 5617 2839 5674 bonorum
2858 5616 3414 5685 verticem’mvocare;
3442 5618 3507 5672 let“
