3982 6158
465 319 598 379 1307

1048 326 1110 383 Β.
1155 329 1426 386 RABANI
1464 330 1696 387 MAURI
1739 295 2076 387 ADCHIEP.
2118 331 2443 390 MOGUNT.
2485 331 2782 388 OPERUM
2833 331 3019 388 PARS
3057 333 3155 388 III.

2345 201 2382 222 ι

3561 337 3678 396 1308

457 462 571 504 non
600 449 783 504 solum
809 449 869 506 in
888 451 945 505 id
965 451 1262 508 restituere
1283 455 1431 526 quod
1464 454 1640 524 fuisti,
1662 457 1829 512 sedet
1844 456 2054 511 beatio-
2072 458 2306 528 Aatque
2335 457 2392 513 in
2423 456 2762 528 profundum
2792 455 3070 511 malorum
3107 463 3379 526 enecetur,
3412 461 3548 532 quod
3572 477 3678 518 cum

455 551 578 592 rem
607 538 786 593 multo
841 556 1011 611 quam
1053 541 1208 612 prius
1248 543 1523 599 videbaris
1552 545 1816 600 efﬁcere?
1857 547 2051 616 Neque

455 625 609 681 enim
636 632 860 683 tantum
888 631 1158 686 concedas
1181 631 1390 700 animo,
1425 651 1528 688 nec
1558 633 1830 689 bonorum
1864 651 2050 706 quaeso

455 731 614 786 spem
643 713 743 771 tibi
785 717 1110 786 abscondas,
1158 737 1230 774 ne
1269 721 1485 777 accidat
1520 723 1624 777 tibi
1667 725 1816 795 quod
1861 723 2050 795 impiis

455 803 617 872 solet,
631 821 746 860 non
764 807 916 862 enim
937 809 1238 864 multitudo
1249 817 1603 882 peccatorum
1633 812 1693 867 in
1711 812 2052 884 desperatio-

454 908 586 948 nem
609 893 828 950 inducit
861 896 1130 965 animam,
1180 900 1276 954 sed
1323 899 1602 973 impietas,
1654 905 1712 956 et
1756 908 2053 974 propterea

458 981 722 1038 Salomon
751 984 892 1040 dixit
911 986 1044 1056 quia
1083 1005 1108 1038 α
1141 988 1325 1044 omnis
1362 990 1460 1061 qui
1489 990 1704 1046 venerit
1729 991 1789 1046 in
1817 992 2050 1062 profun-

455 1069 593 1126 dum
618 1073 918 1142 malorum,
950 1077 1260 1132 contemnit
1289 1078 1466 1144 (Prov.
1501 1096 1648 1146 xvm,
1682 1079 1756 1150 3).
1800 1099 1819 1130 ο
1849 1081 2052 1152 Impio—

454 1175 584 1216 rum
611 1177 744 1232 ergo
764 1167 852 1217 est
872 1163 1169 1236 desperare
1197 1167 1436 1221 salutem
1454 1172 1511 1221 et
1530 1175 1906 1236 contemnere,
1921 1185 2050 1224 cum

455 1248 517 1304 in
542 1250 883 1323 profundum
909 1253 1189 1309 malorum
1228 1256 1484 1311 venerint
1521 1263 1896 1329 peccatorum.
1934 1259 2050 1314 Im-

455 1337 637 1410 pietas
665 1340 818 1396 enim
845 1357 960 1396 non
987 1342 1122 1398 sinit
1156 1360 1252 1398 eos
1281 1345 1350 1398 ad
1403 1345 1700 1401 Dominum
1751 1346 2047 1418 respicere,

457 1432 516 1483 et
532 1427 666 1484 illuc
679 1429 864 1484 redire
883 1431 1030 1486 unde
1042 1432 1258 1503 delapsi
1282 1440 1435 1488 sunt.
1468 1435 1584 1489 Ista
1609 1452 1742 1506 ergo
1764 1435 2048 1507 cogitatio,

454 1532 579 1589 quae
608 1534 766 1589 spem
795 1519 1172 1576 conversionis
1209 1521 1463 1589 abscidit,
1505 1522 1576 1577 ab
1613 1523 1900 1595 impietate
1953 1525 2052 1579 de-

455 1606 692 1671 scendit,
725 1612 782 1662 et
805 1607 951 1662 sicut
978 1609 1120 1680 lapis
1133 1610 1498 1680 gravissimus
1519 1612 1823 1668 cervicibus
1851 1613 2054 1668 animae

2133 546 2372 601 senserit
2397 545 2673 612 inimicus,
2707 551 2764 600 et
2786 544 2988 600 viderit
3004 562 3106 600 nos
3126 553 3466 618 peccatorum
3492 556 3677 606 nostro-

2133 650 2262 688 rum
2291 634 2712 690 multitudinem
2727 635 3234 705 perhorrescentes,
3255 635 3680 708 increpationibus

2133 723 2305 778 etiam
2328 723 2506 794 ipsius
2535 723 2890 778 conscientiae
2921 723 3214 785 deterreri,
3249 723 3454 780 accedit
3473 731 3526 780 et
3565 727 3678 798 ipse,

2133 816 2191 866 et
2233 811 2600 882 cogitationes
2637 810 2798 866 nobis
2847 810 3074 884 subjicit
3118 811 3445 885 desperandi
3493 814 3681 886 plumbo

2132 900 2287 955 omni
2315 905 2374 956 et
2398 900 2552 955 omni
2579 916 2752 956 arena
2775 899 3080 970 graviores,
3103 917 3244 972 quas
3263 901 3311 956 si
3331 903 3678 974 receperimus,

2131 1005 2358 1044 necesse
2387 994 2474 1044 est
2493 1005 2595 1044 nos
2613 990 2808 1044 statim
2828 989 3073 1061 pondere
3101 989 3224 1062 ipso
3253 989 3498 1062 abruptis
3519 991 3682 1046 salutis

2133 1081 2338 1134 nostra;
2365 1078 2690 1134 retinaculis
2713 1079 2775 1132 in
2790 1077 3128 1150 profundum
3150 1078 3400 1150 demergi
3425 1080 3681 1150 malorum,

2133 1167 2338 1224 scimus
2365 1167 2516 1222 enim
2546 1167 2735 1239 plures
2751 1173 2810 1222 et
2833 1183 2900 1222 ex
2929 1167 3134 1222 nostris
3148 1167 3504 1240 temporibus,
3530 1173 3683 1224 etme-

2133 1257 2314 1311 moria
2336 1258 2616 1327 majorum
2645 1257 2934 1328 prolapsos
2963 1255 3033 1310 ab
3061 1255 3267 1312 itinere
3301 1263 3467 1324 recto,
3497 1264 3548 1313 et
3568 1275 3683 1330 pra:-

2134 1344 2393 1416 cipitatos
2424 1344 2494 1399 ab
2525 1345 2784 1416 ingressu
2821 1344 2922 1398 vise
2951 1350 3224 1415 angustae,
3260 1345 3343 1399 ita
3367 1361 3548 1400 rursus
3584 1362 3684 1400 esse

2134 1438 2444 1505 reparatas,
2477 1438 2542 1489 ut
2568 1433 2971 1505 posterioribus
2991 1433 3182 1506 priora
3198 1433 3534 1500 transierint,
3547 1441 3685 1506 atque

2135 1522 2207 1577 ad
2236 1523 2483 1596 palmam
2532 1523 2908 1594 pervenerint,
2953 1527 3012 1578 et
3052 1539 3338 1586 coronam,
3388 1538 3687 1594 numeroque

2135 1627 2332 1667 rursus
2358 1628 2423 1666 ac
2450 1611 2620 1666 choro
2649 1611 2842 1684 scripti
2871 1611 3183 1666 creduntur
3215 1628 3340 1666 esse
3381 1617 3681 1679 sanctorum,

454 1691 800 1762 incumbens,
834 1713 1055 1768 semper
1083 1715 1228 1766 eam,
1261 1701 1411 1770 cogit
1447 1701 1710 1756 deorsum
1742 1703 1801 1757 in
1841 1695 2050 1758 terram
2067 1695 2114 1754 B
2135 1701 2234 1755 sed
2261 1701 2438 1755 donec
2465 1700 2590 1772 quis
2620 1706 2914 1772 permanet
2949 1701 3009 1755 in
3047 1701 3172 1772 ipsa
3199 1699 3384 1756 adhuc
3411 1701 3616 1755 ﬂamma
3635 1716 3686 1755 ac

455 1782 724 1854 aspicere,
758 1785 830 1838 ad
859 1785 1160 1841 Dominum
1191 1805 1321 1843 vero
1357 1806 1526 1844 suum
1555 1807 1668 1846 non
1700 1791 1839 1846 sinit
1865 1792 2054 1848 oculos

455 1871 728 1941 allevare;
762 1874 860 1928 sed
903 1875 1076 1929 virilis
1105 1876 1281 1930 animi
1313 1883 1399 1932 est
1436 1885 1494 1933 et
1521 1880 1800 1951 praeclarae
1849 1881 2052 1936 mentis

455 1960 697 2032 dejicere
719 1978 754 2016 a
781 1963 1084 2018 cervicibus
1113 1965 1312 2020 animae
1342 1983 1456 2022 suae
1485 1969 1703 2040 pondus
1731 1969 2051 2024 inimicissi-

456 2067 633 2118 mum,
666 2051 779 2106 imo
819 2052 1228 2124 deprimentem
1265 2072 1324 2110 se
1361 2056 1600 2128 abjicexe
1640 2057 1944 2125 diabolum,
1995 2066 2053 2114 et

452 2139 734 2212 imperare
760 2141 964 2197 animae
992 2159 1127 2210 suae,
1160 2149 1226 2198 ut
1261 2161 1466 2200 canens
1507 2146 1678 2202 verba
1723 2149 2053 2220 prophetica

453 2229 605 2285 dicat
629 2230 702 2284 ad
728 2231 1028 2286 Dominum
1052 2250 1064 2286 :
1102 2253 1132 2286 α
1163 2233 1318 2289 Sicut
1349 2235 1494 2290 oculi
1525 2253 1812 2290 servorum
1841 2236 1900 2291 in
1925 2255 2050 2292 ma-

453 2317 620 2375 nibus
632 2319 990 2390 dominorum
1012 2338 1264 2390 suorum,
1293 2323 1440 2378 sicut
1458 2325 1606 2380 oculi
1630 2325 1913 2381 ancillaein
1927 2343 2050 2381 ma-

454 2407 619 2464 nibus
647 2409 887 2465 dominae
915 2427 1051 2478 suae,
1085 2410 1166 2466 ita
1212 2413 1357 2467 oculi
1403 2414 1581 2468 nostri
1631 2415 1702 2469 ad
1749 2415 2050 2470 Dominum

453 2497 633 2553 Deum
661 2504 936 2566 nostrum,
968 2500 1146 2555 donec
1173 2501 1510 2557 misereatur
1555 2502 1736 2558 nobis.
1785 2505 2050 2560 Miserere

452 2585 632 2655 nobis,
655 2587 912 2656 Domine,
933 2589 1201 2645 miserere
1222 2590 1400 2658 nobis,
1427 2591 1562 2663 quia
1579 2593 1821 2648 multum
1849 2595 2048 2666 repleti

449 2693 647 2732 sumus
674 2677 1028 2748 despectione
1052 2681 1216 2747 (Psal.
1250 2697 1408 2746 cxxn,
1439 2679 1516 2750 ‘2).
1555 2700 1581 2734 ν
1615 2682 1891 2738 Praeclara
1916 2700 2047 2738 vero

451 2764 512 2820 in
540 2764 628 2819 his
652 2765 836 2820 verbis
865 2771 923 2821 et
947 2767 1187 2822 caelestis
1216 2769 1584 2840 philosOphiae
1626 2771 1883 2826 doctrina
1921 2777 2041 2827 est:

2133 1789 2358 1844 fornace
2367 1789 2758 1857 libidinis,th
2769 1789 2818 1844 ei
2841 1789 3212 1861 impossibilia
3220 1789 3685 1855 videntur,etiamsi

2135 1878 2288 1933 mille
2309 1883 2641 1950 provocetur
2667 1879 2966 1950 exemplis;
2999 1879 3047 1932 si
3079 1895 3212 1932 vero
3241 1879 3468 1950 coeperit
3492 1878 3598 1932 ﬁeri
3621 1878 3686 1931 vel

2133 1984 2306 2040 parva
2333 1967 2638 2036 conversio,
2668 1971 2726 2022 et
2749 1967 2973 2022 initium
3001 1967 3224 2022 dederit
3249 1967 3547 2038 repetendi,
3575 1982 3688 2038 pau-

2132 2056 2294 2112 latim
2313 2057 2638 2128 procedens,
2661 2062 2719 2111 et
2730 2056 2799 2111 ad
2823 2056 3114 2128 superiora
3131 2056 3383 2111 referens
3401 2055 3597 2128 pedem,
3617 2056 3692 2110 illa

2133 2145 2358 2217 quidem
2388 2161 2512 2217 quae
2541 2145 2922 2200 vehementior
2950 2151 3073 2200 erat
3100 2145 3331 2200 ﬂamma
3362 2148 3482 2217 post
3507 2148 3694 2216 tergum

2135 2233 2468 2301 remanebit,
2502 2239 2633 2289 ante
2662 2235 2834 2306 pedes
2862 2251 2993 2289 vero
3020 2239 3236 2306 quanto
3263 2235 3446 2288 acrius
3500 2233 3693 2304 ceperit

2135 2323 2415 2390 incedere,
2434 2328 2594 2379 tanto
2611 2323 2804 2378 omnia
2819 2323 3066 2378 inveniet
3079 2323 3256 2378 divini
3276 2323 3555 2394 cujusdam
3575 2321 3690 2376 roris

2135 2413 2319 2484 sopita
2347 2411 2655 2484 refrigerio,
2687 2417 2911 2467 tantum
2938 2418 3025 2466 est
3053 2417 3118 2466 ut
3143 2428 3326 2468 unum
3355 2412 3496 2484 quod
3531 2411 3690 2484 preci-

2131 2517 2240 2573 pue
2268 2501 2561 2558 inimicum
2599 2505 2686 2556 est
2722 2501 2892 2556 saluti
2917 2501 3050 2556 huic
3075 2517 3391 2556 caveamus.

2211 2591 2242 2615 Ι
2274 2637 2404 2690 Car.
2427 2635 2564 2690 V.—
2592 2637 2772 2704 Quam
2795 2637 3107 2704 periculosa
3134 2637 3212 2690 sit
3245 2635 3558 2705 desperatio.

2201 2769 2432 2824 Inimica
2456 2773 2543 2824 est
2570 2775 2760 2824 autem
2785 2769 3134 2824 conversioni
3163 2775 3224 2824 et
3251 2767 3577 2841 poenitentiae
3601 2765 3681 2820 de.

454 2871 482 2907 «
515 2853 752 2926 Repleti,
784 2855 987 2926 inquit,
1011 2872 1206 2912 sumus
1221 2857 1597 2929 despectione,
1629 2879 1652 2911 ι
1679 2860 1880 2915 hocest
1899 2862 2047 2932 quod
2129 2859 2392 2930 speratio,
2417 2875 2538 2930 quae
2559 2859 2606 2912 si
2626 2858 2896 2913 insederit
2915 2858 3110 2926 menti,
3136 2863 3612 2929 quantumcunque
3626 2855 3688 2908 sit

451 2943 650 3000 docere
677 2959 780 2998 nos
811 2944 1002 3013 voluit,
1033 2945 1166 3015 quia
1195 2946 1299 3001 etsi
1329 2965 1430 3018 pro
1445 2955 1800 3019 peccatorum
1825 2955 2047 3005 nostro-
2075 3017 2105 3019 _
2130 2948 2328 3003 salutis
2355 2947 2716 3014 desiderium,
2732 2947 2986 3018 quamvis
3011 2947 3229 3018 grande
3251 2947 3326 3002 sit
3341 2944 3684 3015 salvandipro-

451 3048 578 3088 rum
607 3031 966 3087 multitudine
1007 3035 1205 3105 repleti
1243 3017 1464 3090 sumus—
1483 3037 1838 3108 despectione
1877 3017 2107 3110 atqueC
2129 3037 2394 3108 positum,
2449 3017 2838 3108 desperatione
2893 3017 3243 3102 occurrente,
3290 3035 3468 3090 omnis
3526 3032 3688 3088 salutis

451 3121 765 3196 opprobriis
793 3121 975 3194 operti
1001 3139 1215 3190 sumus,
1241 3125 1385 3178 oculi
1415 3125 1593 3179 nostri
1621 3131 1812 3182 tamen
1841 3127 1913 3182 ad
1943 3129 2050 3183 Do—
2129 3125 2317 3180 aditus
2347 3123 2700 3180 obstruetur:
2732 3124 3028 3194 interjecta
3053 3124 3206 3178 enim
3252 3123 3577 3196 paenitentis:
3601 3120 3686 3185 via,

451 3210 668 3266 minum
688 3211 869 3266 Deum
898 3216 1152 3266 nostrum
1176 3212 1352 3267 donec
1371 3213 1708 3269 misereatur
1731 3214 1910 3282 nobis,
1944 3233 2048 3271 nec
2127 3214 2408 3270 clauditur
2464 3213 2678 3286 pariter
2729 3213 2926 3284 agonia
2979 3213 3288 3284 ingressus,
3337 3218 3394 3268 et
3447 3209 3684 3284 quomodo

450 3299 607 3372 prius
641 3298 710 3355 ab
753 3298 1136 3354 obsecratione
1179 3317 1481 3370 cessemus,
1525 3319 1693 3374 quam
1741 3304 2046 3376 impetrare
2121 3305 2243 3374 jam
2268 3303 2476 3375 poterit
2503 3302 2597 3374 qui
2625 3307 2784 3356 extra
2810 3301 2958 3356 viam
2990 3307 3078 3356 est
3105 3306 3164 3356 et
3191 3302 3287 3356 cui
3317 3301 3516 3356 ostium
3561 3299 3686 3352 clau-

449 3393 803 3462 peccatorum
823 3393 1144 3444 nostrorum
1166 3390 1386 3445 veniam
1411 3407 1748 3447 mereamur.
1763 3394 1880 3449 Hoc
1892 3395 2042 3450 enim

449 3495 578 3534 vere
597 3483 684 3533 est
701 3477 1008 3534 constantis
1037 3478 1241 3534 animae
1271 3485 1330 3534 et
1371 3481 1690 3552 pertinacis,
1732 3487 1798 3536 ut
1832 3500 2046 3555 nequa-

451 3584 620 3640 quam
647 3567 954 3639 repellatur
973 3583 1007 3622 a
1036 3569 1452 3640 perseverantia
1481 3570 1818 3643 deposcendi
1847 3573 2046 3644 despe-

449 3657 666 3713 ratione
697 3657 1059 3729 impetrandi,
1091 3657 1191 3712 sed
1219 3665 1539 3730 perseveret
1573 3676 1640 3714 ac
1683 3661 1951 3732 persistat
1986 3662 2046 3718 in

447 3745 705 3820 precibus
734 3745 911 3802 donec
941 3746 992 3800 ei
1019 3745 1356 3802 misereatur
1381 3749 1552 3816 Deus,
1577 3754 1634 3804 et
1644 3766 1715 3804 ne
1734 3750 1878 3806 forte
1902 3751 2048 3806 arbi-

447 3835 617 3892 treris
636 3841 693 3891 te
711 3836 980 3890 offensam
995 3836 1177 3907 magis
1199 3837 1528 3893 contrahere
1550 3839 1696 3909 apud
1719 3839 2043 3908 Dominum,

448 3924 497 3980 si
523 3941 653 3980 cum
678 3941 790 3980 non
819 3925 1089 3980 merearis
1110 3925 1294 3980 audiri
1308 3925 1684 3998 importunius
1706 3928 1976 4000 persistas
1987 3929 2046 3984 in

445 4014 722 4087 precibus,
757 4015 1050 4070 recordare
1077 4015 1361 4085 Evangelii
1392 4015 1738 4087 parabolam,
1771 4022 1829 4072 et
1857 4017 1934 4072 ibi
1964 4017 2046 4072 in-

445 4103 636 4160 venies
655 4103 804 4175 quod
825 4107 1248 4175 perseverantes
1277 4107 1334 4157 et
1351 4103 1704 4176 importunos
1724 4111 2044 4176 precatores

445 4192 719 4250 Dominus
747 4208 860 4246 non
880 4191 984 4245 sibi
1016 4191 1263 4246 ostendit
1293 4192 1562 4263 ingratos,
1593 4193 1674 4248 ait
1702 4193 1882 4249 enim:
1921 4215 1946 4248 α
1979 4196 2047 4250 Et

2126 3391 2281 3447 ditur
2307 3391 2440 3446 boni
2460 3391 2670 3463 aliquid
2691 3390 2878 3462 operis
2913 3390 3174 3461 implere,
3199 3407 3331 3446 cum
3357 3390 3426 3444 ad
3451 3388 3684 3443 bonorum

2127 3497 2241 3535 non
2255 3481 2444 3536 veniat
2453 3481 2768 3552 ingressum
2777 3520 2791 3546 ,
2804 3479 3196 3551 desperatione
3207 3477 3566 3550 prohibente?
3580 3477 3687 3530 Pro-

2127 3575 2254 3642 pter
2277 3569 2381 3624 hoc
2409 3574 2466 3624 et
2483 3567 2738 3623 diabolus
2767 3567 3026 3623 omnibus
3055 3567 3239 3622 modis
3269 3567 3494 3622 molitur
3519 3565 3684 3635 hujus-

2127 3659 2280 3713 modi
2307 3658 2674 3729 cogitationes
2702 3657 2956 3728 plantare
2984 3656 3045 3710 in
3090 3655 3355 3711 cordibus
3391 3652 3610 3718 nostris;
3647 3649 3682 3704 si

2129 3747 2281 3803 enim
2310 3764 2412 3802 nos
2441 3745 2850 3818 desperationis
2888 3751 3072 3800 metus
3102 3745 3295 3816 procul
3327 3761 3362 3798 a
3387 3743 3474 3798 via
3499 3739 3684 3796 virtutis

2129 3835 2394 3902 effecerit,
2425 3836 2644 3890 nullum
2673 3835 2724 3890 ei
2764 3834 3060 3888 adversum
3091 3849 3194 3888 nos
3246 3839 3523 3888 certamen
3564 3829 3687 3883 ultra

2127 3923 2460 3991 remanebit,
2495 3940 2662 3996 quem
2693 3923 2844 3978 enim
2873 3923 3170 3994 impugnet
3195 3938 3326 3976 cum
3356 3921 3534 3976 nullus
3561 3915 3684 3973 obsi-

2127 4014 2282 4068 stat?
2309 4013 2356 4068 si
2371 4013 2496 4086 quis
2515 4018 2703 4068 autem
2723 4011 2872 4066 istud
2893 4011 3171 4066 resolvere
3190 4011 3397 4082 poterit
3416 4007 3680 4068 vinculum,

2125 4102 2389 4158 continuo
2418 4102 2562 4156 vires
2589 4118 2704 4157 suae
2731 4101 2972 4156 redeunt
2989 4100 3059 4154 ad
3089 4116 3240 4166 eum,
3263 4097 3540 4154 incalescit
3555 4094 3685 4165 vigor

2127 4191 2321 4258 animi,
2347 4190 2790 4246 delectabiturin
2815 4189 2934 4246 suis
2961 4189 3274 4245 certamina
3295 4204 3485 4243 rursus
3507 4185 3686 4239 instau-

446 4281 494 4338 si
523 4297 639 4337 non
665 4279 823 4336 dabit
849 4284 1079 4352 propter
1108 4280 1432 4346 amicitiam,
1463 4288 1657 4337 tamen
1687 4289 1917 4356 prOpter
1944 4284 2046 4338 im-
2063 4329 2110 4356 η
2127 4298 2254 4336 rare
2283 4298 2296 4335 :
2325 4279 2536 4336 videbit
2565 4279 2715 4334 enim
2745 4277 3004 4350 refugare
3025 4294 3153 4332 eum
3183 4294 3242 4332 se
3265 4293 3430 4349 quem
3447 4271 3681 4345 fugiebat,

445 4369 850 4444 portunitatem
879 4370 1003 4441 ejus
1029 4375 1242 4440 surget,
1276 4375 1334 4424 et
1351 4369 1508 4426 dabit
1527 4371 1579 4425 ei
1607 4377 1880 4443 quantum
1906 4389 2046 4445 cpus

447 4459 634 4514 habet.
671 4479 698 4514 »
727 4458 984 4531 Intellige
1014 4475 1168 4530 ergo,
1201 4459 1546 4527 charissime,
1581 4460 1713 4532 quia
1748 4466 2046 4533 propterea

447 4547 702 4604 diabolus
712 4548 1160 4620 desperationem
1189 4548 1414 4620 subjicit
1433 4549 1790 4622 impetrandi,
1814 4555 2046 4622 utspem

448 4635 609 4692 nobis
629 4635 733 4690 Dei
761 4635 1028 4692 bonitatis
1055 4637 1362 4704 abscindat,
1398 4655 1522 4710 quae
1569 4643 1655 4692 est
1697 4638 1894 4694 salutis
1941 4655 2046 4694 no-

444 4729 548 4781 tae
593 4724 855 4792 anchora,
912 4730 970 4780 et
1013 4726 1139 4782 vitae
1187 4732 1391 4781 nostra:
1435 4727 1880 4794 fundamentum,
1935 4727 2046 4783 dux

445 4813 686 4881 itineris,
719 4830 830 4886 quo
858 4813 974 4869 itur
999 4815 1069 4869 ad
1099 4816 1320 4884 ccelum,
1353 4815 1595 4888 denique
1621 4817 2040 4888 Apostolusait:

447 4921 478 4956 «ι
511 4903 622 4976 Spe
650 4907 839 4958 autem
865 4903 1001 4958 salvi
1020 4903 1150 4960 facti
1175 4920 1370 4959 sumus
1387 4906 1558 4972 (Rom.
1593 4922 1707 4972 VIII,
1728 4903 1842 4974 24),
1867 4923 1894 4958 ν
1918 4922 2046 4978 spes

447 5009 581 5066 ergo
601 4998 705 5060 est,
727 4991 788 5047 in
811 5008 923 5064 qua
945 4993 1096 5048 salus
1116 4999 1312 5048 nostra
1329 4993 1605 5060 consistit,
1625 4999 1684 5048 et
1695 5011 1817 5066 quae
1837 4994 1906 5050 de
1927 4999 2044 5050 ter-

445 5082 526 5139 ris
549 5083 770 5138 animas
796 5082 950 5137 velut
978 5081 1312 5154 quibusdam
1351 5083 1563 5138 catenis
1591 5083 1809 5138 caelitus
1833 5084 2044 5157 depen-

447 5171 708 5230 dentibus
738 5173 971 5227 innexas
998 5171 1105 5226 sibi
1133 5171 1320 5226 evehit
1345 5173 1417 5227 ad
1441 5189 1704 5245 superna,
1744 5177 1802 5227 et
1825 5178 2047 5228 revocat

2063 4329 2111 4388 ι)

2127 4376 2184 4425 et
2211 4369 2472 4442 persequi
2498 4373 2924 4440 persequentem
2951 4385 2964 4435 ;
2999 4367 3147 4438 quod
3177 4371 3235 4422 et
3262 4366 3310 4421 si
3339 4366 3494 4431 forte,
3544 4366 3601 4416 ut
3635 4373 3683 4412 se

2127 4459 2370 4514 conditio
2391 4458 2562 4513 habet
2589 4457 2802 4528 agonis,
2836 4473 3062 4512 rursum
3083 4455 3293 4510 labitur
3318 4460 3382 4510 ut
3407 4453 3572 4518 cadat,
3585 4462 3679 4503 non

2126 4547 2391 4604 continuo
2419 4548 2610 4619 lapsus
2633 4547 2721 4602 sui
2749 4546 2962 4619 pudore
2991 4545 3289 4616 desperare
3312 4544 3505 4598 iterum
3522 4537 3676 4601 debet,

2127 4637 2227 4693 sed
2255 4636 2577 4692 meminerit
2603 4637 2747 4690 hanc
2776 4651 2898 4691 esse
2922 4635 3119 4706 agonis
3150 4639 3209 4688 et
3243 4630 3592 4688 certaminum
3611 4625 3678 4678 le-

2126 4742 2275 4798 gem,
2303 4741 2416 4781 non
2443 4730 2510 4780 ut
2535 4741 2824 4797 nunquam
2851 4724 2976 4796 quis
3003 4723 3188 4790 cadat,
3222 4722 3320 4778 sed
3348 4726 3411 4776 ut
3427 4729 3679 4788 nunquam

2129 4815 2254 4887 quis
2281 4814 2479 4869 cedat:
2513 4814 2648 4886 quia
2687 4829 2802 4869 non
2838 4813 2933 4868 ille
2980 4812 3077 4884 qui
3117 4827 3264 4884 saepe
3303 4807 3494 4866 cecidit
3531 4805 3678 4858 victus

2127 4903 2350 4970 dicitur,
2383 4903 2482 4958 sed
2511 4902 2606 4958 ille
2638 4903 2734 4975 qui
2763 4901 2834 4956 ad
2857 4901 3120 4956 ultimum
3150 4893 3572 4967 cessit,namqui
3597 4891 3676 4945 de-

2125 4992 2460 5066 sperationis
2487 4989 2918 5064 cogitationibus
2946 4991 3124 5044 victus
3156 4995 3259 5056 est,
3315 4983 3574 5059 quomodo
3609 4976 3677 5031 vel

2125 5081 2270 5138 vires
2295 5097 2559 5154 reparare
2587 5079 2860 5146 certandi,
2887 5079 2976 5134 vel
2997 5078 3260 5133 resistere
3278 5082 3334 5131 et
3349 5087 3580 5148 pugnare
3603 5082 3677 5154 p9-

2127 5175 2240 5226 test
2261 5153 2390 5225 cum
2417 5170 2616 5240 fugiat,
2631 5185 2734 5224 nec
2748 5167 2979 5224 omnino
2994 5167 3194 5223 redeat
3220 5165 3290 5221 ad
3314 5169 3577 5219 certamen
3591 5157 3613 5209 Ἰ
3626 5153 3680 5208 Et

445 5261 518 5316 ad
547 5262 708 5317 sedes
733 5261 986 5316 caelestes
1015 5277 1110 5316 eos
1151 5261 1246 5333 qui
1279 5259 1387 5316 sibi
1434 5242 1822 5317 vehementius
1867 5261 2044 5318 inhe-
2127 5276 2231 5331 ego
2260 5259 2388 5314 nolo
2418 5258 2552 5331 quia
2577 5263 2642 5313 tu
2670 5263 2834 5330 putes
2863 5257 2999 5329 quia
3024 5257 3094 5312 de
3120 5242 3209 5311 his
3251 5251 3384 5308 mihi
3409 5263 3576 5305 sermo
3615 5242 3674 5333 si!

445 5353 592 5416 rent,
613 5349 985 5421 celsioresque
1010 5367 1105 5405 eos
1124 5330 1250 5406 vitae
1269 5350 1438 5421 hujus
1459 5366 1524 5404 ac
1543 5355 1897 5406 terrenorum
1928 5367 2046 5405 ma-
2125 5330 2349 5404 tantum
2379 5330 2475 5420 qui
2503 5347 2564 5401 in
2590 5346 2782 5418 paucis
2809 5351 2868 5401 et
2885 5344 3096 5400 levibus
3117 5343 3492 5433 peccaverunt,
3513 5333 3597 5433 sed
3615 5330 3670 5384 de

447 5437 630 5492 lorum
657 5437 975 5495 turbinibus
995 5439 1193 5494 reddet
1218 5459 1231 5507 ;
1265 5439 1313 5493 si
1341 5439 1466 5511 quis
1491 5456 1622 5510 ergo
1645 5439 1793 5494 inter
1812 5439 1929 5494 haec
1950 5457 2044 5510 po-
2123 5437 2221 5492 illo
2249 5437 2448 5508 loquor
2477 5435 2574 5508 qui
2602 5433 2860 5524 omnibus
2887 5431 3202 5524 succumbit
3239 5429 3413 5524 malis,
3461 5429 3546 5524 qui
3583 5429 3670 5524 ἱξξι·

445 5525 588 5582 situs
616 5527 926 5582 resolvatur
954 5528 1195 5595 animus,
1219 5533 1278 5583 et
1302 5529 1566 5584 salutaris
1585 5529 1704 5600 spei
1737 5529 2040 5584 anchoram
2125 5525 2397 5582 manitate
2424 5525 2700 5580 scelerum
2730 5523 2874 5578 viam
2901 5523 3008 5577 sibi
3036 5519 3329 5608 excluserit
3524 5507 3664 5608 cf"):
3747 5538 3753 5546 ·

447 5613 700 5671 dimittat
720 5631 752 5670 e
771 5615 1047 5682 manibus,
1074 5616 1298 5672 decidat
1323 5633 1548 5673 necesse
1567 5597 1655 5674 est
1675 5617 1734 5673 in
1755 5617 2038 5691 abyssum,
2125 5631 2272 5683 rum,
2304 5619 2363 5670 et
2389 5630 2502 5670 non
2529 5613 2600 5670 de
2621 5611 2939 5668 inﬁdelibus
2951 5611 3049 5668 sed
3076 5611 3145 5666 de
3166 5606 3411 5666 ﬁdelibus
3437 5598 3597 5662 nam.
3619 5597 3663 5647 et
