3892 6150
181 321 303 380 1309

1367 325 1462 380 DE
1501 323 1704 405 M0130
1741 321 2239 380 PmNITENTm.

3303 323 3332 380 'i
3343 324 3446 384 310

175 463 232 502 ex
256 446 342 502 his
371 447 467 512 qui
496 447 652 519 prius
675 448 945 520 placuerit
976 449 1112 515 Deo,
1135 453 1263 520 post
1300 449 1416 504 haec
1451 453 1641 504 autem
1669 448 1826 509 de-A
1848 448 2100 504 vertendi
2129 448 2414 504 materias.
2451 449 2638 506 Primo
2671 451 2896 523 quidem
2909 469 2974 507 ex
3003 453 3108 508 hoc
3146 451 3268 524 ipso
3297 450 3447 522 quod

173 535 360 591 ciderit
369 537 452 590 vel
466 536 521 590 in
538 536 926 603 adulteria,vel
939 537 994 592 in
1009 555 1202 592 omnes
1216 535 1761 609 impudicitias,quae,

171 625 532 697 utApostolus
552 625 820 698 ait,turpe
836 632 923 680 est
941 627 1112 682 etiam
1131 627 1442 682 dicere.nec
1456 627 1603 686 hunc
1630 643 1764 696 ergo

170 704 282 770 dico
291 715 532 768 salutem
543 715 840 786 desperare
851 714 1071 781 debere,
1079 715 1296 770 etiamsi
1311 716 1378 769 ad
1391 715 1651 774 ultimam
1661 717 1763 770 hu-

166 805 250 875 jus
259 803 414 857 modi
427 803 589 858 malis
599 803 858 859 obsessus
872 821 1048 876 usque
1062 805 1378 877 pervenerit
1387 811 1753 870 senectutem,

170 892 257 948 sed
281 909 410 963 quae
439 892 514 946 sit
555 893 700 947 ratio
747 893 881 948 dicti
929 894 1100 965 hujus
1125 895 1381 949 ausculta
1410 911 1422 948 :
1453 894 1511 949 Si
1537 894 1624 948 ira
1655 894 1757 950 Dei

168 981 439 1054 passibilis
471 987 620 1036 esset
647 982 868 1048 affectu,
915 988 1066 1037 recte
1098 983 1413 1038 diceremus
1435 999 1547 1037 non
1592 999 1757 1055 posse

164 1071 272 1141 jam
303 1069 582 1140 restingui
621 1071 926 1136 ﬂammam,
960 1088 1084 1142 qua;
1111 1075 1198 1126 tot
1221 1087 1285 1126 ac
1309 1071 1481 1125 tantis
1506 1079 1758 1142 peccato-

167 1175 281 1214 rum
306 1156 578 1213 succensa
598 1158 672 1214 sit
690 1159 872 1213 malis.
907 1160 1049 1214 Cum
1064 1177 1193 1214 vero
1215 1159 1615 1232 impassibilem
1638 1176 1760 1214 esse

165 1253 421 1303 naturam
443 1247 705 1302 divinam‘
731 1248 982 1302 definitio
1011 1249 1261 1304 veritatis
1289 1249 1567 1317 ostendat,
1601 1249 1760 1303 intel-

163 1337 331 1408 ligere
361 1335 631 1392 debemus
653 1337 786 1408 quia
824 1337 1047 1392 etiamsi
1101 1339 1266 1409 punit
1315 1339 1483 1405 Deus,
1541 1337 1760 1394 etiamsi

161 1443 351 1498 poenas
379 1427 568 1491 infert,
613 1443 726 1480 non
753 1427 858 1480 hoc
907 1443 1033 1480 cum
1073 1427 1157 1480 ira
1201 1426 1470 1498 passibili,
1503 1428 1600 1482 sed
1632 1443 1760 1481 cum

162 1514 428 1570 ineffabili
461 1515 762 1570 clementia
804 1515 936 1570 facit
979 1516 1256 1570 medentis
1287 1533 1400 1570 non
1431 1516 1762 1588 perimentis

161 1604 382 1669 affectu,
405 1609 464 1658 et
511 1603 636 1658 ideo
666 1603 824 1658 valde
860 1603 1100 1658 libenter
1148 1605 1416 1676 pmnitere
1467 1604 1756 1671 debemus,

1847 537 1898 592 ei
1929 537 1987 591 in
2011 524 2392 608 fornace'ignis
2419 539 2602 595 tribus
2649 541 2840 613 pueris
2875 541 3118 596 sociatus
3161 539 3443 612 apparuit,

1845 633 1967 680 tum
2005 626 2380 698 deinde,quod
2411 629 2680 684 visionem
2718 629 2869 684 videt
2887 630 3041 684 illam
3071 645 3240 700 quam
3267 629 3448 684 inter-

1845 719 2097 786 pretatus
2127 721 2214 770 est
2253 716 2451 770 Daniel
2485 735 2645 788 ;quze
2675 719 2760 772 vel
2807 719 2928 773 sola
2975 717 3231 773 sufﬁcere
3273 717 3446 772 etiam

1842 803 2064 876 lapidea
2083 805 2252 858 corda
2281 805 2520 872 mollire,
2536 807 2634 861 sed
2677 812 2974 878 postquam
2996 805 3162 862 rebus
3183 805 3444 860 admoni-

1837 898 1932 949 tus
1960 898 2063 960 est,
2113 894 2346 948 accessit
2371 893 2542 950 etiam
2573 913 2905 950 sermonum
2936 913 3040 968 per
3092 894 3444 968 prophetiam

1837 983 2177 1048 cohortatio,
2215 983 2429 1056 accepit
2455 984 2607 1038 enim
2637 990 2695 1040 et
2724 985 3010 1057 prophetae
3030 983 3328 1039 consilium
3363 983 3448 1050 di-

1841 1071 2018 1126 centis
2044 1089 2097 1124 :c
2133 1072 2458 1143 Propterea,
2493 1089 2526 1126 ο
2545 1089 2660 1140 rex,
2688 1073 2986 1130 consilium
3015 1089 3208 1128 meum
3229 1073 3447 1144 placeat

1840 1159 1960 1226 tibi,
1987 1166 2044 1215 et
2068 1165 2299 1232 peccata
2325 1165 2425 1216 tua
2437 1162 2808 1234 eleemosynis
2828 1163 3062 1230 redime,
3097 1168 3156 1216 et
3176 1160 3444 1233 iniquita-

1839 1253 1926 1304 tes
1952 1254 2082 1304 tuas
2110 1250 2498 1310 misericordia
2551 1268 2862 1322 pauperum
2886 1270 2898 1306 :
2923 1251 3162 1307 fortasse
3190 1249 3299 1311 elit
3344 1267 3446 1322 pa-

1840 1339 2043 1393 tientia
2064 1338 2194 1393 inde
2220 1339 2362 1394 votis
2415 1340 2530 1394 tuis
2580 1341 2742 1403 (Dan.
2783 1357 2852 1404 ιγ,
2875 1339 2985 1411 24).
3025 1361 3047 1392 ι
3114 1339 3260 1404 Quid
3305 1338 3446 1394 dicis

1841 1427 1913 1482 ad
1939 1427 2074 1494 haec,
2109 1428 2192 1482 vir
2222 1428 2444 1500 sapiens
2470 1434 2541 1494 ,et
2582 1428 2764 1494 beate,
2797 1435 2854 1484 et
2881 1433 3008 1500 post
3035 1433 3224 1484 tantos
3252 1429 3444 1500 lapsus

1841 1515 2022 1571 adhuc
2037 1516 2288 1573 redditus
2303 1522 2406 1583 est,
2425 1517 2563 1572 mihi
2591 1518 2774 1585 crede,
2795 1517 2930 1589 quia
2955 1522 3013 1572 et
3033 1522 3162 1589 post
3185 1515 3444 1588 gravissi-

1843 1622 1995 1660 mam
2005 1606 2418 1676 aegritudinem,
2442 1612 2612 1678 atque
2633 1607 2705 1661 ab
2734 1606 2854 1678 ipso
2887 1623 3029 1678 pene
3058 1606 3256 1660 mortis
3276 1606 3446 1659 conﬁ-

157 1693 502 1766 pmnitentiae
533 1693 686 1747 enim
711 1693 1182 1748 medicamentum
1211 1694 1258 1748 si
1287 1693 1631 1765 praeveniens
1661 1711 1761 1750 cu-
1844 1695 1937 1748 nio
1960 1695 2106 1749 redit
2121 1695 2334 1750 sanitas
2349 1699 2406 1749 et
2441 1701 2570 1766 post
2597 1696 2953 1766 desperatam
2975 1695 3256 1750 insaniam
3279 1693 3445 1748 multi

158 1787 243 1836 ret
262 1781 540 1850 animam,
561 1799 675 1836 non
695 1781 829 1836 facit
846 1799 971 1837 eam
995 1783 1066 1836 ad
1092 1783 1506 1838 medicamenta
1534 1783 1758 1838 iracun-
1775 1767 1825 1828 Β
1847 1783 2198 1855 resipiscunt.
2234 1785 2370 1838 Ecce
2411 1784 2581 1851 enim,
2602 1789 2667 1839 ut
2689 1801 2860 1856 supra
2872 1784 3328 1849 memoravimus,
3347 1799 3446 1838 rex

160 1870 258 1926 die
280 1872 600 1942 pervenire,
625 1887 726 1943 pro
743 1871 831 1925 his
860 1889 982 1942 quae
1013 1871 1296 1926 commisit
1313 1871 1371 1926 in
1401 1873 1600 1927 Deum.
1634 1875 1760 1929 Non

157 1961 402 2027 enim,ut
422 1960 921 2032 diximus,propter
945 1961 1312 2033 semetipsum
1341 1961 1584 2018 vindicat
1611 1964 1761 2019 Deus

156 2048 212 2102 in
232 2054 594 2120 peccatorem
621 2049 780 2120 quasi
811 2049 1085 2104 ulciscens
1109 2049 1374 2121 injuriam
1403 2067 1584 2117 suam,
1619 2053 1763 2107 nihil

155 2137 306 2192 enim
337 2137 457 2192 tale
489 2138 689 2209 recipit
714 2139 773 2192 in
803 2155 862 2192 se
898 2143 1104 2192 natura
1129 2139 1339 2207 divina,
1379 2139 1477 2195 sed
1505 2141 1576 2196 ad
1605 2141 1760 2195 utili-

154 2231 332 2281 tatem
372 2231 648 2293 nostram,
675 2227 807 2281 facit
835 2227 1025 2282 omnia
1052 2244 1154 2299 pro
1199 2228 1443 2282 utilitate
1469 2236 1681 2298 nostra,
1705 2236 1763 2286 et

151 2315 772 2386 correptionesinducit
799 2321 858 2371 et
885 2333 1097 2388 pamas,
1131 2333 1242 2371 non
1293 2323 1352 2372 ut
1381 2335 1441 2372 se
1495 2318 1754 2387 vindicet,

149 2404 248 2458 sed
279 2408 352 2458 ut
373 2420 476 2457 nos
503 2404 792 2473 emendet;
818 2406 962 2477 quod
999 2405 1046 2458 si
1069 2405 1333 2476 persistat
1361 2405 1486 2478 quis
1515 2406 1575 2460 in
1603 2407 1758 2462 duri-

148 2493 246 2559 tia,
295 2492 449 2546 sicut
460 2493 555 2546 ille
567 2493 664 2564 qui
677 2494 882 2548 avertit
895 2495 1084 2549 oculos
1099 2511 1231 2549 suos
1250 2512 1285 2549 a
1312 2496 1454 2562 luce,
1487 2495 1758 2551 damnum

147 2581 389 2652 quidem
410 2581 522 2636 luci
562 2583 783 2636 nullum
823 2583 1032 2650 intulit,
1063 2585 1429 2656 semetipsum
1453 2601 1579 2639 vero
1607 2591 1760 2640 tene-

145 2669 266 2725 bris
297 2672 702 2726 condemnavit
727 2690 738 2724 :
769 2672 849 2726 ita
879 2678 937 2727 et
968 2673 1064 2744 qui
1105 2690 1208 2744 per
1253 2690 1350 2728 cor
1401 2673 1760 2744 impoenitens

142 2765 522 2815 contemnere
553 2777 613 2814 se
626 2761 1064 2832 putatvirtutem
1095 2761 1215 2828 Dei,
1241 2763 1605 2834 semeptisum
1626 2765 1761 2820 alie-

141 2865 288 2904 num
309 2848 489 2904 efﬁcit
514 2865 551 2903 a
577 2849 777 2904 salute.
801 2849 962 2914 Quod
991 2851 1037 2904 si
1059 2851 1310 2906 medicus
1337 2853 1407 2907 ab
1439 2852 1522 2906 his
1550 2855 1646 2924 qui
1673 2856 1760 2910 vel

136 2937 477 3009 pbrenesim
501 2943 816 3009 patiuntur,
846 2940 932 2992 vel
951 2931 1179 2994 ce'rebro
1207 2941 1346 2996 moti
1365 2950 1514 3009 sunt,
1551 2945 1762 3016 patitur

1842 1872 1949 1926 iste
1968 1872 2308 1944 Babylonius
2320 1889 2515 1928 omnes
2526 1875 2647 1944 jam
2679 1872 2786 1927 sibi
2823 1873 3010 1928 aditus
3035 1873 3238 1927 salutis
3265 1873 3446 1926 exclu-

1843 1967 2013 2028 serat,
2054 1978 2156 2033 per
2171 1961 2228 2016 id
2276 1961 2424 2032 quod
2453 1961 2800 2016 exacerbavit
2842 1963 3042 2028 Deum,
3077 1961 3174 2032 qui
3201 1979 3262 2016 se
3289 1959 3441 2027 fecit,
3537 1987 3555 1995 -

1844 2057 1903 2106 et
1929 2051 2000 2106 ad
2027 2051 2250 2122 fastigia
2280 2051 2438 2122 regni
2465 2051 2614 2106 celsa
2627 2049 2904 2122 perduxit,
2937 2050 3035 2122 qui
3071 2049 3178 2105 sibi
3195 2049 3444 2104 ccelestia

1843 2139 2014 2195 etiam
2027 2139 2296 2210 mysteria
2303 2155 2364 2194 re
2371 2137 2689 2210 velavit,qui
2699 2137 3017 2194 futurorum
3033 2153 3254 2208 quoque
3265 2137 3444 2192 scien-

1841 2231 1981 2285 tiam
2010 2229 2166 2283 dedit
2177 2233 2236 2283 et
2249 2227 2408 2298 regni
2435 2228 2610 2282 totius
2648 2243 2854 2282 arcana
2882 2226 3170 2294 reseravit,
3204 2225 3300 2297 qui
3324 2242 3442 2280 ma-

1839 2318 2010 2388 gicas,
2045 2316 2808 2382 astronomicas,Gazarenas,
2833 2315 3277 2386 Chaldaicasque
3303 2331 3442 2386 prae~

1841 2406 2036 2477 stigias
2062 2405 2347 2477 prophetae
2367 2405 2454 2460 sui
2469 2405 2658 2459 divina
2671 2403 3134 2476 interpretatione
3162 2402 3431 2469 confudit,

1841 2500 1900 2550 et
1943 2493 2222 2550 ineffabile
2259 2500 2676 2548 sacramentum
2724 2493 2924 2566 captivi
2949 2493 3108 2564 pueri
3136 2491 3436 2564 sapientis-

1839 2585 1984 2640 sima
2009 2583 2345 2638 discretione
2367 2582 2647 2654 patefecit,
2674 2582 2758 2638 ita
2783 2587 2847 2638 ut
2873 2598 2987 2638 non
3005 2582 3188 2637 solum
3208 2568 3436 2636 credere

1839 2691 2060 2728 summo
2089 2674 2206 2728 Deo
2233 2673 2535 2740 videretur,
2567 2672 2666 2726 sed
2693 2671 2751 2726 in
2781 2671 2934 2726 omni
2963 2671 3098 2726 orbe
3115 2671 3295 2726 Deum
3333 2670 3442 2724 Da-

1841 2763 2002 2818 nielis
2041 2763 2222 2817 Deum
2252 2779 2447 2816 verum
2483 2779 2605 2816 esse
2636 2761 2983 2833 praedicaret,
3015 2765 3074 2814 et
3099 2776 3212 2814 non
3257 2759 3440 2813 solum

1841 2851 2185 2922 huncipsum
2199 2849 2423 2920 negavit
2435 2845 2698 2922 posthaec,
2722 2850 2822 2904 sed
2845 2849 2973 2904 etin
2998 2854 3216 2904 tantam
3247 2863 3442 2903 rursus

1844 2939 2122 2994 insaniam
2141 2940 2434 2994 devolutus
2468 2944 2570 3006 est,
2606 2944 2671 2994 ut
2709 2955 2898 2994 servos
2944 2938 3046 2993 Dei
3074 2937 3171 3009 qui
3201 2953 3314 2992 non
3344 2936 3441 2991 ad-

140 3027 422 3097 injurias,
449 3043 633 3098 neque
671 3027 824 3082 dolet
851 3045 952 3099 pro
1005 3029 1316 3101 hoc,neque
1355 3031 1633 3102 irascitur,
1664 3034 1758 3088 sed
1779 3080 1824 3102 η
1845 3035 2072 3084 orarent
2123 3028 2429 3100 imaginem
2457 3045 2618 3082 suam
2640 3028 2699 3082 in
2744 3028 3027 3082 fornacem
3069 3025 3446 3098 praecipitaret

135 3118 280 3172 facit
303 3117 505 3173 omnia
533 3133 656 3188 qua;
674 3117 933 3172 medendi
968 3118 1110 3173 ratio
1129 3119 1610 3192 deposcit,quibus
1632 3142 1760 3180 cru-

139 3205 291 3260 ciari
339 3206 574 3277 quidem
632 3207 886 3262 videatur
929 3207 1024 3261 ille
1045 3209 1140 3280 qui
1171 3209 1402 3280 patitur.
1437 3212 1610 3268 Porro
1631 3231 1759 3270 cru-

132 3295 337 3351 ciatus
381 3295 500 3366 ipse
555 3313 668 3351 non
717 3296 1162 3367 estinjuriarum
1207 3299 1469 3367 vindicta,
1497 3303 1593 3356 sed
1624 3321 1762 3359 cura

133 3385 756 3456 languentis,denique
784 3386 831 3440 si
860 3403 1095 3457 parvum
1125 3387 1260 3458 quid
1304 3406 1454 3460 aeger
1497 3395 1768 3463 proﬁcere

127 3474 398 3546 coeperit
433 3474 504 3528 ad
536 3475 1004 3541 salutem,statim
1023 3475 1177 3530 vides
1203 3479 1450 3548 gaudere
1462 3483 1767 3558 medicum,

127 3564 334 3618 laetari
351 3579 534 3634 usque
545 3569 602 3618 et
619 3563 861 3618 alacrius
875 3563 1102 3635 exsequi
1119 3565 1394 3638 reliquam
1429 3587 1642 3640 curam,
1665 3593 1770 3632 nec

127 3669 403 3725 usquam
427 3669 656 3723 prorsus
674 3652 1012 3724 injuriarum
1051 3655 1329 3722 meminit,
1365 3659 1462 3712 sed
1483 3661 1678 3717 salutis
1709 3665 1768 3720 in

123 3741 423 3796 omnibus
458 3757 656 3811 gerere
705 3747 1100 3812 prospectum;
1135 3750 1345 3814 quanto
1398 3750 1579 3820 magis
1617 3753 1769 3809 Deus

120 3832 326 3887 etiam
355 3847 488 3888 cum
509 3830 578 3884 ad
597 3830 849 3885 ultimam
861 3831 1141 3886 insaniam
1156 3833 1544 3896 deciderimus.
1564 3857 1675 3898 non
1689 3843 1771 3898 ul-

115 3921 322 3976 tionis
345 3919 572 3985 aﬂ‘ectu,
599 3936 701 3990 pro
743 3920 830 3974 his
860 3937 982 3992 quae
1025 3923 1408 3980 commisimus
1437 3935 1691 3985 movetur
1709 3933 1769 3989 in

114 4027 261 4078 nos,
292 4008 402 4064 sed
419 4007 651 4080 cupiens
671 4009 976 4064 visceribus
1012 4011 1220 4066 nostris
1246 4013 1586 4072 inveteratos
1613 4020 1770 4076 vitio-

111 4115 268 4154 rum
322 4113 530 4151 curare
551 4097 869 4168 languores,
905 4115 1006 4169 pro
1028 4099 1134 4154 hoc
1180 4106 1238 4155 et
1266 4101 1429 4158 docet
1457 4107 1666 4174 omnia,
1710 4116 1768 4165 et

111 4189 283 4259 agit,
309 4185 558 4257 cupidus
584 4186 842 4240 sanitatis
865 4193 1089 4254 nostrae,
1113 4205 1225 4245 non
1255 4207 1432 4261 poenae
1457 4212 1469 4260 ;
1493 4195 1590 4249 sed
1617 4195 1766 4266 quod

105 4275 416 4350 quamvis
442 4275 588 4330 ratio
601 4274 720 4347 ipsa
743 4276 970 4347 pietatis
1009 4277 1352 4334 sufﬁcienter
1375 4283 1654 4353 ostendat,
1674 4291 1763 4340 ta-

1779 3080 1828 3146 ϐ

1844 3119 1992 3190 ignis
2021 3118 2290 3184 ardentis,
2309 3124 2367 3173 et
2413 3123 2604 3172 tamen
2639 3134 2709 3172 ne
2737 3116 2815 3171 ibi
2845 3117 3073 3188 quidem
3095 3132 3242 3171 cura:
3269 3121 3328 3170 et
3349 3130 3443 3170 re-

1842 3207 2012 3262 medii
2033 3209 2156 3279 ejus
2185 3207 2527 3262 obliviscitur
2554 3205 2742 3261 divina
2763 3205 3072 3272 miseratio,
3098 3205 3198 3260 sed
3219 3204 3280 3258 in
3299 3205 3438 3276 ipso,

1843 3303 1907 3352 ut
1926 3296 2340 3368 diximus,ignis
2361 3294 2666 3361 medio,ubi
2689 3295 2934 3349 ﬂammis
2964 3293 3276 3349 tradiderat
3306 3310 3444 3365 pue-

1850 3403 1942 3441 ros
1969 3387 2150 3441 Deum
2188 3386 2451 3450 colentes,
2487 3385 2656 3462 etiam
2702 3383 2780 3438 ibi
2809 3400 2940 3438 eum
2970 3399 3084 3438 non
3111 3381 3441 3447 terroribus,

1850 3475 1948 3530 sed
1974 3472 2325 3528 mirabilibus
2345 3473 2585 3543 mitigat,
2619 3475 2882 3542 potuerat
2907 3470 3060 3525 enim
3071 3475 3130 3525 et
3143 3470 3332 3540 ignem
3361 3485 3447 3525 re-

1848 3564 2155 3634 stinguere,
2190 3568 2248 3616 et
2267 3561 2476 3615 imbres
2495 3559 2712 3614 cwlitus
2739 3559 3033 3625 inundare,
3055 3558 3154 3613 sed
3184 3559 3288 3613 hoc
3331 3573 3445 3614 non

1849 3653 1981 3707 facit
2010 3668 2080 3706 ne
2100 3651 2226 3723 plus
2255 3649 2525 3704 accendat
2561 3648 2861 3714 insaniam,
2910 3647 3008 3703 sed
3033 3645 3310 3718 permittit
3364 3645 3447 3701 in-

1848 3745 2070 3796 tentum
2100 3738 2426 3810 exaggerari
2449 3739 2756 3803 ﬂammam,
2783 3742 3059 3808 quantum
3077 3735 3316 3790 furentis
3344 3734 3445 3790 de-

1851 3829 2137 3885 siderabat
2156 3827 2497 3893 immanitas,
2512 3831 2570 3881 et
2589 3842 2701 3880 non
2719 3827 2899 3880 solum
2919 3824 3112 3880 inferri
3127 3840 3320 3896 poenas
3334 3839 3445 3878 non

1850 3919 2130 3992 prohibet,
2149 3918 2249 3972 sed
2275 3916 2450 3971 illatis
2471 3920 2807 3988 potestatem
2823 3914 3050 3986 perimit
3077 3912 3448 3980 cruciandi,et

1852 4028 1923 4066 ne
1936 4009 2062 4081 quis
2076 4009 2269 4062 videns
2278 4022 2392 4062 non
2402 4005 2491 4060 uri
2507 4010 2962 4076 pueros,putaret
2975 4005 3312 4076 phantasma
3323 4018 3444 4057 esse

1853 4101 2130 4164 ﬂammas,
2153 4095 2413 4168 permisit
2469 4093 2625 4150 exuri
2674 4110 2968 4166 pcenarum
3011 4093 3318 4159 ministros,
3350 4108 3446 4147 eos

1845 4189 2057 4245 scilicet
2084 4187 2180 4259 qui
2209 4185 2356 4241 circa
2402 4185 2683 4240 fornacem
2721 4183 2968 4250 stabant,
3018 4188 3082 4238 ut
3127 4181 3450 4238 ostenderet

1846 4277 1981 4350 quia
2005 4293 2135 4332 vere
2162 4275 2310 4347 ignis
2336 4279 2476 4343 erat,
2509 4273 2606 4346 qui
2634 4272 2956 4340 videbatur;
2980 4272 3077 4327 sed
3107 4277 3231 4327 erat
3247 4287 3448 4342 praece-

101 4383 270 4420 men
307 4380 385 4418 ne
397 4363 584 4418 tibide
594 4364 918 4435 hujusmodi
933 4367 1215 4422 sententia
1232 4369 1508 4426 dubitatio
1539 4373 1655 4427 ulla
1679 4373 1764 4428 vi-
1781 4399 1829 4457 D
1848 4373 2008 4440 ptum
2037 4365 2260 4420 Domini
2275 4363 2422 4436 ignis
2441 4363 2646 4418 virtute
2666 4362 2922 4429 validius,
2937 4377 3102 4416 omne
3114 4360 3266 4415 enim
3296 4359 3440 4457 quod

95 4456 376 4518 deatur,
410 4469 714 4523 possumus
736 4453 855 4508 haec
883 4454 1053 4509 etiam
1078 4473 1144 4511 ex
1189 4456 1389 4513 divinis
1435 4459 1759 4532 Scripturis,

97 4543 292 4616 quod
325 4542 411 4596 ita
433 4559 494 4596 se
523 4541 768 4596 habeant
785 4542 1036 4598 edocere.

183 4689 358 4744 ΟΑΡ.
381 4685 898 4740 VI.—Testimom‘a
929 4685 1233 4754 Scriptum
1250 4705 1419 4745 sacra
1446 4695 1494 4744 et
1525 4695 1770 4762 exempla

546 4776 940 4842 paenitentiam
968 4775 1096 4828 inde
1119 4780 1364 4844 prolata.

177 4901 325 4958 Dic
351 4897 508 4952 enim
537 4897 675 4952 mihi
711 4897 844 4969 quid
883 4899 1207 4954 sceleratius
1233 4900 1340 4956 fuit
1358 4919 1489 4974 rege
1523 4903 1756 4977 Babylo-

76 4992 254 5056 nia,
321 4987 422 5057 qui
441 5002 570 5040 cum
587 4986 644 5040 in
656 4987 864 5040 multos
881 4992 1142 5058 expertus
1155 4995 1304 5044 esset
1320 4992 1627 5062 potentiam
1651 4993 1748 5048 Do-

75 5078 300 5144 mini,
326 5075 411 5130 ita
437 5080 503 5129 ut
545 5077 874 5148 prOphetam
905 5078 1028 5148 ejus
1057 5079 1334 5147 adoraret,
1370 5085 1427 5134 et
1443 5080 1671 5152 juberet
1706 5082 1757 5136 ei

73 5171 261 5227 thus
305 5169 370 5219 et
400 5164 690 5236 myrrham
724 5165 1022 5222 immolari.
1076 5184 1270 5222 rursus
1298 5175 1489 5224 tamen
1511 5171 1582 5224 ad
1612 5171 1758 5242 prio-

1847 4463 1951 4523 est,
1973 4454 2287 4510 necessario
2327 4453 2635 4506 famulatur
2663 4451 2715 4506 ei
2767 4469 2800 4506 a
2829 4466 2938 4522 quo
2964 4455 3028 4505 ut
3055 4454 3203 4504 esset
3231 4447 3447 4519 accepit

1845 4545 2142 4616 originem,
2177 4541 2408 4613 suscipit
2421 4541 2567 4610 ignis
2579 4556 2713 4611 ergo
2729 4539 2823 4594 ille
2843 4553 3080 4610 corpora
3097 4541 3440 4603 sanctorum,

1853 4639 1910 4689 et
1938 4635 2214 4705 praecepto
2242 4647 2308 4684 ac
2324 4629 2609 4685 voluntate
2646 4628 2749 4683 Dei
2793 4631 3010 4682 natura;
3038 4642 3150 4697 qua
3168 4625 3285 4680 urit
3301 4623 3444 4680 obli-

1850 4727 1962 4789 tus,
1987 4722 2167 4776 solam
2190 4720 2312 4790 ejus
2351 4723 2574 4790 partem
2595 4734 2706 4789 qua
2727 4716 3012 4772 illummat
3045 4719 3310 4787 operatus
3337 4717 3441 4780 est,

1851 4812 1933 4866 ita
1967 4816 2032 4866 ut
2075 4814 2298 4864 sanctos
2337 4825 2402 4864 ac
2431 4807 2628 4862 fideles
2657 4805 2939 4878 depositos
2993 4821 3106 4860 non
3153 4807 3446 4875 corruptos

1836 4900 2114 4966 redderet,
2145 4899 2244 4953 sed
2274 4885 2616 4964 illustratos;
2645 4899 3039 4967 processerunt
3065 4893 3218 4949 enim
3245 4892 3314 4947 de
3331 4891 3446 4948 for-

1837 5006 1975 5044 nace
1995 4988 2140 5059 ignis
2154 4991 2426 5058 tanquam
2451 4985 2520 5040 de
2550 4985 2682 5040 aula
2696 4983 2871 5054 regali
2919 4981 3160 5038 mirandi
3187 4979 3446 5035 omnibus

1839 5084 1897 5134 et
1915 5077 2176 5133 omnibus
2193 5073 2521 5140 venerandi;
2543 5078 2678 5129 tunc
2707 5073 2896 5128 nullus
2927 5071 3116 5126 oculos
3131 5086 3262 5125 suos
3279 5069 3350 5123 ad
3361 5084 3447 5122 re-

1837 5184 1968 5238 gem
2005 5165 2296 5232 convertit,
2328 5167 2661 5236 purpura'et
2689 5161 3008 5216 diademate
3051 5159 3442 5227 refulgentem,

71 5275 248 5316 rem
280 5253 570 5308 adversus
597 5254 776 5308 Deum
806 5254 1127 5326 superbiam
1141 5257 1435 5313 devolutus
1463 5265 1566 5324 est,
1588 5265 1646 5314 et
1663 5277 1758 5315 eos
1841 5256 1939 5312 sed
1961 5255 2190 5310 relictus
2219 5259 2305 5309 est
2333 5270 2368 5307 a
2397 5251 2611 5308 cunctis
2637 5256 2907 5322 tanquam
2929 5249 2978 5304 si
3010 5263 3121 5303 non
3142 5243 3448 5316 esset,quia

71 5348 210 5422 qui
242 5343 584 5414 imaginem
631 5345 754 5414 ejus
800 5343 1035 5398 adorare
1061 5345 1382 5413 noluerunt,
1406 5347 1763 5419 praeferentes
1848 5345 2102 5400 omnium
2131 5343 2192 5398 in
2206 5359 2266 5398 se
2304 5341 2589 5396 mirabiles
2613 5339 2773 5412 pueri
2809 5353 3046 5410 rapuere
3072 5339 3400 5406 conspectus
3430 5353 3442 5388 :

65 5432 576 5494 venerationem
598 5432 718 5499 Dei,
747 5432 958 5488 vinctos
977 5433 1036 5488 in
1059 5433 1340 5490 fornacem
1383 5436 1584 5506 dejecit
1619 5438 1761 5507 ignis
1847 5433 1972 5506 quis
1998 5432 2148 5488 enim
2167 5448 2280 5485 non
2298 5430 2406 5485 ista
2432 5427 2770 5501 stuperetad
2799 5442 3034 5498 corpora
3047 5427 3316 5496 juvenum
3347 5439 3448 5496 pa-

61 5521 409 5584 ardentis
432 5540 444 5574 :
472 5529 528 5576 et
557 5526 744 5576 tamen
780 5523 930 5577 hunc
967 5529 1084 5579 tam
1134 5523 1456 5590 immanem,
1495 5530 1613 5580 tam
1657 5525 1760 5579 im-
1840 5524 1984 5578 visse
2007 5523 2262 5576 ﬂammas
2283 5525 2341 5574 et
2361 5519 2668 5574 nonsolum
2689 5517 2900 5571 viscera
2921 5513 3192 5586 refugisse
3220 5518 3446 5568 sancto-

55 5621 296 5694 pium
345 5617 608 5684 provocat
631 5612 780 5668 Deus
800 5613 872 5668 ad
901 5613 1292 5686 paenitentiam
1323 5619 1380 5670 et
1409 5614 1508 5670 dat
1535 5614 1588 5670 ei
1628 5629 1757 5672 con-
1840 5630 1985 5680 rum,
2019 5627 2212 5668 verum
2251 5609 2423 5666 etiam
2458 5625 2528 5664 ne
2563 5607 2761 5682 capitis
2791 5605 3016 5681 quidem
3038 5603 3443 5671 comam,auod
