3982 6158
511 279 646 338 τθη
677 297 683 303 ·

1101 281 1165 338 Β.
1211 283 1483 342 RABANI
1521 285 1754 344 MAURI
1792 283 2130 347 ARCHIEP.
2172 287 2498 350 MOGUNT.
2540 285 2838 350 OPERUM
2875 291 3058 348 PARS
3096 292 3192 347 ΙΙΙ.

3602 292 3714 352 illi?

509 411 597 464 est
623 407 874 463 omnium
918 407 1192 479 fragilius,
1224 415 1326 468 aut
1360 424 1642 468 summam
1697 415 1898 470 saltem
1951 417 2297 480 vesti-Anes
2325 419 2521 486 Dei,et
2547 419 2834 478 immensae
2847 417 3116 474 bonitatis
3141 417 3260 488 ejus
3289 409 3593 490 profundum
3625 419 3719 491 qui-

509 494 688 552 menti
708 494 988 551 ﬁmbriam
1027 499 1473 569 praestrinxisse?
1501 501 1626 574 quis
1649 519 1763 558 non
1787 504 2028 561 miretur
2053 507 2112 562 in

509 583 594 640 eis
622 583 877 640 membra
905 586 1208 655 montibus,
1226 588 1562 646 vestimenta
1590 593 1852 660 metallis,
1883 595 2112 666 capillos

509 671 810 729 adamante
825 673 1123 730 fortiores?
1139 677 1237 732 sed
1265 677 1323 733 in
1346 693 1412 733 eo
1441 679 1828 736 admirationis
1856 683 2114 740 cumulus

510 762 728 828 crescit,
749 763 974 835 quodin
1003 765 1186 820 medio
1217 765 1576 824 flammarum
1604 770 1794 843 positi,
1838 773 2114 845 hymnum

509 849 628 907 Deo
653 851 950 920 canebant,
983 870 1110 910 cum
1141 855 1338 927 utique
1364 863 1562 913 notum
1585 859 1660 914 sit
1688 875 1783 914 eos
1803 861 1899 934 qui
1956 863 2121 938 llam-_

413 983 422 1006 ,
511 939 620 996 mis
651 939 974 1022 traduntur,
1005 943 1200 1000 statim
1229 949 1294 1000 ut
1311 962 1374 1000 os
1403 949 1731 1018 aperuerint
1753 951 2024 1019 consumi,
2057 957 2116 1008 et

511 1027 840 1102 illiquidem
865 1029 1015 1086 beati
1042 1047 1202 1104 pueri
1233 1042 1465 1092 manent
1495 1039 1643 1109 apud
1673 1039 1854 1095 Deum
1881 1039 2114 1112 gloriosi

509 1122 569 1174 et
605 1119 755 1190 apud
802 1119 1058 1176 homines
1085 1123 1388 1192 mirabiles,
1423 1143 1518 1180 rex
1552 1144 1683 1183 vero
1735 1129 1961 1200 impius,
2011 1145 2115 1186 nec

507 1207 866 1268 mirabiibus
893 1217 1168 1278 movetur,
1203 1214 1546 1270 necvisionis
1573 1221 1630 1272 et
1649 1218 1988 1274 confusionis
2001 1235 2116 1276 suae

509 1304 865 1354 sacramenta
891 1300 1152 1369 miratur,
1174 1304 1271 1357 sed
1301 1312 1597 1375 permanet
1623 1307 1966 1376 incredulus,
2013 1326 2117 1366 nec

509 1391 700 1443 tamen
719 1389 972 1460 punitur,
997 1407 1180 1464 neque
1209 1393 1361 1448 enim
1391 1395 1630 1450 vincitur
1659 1397 1719 1452 in
1749 1411 1816 1452 eo
1844 1397 2114 1470 patientia

508 1475 630 1543 Dei,
645 1478 744 1532 sed
763 1483 1018 1552 tempore
1028 1481 1270 1552 plurimo
1287 1486 1782 1552 sustentatum,vii
1811 1487 2113 1558 aliquando

507 1566 798 1639 corripuit,
814 1584 930 1624 non
958 1571 1244 1640 praeterita
1263 1573 1520 1644 puniens,
1547 1574 1644 1629 sed
1659 1575 2114 1632 emendationem

507 1655 855 1728 prospiciens
894 1657 955 1713 in
989 1657 1214 1726 futuris,
1265 1661 1508 1736 denique
1545 1681 1658 1719 non
1688 1664 1748 1720 in
1778 1669 2114 1737 perpetuum

2193 508 2322 564 dem
2349 509 2625 565 diabolica
2651 525 2686 564 a
2715 507 3019 564 cervicibus
3071 507 3186 562 suis
3231 505 3602 577 desperationis
3623 509 3718 564 vin-

2193 599 2323 654 cula
2349 599 2652 666 solverunt,
2686 597 3022 652 suscitantes
3035 611 3165 650 vero
3183 594 3496 667 semetipsos
3517 596 3722 651 conversi

2194 693 2328 744 sunt
2357 687 2427 742 ad
2454 679 2676 743 virtutis
2727 685 2894 752 viam,
2927 691 2983 740 et
3038 690 3352 740 revocantes
3395 699 3428 738 a
3471 683 3722 757 pmcipitio

2194 777 2403 849 pedum
2432 793 2665 834 suorum
2712 791 2941 832 cursum
2974 789 3202 830 rursum
3256 778 3721 830 consummaverunt

2194 864 2426 922 bonum.

2267 955 2398 1013 CAP.
2423 954 2573 1012 VIII.
2600 985 2666 997 —
2687 955 2762 1010 De
2787 955 3074 1010 sententiis
3100 953 3420 1022 propheticis
3453 958 3498 1006 et
3521 955 3728 1023 exempli:

2407 1047 2734 1113 euangelicis
2752 1045 2816 1098 de
2846 1045 3192 1098 conversione
3202 1045 3553 1112 peccatorum.

2266 1132 2398 1190 Haec
2427 1133 2655 1206 quidem
2673 1132 2744 1188 de
2765 1129 3032 1205 exemplis
3059 1134 3194 1186 sunt
3219 1128 3376 1202 nobis
3403 1129 3541 1184 dicta
3562 1135 3730 1186 sancto-

2199 1209 2347 1290 rum,
2375 1223 2507 1278 audi
2538 1239 2689 1277 nunc
2736 1221 3016 1294 quomodo
3071 1219 3242 1275 etiam
3293 1217 3615 1274 sermonibus
3657 1237 3732 1291 per

2197 1313 2502 1384 prophetas
2533 1313 2604 1366 ad
2659 1311 3078 1366 conversionem
3129 1308 3427 1364 invitamur
3449 1325 3482 1362 a
3507 1307 3728 1363 Domino:

2200 1419 2227 1454 ς(
2260 1401 2460 1468 Hodie,
2483 1400 2686 1474 inquit,
2717 1401 2766 1456 si
2793 1399 3088 1456 audieritis
3115 1415 3308 1454 vocem
3337 1398 3470 1468 ejus,
3483 1396 3630 1452 nolite
3653 1395 3728 1452 ob-

2195 1491 2400 1546 durare
2421 1473 2591 1546 corda
2615 1495 2798 1546 vestra
2831 1473 2996 1557 (Psal'.
3035 1504 3175 1553 κων,
3199 1486 3276 1557 8).
3309 1487 3452 1559 quod
3481 1489 3640 1542 autem
3663 1486 3727 1540 di-

2195 1580 2272 1635 cit
2290 1581 2474 1647 hodie,
2507 1595 2674 1636 omne
2694 1585 2937 1652 tempus,
2961 1595 3071 1650 quo
3091 1577 3330 1632 vivimus
3344 1575 3554 1643 indicat,
3572 1575 3723 1641 etiam,

2194 1686 2374 1742 usque
2417 1667 2490 1724 ad
2533 1669 2811 1736 ultimam,
2854 1667 2902 1722 si
2928 1683 3019 1722 res
3055 1667 3136 1722 ita
3167 1665 3386 1732 accidit,
3421 1669 3730 1720 senectutem.

507 1742 934 1813 damnatur,sed
945 1764 1116 1819 parvo
1127 1755 1380 1822 tempore
1395 1754 1872 1825 correptus,annis
1892 1755 2110 1826 paucis—
2131 1747 2180 1808 Β
2200 1760 2327 1814 Non
2355 1758 2506 1814 enim
2532 1757 2800 1830 temporis
2815 1756 3192 1828 longitudine,
3225 1755 3323 1810 sed
3342 1753 3556 1810 aiiectus
3592 1752 3732 1808 since-

508 1831 668 1889 simis
680 1836 1012 1892 emendatus
1025 1838 1096 1892 ad
1116 1839 1363 1910 priorem
1403 1857 1600 1897 rursus
1647 1843 1935 1898 reducitur
1989 1850 2106 1900 sta-
2187 1847 2356 1904 ritate
2398 1847 2688 1920 poenitudo
2720 1852 3005 1920 pensatur.
3047 1846 3163 1900 Aut
3220 1861 3334 1900 non
3383 1843 3596 1914 legimus
3628 1841 3730 1896 levi-

508 1927 652 1990 tum,
679 1923 760 1979 ita
779 1931 845 1980 ut
872 1926 1064 1982 damni
1085 1927 1225 1983 nihil
1235 1935 1526 2000 pateretur
1541 1948 1608 1986 ex
1638 1947 1822 2004 paena,
1853 1934 1994 1989 lucri
2015 1949 2111 1990 au-
2189 1944 2278 1994 tas
2305 1943 2598 2010 peccatum
2613 1937 2750 1992 illud
2771 1935 3166 2007 gravissimum
3197 1935 3258 1988 in
3285 1934 3498 1988 deserto
3509 1949 3604 1986 non
3626 1935 3732 1985 tem-

508 2015 624 2068 tem
641 2013 948 2085 plurimum
999 2032 1066 2071 ex
1104 2019 1496 2075 emendatione
1539 2022 1914 2093 conquireret.
1937 2023 2108 2105 Talis,
2197 2027 2350 2099 poris
2378 2026 2749 2097 longitudine,
2773 2025 2871 2080 sed
2903 2025 3072 2080 unius
3101 2024 3217 2079 diei
3267 2023 3407 2078 hora
3462 2021 3635 2092 exigua

510 2100 650 2156 mihi
677 2103 858 2171 crede,
881 2111 938 2161 et
965 2106 1096 2161 talis
1108 2113 1194 2162 est
1205 2124 1342 2179 erga
1362 2109 1621 2166 homines
1637 2111 1820 2182 pietas
1831 2112 1953 2180 Dei,
1974 2097 2115 2168 nun-
2195 2097 2412 2172 luisse?
2440 2116 2538 2171 sed
2567 2123 2625 2171 et
2644 2116 2790 2170 latro
2830 2115 2925 2168 ille
2965 2113 3060 2186 qui
3084 2112 3367 2185 pendebat
3395 2112 3451 2166 in
3472 2127 3629 2176 cruce,
3651 2109 3737 2162 non

511 2205 682 2262 quam
702 2193 920 2264 spernit
943 2197 1353 2267 paenitentiam,
1399 2199 1446 2254 si
1471 2198 1523 2254 ei
1543 2199 1759 2256 sincere
1787 2205 1845 2256 et
1871 2201 2114 2257 ﬁdeliter
2194 2206 2351 2278 eguit
2405 2205 2726 2277 prolixitate
2769 2203 3039 2276 temporis
3069 2209 3134 2257 ut
3182 2201 3495 2272 ingressum
3544 2195 3738 2272 paradisi

511 2280 762 2349 offertur,
777 2283 1000 2339 etiamsi
1017 2285 1088 2340 ad
1135 2301 1421 2342 summum
1451 2289 1578 2359 quis
1622 2289 1912 2361 perveniat
1931 2291 2110 2346 malo-
2190 2299 2530 2360 mereretur,
2556 2294 2655 2350 sed
2675 2298 2898 2348 tantum
2920 2291 2972 2349 ei
2998 2292 3168 2364 spatii
3189 2291 3397 2347 suﬂicit
3414 2293 3654 2362 quantum
3675 2301 3742 2342 ex-

511 2385 660 2438 rum,
687 2375 746 2425 et
762 2371 896 2427 inde
911 2378 1104 2430 tamen
1142 2375 1310 2431 vellet
1335 2377 1538 2432 reverti
1569 2379 1640 2433 ad
1685 2379 1910 2434 virtutis
1937 2380 2105 2449 viam,
2190 2382 2358 2454 pendi
2371 2381 2754 2454 potuit,donec
2773 2397 2950 2436 unum
2978 2379 3156 2452 possit
3190 2379 3443 2454 proferre
3461 2391 3740 2438 sermonem,

509 2459 748 2532 suscipit
771 2461 1012 2518 libenter
1046 2469 1104 2520 et
1131 2465 1482 2538 amplecitur,
1506 2465 1640 2522 facit
1679 2469 1874 2523 omnia
1909 2473 2108 2540 quate-
2189 2471 2271 2526 ita
2299 2475 2368 2526 ut
2395 2472 2546 2527 intra
2585 2475 2938 2526 momentum
2959 2468 3236 2562 temporis
3265 2468 3438 2562 totius
3466 2467 3578 2520 vitae
3601 2463 3736 2562 scele-

510 2563 618 2604 nus
647 2565 778 2604 eum
807 2551 878 2606 ad
907 2552 1156 2624 priorem
1186 2561 1408 2610 revocet
1454 2560 1704 2626 statum;
1738 2558 1998 2630 quodque
2026 2563 2113 2614 est
2192 2560 2346 2616 ribus
2391 2559 2698 2628 absolutus,
2750 2559 3065 2632 praecedere
3111 2558 3186 2613 ad
3246 2557 3557 2630 paradisum
3607 2552 3738 2608 etiam

512 2637 698 2693 adhuc
713 2643 1072 2710 praestantius
1099 2649 1157 2697 et
1179 2645 1536 2713 eminentius,
1559 2645 1910 2702 etiamsinon
1922 2652 2114 2720 potue-
2192 2639 2490 2722 A'postolos
2547 2655 2879 2704 mereretur.
2913 2648 3060 2714 Quid
3108 2652 3305 2702 autem
3362 2653 3418 2702 et
3465 2639 3738 2715 martyres?

511 2725 590 2781 rit
608 2727 733 2798 quis
763 2729 986 2800 explere
1006 2747 1232 2786 omnem
1253 2733 1615 2790 satisﬁciendi
1632 2735 1907 2803 ordinem,
1941 2750 2115 2808 quan-
2195 2755 2381 2795 nonne
2433 2738 2763 2812 frequenter
2799 2755 2914 2794 una
2967 2737 3075 2804 die,
3112 2736 3403 2793 interdum
3450 2750 3570 2790 vero
3594 2735 3643 2788 et
3663 2727 3740 2786 sub

511 2815 876 2888 tulacumque
918 2823 1110 2875 tamen
1147 2829 1205 2876 et
1249 2823 1560 2894 quamlibet
1607 2824 1788 2880 brevis
1843 2826 2144 2898 temporis_
2195 2829 2364 2886 unius
2391 2829 2543 2884 horae
2561 2829 2742 2900 spatio
2773 2843 3007 2882 coronas
3029 2828 3325 2899 sumpsere
3340 2823 3744 2896 ingentiumpre-

510 2907 731 2974 gestam
755 2920 868 2962 non
888 2909 1105 2980 respuit
1117 2910 1526 2981 paenitentiam,
1567 2914 1802 2986 suscipit
1833 2915 2004 2970 etiam
2033 2915 2115 2988 ip-
2195 2917 2440 2974 miorum
2469 2917 2494 2971 ?
2545 2917 2614 2972 Et
2641 2917 2767 2972 ideo
2797 2915 3114 2972 audendum
3163 2920 3254 2970 est
3307 2909 3682 2975 tantummodo,
3701 2910 3744 2962 et

513 3007 656 3060 sam,
677 3009 781 3048 nec
808 2995 1022 3068 patitur
1035 3000 1291 3070 quamvis
1307 3001 1520 3072 exiguae
1529 3001 1904 3058 conversionis
1929 3003 2114 3076 perire
2145 3005 2475 3081 qpromptis
2496 3011 2668 3078 atque
2707 3005 2954 3062 incitatis
2977 3004 3182 3060 animis
3233 3001 3646 3076 aggrediendum
3669 3001 3744 3062 ,ut

515 3083 831 3139 mercedem
843 3124 854 3138 .

971 3158 1102 3212 CAP.
1135 3159 1258 3216 VII.
1287 3190 1353 3201 —
1377 3161 1448 3214 De
1480 3163 1649 3216 Isaia.

570 3260 688 3316 Hoc
702 3262 854 3318 enim
869 3263 1007 3318 mihi
1018 3264 1266 3321 indicare
1276 3267 1498 3322 videtur
1509 3267 1563 3324 Is
1572 3267 1811 3336 aias,ubi
1825 3268 1894 3324 de
1909 3270 2114 3342 pOpulo

514 3349 836 3406 Judarorum
847 3353 1252 3426 taliaquzedam
1267 3356 1403 3412 dicit
1432 3376 1444 3411 :
1491 3377 1518 3406 α
1545 3357 1782 3430 Propter
1823 3365 2114 3432 peccatum

515 3439 798 3496 modicum
813 3443 1302 3513 contristavieum,
1320 3450 1378 3500 et
1413 3447 1662 3518 percussi
1679 3465 1827 3514 eum,
1853 3455 1911 3503 et
1938 3450 2114 3504 averti

513 3525 714 3586 facian
726 3543 910 3586 meam
921 3531 992 3587 ab
1005 3539 1156 3602 eo,et
1165 3535 1528 3591 contristatus
1538 3541 1624 3592 est
1633 3547 1690 3594 et
1701 3538 2007 3596 ambulavit
2016 3537 2115 3594 tri-

515 3617 618 3674 stis
646 3627 834 3675 coram
847 3635 957 3691 me,
981 3637 1084 3694 ego
1103 3623 1214 3678 vidi
1229 3630 1288 3680 et
1301 3625 1490 3680 sanavi
1507 3641 1654 3694 eum,
1703 3632 1762 3684 et
1793 3629 2113 3684 consolatus

515 3718 640 3762 sum
652 3711 1064 3778 emn('lira.i.vn,
1106 3711 1218 3779 18).
1248 3734 1270 3763 ι
1305 3713 1628 3771 Evidentius
1676 3715 1836 3772 nobis
1861 3717 2115 3773 testimo-

515 3794 674 3852 nium
689 3796 848 3854 dabit
859 3799 1035 3855 etiam
1049 3817 1150 3856 rex
1174 3801 1269 3857 ille
1288 3802 1513 3874 impius,
1537 3804 1634 3876 qui
1653 3805 1975 3878 cupiditatis
1995 3806 2114 3879 qui-

515 3884 646 3940 dem
659 3902 776 3943 suae
787 3889 1036 3960 praedam
1044 3889 1236 3946 uxoris
1245 3892 1500 3964 nequitia
1517 3894 1791 3966 quaesivit,
1805 3895 1902 3952 sed
1915 3899 1972 3952 et
1987 3911 2111 3968 per—
2150 3907 2158 3914 ‘

516 3972 776 4030 turbatus
793 3976 970 4048 ipsius
985 3979 1212 4034 sceleris
1237 3979 1589 4036 immanitate
1615 3983 1895 4055 paenituit,
1921 3989 1978 4040 et
1996 3983 2111 4040 cili-

515 4061 600 4117 cio
621 4063 1001 4120 circumdatus
1015 4067 1230 4122 facinus
1245 4080 1412 4123 suum
1455 4070 1624 4140 flevit,
1649 4075 1820 4142 atque
1866 4072 1948 4127 ita
1977 4088 2112 4144 erga

514 4164 576 4208 se
593 4151 696 4206 Dei
719 4153 1158 4211 misericordiam
1171 4158 1504 4228 provocavit,
1535 4164 1602 4214 ut
1617 4161 1832 4216 cunctis
1855 4177 1985 4218 eum
2015 4161 2117 4216 ab-

516 4239 758 4296 solveret
778 4242 962 4311 n‘ialis,
995 4243 1074 4299 sic
1129 4244 1280 4301 enim
1317 4246 1400 4302 ait
1431 4266 1442 4302 :
1483 4266 1510 4301 at
1533 4249 1602 4304 Et
1626 4249 1768 4316 dixit
1795 4250 1868 4304 ad
1897 4249 2075 4306 Eliam
2099 4270 2111 4305 :

515 4325 720 4386 Vidisti
737 4333 1015 4403 quemodo
1025 4339 1392 4408 compunctus
1417 4343 1506 4393 est
1545 4337 1736 4394 Achab
1757 4355 1792 4393 a
1808 4339 1950 4396 facie
1966 4355 2112 4407 mea,

516 4419 716 4492 etquis
744 4421 895 4478 flevit
933 4422 992 4478 in
1019 4430 1321 4497 conspectu
1341 4440 1488 4495 meo,
1524 4443 1638 4482 non
1671 4428 1935 4484 inducam
1963 4431 2115 4486 mala

516 4505 580 4562 in
593 4507 792 4565 diebus
817 4512 942 4582 ejus
973 4513 1088 4580 (III
1099 4515 1220 4582 Reg.
1246 4530 1360 4582 xm,
1387 4514 1498 4582 29).
1525 4534 1552 4569 »
1585 4516 1694 4572 Sed
1734 4522 1792 4572 et
1819 4523 1946 4590 post
1965 4518 2114 4574 hunc

517 4593 724 4652 iterum
753 4599 1040 4657 Manasses
1068 4603 1164 4675 qui
1208 4615 1403 4660 omnes
1444 4609 1718 4676 tyrannos
1760 4605 2112 4664 immanitate

517 4685 791 4742 scelerum
819 4695 1200 4762 superaverat,
1219 4693 1315 4764 qui
1354 4693 1569 4749 cultum
1599 4693 1800 4750 divina:
1825 4691 2113 4766 religionis

517 4779 576 4831 et
611 4775 1023 4834 observantiam
1070 4780 1210 4853 legis
1257 4789 1550 4851 everterat,
1583 4783 1678 4856 qui
1705 4785 1979 4856 templum
2009 4782 2113 4840 Dei

517 4865 683 4922 idolis
701 4867 1016 4940 repleverat
1056 4871 1267 4926 caelesti
1292 4871 1446 4928 cultu
1477 4877 1828 4941 evacuatum,
1861 4872 1953 4928 hic
1980 4889 2112 4944 ergo

516 4954 807 5028 impietate
818 4957 1093 5014 scelerum
1117 4960 1545 5032 supergrediens
1560 4975 1786 5016 omnem
1812 4961 2108 5018 malitiam.

517 5049 730 5113 tamen,
748 5047 880 5120 quia
891 5047 1168 5120 paenituit,
1181 5047 1331 5105 inter
1357 5049 1569 5106 amicos
1595 5050 1700 5107 Dei
1755 5051 2113 5125 postmodum

521 5141 851 5191 numeratus
897 5143 1000 5193 est.
1029 5136 1203 5204 ‘Quod
1231 5138 1280 5194 si
1307 5139 1393 5195 vel
1419 5139 1478 5196 hi
1504 5139 1592 5196 vel
1635 5139 1741 5207 illi,
1777 5157 1916 5214 quos
1946 5156 2118 5213 supra

521 5225 974 5294 memoravimus,
1006 5225 1424 5284 considerantes
1478 5228 1918 5286 immensitatem
1947 5229 2116 5286 scele-

519 5321 647 5366 rum
674 5327 924 5381 suorum,
979 5317 1356 5372 conversionis
1400 5323 1458 5374 et
1488 5318 1830 5390 poenitentia:
1869 5318 2114 5375 reditum

521 5397 930 5472 desperassent,
962 5402 1316 5462 ab-omnibus
1339 5406 1534 5480 utique
1557 5405 1737 5474 bonis,
1777 5424 1898 5480 quae
1929 5423 2025 5464 eos
2053 5424 2119 5466 ex

521 5489 1234 5564 emendatione'prosecuta
1257 5500 1406 5561 sunt,
1444 5495 1637 5568 procul
1665 5495 1833 5550 dubio
1879 5495 2120 5552 decidis-

551 5578 946 5653 ent;‘quinimo
972 5581 1344 5653 respicientes
1357 5584 1436 5640 “ad
1461 5583 1770 5641 ineffabiles
1799 5581 2119 5644 miseratio-

2197 3097 2441 3168 quadam
2465 3095 2618 3150 velut
2660 3094 3044 3166 indignatione
3083 3093 3332 3165 permoti
3364 3093 3646 3146 irascamus
3673 3084 3744 3140 ad-

2198 3201 2420 3240 versum
2457 3185 2891 3256 deceptatricem
2942 3188 3194 3238 nostram
3228 3181 3532 3245 libidinem,
3553 3181 3604 3234 et
3627 3175 3742 3242 effe.

2195 3279 2346 3330 ctum
2376 3279 2544 3347 atque
2564 3288 2817 3328 amorem
2836 3278 3094 3328 nostrum
3110 3277 3502 3326 convertamus
3526 3267 3588 3323 ad
3612 3265 3743 3319 virtu-

2194 3369 2311 3418 tem
2340 3363 2582 3431 Dei,hoc
2612 3367 2700 3418 est
2721 3363 2873 3418 enim
2904 3362 3052 3433 quod
3075 3365 3132 3416 et
3158 3359 3344 3433 poscit
3367 3377 3402 3414 a
3438 3357 3586 3414 nobis
3609 3355 3739 3415 Deus,

2195 3455 2308 3508 noli
2333 3451 2534 3524 quaerit
2544 3457 2865 3524 temporum
2875 3449 3310 3522 longitudinem,
3329 3465 3430 3504 nec
3440 3443 3741 3540 afllictionem

2193 3541 2390 3604 crucis,
2426 3541 2497 3596 ad
2519 3541 2624 3596 hoc
2651 3540 2929 3612 praecipue
2956 3539 3204 3610 respicit,
3240 3537 3289 3594 si
3310 3554 3439 3593 vera
3463 3537 3532 3591 sit
3574 3539 3625 3588 et
3655 3537 3741 3584 sin-

2194 3645 2325 3686 cera
2378 3629 2684 3694 conversio,
2732 3629 2858 3683 ideo
2911 3627 3152 3701 denique
3217 3626 3460 3682 vidimus
3503 3617 3742 3693 aliquoties

2193 3720 2495 3776 nonnullos
2523 3719 2755 3792 coepisse
2791 3722 3105 3790 postremos
3133 3721 3192 3772 et
3219 3715 3400 3772 factos
3427 3730 3540 3770 esse
3587 3705 3742 3764 merito

2193 3809 2426 3882 priores,
2451 3823 2563 3864 non
2590 3823 2724 3880 ergo
2753 3807 3018 3863 cecidisse
3073 3805 3154 3861 ita
3181 3807 3400 3862 malum
3447 3809 3546 3868 est,
3574 3803 3631 3856 ut
3651 3800 3742 3869 post

2193 3899 2414 3970 lapsum
2435 3899 2627 3969 jacere
2657 3902 2714 3952 et
2743 3895 2892 3951 nolle
2911 3911 3273 3965 consurgere,
3304 3899 3364 3950 et
3389 3908 3512 3949 cum
3548 3886 3741 3962 quadam

2189 3987 2476 4043 voluntate
2519 4002 2584 4040 ac
2623 3985 2963 4042 resolutione
2990 3999 3242 4058 peccare,
3275 3977 3740 4054 desperationisque

2191 4075 2544 4132 sermonibus
2571 4073 2706 4130 mali
2724 4073 2997 4146 propositi
3023 4072 3226 4128 vitium
3242 4077 3452 4143 tegere,
3481 4071 3656 4154 contra
3667 4063 3742 4118 hos

2197 4165 2348 4221 enim
2367 4165 2642 4238 propheta
2657 4179 2784 4219 cum
2815 4163 3058 4235 quadam
3077 4160 3464 4232 indignatione
3489 4155 3745 4230 proclama-

2196 4253 2295 4309 bat
2312 4253 2532 4308 dicens:
2567 4271 2594 4305 «
2624 4251 2892 4324 Nunquid
2938 4251 3034 4324 qui
3080 4250 3234 4306 cadit
3258 4266 3374 4305 non
3400 4248 3650 4317 resurget,
3670 4241 3746 4295 aut

2198 4341 2294 4416 qui
2323 4357 2552 4398 aversus
2609 4346 2714 4408 est,
2747 4355 2861 4396 non
2909 4343 3271 4395 convertatur
3321 4340 3452 4408 (Jer.
3483 4353 3585 4402 vni,
3615 4329 3737 4427 ηρ

2194 4415 2346 4504 quod
2365 4431 2412 4486 si
2438 4430 2614 4496 dicas,
2673 4429 2946 4502 quaeritur
2971 4429 3020 4484 si
3065 4427 3272 4500 aliquis
3317 4415 3745 4517 ﬁdelium

2193 4525 2253 4576 et
2265 4520 2450 4592 potuit
2478 4519 2748 4592 reparari,
2782 4519 2933 4585 audi,
2965 4523 3025 4573 et
3041 4517 3148 4575 hoc
3189 4517 3262 4572 de
3305 4517 3426 4588 ipso
3452 4511 3588 4584 quod
3635 4508 3744 4560 dici-

2193 4626 2321 4665 mus
2356 4629 2378 4660 ι
2409 4608 2626 4676 cecidit,
2671 4628 2695 4660 ι
2727 4607 2950 4663 stetisse
3005 4623 3157 4674 eum,
3219 4611 3519 4676 antequam
3537 4597 3739 4658 eadem.

2194 4699 2543 4771 proﬁtemur.
2575 4698 2755 4753 Nemo
2770 4697 2923 4752 enim
2941 4695 3204 4752 cecidisse
3214 4693 3355 4750 dicit
3379 4707 3504 4748 eum
3530 4686 3615 4760 qui
3630 4697 3744 4739 sem-

2194 4803 2296 4860 per
2312 4787 2511 4858 jacuit,
2546 4791 2604 4840 et
2636 4801 2926 4858 nunquam
2975 4783 3151 4850 stetit,
3203 4782 3543 4856 proferamus
3583 4781 3740 4868 tamen

2195 4875 2370 4932 etiam
2407 4891 2472 4930 ex
2501 4875 2804 4948 Scripturis
2833 4873 3056 4940 divinis,
3089 4872 3138 4927 si
3167 4889 3277 4944 qua
3288 4887 3458 4943 super
3485 4868 3582 4921 hoc
3602 4861 3674 4961 vel
3695 4861 3739 4912 in

2193 4963 2474 5040 parabolis
2515 4963 2604 5018 vel
2649 4979 2752 5036 per
2795 4966 3018 5034 apertas
3046 4959 3355 5016 sententias
3393 4959 3551 5049 sunt,
3579 4959 3634 5049 si.

2193 5030 2368 5110 etiam
2396 5053 2456 5108 in
2478 5053 2588 5124 maj
2597 5030 2760 5107 orum
2791 5030 3150 5106 continentur
3195 5043 3480 5133 exemplis.
3513 5037 3639 5105 Quid
3661 5030 3737 5089 tibi

2194 5141 2415 5197 videtur
2442 5139 2595 5196 aliud
2623 5138 2910 5195 continere
2937 5137 3053 5192 ovis
3081 5136 3194 5202 illa,
3229 5151 3352 5208 qua:
3389 5147 3514 5186 cum
3540 5144 3572 5181 a
3597 5135 3735 5178 nona-

2193 5231 2352 5302 ginta
2395 5245 2595 5286 novem
2633 5228 2828 5284 ovibus
2874 5225 3206 5292 aberrasset,
3239 5220 3507 5295 requisita
3531 5215 3735 5288 postmo-

2196 5301 2330 5375 dum
2349 5335 2414 5374 ac
2437 5317 2678 5391 pastoris
2717 5314 2968 5371 humeris
3024 5316 3327 5400 reportata,
3371 5301 3734 5400 nonne

2201 5413 2259 5465 et
2312 5389 2533 5481 lapsum
2591 5411 2647 5460 et
2692 5403 3106 5476 reparationem
3156 5398 3335 5456 fidelis
3388 5389 3629 5454 ostendit,
3646 5389 3733 5481 οηξ

2200 5496 2352 5553 enim
2369 5475 2466 5552 est
2495 5499 2553 5550 et
2577 5493 2718 5566 ipsa,
2747 5475 2892 5550 sicut
2921 5497 2979 5550 et
3018 5491 3129 5546 illae
3156 5485 3455 5559 ιιοιιθιέίηίθ
3475 5475 3734 5582 Ρθῖθῗζξξ

2203 5589 2317 5644 no'n
2344 5583 2595 5652 alterius,
2622 5583 2720 5640 sed
2750 5582 2938 5650 unius,
2963 5579 3324 5652 ejusdemque
3335 5571 3589 5648 gregis,et
3601 5571 3734 5621 unius
