3892 6150
293 304 426 369 ’1313

1498 309 1590 365 DE
1627 308 1830 373 MODD
1864 306 2368 371 ΡίΕΝΙΤΕΝΤΙᾹΕ.

3420 316 3561 375 18Α4

286 429 648 509 ejusdemque
671 428 930 500 pastoris,
947 430 1200 503 ejusdem
1222 435 1695 513 namquepascuis
1706 434 1879 507 prius,
1897 431 1954 496 Α
1969 433 2117 505 quod
2147 449 2250 488 nos
2269 432 2839 508 prohibeateonjungi
2867 437 3003 497 Deo.
3028 437 3125 497 Vis
3148 438 3251 499 tibi
3270 442 3565 513 ostendam

287 518 482 594 quibus
533 523 593 572 et
622 519 731 574 illae
776 524 1008 585 caeteras,
1047 519 1255 575 eisdem
1290 512 1523 593 poculis,
1555 524 1879 596 eisdemque

284 606 554 665 cubilibus
580 606 865 675 utebatur,
899 609 995 664 sed
1027 609 1251 676 erravit,
1286 616 1343 665 et
1389 628 1580 667 errore
1620 629 1732 669 non
1771 613 1879 668 mi-

285 697 458 763 nimo,
491 713 593 768 per
621 702 842 752 montes
867 698 1018 753 enim
1043 703 1101 753 et
1128 698 1297 759 colles
1317 706 1550 771 evagata
1578 708 1681 769 est,
1714 703 1881 775 longe

286 786 497 849 scilicet
512 791 570 842 et
587 786 907 842 difﬁcilibus
928 787 1267 844 circumacta
1286 790 1495 845 erroris
1515 791 1875 859 anfractibus,

286 893 383 931 nec
420 880 614 933 tamen
641 876 874 948 reliquit
894 877 1049 933 illam
1076 883 1271 951 pastor
1309 876 1489 937 bonus
1529 882 1783 938 consumi
1820 883 1881 949 in

287 964 571 1025 erroribus
599 966 734 1033 suis,
764 967 862 1022 sed
890 968 1130 1041 requirit
1169 976 1225 1024 et
1253 977 1494 1040 revocat,
1527 979 1751 1027 revocat
1778 990 1880 1028 au-

285 1060 401 1109 tem
432 1070 546 1110 non
567 1053 840 1111 violenter
858 1073 1167 1128 perurgens
1189 1075 1292 1115 nec
1313 1060 1636 1117 verberibus
1655 1077 1877 1133 cogens,

287 1142 382 1200 sed
411 1144 665 1205 humeris
684 1145 925 1218 propriis
946 1145 1276 1203 subvectans
1297 1168 1310 1217 ;
1334 1150 1479 1206 sicut
1503 1151 1655 1209 enim
1682 1151 1881 1223 Optimi

288 1232 498 1305 quique
548 1231 895 1288 medicorum
947 1244 1223 1306 erga'eos
1270 1252 1408 1310 quos
1464 1238 1709 1295 viderint
1753 1239 1882 1310 tabe

282 1318 466 1392 longae
485 1322 833 1395 aegritudinis
848 1322 1084 1379 afﬂictos
1102 1323 1161 1380 in
1179 1326 1465 1382 nonnullis
1481 1328 1727 1399 rigorem
1742 1335 1883 1401 tem-

281 1416 490 1488 perant
510 1410 801 1467 medicinae
819 1417 877 1467 et
895 1411 1188 1469 delicatius
1207 1430 1273 1468 ac
1288 1415 1540 1479 tenerius
1558 1424 1737 1489 agunt
1753 1435 1880 1475 cum

281 1498 383 1567 eis,
408 1499 491 1554 ita
513 1504 571 1555 et
598 1500 750 1557 Deus
780 1518 893 1568 eos,
927 1518 1068 1575 quos
1096 1503 1247 1559 videt
1276 1505 1664 1576 vehementius
1691 1524 1883 1580 pecca-

280 1587 350 1642 tis
371 1605 498 1645 esse
526 1595 837 1661 corruptos,
873 1607 987 1646 non
1013 1590 1267 1651 districta
1288 1595 1428 1650 satis
1475 1601 1532 1653 et
1576 1597 1756 1657 ardua
1781 1596 1882 1652 ob-

278 1678 575 1741 servantiae
605 1678 916 1737 intentione
947 1686 1172 1737 revocat
1217 1682 1290 1738 ad
1333 1683 1480 1745 viam
1511 1684 1749 1751 virtutis,
1783 1686 1881 1743 sed

1961 521 2079 576 haec
2107 539 2221 578 non
2249 524 2432 579 solum
2458 524 2518 579 in
2550 525 2833 597 parabolis
2861 526 3013 583 dicta
3038 528 3138 584 sed
3166 534 3226 585 et
3252 529 3421 588 rebus
3454 532 3564 589 im-

1961 612 2139 684 pleta?
2155 611 2319 684 Apud
2355 613 2676 670 Corinthios
2695 620 2819 671 erat
2837 616 3067 687 quidam
3093 617 3198 686 vir,
3227 624 3294 675 ut
3319 620 3562 692 videtur,

1961 715 2076 755 non
2094 700 2373 772 ignobilis,
2415 702 2507 756 hic
2529 702 2892 769 commiserat
2919 706 3033 767 tale
3059 713 3371 779 peccatum,
3394 711 3564 783 quale

1961 805 2064 845 nec
2090 790 2241 845 inter
2261 796 2462 862 gentes
2488 792 2718 864 quidem
2761 794 2986 851 admitti
3027 796 3190 864 solet,
3223 804 3282 854 et
3322 805 3447 855 erat
3471 801 3566 858 hic

1958 894 2029 935 ex
2044 895 2278 944 numero
2303 880 2548 941 ﬁliorum
2570 888 2629 938 et
2660 882 3003 943 familiarum
3023 885 3144 953 Dei,
3161 886 3391 957 quidam
3410 889 3564 945 enim

1963 979 2091 1029 eum
2114 980 2180 1018 ex
2199 964 2530 1020 sacerdotali
2547 965 2742 1021 ordine
2757 966 2931 1023 fuisse
2945 968 3196 1026 tradunt.
3220 971 3367 1036 Quid
3391 974 3562 1045 ergo?

1964 1052 2221 1124 nunquid
2245 1053 2448 1109 excidit
2476 1070 2609 1109 eum
2635 1055 2845 1117 Paulus
2874 1056 2944 1112 de
2972 1074 3212 1122 numero
3241 1077 3438 1121 eorum
3465 1061 3563 1134 qui

1964 1158 2121 1213 spem
2142 1147 2350 1213 gerunt
2369 1143 2565 1199 salutis
2580 1143 2604 1197 ?
2619 1144 2869 1215 quinimo
2888 1152 3257 1220 posteaquam
3284 1150 3563 1209 sufﬁcien-

1964 1236 2053 1297 ter
2098 1231 2417 1287 Corinthios
2437 1295 2447 1311 ἢ,
2461 1232 2648 1304 arguit
2672 1250 2775 1305 pro
2799 1250 2884 1301 eo,
2916 1237 3108 1297 volens
3136 1254 3334 1297 rursus
3364 1244 3556 1296 osten.

1965 1321 2097 1379 dere
2128 1322 2260 1394 quia
2287 1322 2505 1379 nullum
2536 1322 2737 1379 vulnus
2783 1329 2887 1389 est,
2936 1325 3094 1385 nulla
3135 1327 3410 1399 aegritudo
3437 1344 3563 1402 quin
3638 1323 3650 1335 ’

1963 1425 2079 1473 non
2105 1411 2284 1479 cedat,
2319 1417 2376 1467 et
2403 1417 2635 1469 sanetur
2660 1413 3072 1475 medicamento
3100 1417 3462 1488 pmnitentie,
3474 1421 3566 1491 ju.

1963 1498 2060 1569 bet
2084 1518 2212 1565 eum
2241 1501 2390 1557 tradi
2420 1502 2643 1561 Satanae
2666 1502 2726 1563 in
2752 1502 3047 1563 interitum
3076 1506 3263 1563 carnis
3293 1513 3360 1564 ut
3391 1509 3562 1581 spiri-

1963 1594 2056 1649 tus
2082 1591 2270 1659 salvus
2307 1590 2381 1646 sit
2417 1591 2476 1645 in
2495 1591 2586 1645 die
2607 1590 2832 1647 Domini
2853 1593 3031 1648 nostri
3049 1595 3181 1653 Iesu
3204 1595 3433 1665 Christi,
3460 1597 3562 1655 sed

1964 1680 2082 1735 haec
2098 1679 2268 1750 jubet
2296 1686 2600 1752 antequam
2618 1681 2689 1735 de
2718 1682 3047 1754 paenitentia
3067 1685 3191 1755 ejus
3211 1693 3561 1758 agnosceret;

279 1766 492 1823 sensim
522 1774 580 1822 et
610 1769 900 1838 paulatim,
935 1769 1013 1825 ita
1042 1775 1107 1826 ut
1133 1771 1193 1826 in
1218 1773 1648 1844 quamplurimis
1666 1755 1944 1832 susten-B
1962 1768 2060 1837 ubi
2086 1786 2219 1841 ergo
2249 1770 2545 1841 Ρωηὶῐιιὶιι
2602 1789 2629 1824 α
2679 1771 2913 1838 Sufﬁcit,
2945 1772 3150 1844 inquit,
3183 1755 3564 1848 ei

238 1886 247 1889 ν
276 1859 381 1921 tet,
418 1856 476 1910 in
504 1856 764 1927 plurimis
792 1857 1066 1924 sublevet,
1097 1876 1169 1914 ne
1201 1860 1342 1915 dura
1381 1862 1463 1917 eis
1496 1868 1554 1918 et
1590 1865 1770 1919 ardua
1798 1864 1881 1920 vi-

276 1943 487 2000 deatur
525 1946 820 2017 repentina
865 1948 1170 2015 conversio,
1202 1956 1261 2005 et
1298 1967 1410 2006 non
1454 1955 1574 2007 tam
1616 1954 1882 2025 peccandi

277 2049 476 2090 amore
494 2036 722 2092 retracti
747 2035 991 2092 residere
1010 2036 1305 2099 videantur
1320 2040 1379 2094 in
1395 2040 1696 2109 erroribus,
1713 2059 1881 2114 quam

276 2124 663 2182 conversionis
693 2124 997 2196 asperitate
1026 2126 1301 2193 deterriti,
1334 2129 1430 2184 sed
1462 2146 1575 2187 non
1619 2131 1737 2188 lucc
1763 2133 1883 2188 sola

275 2229 415 2284 pars
452 2212 577 2291 pari
618 2213 1002 2271 moderatione
1037 2214 1198 2271 nobis
1237 2218 1613 2275 conversionis
1654 2221 1883 2277 modum

278 2302 554 2367 ostendit,
588 2319 782 2358 verum
811 2309 869 2363 et
897 2304 1011 2368 illa,
1044 2321 1166 2376 qua:
1188 2304 1257 2359 de
1276 2305 1549 2362 luxuriosi
1569 2308 1671 2363 ﬁlii
1698 2310 1885 2365 reditu

276 2390 572 2461 scribitur,
604 2398 661 2447 et
696 2392 791 2448 ille
834 2393 982 2448 enim
1024 2393 1173 2453 ﬁlius
1215 2401 1353 2461 erat,
1394 2412 1508 2450 non
1545 2403 1669 2452 erat
1705 2403 1887 2454 extra-

275 2496 445 2547 neus,
472 2496 782 2551 germanus
808 2487 931 2539 erat
957 2483 1080 2554 ejus
1113 2483 1208 2555 qui
1233 2500 1523 2555 nunquam
1540 2494 1745 2558 apatre
1767 2486 1883 2542 dis-

274 2575 546 2635 cesserat,
581 2570 730 2625 ﬁlius
758 2588 891 2643 ergo
934 2577 1037 2638 est,
1070 2572 1167 2644 qui
1213 2573 1285 2628 ad
1330 2573 1559 2629 ultimos
1604 2575 1885 2631 malorum

276 2659 429 2714 ﬁnes
461 2657 668 2717 dicitur
694 2660 1029 2732 pervenisse,
1063 2660 1281 2717 abierat
1310 2661 1459 2716 enim
1496 2662 1556 2717 in
1597 2663 1885 2733 regionem

275 2747 671 2820 longinquam,
700 2755 757 2809 et
794 2749 959 2820 longe
988 2749 1124 2805 satis
1152 2766 1187 2804 a
1211 2750 1327 2806 Deo
1356 2750 1602 2813 effectus.
1636 2753 1731 2824 qui
1759 2752 1882 2808 fue-

1963 1859 2082 1915 haec
2107 1875 2230 1929 qua:
2259 1858 2323 1913 ﬁt
2351 1875 2386 1912 a
2411 1858 2697 1930 pluribus;
2726 1879 2752 1914 ι
2785 1866 2843 1915 et
2870 1860 3027 1920 addit
3053 1880 3064 1914 :
3101 1880 3129 1917 ι
3179 1862 3421 1921 Obsecro
3446 1882 3563 1934 vos,

1964 1948 2292 2012 conﬁrmate
2313 1948 2523 2004 incum
2561 1948 2916 2016 charitatem,
2938 1967 3010 2007 ne
3026 1951 3432 2022 possideatura
3460 1955 3565 2010 Sa-

1962 2043 2125 2105 tana;
2146 2054 2259 2093 non
2282 2037 2432 2096 enim
2468 2037 2793 2108 ignoramus
2824 2039 3062 2093 astutias
3087 2041 3212 2111 ejus
3254 2043 3336 2109 (ΙΙ
3351 2044 3477 2100 ﬂor.
3503 2060 3562 2112 ι’,

1966 2126 2041 2197 8).
2068 2144 2096 2180 ι
2129 2126 2273 2191 Quid
2319 2140 2451 2197 ergo
2497 2124 2651 2183 aliud
2680 2143 2783 2198 per
2809 2126 2928 2183 haec
2954 2127 3147 2184 omnia
3172 2129 3422 2198 docetur,
3453 2131 3564 2188 nisi

1966 2215 2103 2287 quia
2122 2214 2387 2288 possibile
2420 2214 2495 2270 sit
2521 2221 2586 2270 ut
2603 2215 2774 2273 etiam
2787 2216 2835 2270 si
2848 2216 2907 2270 in
2929 2215 3186 2275 ultimm
3205 2224 3564 2290 pecmtorum

1964 2304 2272 2377 perniciem
2318 2304 2610 2371 corruerit,
2662 2321 2862 2360 rursus
2907 2296 3085 2377 possit
3121 2306 3180 2362 in
3207 2323 3275 2362 eo
3305 2308 3564 2366 Christus

1967 2411 2067 2466 per
2083 2393 2474 2465 paenitentiam
2496 2393 2793 2449 reformari
2823 2412 2834 2448 :
2875 2413 2898 2445 ι
2933 2394 3059 2453 Non
3087 2395 3239 2454 enim
3267 2397 3388 2452 vult
3407 2414 3562 2463 mor-

1966 2488 2080 2538 tem
2111 2481 2438 2554 peccatoris,
2468 2482 2567 2541 sed
2606 2486 2671 2537 ut
2704 2487 3062 2543 convertatur
3082 2488 3140 2539 et
3167 2484 3317 2542 vivat
3344 2488 3559 2554 (Exech.

1967 2586 2150 2637 mm,
2188 2570 2275 2640 11)
2309 2589 2322 2638 ;
2361 2590 2384 2622 »
2417 2586 2521 2626 nec
2547 2571 2662 2626 ullo
2690 2571 2855 2629 modo
2884 2560 3150 2631 audiendi
3173 2581 3310 2633 sunt
3332 2574 3564 2649 illi,.qui

1967 2660 2163 2716 dicunt
2183 2660 2333 2731 quod
2367 2660 2559 2715 ﬁdeles
2583 2664 2711 2731 post
2728 2661 2947 2731 lapsum
2963 2663 3202 2733 peccati,
3234 2669 3293 2719 et
3320 2665 3564 2722 maxime

1964 2748 2072 2820 ipsi
2103 2748 2198 2820 qui
2242 2748 2301 2803 in
2335 2749 2518 2819 gradu
2567 2748 2942 2806 ecclesiastico
2969 2756 3104 2806 sunt
3130 2753 3390 2823 promoti,
3450 2770 3564 2811 non

276 2841 373 2903 rat
404 2836 559 2904 dives
603 2844 657 2894 et
694 2837 917 2905 nobilis,
949 2838 1198 2894 deterior
1238 2855 1398 2895 servo
1441 2846 1499 2895 et
1533 2843 1882 2903 mercenaria
1963 2837 2181 2911 possint
2206 2837 2267 2892 in
2302 2837 2602 2910 pristinum
2630 2843 2840 2897 statum
2870 2856 2937 2901 ex
2966 2839 3187 2911 integro
3215 2842 3458 2910 restitui,
3491 2842 3562 2899 de

274 2925 463 2980 factus
491 2930 594 2993 est,
625 2915 721 2981 sed
754 2932 945 2987 tamen
986 2943 1275 2999 regressus
1307 2933 1364 2983 et
1392 2929 1668 3001 pmnitens
1696 2930 1753 2985 in
1778 2947 1881 2987 an-
1964 2942 2074 2999 quo
2118 2926 2253 2998 quid
2302 2933 2531 2991 sanctus
2570 2942 2719 2999 papa
2765 2927 3071 3001 Gregorius
3114 2931 3358 2987 senserat
3376 2937 3557 3005 atque

274 3016 511 3091 tiquum
538 3015 807 3097 recipitur
833 3021 1066 3082 statum,
1094 3024 1151 3072 et
1178 3017 1238 3072 in
1263 3018 1507 3089 priorem
1524 3019 1767 3089 gloriam
1798 3037 1882 3077 re-
1902 3072 1944 3097 η
1963 3016 2144 3087 amico
2173 3016 2541 3087 interroganti
2570 3016 2941 3088 responderit,
2972 3017 3045 3075 ad
3073 3020 3557 3091 conﬁrmationem

278 3111 548 3181 paratur;
583 3105 731 3178 quod
754 3105 801 3160 si
819 3104 1190 3179 desperasset,
1214 3112 1272 3160 et
1300 3106 1614 3171 erubuisset
1639 3125 1741 3181 pro
1772 3109 1876 3178 his,
1901 3104 1945 3133 υ
1963 3121 2161 3163 sensus
2208 3106 2404 3172 nostri,
2448 3106 2555 3163 hoc
2581 3105 2640 3161 in
2681 3106 2802 3161 loco
2831 3106 3304 3177 interponendum
3332 3125 3554 3178 censeo,

278 3210 412 3265 quae
431 3194 753 3257 acciderant
770 3195 842 3261 ei,
866 3195 1072 3249 reverti
1101 3196 1167 3249 ad
1203 3202 1439 3267 patrem,
1455 3197 1552 3255 sed
1585 3198 1885 3255 mansisset
1964 3194 2061 3265 qui
2092 3193 2152 3248 in
2177 3193 2414 3266 epistola
2451 3209 2621 3265 quam
2664 3193 2736 3249 ad
2777 3194 3157 3255 Secundinum
3193 3213 3417 3254 senvum
3452 3199 3561 3254 Dei

272 3282 336 3361 in
370 3282 601 3353 regione
628 3283 937 3356 longinqua
964 3290 1022 3339 et
1048 3284 1249 3351 aliena,
1282 3301 1397 3340 non
1424 3286 1619 3361 utique
1646 3285 1884 3360 adeptus
1964 3282 2243 3345 inclusum
2289 3281 2621 3354 conscripsit
2662 3282 2812 3339 inter
2849 3283 2962 3345 alia
3002 3284 3083 3339 sic
3110 3284 3229 3360 ait;
3274 3285 3424 3343 Nam
3462 3292 3565 3343 tua

272 3356 433 3439 esset
455 3387 523 3425 ea
549 3387 671 3443 quae
689 3372 926 3445 adeptus
943 3378 1045 3439 est,
1070 3373 1168 3428 sed
1204 3373 1351 3429 fame
1378 3356 1665 3446 periturus
1694 3356 1882 3433 inieIi-
1964 3372 2233 3439 sanctitas
2273 3370 2403 3425 inde
2429 3388 2464 3425 3
2510 3370 2678 3437 nobis
2721 3371 3031 3442 requisivit,
3063 3379 3129 3429 ut
3152 3356 3256 3429 tibi
3295 3375 3585 3437 rescribe--

271 3459 569 3537 cissimam
600 3466 840 3519 mortem
870 3460 1151 3517 subiisset.
1180 3461 1349 3517 Vides
1395 3477 1529 3535 ergo
1560 3470 1887 3535 quantaest
1964 3476 2104 3526 rem,
2138 3461 2207 3515 de
2222 3460 2561 3523 sacerdotali
2582 3459 2782 3527 OfﬁCio,
2806 3466 2935 3531 pOSt
2960 3461 3179 3532 lapsum
3204 3465 3559 3535 remigandi,

270 3548 502 3626 utilitas
525 3550 891 3621 poenitentiae,
915 3557 1127 3622 quanta
1149 3551 1225 3607 sit
1241 3552 1621 3613 conversionis
1639 3570 1766 3626 spes
1784 3569 1886 3626 per
1963 3548 2101 3605 dum
2136 3547 2276 3605 dicis
2327 3549 2400 3605 de
2436 3548 2542 3603 hoc
2570 3564 2812 3607 canones
2842 3548 3090 3609 diversos
3118 3556 3175 3606 te
3209 3551 3430 3622 legisse,
3462 3552 3560 3608 di.

272 3624 697 3713 penitentiam,
730 3639 878 3695 ﬁlius
916 3640 1185 3712 prodigus
1224 3640 1424 3713 recipit
1457 3624 1883 3715 priorisﬁgloriae
1962 3652 2261 3709 versasque
2291 3636 2616 3698 sententias,
2650 3637 2789 3691 alias
2816 3639 3318 3709 resurgendi,alias
3344 3656 3561 3713 nequa.

271 3732 517 3795 statum,
533 3744 702 3800 quem
717 3729 905 3789 senior
923 3728 1098 3785 frater
1126 3729 1372 3786 habebat
1399 3747 1502 3802 per
1528 3730 1878 3803 patientiam,

273 3813 387 3870 etsi
407 3816 617 3891 audere
641 3817 695 3872 in
727 3816 934 3873 talibus
973 3817 1056 3873 fas
1084 3824 1187 3885 est,
1220 3818 1444 3875 videtur
1464 3819 1606 3874 mihi
1635 3821 1784 3892 quod
1816 3838 1883 3877 ex

272 3905 645 3969 conversione
663 3906 755 3961 hic
782 3906 951 3965 etiam
985 3907 1228 3979 amplius
1244 3907 1458 3981 aliquid
1482 3908 1726 3978 meruit;
1757 3909 1882 3966 vide

273 3990 435 4050 enim
468 3995 747 4067 quomodo
768 3995 957 4055 senior
984 3994 1161 4053 frater
1188 3997 1325 4053 dicit
1356 4015 1370 4052 :
1402 4018 1424 4050 ι
1454 3998 1593 4055 Ecce
1615 4003 1702 4054 tot
1718 3999 1884 4054 annis

273 4083 466 4139 servio
496 4081 616 4152 tibi,
651 4090 708 4141 et
752 4101 1044 4158 nunquam
1092 4084 1294 4142 dedisti
1336 4086 1475 4144 mihi
1522 4087 1766 4156 haedum,
1819 4094 1886 4145 ut

275 4188 411 4227 cum
440 4171 640 4228 amicis
665 4172 807 4227 meis
838 4175 1117 4247 epularer,
1152 4191 1277 4231 cum
1310 4180 1502 4232 autem
1542 4175 1698 4232 venit
1734 4176 1886 4233 ﬁlius

274 4267 415 4317 tuus
439 4259 533 4323 hic
561 4262 657 4334 qui
684 4263 928 4318 comedit
951 4264 1325 4325 substantiam
1354 4271 1514 4322 tuam
1542 4282 1670 4323 cum
1699 4282 1883 4323 mere-

1965 3741 2133 3799 quam
2145 3726 2482 3799 posse.Nam
2496 3742 2599 3781 nos
2625 3726 2967 3797 generaliter
2982 3742 3021 3787 a
3035 3727 3267 3789 Nicena
3290 3728 3561 3802 incipien-

1964 3822 2067 3881 tes,
2122 3815 2268 3875 hanc
2320 3831 2451 3872 cum
2487 3814 2718 3887 reliquis
2757 3820 3002 3887 quatuor
3042 3831 3393 3883 veneramur,
3426 3818 3564 3890 quia

1963 3905 2144 3977 ipsam
2170 3908 2466 3976 sequentes
2482 3907 2694 3960 craterae
2714 3903 2773 3960 in
2800 3903 3016 3967 cunctis
3045 3905 3564 3979 sententiisunaniv

1963 4010 2083 4051 mes
2137 3993 2496 4062 concordant,
2546 4009 2649 4049 nos
2678 4009 2813 4065 ergo
2868 3998 2928 4050 et
2952 3994 3332 4068 praecedentes
3356 3996 3565 4055 Patres

1964 4084 2272 4157 sequimur,
2325 4083 2458 4155 quia
2486 4080 2714 4151 auctore
2741 4083 2858 4149 Deo
2883 4099 2920 4139 a
2964 4100 3125 4147 sacra
3142 4084 3411 4144 doctrina
3432 4086 3560 4143 illo-

1965 4190 2095 4229 rum
2138 4190 2253 4229 non
2282 4172 2687 4239 discordamus.
2721 4173 2769 4228 Λ
2795 4173 2979 4244 capite
3006 4172 3199 4245 itaque
3218 4173 3560 4249 incipientes

1965 4279 2145 4336 usque
2163 4262 2223 4318 in
2243 4267 2508 4334 quartum
2525 4261 2723 4318 altaris
2745 4262 3123 4325 ministerium
3143 4264 3290 4322 hanc
3320 4265 3563 4323 formam

273 4351 536 4419 tricibus,
565 4352 838 4425 jugulasti
885 4360 944 4410 et
988 4354 1226 4412 vitulum
1256 4355 1579 4428 saginatum
1600 4357 1754 4428 (Luc.
1786 4351 2313 4450 xv,Dservandam.
2346 4351 2753 4450 cognoscimus,
2785 4356 2852 4406 ut
3070 4351 3565 4450 ξιιᾗὶοΐ

278 4438 409 4510 29);
446 4459 472 4505 p
506 4440 787 4519 quomodo
815 4458 950 4515 ergo
969 4459 1079 4500 non
1108 4444 1351 4517 amplius
1377 4450 1710 4503 consecutus
1738 4445 1886 4503 vide-

281 4534 397 4596 tur,
433 4527 531 4604 qui
555 4547 662 4604 per
701 4531 1091 4604 pmnitentiam
1135 4534 1326 4602 rediit,
1356 4550 1485 4590 cum
1528 4534 1623 4605 ille
1660 4535 1884 4595 haedum

281 4620 901 4695 nunquamacceperit,
933 4622 1140 4679 vitulus
1164 4622 1299 4679 huic
1322 4623 1539 4695 occisus
1564 4623 1640 4680 sit
1663 4625 1885 4697 sagina-

279 4713 399 4765 tus.
428 4708 562 4787 Haec
590 4708 784 4783 igitur,
824 4709 1164 4780 charissimi,
1194 4712 1464 4773 habentes
1493 4714 1747 4786 exempla
1768 4731 1885 4787 pre-

282 4796 560 4866 nitentiae,
574 4812 689 4859 non
722 4815 1145 4872 perseveremus
1172 4800 1232 4856 in
1260 4800 1443 4870 malis,
1486 4817 1591 4859 nec
1628 4802 1885 4876 despere-

282 4904 416 4951 mus
434 4888 966 4963 reconciliationem,
1001 4890 1100 4945 sed
1127 4889 1379 4953 dicamus
1408 4908 1424 4946 :
1455 4906 1560 4947 nos
1588 4889 1760 4959 etiam
1788 4908 1881 4948 re-

282 4975 523 5043 deamus
569 4977 642 5034 ad
695 4984 935 5052 patrem,
994 4984 1054 5035 et
1080 4979 1554 5053 approximemus
1593 4995 1698 5035 nos
1742 4980 1878 5049 Deo,

284 5083 600 5141 nunquam,
623 5068 766 5129 mihi
789 5068 973 5135 crede,
993 5068 1343 5129 aversabitur
1366 5085 1662 5127 conversos
1698 5068 1769 5126 ad
1797 5085 1875 5135 se,

286 5174 390 5215 nos
418 5172 635 5224 sumus,
672 5157 767 5229 qui
784 5158 1160 5232 nosmetipsos
1180 5157 1343 5231 longe
1363 5158 1647 5215 effecimus
1674 5174 1711 5213 a
1726 5158 1879 5225 Deo;

285 5243 405 5319 ipse
432 5246 586 5304 enim
614 5246 750 5305 dicit
781 5265 792 5301 :
830 5248 1033 5321 tDeus
1077 5248 1474 5323 approitimans
1517 5264 1623 5320 ego
1660 5263 1806 5314 sum,
1853 5265 1877 5299 ι

288 5342 346 5391 et
372 5352 486 5393 non
514 5337 665 5393 Deus
692 5336 762 5391 de
790 5323 973 5409 longe,
997 5343 1063 5413 et
1080 5334 1287 5407 iterum
1313 5353 1416 5409 per
1452 5336 1712 5401 eumdem
1759 5351 1886 5408 pro-

288 5425 539 5496 phetam,
576 5443 604 5479 α
631 5430 878 5498 peccata,
918 5426 1122 5501 inquit,
1171 5431 1438 5500 separant
1477 5442 1567 5480 me
1613 5430 1672 5480 et
1705 5441 1821 5489 vos,
1853 5445 1882 5476 ι

290 5515 333 5570 si
363 5532 499 5588 ergo
524 5522 756 5593 peccata
786 5521 920 5573 sunt
942 5533 1065 5589 qua:
1100 5532 1203 5585 nos
1240 5520 1505 5589 separant
1548 5530 1583 5571 a
1611 5514 1749 5581 Deo,
1780 5530 1885 5570 au-

1965 4439 2249 4514 przeeedit,
2271 4439 2415 4497 sicut
2432 4439 2644 4495 honore
2666 4444 2752 4494 est
2780 4440 2982 4511 major,
3004 4439 3088 4496 ita
3107 4440 3183 4496 sit
3204 4439 3266 4497 in
3298 4441 3558 4513 crimine,

1965 4536 2024 4586 et
2051 4546 2219 4602 quem
2247 4530 2429 4601 major
2452 4529 2709 4599 sequitur
2735 4528 2918 4601 culpa,
2941 4529 3125 4600 major
3149 4528 3203 4587 ei
3241 4530 3566 4603 implicetur

1963 4618 2225 4685 vindicta,
2258 4625 2316 4674 et
2339 4617 2420 4681 sic
2445 4622 2642 4690 postea
2676 4616 3562 4690 panitenﬁamdaturesseﬁn.

1964 4714 2191 4766 ctuosa:
2240 4705 2375 4779 quid
2420 4705 2573 4765 enim
2610 4706 2841 4779 prodest
2884 4706 3140 4775 triticum
3167 4709 3564 4778 seminam,»et

1963 4797 2207 4854 fructum
2223 4796 2373 4852 illius
2391 4812 2505 4852 non
2532 4795 2815 4869 colligere,
2833 4801 2935 4855 aut
2958 4796 3192 4858 domum
3208 4804 3555 4865 conmittere.

1962 4892 2022 4944 et
2037 4903 2152 4944 non
2181 4886 2293 4942 illic
2311 4885 2609 4949 habitare?
2625 4890 2756 4957 post
2781 4885 3013 4958 dignam
3040 4886 3196 4947 enim
3220 4885 3561 4961 eatisﬁcﬁop

1960 4993 2092 5033 nem
2119 4976 2399 5041 credimus
2428 4991 2590 5048 posse
2637 4974 2822 5031 redire
2848 4976 2920 5032 ad
2958 4976 3250 5043 honorem,
3283 4975 3562 5050 propheta

1960 5065 2211 5122 dicente:
2240 5082 2268 5119 α
2300 5063 2566 5137 Nunquid
2598 5063 2695 5136 qui
2714 5064 2875 5123 cedit
2901 5081 3014 5123 non
3036 5063 3352 5137 adjiciat“
3378 5080 3564 5124 resur-

1960 5159 2090 5225 gat:
2127 5159 2185 5210 et
2233 5154 2330 5226 qui
2375 5169 2604 5210 aversus
2649 5160 2755 5220 est,
2806 5170 2921 5212 non
2961 5153 3310 5213 revertetur?
3357 5172 3381 5207 ι
3424 5155 3559 5224 (In.

1963 5259 2109 5311 xxxv,
2133 5241 2412 5312 20.)ldem
2441 5250 2499 5300 et
2526 5246 2807 5318 peccatori
2825 5243 2940 5311 ait:
2970 5264 2995 5297 «
3025 5246 3092 5302 In
3111 5256 3445 5317 quacunque
3470 5238 3565 5301 die

1966 5350 2265 5389 conversus
2325 5333 2686 5405 ingemueris,
2743 5338 2879 5390 tunc
2924 5334 3111 5389 salvus
3178 5331 3292 5395 eris
3348 5331 3562 5399 (Kueh.

1967 5439 2147 5489 χχχιιι,
2178 5422 2292 5487 12›;
2324 5442 2347 5474 ι
2382 5422 2532 5478 unde
2569 5429 2627 5478 et
2662 5421 2959 5478 Psalmista
3004 5422 3087 5478 ait
3116 5440 3129 5476 ε
3188 5439 3217 5476 α
3257 5422 3369 5481 Cor
3394 5436 3564 5481 mun-

1967 5512 2103 5568 dum
2129 5527 2258 5565 crea
2283 5510 2343 5566 in
2373 5528 2483 5578 me,
2517 5512 2686 5576 Deus,
2718 5516 2776 5566 et
2801 5510 3065 5582 spiritum
3099 5514 3318 5569 rectum
3360 5510 3567 5566 inuam

292 5604 539 5671 feramus
586 5605 835 5680 medium
890 5605 1041 5662 istud
1089 5604 1461 5671 obstaculum,
1512 5610 1570 5659 et
1616 5603 1757 5658 nihil
1803 5609 1890 5658 est
1970 5603 2029 5658 in
2054 5600 2358 5657 visceribus
2392 5600 2560 5656 meis:
2613 5615 2684 5655 ne
2714 5598 2978 5673 projicias
3010 5615 3099 5659 me
3126 5617 3164 5656 ι
3187 5598 3328 5657 facie
3355 5604 3474 5670 tua,
3497 5601 3569 5656 let
