3982 6158
447 344 586 401 1315
1050 341 1111 395 Β.
1155 337 1424 395 RABANI
1465 335 1695 392 MAURI
1734 337 2019 393 ARCHIE]

2113 339 2436 399 MOGUNT.
2480 340 2777 398 OPERUM
2814 338 2997 394 PARS
3035 338 3130 393 IIl.
3547 342 3653 400 l3lG

446 469 718 543 Spiritum
756 473 1012 523 sanctum
1054 472 1216 520 tuum
1249 479 1319 518 ne
1361 462 1589 518 auferas
1617 480 1652 516 a
1682 479 1773 517 me
1804 465 1968 528 (Psal.
2004 481 2054 531 L,
2078 471 2401 539 Aparatum
2431 473 2534 533 cst,
2569 471 2789 520 tantum
2831 480 2904 519 ne
2953 461 3311 534 nosmetipsos
3352 463 3415 517 ab
3449 465 3658 536 ingressu

448 558 556 628 12).
580 577 602 609 ι
644 559 789 613 Dum
809 556 961 611 enim
984 555 1126 627 petit
1145 571 1216 608 ne
1241 571 1274 608 a
1297 554 1415 608 Deo
1445 553 1832 624 projiceretur,
1855 569 1957 624 pro
1975 553 2054 606 la-
2135 555 2410 612 bonorum
2431 555 2780 628 persistendo
2805 553 2862 607 in
2885 552 3047 606 malis
3083 551 3424 622 pertinaciter
3448 555 3659 610 excluda-

445 648 531 720 psi
558 647 740 718 culpa,
786 645 1028 700 alienam
1079 661 1172 698 rex
1203 648 1262 698 et
1292 643 1570 714 propheta
1596 641 1768 695 simul
1801 642 2056 713 rapuisse
2137 663 2281 711 mus,
2307 647 2484 700 donec
2508 644 2660 699 enim
2688 659 2884 698 sumus
2919 641 2978 695 in
3005 641 3110 694 hac
3137 639 3264 705 vita,
3295 646 3663 715 quantacunque

445 752 678 792 uxorem
749 733 1112 790 tremefactus
1157 731 1397 803 expavit,
1447 731 1724 802 propheta
1769 730 2056 786 indicante
2137 734 2298 812 nobis
2323 734 2630 788 acciderint
2647 737 2892 804 peccata,
2928 728 3186 802 possibile
3225 736 3307 783 est
3341 729 3474 784 ablui
3515 733 3664 786 omnia

446 823 724 895 ﬂagitium
745 839 930 886 suum,
946 819 1335 894 paenitentiam
1355 835 1529 890 agens
1545 818 1788 873 addidit:
1818 839 1840 870 ι
1865 819 2056 874 Redde
2137 839 2239 895 per
2266 822 2676 895 pmnitentiam,
2710 838 2837 900 cum
2870 821 3062 874 autem
3091 817 3308 872 abducti
3345 818 3582 875 fuerimus
3612 821 3666 876 de

447 913 588 969 mihi
611 912 866 968 laetitiam
882 910 1148 966 salutaris
1168 909 1273 976 tui,
1299 914 1356 963 et
1379 907 1584 980 spiritu
1602 907 1904 979 principali
1923 924 2056 962 con-
2136 912 2338 968 saeculo
2356 913 2478 978 hoc,
2499 912 2618 982 jam
2649 908 2871 964 etiamsi
2902 907 3192 980 paenitebit
3229 925 3344 972 nos,
3375 908 3518 962 valde
3550 909 3667 964 enim

447 1003 610 1058 firma
638 1017 728 1056 me
751 1003 913 1067 (Psal.
947 1017 996 1067 L,
1033 998 1141 1068 14),
1179 1020 1204 1050 ν)
1255 999 1303 1052 si
1329 997 1479 1052 enim
1532 997 1652 1068 ipse
1681 997 1911 1067 dignam
1941 997 2057 1051 Deo
2138 1000 2448 1073 paenitebit,
2483 1001 2580 1054 sed
2609 999 2768 1053 nulla
2791 997 2900 1052 erit
2941 997 3155 1050 utilitas
3186 996 3520 1067 poenitentiae,
3547 1005 3594 1052 et
3615 999 3668 1052 li-

449 1090 836 1164 paanitentiam
853 1106 967 1144 non
979 1089 1220 1152 fecisset,
1259 1103 1618 1158 nequaquam
1641 1086 1765 1140 aliis
1787 1086 2057 1157 praedica—
2139 1095 2227 1144 cet
2256 1089 2465 1143 stridor
2481 1088 2737 1142 dentium
2755 1087 2846 1151 sit,
2869 1086 2999 1140 licet
3021 1085 3268 1140 ululatus
3303 1089 3358 1139 et
3383 1085 3544 1152 ﬂetus,
3571 1087 3670 1142 licet

448 1187 537 1235 ret
560 1199 572 1247 ;
605 1179 686 1234 ait
715 1179 867 1234 enim
891 1196 902 1232 :
937 1198 960 1228 σ
995 1178 1238 1234 Doceam
1270 1176 1494 1246 iniquos
1510 1175 1627 1228 vias
1657 1181 1786 1229 tuas
1813 1181 1871 1229 et
1897 1174 2058 1246 impii
2137 1178 2442 1234 fundamus
2462 1193 2676 1249 preces,
2695 1181 2752 1230 et
2778 1174 3089 1229 innumeris
3109 1173 3556 1229 obsecrationibus
3571 1193 3671 1246 pro-

451 1270 521 1324 ad
551 1276 608 1324 te
647 1272 1046 1324 convertentur
1070 1268 1236 1334 (Psal.
1271 1281 1322 1330 L,
1358 1263 1474 1332 1:3);
1513 1283 1536 1315 ι
1582 1264 1716 1318 dum
1751 1264 1901 1318 enim
1928 1280 2058 1335 pec-
2139 1267 2465 1330 clamemus,
2499 1281 2664 1320 nemo
2711 1264 2920 1330 audiet,
2969 1279 3134 1316 nemo
3183 1261 3475 1326 subveniet,
3504 1264 3586 1317 sed
3620 1281 3672 1318 ne

450 1364 577 1414 cata
604 1374 711 1412 sua
739 1355 1024 1428 prospexit
1056 1355 1331 1426 propheta
1359 1353 1631 1406 mundata
1659 1369 1762 1424 per
1787 1352 2060 1424 poeniten-
2140 1361 2391 1410 extremo
2423 1355 2651 1426 quidem
2683 1354 2859 1422 digito
2897 1369 3102 1424 aquam
3151 1351 3277 1422 quis
3321 1351 3554 1405 infundet
3589 1353 3673 1406 lin-

452 1447 612 1514 tiam,
635 1463 750 1501 non
781 1443 1058 1500 dubitavit
1094 1441 1450 1514 prmdicando
1468 1441 1744 1511 castigare
1768 1442 1972 1508 aliena,
2003 1446 2060 1495 et
2139 1462 2264 1516 gum
2293 1448 2497 1500 nostra;
2524 1443 2719 1515 positae
2757 1442 2815 1496 in
2845 1441 3109 1505 flammis,
3131 1440 3230 1495 sed
3261 1439 3532 1495 audiemus
3569 1441 3672 1496 illud

453 1535 532 1591 sic
575 1533 912 1590 sacrificium
959 1533 1028 1587 de
1077 1531 1378 1602 semetipso
1410 1531 1610 1584 offerre
1652 1531 1886 1597 studuit,
1927 1547 2056 1585 cum
2148 1535 2294 1606 quod
2315 1535 2469 1588 dives
2488 1534 2581 1588 ille
2601 1531 2814 1588 audivit
2839 1530 2908 1584 ab
2927 1529 3232 1594 Abraham,
3257 1529 3384 1600 quia
3411 1531 3560 1584 chaos
3583 1547 3675 1584 ma-

452 1623 677 1680 dicebat
703 1642 716 1677 :
767 1641 793 1674 (ι
846 1619 1196 1676 Sacrificium
1243 1619 1359 1674 Deo
1386 1619 1619 1690 spiritus
1648 1619 2058 1674 contribulatus
2137 1639 2313 1694 gnum
2343 1624 2735 1677 conﬁrmatum
2766 1625 2852 1675 est
2881 1620 3029 1674 inter
3059 1635 3160 1673 nos
3207 1623 3265 1672 et
3311 1635 3419 1683 vos,
3449 1624 3501 1674 et
3536 1635 3678 1691 neque

449 1715 640 1786 (lbid.,
676 1728 726 1766 υ.
767 1710 876 1779 19),
907 1729 935 1762 η
971 1710 1055 1764 Ad
1077 1709 1193 1763 haec
1222 1708 1332 1762 ista
1360 1709 1716 1772 suffecerant,
1749 1709 1844 1763 sed
1876 1709 2058 1763 omnis
2140 1713 2270 1768 hinc
2316 1713 2456 1766 illud
2507 1711 2748 1766 transire
2779 1711 2975 1782 [Forte,
3021 1709 3276 1778 transiri]
3307 1714 3494 1779 potest,
3537 1724 3679 1778 neque

454 1800 733 1858 sententia
764 1815 874 1870 quo
903 1799 1030 1870 plus
1061 1797 1234 1852 sacris
1265 1797 1680 1869 Scripturarum
1718 1797 2057 1852 testimoniis
2076 1787 2270 1856 Binde
2300 1803 2426 1856 huc.

455 1891 842 1968 confirmatur,
890 1887 1108 1942 facilius
1138 1887 1388 1941 creditur
1411 1905 1428 1962 ς.
1466 1887 1536 1940 de
1581 1887 1688 1940 hoc
1733 1887 1884 1942 enim
1926 1903 2057 1960 pro-

457 1980 629 2052 pheta
647 1978 813 2032 dicit:
843 1997 866 2029 ι
895 1977 1038 2031 Nolo
1070 1981 1311 2030 mortem
1340 1976 1667 2047 peccatoris,
1714 1976 1811 2030 sed
1836 1983 1901 2031 ut
1931 1992 2060 2031 con-

456 2073 709 2124 vertatur
739 2071 798 2121 et
825 2065 974 2120 vivat
1007 2083 1020 2132 ;
1075 2084 1097 2116 ι
1149 2065 1219 2119 de
1267 2065 1373 2119 hoc
1419 2064 1780 2136 peccantibus
1809 2065 2054 2120 dicitur?
2211 2069 2452 2124 Proinde
2483 2073 2706 2140 oportet
2729 2084 2832 2122 nos
2861 2065 3138 2120 intentius
3167 2065 3512 2120 considerare
3529 2081 3584 2119 ac
3597 2065 3684 2119 sol-

459 2174 487 2210 ι
534 2157 800 2211 Peccator
845 2155 904 2209 in
947 2170 1282 2226 quacunque
1312 2154 1403 2208 die
1433 2170 1735 2208 conversus
1767 2155 2058 2225 ingemue-
2138 2159 2344 2214 licitius
2401 2164 2646 2213 tractare
2698 2157 2847 2229 quod
2901 2162 3126 2226 tempus
3183 2155 3498 2226 acquirendi
3548 2155 3686 2208 vitam

457 2246 552 2313 rit,
601 2261 798 2300 omnes
843 2243 1176 2315 iniquitates
1218 2244 1342 2314 ejus
1384 2243 1444 2300 in
1470 2243 1806 2298 oblivionem
1835 2243 2060 2298 traden-
2141 2253 2406 2304 aeternam
2439 2247 2496 2301 in
2524 2247 2634 2302 ista
2660 2251 2884 2300 tantum
2911 2244 3027 2298 vita
3047 2245 3200 2298 Deus
3222 2243 3530 2298 hominibus
3547 2243 3685 2310 dedit,

456 2340 583 2403 tur;
619 2353 644 2388 ι»
694 2333 742 2388 si
771 2333 921 2388 enim
972 2332 1316 2404 Redemptor
1350 2338 1561 2400 noster,
1607 2333 1704 2404 qui
1742 2338 2061 2404 peccatores
2141 2337 2235 2393 ubi
2257 2338 2431 2392 voluit
2448 2336 2619 2391 etiam
2644 2353 2766 2390 esse
2795 2333 3187 2406 paenitentiam
3222 2333 3566 2397 fructuosam,
3589 2331 3688 2386 ideo

457 2441 572 2480 non
602 2423 836 2496 perdere
865 2422 964 2477 sed
988 2421 1302 2493 justificare
1344 2421 1498 2477 venit
1526 2421 1584 2476 in
1637 2421 1912 2476 oblivione
1939 2439 2061 2494 pec-
2142 2433 2328 2481 autem
2350 2427 2440 2480 hic
2465 2425 2798 2497 paenitentia
2816 2425 3104 2478 fructuosa
3133 2428 3240 2489 est,
3274 2423 3405 2494 quia
3437 2427 3599 2494 potest
3619 2421 3689 2475 hic

459 2513 708 2570 cautium
731 2512 936 2567 delicta
953 2511 1311 2582 derelinquit,
1332 2511 1457 2583 quis
1485 2511 1774 2566 hominum
1803 2511 2062 2566 condem-
2145 2517 2331 2582 homo,
2361 2515 2614 2586 deposita
2651 2513 2888 2578 malitia,
2921 2512 3062 2566 bene
3101 2512 3291 2566 vivere
3320 2516 3376 2565 et
3405 2509 3600 2565 mutata
3619 2526 3691 2563 vo-

459 2603 650 2658 nanda
677 2607 924 2656 reservet
961 2600 986 2654 7
1015 2617 1141 2656 cum
1170 2601 1472 2671 Apostolus
1500 2601 1684 2655 dicat:
1735 2620 1760 2651 «
1813 2601 1871 2655 Si
1911 2601 2061 2654 Deus
2142 2605 2358 2659 luntate
2387 2605 2589 2659 merita
2619 2603 2787 2658 simul
2809 2619 3092 2674 operaque
3113 2607 3358 2667 mutare,
3383 2601 3508 2655 etin
3525 2600 3690 2654 timore

455 2692 748 2764 justificat,
769 2689 894 2762 quis
921 2694 1008 2743 est
1033 2691 1130 2760 qui
1159 2689 1526 2744 condemnet?
1558 2709 1585 2742 ι
1618 2690 1704 2744 Ad
1723 2689 1936 2744 fontem
1952 2689 2060 2743 mi-
2143 2693 2240 2748 Dei
2273 2711 2339 2748 ea
2369 2709 2566 2763 gerere
2597 2711 2718 2764 quae
2748 2692 3010 2764 placeant
3036 2690 3181 2757 Deo;
3217 2689 3365 2762 quod
3396 2689 3487 2760 qui
3525 2689 3575 2742 in
3608 2688 3691 2741 hac

461 2779 778 2838 sericordiaa
797 2783 1150 2834 recurrentes
1171 2778 1546 2849 evangelicam
1566 2778 1917 2850 proferamus
1938 2793 2063 2832 sen-
2139 2782 2252 2837 vita
2271 2798 2383 2838 non
2398 2782 2609 2847 fecerit,
2633 2780 2862 2835 habebit
2881 2779 3108 2851 quidem
3130 2778 3517 2851 paenitentiam
3557 2777 3606 2832 in
3629 2776 3694 2830 fu-

459 2869 700 2924 tentiam
741 2885 752 2920 :
803 2886 829 2920 (ί
863 2865 1152 2933 Gaudebo,
1198 2867 1400 2938 inquit,
1432 2884 1604 2940 super
1629 2884 1742 2922 uno
1771 2872 2061 2940 peccatore
2141 2876 2270 2926 turo
2298 2871 2498 2926 saeculo
2524 2869 2594 2925 de
2622 2869 2786 2924 malis
2813 2869 2948 2934 suis,
2978 2867 3076 2922 sed
3097 2867 3502 2938 indulgentiam
3521 2867 3570 2920 in
3589 2880 3692 2919 con-

461 2955 850 3030 pmnitentiam
891 2960 1094 3026 agente
1123 2971 1289 3026 quam
1335 2972 1500 3028 super
1529 2956 1838 3027 nonaginta
1863 2973 2062 3011 novem
2145 2965 2337 3032 spectu
2356 2959 2458 3015 Dei
2472 2975 2583 3014 non
2614 2958 2878 3024 inveniet,
2909 2957 3041 3028 quia
3063 2957 3168 3010 etsi
3214 2957 3328 3010 erit
3367 2955 3440 3010 ibi
3474 2953 3694 3010 stimulus

461 3045 632 3117 justis
671 3045 768 3116 qui
813 3061 928 3099 non
973 3045 1229 3115 indigent
1277 3045 1606 3116 poenitentia
1652 3046 1865 3112 (Matth.
1910 3061 2058 3112 xvm,
2145 3049 2526 3121 paenitudinis,
2549 3047 2705 3103 nulla
2725 3047 2800 3101 ibi
2821 3047 2929 3102 erit
2947 3046 3218 3100 correctio
3242 3045 3552 3110 voluntatis,
3581 3061 3610 3098 a
3632 3049 3696 3097 ta-

461 3133 554 3204 13)
577 3152 591 3202 ;
631 3153 653 3185 ι
677 3139 736 3188 et
753 3150 910 3188 ovem
931 3133 1232 3205 perditam,
1265 3133 1576 3204 nonaginta
1594 3151 1793 3188 novem
1827 3151 1938 3188 non
1969 3151 2060 3188 er-
2077 3129 2120 3188 C
2142 3137 2288 3194 libus
2318 3138 2468 3193 enim
2496 3138 2576 3192 ita
2600 3135 2920 3208 culpabitur
2947 3135 3215 3206 iniquitas
3249 3151 3369 3202 sua,
3403 3140 3466 3188 ut
3489 3133 3696 3188 nullate-

467 3222 723 3278 rantibus
741 3221 970 3289 relictis,
1009 3222 1067 3276 in
1087 3222 1324 3276 humero
1367 3223 1439 3276 ad
1473 3223 1614 3277 ovile
1654 3224 1982 3294 reportavit:
2015 3223 2062 3276 si
2141 3243 2249 3282 nus
2278 3227 2350 3282 ab
2380 3227 2460 3282 eis
2488 3225 2666 3298 possit
2697 3227 2790 3280 vel
2829 3224 2985 3296 diligi
3017 3224 3101 3278 vel
3151 3223 3459 3278 desiderari
3493 3221 3697 3294 justitis.

2229 1939 2360 1992 CAP.
2389 1937 2486 1992 IX.
2515 1967 2579 1978 —
2603 1937 2676 1991 De
2703 1942 2937 2005 tempore
2959 1937 3296 2003 paenitentia
3323 1935 3604 2000 fructum.

465 3313 584 3367 ovis
595 3327 791 3366 errans
806 3317 935 3383 post
953 3311 1334 3366 inventionem
1355 3311 1424 3365 ad
1446 3311 1588 3366 ovile
1619 3313 1856 3366 humero
1876 3327 2066 3384 repor-
2143 3317 2401 3372 voluntas
2423 3315 2572 3371 enim
2602 3331 2799 3370 eorum
2828 3314 2957 3368 talis
2977 3313 3104 3379 erit,
3126 3318 3191 3368 ut
3211 3312 3420 3368 habeat
3438 3312 3494 3366 in
3511 3328 3566 3365 se
3583 3325 3699 3365 sem-

464 3405 636 3469 tatur,
689 3416 790 3456 cur
835 3405 964 3472 post
1006 3415 1233 3472 pcenam
1283 3401 1353 3454 ad
1402 3401 1659 3456 Ecclesiae
1687 3401 2064 3456 ministerium
2141 3422 2244 3478 per
2271 3404 2640 3477 malignitatis
2671 3421 2784 3458 suae
2829 3403 3182 3474 supplicium,
3216 3418 3507 3472 nunquam
3543 3407 3700 3454 tamen

466 3490 727 3545 minister
744 3506 856 3544 non
878 3489 1206 3545 revocetur?
1236 3489 1382 3555 Quid
1411 3495 1498 3545 est
1525 3507 1658 3561 ergo
1687 3491 1913 3560 gravius
1938 3507 2063 3546 car-
2142 3495 2389 3567 recipere
2435 3494 2611 3566 possit
2659 3493 2925 3547 bonitatis
2973 3492 3254 3555 alfectum,
3289 3492 3420 3562 quia
3452 3490 3584 3544 sicut
3616 3487 3698 3550 illi,

463 3579 591 3634 nale
621 3579 886 3634 delictum
941 3578 1257 3647 admittere,
1311 3579 1432 3634 sine
1470 3597 1579 3651 quo
1608 3596 1720 3634 non
1749 3580 1932 3645 multi,
1965 3580 2064 3634 sed
2143 3584 2237 3656 qui
2265 3600 2391 3638 cum
2423 3583 2648 3638 Christo
2674 3570 3006 3653 regnabunt,
3041 3581 3225 3634 nullas
3266 3578 3326 3634 in
3360 3597 3420 3634 se
3462 3579 3606 3634 malae
3629 3593 3702 3630 vo-

464 3669 628 3743 pauci
650 3668 1030 3734 inveniuntur,
1053 3674 1154 3724 aut
1186 3667 1288 3724 Dei
1310 3669 1512 3724 Filium
1534 3669 1785 3724 timendo
1804 3685 2011 3739 negare
2040 3670 2064 3722 ?
2141 3673 2374 3728 luntatis
2403 3671 2671 3743 reliquias
2700 3670 3003 3737 habebunt,
3027 3670 3110 3724 ita
3131 3669 3210 3723 illi
3233 3671 3332 3740 qui
3350 3675 3513 3724 erunt
3526 3665 3702 3740 suppli-

464 3758 530 3813 In
561 3774 671 3830 quo
694 3764 922 3830 peccato
952 3757 1136 3829 ipsum
1169 3757 1394 3812 beatum
1439 3759 1749 3830 principem
1789 3759 2066 3830 apostolo-
2141 3763 2228 3817 cio
2248 3761 2394 3833 ignis
2411 3761 2604 3816 aeterni
2621 3777 2750 3814 cum
2768 3759 2989 3814 diabolo
3009 3764 3066 3812 et
3084 3759 3302 3829 angelis
3321 3760 3443 3830 ejus
3461 3754 3698 3829 deputati,

463 3864 592 3902 rum
611 3847 863 3914 Petrum,
879 3847 953 3902 ad
973 3849 1135 3919 cujus
1156 3863 1304 3903 nunc
1325 3864 1527 3919 corpus
1546 3847 1761 3918 indigni
1781 3848 2060 3915 sedemus,
2142 3851 2289 3906 sicut
2317 3851 2530 3906 nullam
2563 3850 2801 3905 ulterius
2831 3848 3122 3904 habebunt
3149 3849 3423 3919 requiem,
3439 3847 3515 3901 sic
3528 3845 3700 3899 bonam

466 3936 689 4009 lapsum
705 3953 826 3992 esse
853 3936 1261 4008 cognoscimus,
1286 3937 1384 3991 sed
1412 3941 1540 4008 post
1573 3937 1930 4008 negationem
1953 3953 2064 4008 ρω-
2141 3941 2464 3996 nullatenus
2504 3939 2711 3994 habere
2755 3942 3061 4010 potuerunt
3103 3937 3472 4002 voluntatem,
3504 3941 3558 3989 et.
3585 3935 3705 3988 sicut

466 4024 706 4080 nitentia
728 4030 923 4080 secuta
941 4031 1045 4091 est,
1089 4030 1146 4079 et
1177 4031 1305 4096 post
1333 4024 1720 4096 paenitentiam
1753 4025 2066 4080 misericor-
2141 4029 2524 4084 cohaeredibus
2573 4027 2783 4082 Christi
2830 4026 3056 4080 dabitur
3111 4025 3379 4097 perfectio
3425 4022 3607 4094 gratiae
3647 4018 3704 4074 ad

463 4114 562 4170 dia
587 4115 740 4177 data,
773 4113 907 4185 quia
932 4114 1092 4168 illum
1122 4113 1194 4167 ab
1222 4115 1539 4184 apostolatu
1571 4129 1684 4169 non
1712 4115 1932 4186 dejecit,
1968 4115 2064 4186 qui
2143 4123 2409 4173 aeternam
2437 4117 2697 4188 gloriam,
2730 4117 2810 4171 sic
2846 4099 3197 4170 consortibus
3225 4113 3451 4178 diaboli,
3483 4110 3705 4168 cumula-

465 4207 598 4259 ante
643 4201 892 4276 seipsum
937 4219 1144 4273 negare
1173 4203 1444 4274 praedixit.
1473 4203 1878 4258 Convertamur
1907 4220 2059 4275 ergo,
2144 4207 2366 4278 bitipsa
2385 4205 2708 4277 malignitas
2726 4221 2970 4277 pmnam,
2997 4203 3220 4275 quando
3245 4201 3601 4257 exterioribus
3624 4198 3705 4253 de-

465 4309 500 4348 o
528 4290 850 4347 amicissimi
881 4291 1040 4358 mihi,
1072 4297 1130 4346 et
1171 4292 1468 4347 redeamus
1497 4293 1568 4347 ad
1596 4293 1938 4349 voluntatem
1959 4293 2062 4347 Dei
2144 4296 2328 4368 putati
2347 4295 2614 4361 tenebris,
2633 4293 2790 4349 nullo
2807 4291 3240 4348 illustrabuntur
3255 4291 3508 4346 interiori
3525 4286 3706 4344 lumine

465 4380 1136 4453 implendam,propterea
1155 4381 1305 4436 enim
1327 4382 1535 4436 creavit
1554 4399 1656 4437 nos
1671 4383 1822 4438 Deus
1854 4389 1910 4436 (τ
1943 4385 2414 4490 esseDvcritatis.
2441 4383 2682 4439 Proinde
2709 4383 2862 4437 omni
2892 4382 3106 4437 homini
3139 4382 3200 4435 in
3226 4382 3334 4436 hac
3359 4381 3471 4435 vita
3487 4395 3598 4433 esse
3622 4392 3708 4448 po-

465 4469 593 4490 .--μ
818 4486 922 4490 _-_
1248 4475 1308 4490 ,Α
1828 4489 1839 4490 ,
1889 4471 2060 4490 ηιμμ
2152 4481 2163 4490 .
2239 4480 2248 4490 .
2550 4489 2555 4490 ,
2635 4473 2667 4490 ..
3484 4475 3707 4490 λω-,μ

463 4469 614 4538 fecit,
675 4470 772 4542 qui
818 4486 930 4526 non
969 4487 1212 4538 eramus,
1247 4475 1312 4526 ut
1347 4477 1559 4526 mterna
1603 4471 1764 4526 nobis
1815 4489 1845 4526 c
1868 4469 2258 4530 ~nferat”test
2297 4473 2453 4529 utilis
2499 4472 2848 4545 paenitentia,
2891 4487 3060 4543 quam
3109 4486 3442 4542 quocunque
3484 4475 3708 4539 tempore

465 4558 631 4627 bona,
677 4564 736 4614 et
782 4565 1011 4632 praestet
1052 4577 1228 4632 regna
1264 4561 1552 4628 caelorum,
1586 4577 1699 4616 non
1729 4577 1830 4616 nos
1863 4561 1932 4616 ad
1962 4562 2067 4616 hoc
2146 4565 2314 4620 homo
2343 4563 2542 4634 egerit,
2583 4561 2894 4634 quamlibet
2924 4560 3166 4632 iniquus,
3212 4558 3519 4631 quamlibet
3555 4570 3709 4610 anno-

463 4647 614 4715 fecit,
639 4653 706 4702 ut
721 4649 994 4718 gehennae
1012 4665 1115 4704 nos
1143 4649 1352 4716 tradat,
1385 4650 1615 4722 ignique
1651 4659 1942 4723 perpetuo,
1974 4667 2066 4705 rc-
2146 4669 2261 4720 sus,
2293 4652 2339 4708 si
2365 4657 2484 4707 toto
2513 4651 2680 4708 corde
2711 4649 3117 4706 renuntiaverit
3144 4649 3386 4720 peccatis
3420 4643 3704 4719 praeteritis.

463 4753 639 4810 gnum
669 4737 935 4792 caelorum
950 4744 1182 4810 propter
1200 4756 1320 4806 nos,
1343 4739 1601 4810 gehenna
1620 4746 1850 4812 propter
1878 4739 2066 4795 diabo—
2147 4747 2206 4796 et
2230 4759 2332 4814 pro
2361 4741 2431 4796 iis
2451 4741 2509 4796 in
2530 4746 2835 4812 conspectu
2856 4739 2976 4805 Dei,
2999 4755 3112 4793 non
3145 4739 3327 4792 solum
3356 4735 3608 4808 corporis,
3626 4729 3708 4785 sed

463 4825 583 4881 lum
603 4825 750 4882 facta
773 4833 876 4894 est,
900 4831 960 4881 et
986 4827 1092 4882 hoc
1111 4827 1192 4882 ita
1212 4833 1441 4888 esseest
1461 4845 1524 4883 ex
1538 4829 1851 4899 Evangelii;
1873 4829 2067 4884 docea-
2146 4831 2319 4886 etiam
2341 4830 2524 4885 cordis
2555 4830 2833 4902 lacrymas
2860 4828 3086 4892 fuderit,
3117 4835 3176 4882 et
3203 4827 3478 4882 malorum
3504 4834 3708 4895 cperam

466 4932 612 4986 mus,
632 4915 753 4992 ipse
772 4915 921 4972 enim
943 4916 1216 4972 Dominus
1253 4917 1389 4972 dicit
1408 4917 1495 4972 his
1528 4917 1623 4989 qui
1654 4918 1914 4972 adexii'is
1942 4919 2065 4990 ejus
2147 4920 2396 4976 maculas
2417 4919 2580 4974 bonis
2610 4918 2872 4990 operibus
2901 4917 3114 4972 diluere
3160 4915 3452 4981 curaverit,
3486 4911 3707 4968 omnium

468 5012 630 5062 sunt:
665 5025 691 5058 ι
723 5005 944 5074 Venite,
983 5005 1262 5062 benedicti
1303 5007 1486 5062 Patris
1513 5007 1643 5072 mei,
1676 5007 1944 5080 percipite
1973 5024 2064 5062 re-
2147 5015 2503 5082 peccatorum
2541 5007 2950 5077 indulgentiam
2996 5023 3126 5060 mox
3171 5004 3415 5069 habebit,
3449 5004 3548 5057 hoc
3579 4999 3706 5054 enim

469 5112 645 5167 gnum
696 5095 845 5168 quod
877 5093 1033 5184 vobis
1081 5100 1341 5166 paratum
1393 5101 1480 5151 est
1524 5096 1594 5151 ab
1623 5096 1839 5167 origine
1872 5097 2065 5152 mundi
2147 5098 2308 5154 nobis
2328 5097 2602 5154 Dominus
2622 5097 2947 5184 prophetico
2968 5095 3248 5166 promittit
3267 5093 3484 5164 eloquio
3503 5091 3702 5184 diana:

472 5185 684 5254 (Matth.
715 5201 836 5239 xxv.
869 5181 958 5252 34)
988 5203 1001 5252 ;
1031 5183 1141 5239 illis
1170 5189 1360 5240 autem
1408 5185 1502 5256 qui
1558 5202 1593 5240 a
1646 5185 1888 5240 sinistris
1945 5187 2067 5257 ejus
2151 5206 2179 5242 α
2212 5187 2269 5242 Si
2316 5174 2832 5242 conversus‘fueris
2884 5189 2941 5241 et
2986 5184 3346 5254 ingemueris,
3395 5182 3571 5236 salvus
3612 5174 3707 5230 eris

471 5278 622 5336 sunt,
646 5273 785 5330 dicit
813 5291 826 5329 :
864 5292 890 5326 α
927 5273 1205 5330 Discedite
1231 5291 1268 5329 a
1320 5289 1431 5340 me,
1463 5274 1764 5336 maledicti,
1791 5275 1846 5328 in
1877 5275 2066 5346 ignem
2151 5277 2360 5345 (Ezech.
2409 5278 2599 5341 xxxiii,
2653 5273 2776 5344 12);
2811 5293 2838 5328 )›
2873 5279 2930 5329 et
2973 5273 3086 5328 alio
3123 5274 3244 5328 loco
3271 5272 3471 5326 dicitur
3499 5287 3512 5325 :
3548 5287 3568 5319 ι
3597 5263 3703 5329 Fili,

471 5367 765 5429 sternam,
797 5362 892 5433 qui
930 5368 1276 5434 praeparatus
1293 5369 1380 5418 est
1393 5362 1616 5418 diabolo
1633 5369 1691 5418 et
1709 5364 1923 5434 angelis
1945 5365 2066 5434 ejus
2147 5362 2408 5437 peccasti,
2439 5379 2511 5418 ne
2541 5361 2777 5434 adjicias
2807 5362 3014 5416 iterum
3048 5361 3236 5428 (Eccli.
3270 5375 3376 5426 xxi,
3407 5359 3478 5427 1),
3501 5376 3527 5410 n
3551 5351 3638 5409 sed
3659 5355 3707 5404 et

473 5449 658 5517 (Ibid,
690 5449 803 5519 41),
832 5469 855 5502 ι
888 5467 998 5505 non
1031 5451 1186 5518 dixit,
1221 5451 1395 5518 vobis,
1427 5452 1525 5506 sed
1551 5451 1772 5507 diabolo
1798 5472 1808 5518 ;
1843 5452 1888 5506 si
1917 5453 2068 5507 enim
2148 5449 3426 5524 depraeteritisdeprecare,uttibidimittantur,
3446 5455 3704 5516 nunquam

471 5543 704 5609 pmpter
735 5537 1021 5594 diabolum
1069 5541 1328 5610 gehenna
1375 5541 1542 5610 ignis,
1603 5547 1834 5615 propter
1890 5541 2069 5596 homi-
2148 5541 2360 5614 peccati
2399 5547 2548 5596 esset
2581 5541 2793 5596 indicta
2842 5556 2944 5611 pro
3002 5539 3244 5610 peccatis
3297 5534 3612 5608 deprecatio,
3663 5527 3702 5583 si

473 5636 605 5684 nem
635 5641 872 5699 regnum
901 5628 1168 5686 calorum
1198 5647 1232 5686 a
1279 5629 1677 5686 constitutione
1705 5631 1902 5686 mundi
1931 5647 2070 5703 prae-
2149 5629 2472 5703 deprecanti
2493 5645 2605 5685 non
2623 5635 2774 5686 esset
2789 5628 3046 5684 remissio
3058 5626 3426 5696 concedenda,
3442 5622 3533 5679 sed
3551 5619 3696 5677 etiam

3846 676 3849 790 l

3849 798 3851 864 ι
