3892 6150
239 299 347 359 1317

1367 298 1462 352 DE
1500 296 1703 354 MODO
1742 292 2241 352 PCENITENTUE.

3306 295 3443 355 1318

233 421 509 497 poenitentia
534 419 807 491 peccatori
827 423 962 474 tunc
989 420 1234 490 prodest,
1268 421 1315 476 si
1347 438 1471 477 eam
1501 423 1561 478 in
1582 423 1765 479 Eccle-
1779 423 1827 483 A
1850 420 2087 491 gissima
2106 424 2414 487 senectute,
2436 421 2533 476 sed
2550 422 2916 493 hoctempore
2937 420 3065 488 isto,
3092 421 3217 476 vide
3232 425 3447 494 quanta

231 514 298 568 sia
319 508 558 566 catholica
576 512 757 578 gerat,
789 507 879 562 cui
900 509 1050 563 Deus
1080 508 1138 563 in
1168 526 1407 581 persona
1440 511 1590 566 beati
1612 511 1766 567 Petri

228 600 399 673 ligandi
446 596 796 668 solvendique
859 595 1057 651 tribuit
1118 602 1474 669 potestatem,
1524 600 1758 655 dicens:

231 707 256 745 ί
279 690 389 754 Quae
414 685 715 757 alligaveris
744 702 915 756 super
943 690 1176 753 terram,
1209 692 1377 742 erunt
1420 689 1601 759 ligata
1623 694 1680 744 et
1705 688 1763 743 in

224 777 347 833 caelis
376 795 386 830 :
417 781 606 845 etquae
645 774 875 829 solveris
911 792 1081 846 super
1124 780 1354 843 terram,
1386 783 1553 832 erunt
1581 778 1765 832 soluta

225 867 333 922 etin
351 864 486 919 calls
516 864 720 933 (Matth.
746 880 897 930 xvm,
937 862 1045 933 18).
1074 886 1099 911 ι
1129 865 1194 920 In
1225 882 1556 937 quacunque
1593 866 1766 937 igitur

221 958 356 1011 homo
370 957 518 1009 atate
536 969 725 1006 veram
746 958 1104 1023 peccatorum
1123 970 1354 1009 suorum
1375 954 1763 1026 paenitentiam

222 1043 381 1114 egerit,
412 1048 466 1096 et
488 1041 657 1095 vitam
687 1057 847 1096 suam
891 1042 1007 1096 Deo
1036 1042 1392 1097 illuminante
1439 1044 1761 1111 correxerit,

218 1149 308 1187 non
333 1130 1000 1202 privabiturindulgentia
1028 1148 1282 1198 munere,
1307 1132 1442 1203 quia
1469 1133 1636 1199 Deus,
1656 1134 1765 1187 sic-

217 1228 267 1277 ut
290 1237 378 1292 per
396 1220 725 1291 Prophetam
756 1219 909 1286 dicit,
942 1235 1056 1274 non
1088 1220 1207 1274 vult
1244 1226 1485 1275 mortem
1527 1222 1768 1276 morien-

214 1310 286 1373 tis,
313 1314 566 1380 quantum
588 1313 654 1363 ut
680 1314 998 1363 revertatur
1025 1325 1060 1363 a
1088 1308 1177 1363 via
1207 1326 1311 1365 sua
1338 1311 1506 1377 mala,
1539 1316 1597 1365 et
1622 1311 1770 1366 vivat

212 1399 368 1452 anima
388 1398 503 1468 ejus
531 1398 744 1467 (Ep/ws.
777 1412 964 1463 χχχιιι,
1002 1396 1108 1466 11).
1140 1399 1543 1454 Verumtamen
1580 1400 1767 1454 nullus

209 1488 466 1541 hominum
485 1486 652 1541 debet
671 1486 774 1541 sub
789 1487 1173 1541 misericordia
1201 1488 1302 1542 Dei
1329 1488 1388 1542 in
1417 1489 1533 1543 suis
1554 1489 1766 1543 diutius

206 1592 460 1631 remanere
480 1576 744 1647 peccatis,
777 1592 906 1631 cum
927 1576 1098 1631 etiam
1129 1576 1189 1631 in
1216 1576 1339 1648 ipso
1359 1594 1589 1649 corpore
1601 1594 1765 1633 nemo

208 1665 316 1719 velit
340 1665 436 1719 sub
463 1682 560 1736 spe
589 1665 793 1720 futura
833 1665 1029 1720 salutis
1059 1665 1272 1720 diutius
1300 1671 1590 1738 agrotare,
1627 1667 1768 1721 tales

1846 510 2187 565 intervenire
2198 511 2648 581 possunt.Primo
2663 511 2810 583 quod
2826 527 3010 578 nemo,
3031 509 3251 566 etiamsi
3264 529 3443 585 usque

1846 599 1916 653 ad
1944 615 2241 669 vesperum
2272 600 2578 670 perveniat,
2601 605 2788 656 certus
2800 605 2902 665 est,
2922 599 3123 655 deinde
3150 601 3299 673 quod
3321 617 3444 657 mo-

1846 686 1972 741 bilis
2001 704 2223 759 semper
2254 687 2631 754 humanarum
2647 706 2836 744 rerum
2862 693 3042 743 status
3061 694 3165 757 est,
3180 689 3444 762 frequen-

1844 782 1933 830 ter
1962 777 2112 831 enim
2148 777 2263 831 vita
2291 777 2517 849 quidem
2559 779 2790 850 longum
2835 783 3059 850 tempus
3095 779 3440 851 producitur,

1845 881 1948 918 nec
1967 870 2159 920 tamen
2189 866 2484 921 facultates
2511 884 2577 922 ac
2613 868 2819 923 divitia
2857 868 2908 922 ei
2950 868 3193 923 ﬁdeliter
3220 884 3443 940 perma-

1846 959 1999 1019 nent,
2026 955 2123 1009 sed
2153 972 2299 1027 sape
2328 956 2532 1011 accidit
2571 962 2634 1011 ut
2678 958 2835 1028 prius
2878 957 3002 1029 quis
3047 957 3246 1029 opibus
3274 974 3444 1030 quam

1846 1042 1960 1096 vita
1979 1043 2202 1099 deficiat
2223 1064 2236 1111 ;
2266 1051 2652 1100 verumtamen
2674 1046 3046 1101 concedamus
3063 1046 3165 1102 tibi
3182 1047 3367 1103 vivere
3386 1052 3445 1107 to

1848 1148 2010 1203 posse
2041 1149 2218 1188 annos
2248 1135 2473 1200 multos,
2492 1140 2550 1189 et
2570 1136 2781 1189 nullam
2809 1136 3283 1207 permutationem
3295 1142 3444 1192 tem-

1850 1237 2049 1292 porum
2063 1223 2263 1292 pati,et
2275 1228 2566 1294 quantum,
2592 1241 2797 1295 quaso,
2811 1225 2948 1280 illud
2965 1224 3131 1297 spatii
3146 1226 3217 1280 ad
3233 1230 3444 1281 atema

1850 1310 2157 1381 supplicia?
2173 1317 2447 1383 quantum
2468 1313 2573 1367 hoc
2588 1316 2610 1336 "
2630 1313 2935 1368 voluntatis
2957 1315 3133 1382 (Forte
3158 1319 3258 1383 leg.
3291 1315 3443 1370 volu-

1848 1399 2042 1470 ptatis]
2061 1405 2163 1466 est,
2195 1401 2265 1455 ad
2294 1401 2417 1456 illas
2445 1401 2807 1457 exsecrabiles
2837 1408 2895 1457 et
2924 1402 3303 1458 intolerabiles
3322 1419 3442 1475 pa-

1848 1503 1949 1541 nas
1964 1489 1989 1541 7
2001 1506 2130 1544 nam
2152 1495 2209 1544 et
2227 1490 2285 1544 in
2301 1490 2404 1544 hac
2417 1490 2641 1561 quidem
2655 1491 2786 1559 vita,
2822 1492 2936 1546 sive
2946 1491 3112 1558 bona,
3143 1493 3258 1547 sive
3270 1492 3439 1561 mala,

1848 1578 2149 1632 terminum
2182 1584 2345 1633 suum
2376 1584 2604 1645 norunt,
2640 1596 2881 1651 eumque
2910 1580 3174 1635 velociter
3202 1581 3443 1637 sortiun-

1848 1670 1960 1733 tur,
1993 1666 2052 1721 in
2077 1667 2266 1722 futuro
2297 1672 2485 1723 autem
2520 1670 2721 1723 saculo
2750 1674 2989 1741 utraque
3034 1669 3443 1725 immortalibus

202 1753 328 1807 enim
354 1755 442 1825 qui
463 1753 532 1807 ab
559 1753 955 1825 iniquitatibus
983 1754 1102 1808 suis
1141 1754 1401 1809 recedere
1446 1756 1757 1826 negligunt,
1776 1748 1823 1808 B
1844 1754 2039 1826 spatiis
2068 1756 2498 1826 protenduntur.
2525 1757 2683 1811 Adde
2707 1768 2765 1812 et
2796 1758 2933 1812 illud
2956 1759 3103 1829 quod
3132 1759 3303 1814 etiam
3331 1774 3445 1831 pa-

194 1848 250 1896 et
263 1841 355 1896 sibi
381 1842 446 1897 de
472 1843 591 1897 Deo
620 1842 1027 1914 indulgentiam
1058 1844 1476 1914 repromittunt,
1510 1860 1767 1899 nonnun-

199 1947 341 2002 quam
360 1931 438 1986 ita
464 1932 887 2003 praveniuntur
908 1932 1201 2004 repentino
1231 1933 1332 1987 Dei
1362 1932 1567 1999 furore,
1591 1939 1649 1987 et
1664 1949 1766 1988 nec

198 2020 544 2075 conversionis
589 2026 835 2092 tempus,
880 2038 981 2076 nec
1026 2020 1360 2076 beneﬁcium
1418 2021 1765 2076 remissionis

194 2109 468 2164 inveniant.
488 2110 625 2165 Ideo
638 2126 1098 2182 unumquemque
1113 2116 1360 2165 vestrum
1391 2118 1586 2166 sancta
1614 2110 1763 2166 Scri-

194 2204 338 2269 ptura
384 2199 626 2270 benigne
668 2205 976 2271 pramonet
1017 2200 1209 2254 dicens
1242 2216 1254 2253 :
1291 2218 1318 2252 α
1344 2200 1427 2254 Ne
1456 2200 1765 2255 tardaveris

188 2289 411 2343 converti
441 2289 513 2343 ad
544 2290 873 2357 Dominum,
889 2296 946 2344 et
970 2305 1041 2343 ne
1058 2289 1284 2343 differas
1304 2288 1373 2343 de
1393 2289 1484 2343 die
1512 2290 1572 2343 in
1590 2289 1759 2344 diem.

188 2376 365 2431 Subito
392 2378 543 2434 enim
572 2379 762 2432 veniet
787 2379 872 2432 ira
903 2380 1045 2448 ejus,
1064 2384 1122 2432 et
1146 2378 1205 2432 in
1233 2383 1486 2449 tempore
1508 2378 1766 2434 vindicta

186 2465 453 2538 disperdet
479 2474 536 2522 te
568 2468 759 2535 (Eccli.
793 2484 847 2534 v,
882 2467 940 2536 8)
994 2486 1020 2520 »
1054 2466 1199 2521 Dicit
1225 2467 1396 2521 etiam
1434 2466 1631 2520 beatus
1661 2467 1768 2521 Da-

184 2555 264 2608 vid
294 2575 305 2608 :
330 2576 351 2607 ε
386 2556 566 2611 Hodie
598 2557 645 2611 si
672 2572 864 2610 vocem
894 2557 1017 2627 ejus
1042 2555 1351 2621 audieritis,
1384 2548 1559 2609 nolite
1588 2555 1767 2609 obdu-

183 2646 478 2700 rarecorda
510 2651 702 2700 vestra
733 2648 893 2705 (Psal.
928 2661 1070 2710 xcrv,
1110 2646 1181 2713 8),
1212 2664 1235 2696 ι
1268 2645 1359 2699 cui
1396 2644 1594 2699 beatus
1626 2660 1767 2715 quo-

181 2749 277 2802 que
304 2734 512 2789 Paulus
535 2735 840 2789 concordat
866 2734 952 2788 his
981 2733 1163 2788 verbis
1196 2751 1207 2786 :
1238 2754 1260 2785 ς
1294 2734 1509 2800 Videte,
1543 2733 1763 2799 fratres,

180 2836 244 2876 ne
262 2822 401 2877 forte
422 2824 499 2878 sit
529 2825 593 2879 in
622 2824 811 2895 aliquo
832 2828 1082 2878 vestrum
1111 2839 1208 2877 cor
1234 2823 1446 2877 malum
1474 2822 1771 2877 increduli-

175 2912 296 2966 tatis
328 2913 663 2969 discedendi
692 2929 725 2967 a
756 2914 870 2967 Deo
898 2912 1039 2979 vivo,
1072 2913 1171 2966 sed
1220 2911 1598 2967 adhortamini
1646 2927 1771 2966 vos-

1846 1860 1931 1898 na
1959 1842 2136 1914 ipsius
2161 1845 2325 1915 longe
2353 1845 2467 1899 alia
2513 1851 2570 1900 et
2606 1846 2826 1901 diversa
2869 1846 3115 1902 conditio
3161 1853 3265 1916 est,
3297 1847 3443 1920 ignis

1846 1931 1996 1986 enim
2026 1932 2116 1987 hic
2154 1933 2249 2005 qui
2279 1933 2338 1987 in
2369 1935 2631 2005 praesenti
2680 1934 2796 1989 vita
2841 1941 2945 2004 est,
2971 1935 3217 1991 absumit
3243 1943 3445 1994 cuncta

1847 2038 1969 2092 qua
1998 2021 2213 2094 recipit,
2245 2023 2339 2078 ille
2371 2039 2499 2077 vero
2550 2040 2689 2095 quos
2724 2029 3009 2096 receperat
3054 2042 3279 2097 semper
3313 2043 3443 2083 cru-

1845 2110 1974 2175 ciat,
1990 2116 2047 2164 et
2067 2128 2244 2182 pana
2261 2128 2375 2167 sua
2388 2129 2612 2184 semper
2642 2113 2893 2184 integros
2927 2120 3129 2181 servat,
3144 2121 3444 2187 propterea

1846 2198 1995 2251 enim
2018 2203 2077 2252 et
2097 2198 2569 2269 inexstinguibilis
2587 2199 2809 2268 dicitur,
2825 2217 2937 2258 non
2957 2202 3142 2257 solum
3168 2202 3302 2272 quia
3318 2202 3441 2274 ipse

1847 2303 1961 2341 non
1990 2287 2383 2358 exstinguitur,
2414 2288 2511 2343 sed
2541 2288 2676 2360 quia
2702 2306 2804 2344 nec
2831 2306 2926 2345 eos
2968 2307 3107 2362 quos
3135 2286 3443 2362 susceperit

1848 2376 2156 2446 exstinguit
2177 2383 2277 2431 aut
2293 2376 2536 2449 perimit,
2573 2395 2685 2432 non
2706 2395 2839 2449 ergo
2862 2384 3128 2450 putemus
3153 2380 3288 2452 quia
3312 2396 3443 2452 sup-

1847 2464 2143 2536 pliciorum
2170 2465 2433 2521 nimietas
2455 2467 2576 2538 ipsa
2588 2467 2819 2522 donabit
2831 2468 3000 2523 ﬁnem
3030 2470 3305 2531 dolorum,
3319 2470 3438 2539 sed,

1849 2558 1915 2608 ut
1940 2553 2200 2621 diximus,
2226 2556 2687 2627 peccataquidem
2708 2572 2902 2628 poenas
2915 2558 3244 2623 accendunt,
3262 2558 3441 2613 incor-

1849 2643 2036 2714 ruptio
2074 2660 2203 2697 vero
2258 2644 2459 2699 anima
2512 2650 2570 2699 et
2616 2646 2863 2717 corporis
2895 2646 3112 2700 nullum
3155 2647 3442 2718 suppliciis

1848 2732 2153 2789 terminum
2183 2732 2357 2788 dabit.
2386 2733 2487 2788 Dic
2533 2751 2665 2804 ergo
2719 2751 2868 2789 nunc
2921 2739 3133 2806 quanta
3186 2738 3444 2807 tempora

1853 2820 2102 2887 luxuria,
2140 2839 2262 2892 qua
2289 2822 2617 2877 deliciarum
2641 2824 2826 2895 spatia
2853 2840 3178 2895 comparare
3202 2824 3284 2879 vis
3311 2825 3443 2880 tali-

1854 2907 1959 2964 bus
1986 2910 2164 2981 poenis
2181 2911 2206 2963 ?
2231 2917 2457 2966 centum
2486 2913 2671 2984 placet
2700 2929 2876 2968 annos
2890 2913 3104 2968 deliciis
3120 2913 3275 2981 dare,
3300 2914 3444 2969 adde

178 3002 435 3073 metipsos
468 3020 578 3075 per
606 3003 858 3073 singulos
903 3002 1043 3068 dies,
1074 3001 1251 3056 donec
1292 3001 1457 3056 hodie
1482 3001 1768 3072 cognomi-
1798 3070 1830 3075 Α
1855 3004 1913 3053 et
1939 2999 2079 3053 alios
2107 3004 2352 3068 centum,
2370 3000 2417 3054 si
2436 3000 2574 3055 libet
2590 3002 2775 3056 decies
2803 3009 3028 3058 centum
3057 3003 3219 3069 adde,
3237 3007 3294 3057 et
3321 3019 3446 3074 qua

170 3070 345 3157 natur,
380 3098 448 3147 ut
470 3070 596 3148 non
625 3070 934 3146 obduretur
981 3091 1077 3162 qui
1112 3108 1178 3145 ex
1207 3090 1362 3145 vobis
1390 3070 1611 3145 fallacia
1646 3107 1770 3162 pec-
1791 3070 1832 3126 (ἶ
1855 3088 1965 3142 erit
1992 3106 2057 3143 ex
2085 3089 2173 3143 his
2197 3089 2269 3143 ad
2288 3090 2660 3145 atemitatem
2679 3092 3061 3162 comparatio?
3080 3109 3266 3147 nonne
3279 3070 3447 3149 omne

171 3181 289 3234 cati.
314 3201 341 3235 »
385 3182 689 3238 Obdurato
729 3181 905 3252 igitur
945 3180 1113 3234 corde
1154 3181 1307 3246 vivit,
1338 3180 1454 3234 sive
1499 3181 1595 3251 qui
1645 3196 1772 3235 con-

165 3271 395 3326 vertitur
426 3272 744 3343 desperans
774 3270 844 3324 de
870 3269 1221 3340 indulgentia
1246 3265 1622 3340 peccatorum,
1656 3269 1771 3324 sive

163 3361 255 3431 qui
282 3361 362 3414 sic
388 3360 845 3415 misericordiam
867 3358 969 3414 Dei
997 3363 1204 3430 sperat,
1238 3363 1296 3412 et
1321 3374 1497 3429 usque
1518 3357 1576 3412 in
1601 3360 1772 3413 ﬁnem

160 3448 279 3504 vita
334 3449 646 3521 praesentis
692 3449 750 3503 in
804 3464 1035 3503 suorum
1078 3447 1377 3502 criminum
1408 3448 1773 3518 perversitate

162 3544 475 3593 remaneat.
542 3537 787 3593 Proinde
825 3536 1121 3606 diligentes
1174 3536 1615 3590 misericordiam
1672 3535 1773 3589 Dei

158 3634 607 3699 metuentesque
624 3626 926 3697 justitiam,
946 3642 1049 3679 nec
1080 3626 1148 3679 de
1177 3625 1772 3695 remissionepeccato-

159 3733 279 3771 rum
332 3718 736 3789 desperemus,
795 3732 897 3769 nec
954 3730 1347 3768 remaneamus
1403 3714 1460 3768 in
1511 3713 1770 3784 pauentis,

153 3805 400 3861 scientes
435 3805 581 3877 quia
603 3804 701 3859 illa
723 3804 974 3858 omnium
1002 3804 1297 3858 hominum
1326 3802 1515 3857 debita
1542 3802 1616 3856 sit
1643 3817 1774 3856 exa-

152 3901 312 3950 ctura
341 3896 604 3968 aquitas
629 3892 929 3966 justissimi
954 3892 1181 3963 judicis,
1210 3909 1331 3964 qua
1354 3909 1465 3946 non
1498 3890 1776 3946 dimiserit

146 3985 561 4041 misericordia
589 3982 1009 4038 clementissimi
1020 3981 1410 4053 Redemptoris
1433 3999 1445 4049 ;
1472 3980 1614 4035 sicut
1625 3980 1775 4034 enim

147 4075 565 4132 misericordia
593 4071 844 4143 suscipit,
873 4070 1219 4142 absolvitque
1238 4087 1550 4137 conversos,
1582 4070 1663 4124 ita
1686 4071 1777 4141 ju-

145 4163 307 4218 stitia
336 4164 599 4235 repellet
625 4166 683 4215 et
703 4160 898 4231 puniet
920 4159 1242 4225 obduratos,
1274 4159 1332 4214 hi
1358 4163 1493 4214 sunt
1519 4159 1615 4230 qui
1647 4174 1779 4229 pec-

140 4260 344 4308 cantes
374 4253 442 4307 in
474 4251 758 4323 Spiritum
798 4251 1084 4316 Sanctum,
1118 4265 1301 4320 neque
1327 4248 1387 4302 in
1427 4249 1532 4302 hoc
1577 4247 1779 4302 saculo

141 4355 334 4415 neque
397 4341 468 4396 in
518 4341 711 4395 futuro
760 4330 1149 4395 remissionem
1200 4338 1476 4409 accipient
1523 4341 1778 4409 peccato-

134 4449 291 4487 rum.

130 4578 271 4634 Car.
308 4577 386 4633 X.
430 4607 514 4619 —
545 4575 896 4646 Comparatio
922 4573 1177 4643 gelich
1201 4572 1277 4628 ad
1305 4575 1503 4629 luxum
1548 4587 1780 4642 prasen-

862 4665 931 4718 εἰς
958 4665 1099 4718 vita.

199 4795 354 4851 Haec
367 4791 718 4857 recordare,
738 4787 818 4844 mi
841 4788 1039 4855 amice,
1057 4792 1116 4844 et
1136 4786 1294 4843 illum
1305 4787 1575 4859 gehenna
1590 4787 1779 4858 ignem

124 4883 220 4939 his
252 4900 401 4954 qua
437 4887 509 4936 te
533 4885 668 4935 tunc
697 4878 983 4949 exagitant
995 4876 1239 4933 ﬂammis
1258 4876 1506 4932 libidinis
1537 4881 1595 4932 et
1621 4877 1781 4949 cupi-

115 4970 341 5030 ditatis
374 4985 647 5043 oppone,
676 4972 763 5023 est
788 4967 939 5023 enim
963 4968 1068 5023 hoc
1087 4965 1345 5022 mirabile
1369 4966 1649 5037 quoddam
1669 4982 1784 5021 me-

119 5060 482 5118 dicamenti
512 5074 714 5128 genus,
742 5062 808 5112 ut
832 5056 991 5127 ignes
1019 5055 1240 5126 ignibus
1257 5056 1704 5126 exstinguantur;
1736 5054 1783 5110 si

113 5152 289 5208 enim
325 5148 651 5205 restincta
697 5162 810 5201 non
846 5145 1058 5199 fuerint
1082 5144 1346 5199 libidines
1392 5145 1531 5208 ista,
1566 5161 1690 5216 qua
1727 5150 1785 5201 te

114 5258 289 5296 nunc
324 5236 677 5306 exagitant,
710 5235 837 5289 illos
864 5234 969 5288 tibi
997 5238 1235 5288 aternos
1264 5233 1423 5304 ignes
1458 5233 1701 5288 acriores
1731 5240 1787 5289 et

106 5323 674 5397 inexstinguibiles
684 5324 941 5377 reddent.
960 5323 1182 5387 Quanto
1206 5329 1372 5394 putas
1392 5329 1645 5394 tempore
1657 5340 1784 5394 per-

106 5433 390 5473 manere
426 5412 558 5468 tibi
588 5429 750 5484 posse
798 5411 1087 5483 prasentis
1130 5411 1257 5465 vita
1284 5411 1511 5466 delicias
1530 5412 1555 5464 ’I
1582 5416 1647 5465 ut
1682 5427 1784 5481 ego

101 5508 386 5582 quidem
422 5518 595 5569 reor,
625 5518 728 5557 nec
744 5500 1154 5572 quinquaginta
1175 5501 1296 5571 jam
1316 5500 1420 5555 tibi
1439 5500 1571 5554 anni
1596 5515 1786 5570 super-

98 5616 245 5654 esse
282 5609 528 5667 usque
554 5593 623 5648 ad
655 5595 966 5649 extremum
996 5596 1250 5663 possunt,
1283 5589 1534 5661 quamvis
1574 5588 1651 5643 sis
1670 5588 1787 5643 lon-

1851 3183 2075 3249 tempus
2103 3177 2230 3232 vita
2255 3179 2442 3250 hujus,
2476 3180 2625 3251 quod
2649 3180 2864 3235 deliciis
2894 3181 3106 3252 perfrui
3134 3181 3353 3236 videtur
3389 3187 3448 3237 et

1853 3265 2146 3338 indulgere
2175 3267 2412 3335 libidini,
2445 3269 2605 3339 quasi
2627 3270 2794 3324 unius
2823 3271 3001 3325 noctis
3039 3271 3339 3336 somnium,
3375 3270 3446 3325 ad

1854 3356 2185 3410 aeternitatis
2204 3358 2679 3429 comparationem
2706 3358 2926 3413 videtur
2950 3359 3108 3413 esse?
3130 3360 3188 3414 Si
3207 3364 3294 3414 est
3313 3376 3446 3430 ergo

1854 3445 2076 3514 aliquis,
2097 3445 2191 3516 qui
2212 3451 2276 3500 ut
2288 3462 2403 3500 una
2417 3452 2579 3500 nocte
2598 3446 2925 3501 delectabile
2946 3447 3129 3501 videat
3142 3448 3442 3514 somnium,

1854 3538 2093 3587 aternas
2119 3532 2306 3588 subire
2327 3535 2497 3605 eligat
2525 3550 2737 3605 panas,
2752 3540 2811 3589 et
2829 3536 2927 3589 illa
2955 3552 3054 3606 pro
3082 3536 3170 3589 his
3199 3536 3447 3607 recipere

1853 3622 1938 3674 vel
1968 3638 2069 3693 pro
2101 3622 2209 3676 illis
2236 3622 2344 3676 ista
2368 3628 2618 3677 mutare:
2655 3623 2903 3677 nondum
2927 3624 3201 3678 descendo
3221 3624 3449 3679 advitu-

1855 3710 2203 3782 perationem
2232 3711 2579 3779 deliciarum,
2595 3728 2776 3782 neque
2798 3712 3230 3766 amaritudin-sm
3246 3729 3370 3783 qua
3388 3708 3448 3770 in

1856 3799 1937 3854 eis
1964 3804 2024 3855 et
2070 3816 2220 3854 nunc
2268 3800 2475 3871 aperio,
2516 3801 2647 3871 quia
2694 3817 2795 3855 nec
2849 3800 3172 3872 hujusmodi
3209 3801 3450 3857 orationi

1854 3888 1962 3944 hoc
1992 3894 2214 3961 tempus
2243 3899 2347 3957 est,
2379 3889 2476 3944 sed
2495 3895 2632 3944 tunc
2660 3907 2788 3945 cum
2818 3889 2961 3944 forte
2992 3889 3062 3945 ab
3085 3890 3174 3945 his
3203 3890 3452 3961 effugere

1856 3979 2124 4051 potueris,
2158 3995 2308 4033 nunc
2337 3979 2487 4033 enim
2518 3995 2646 4033 cum
2693 3979 2752 4034 in
2800 3979 2869 4035 iis
2898 3978 3237 4052 passibiliter
3261 3974 3454 4036 tenea-

1857 4068 1954 4135 ris,
1984 4068 2222 4123 delirare
2251 4084 2353 4124 nos
2373 4068 2574 4136 credis,
2601 4068 2650 4123 si
2674 4069 2822 4124 dona
2849 4068 3118 4137 libidinis,
3139 4085 3262 4142 qua
3288 4073 3457 4143 grata

1860 4157 2122 4213 omnibus
2163 4157 2425 4212 videntur
2453 4163 2509 4212 et
2520 4158 2788 4229 jucunda,
2822 4175 3024 4231 aspera
3043 4175 3364 4215 asseramus
3398 4156 3459 4217 et

1860 4263 2056 4302 amara
2081 4266 2094 4314 ;
2121 4247 2168 4301 si
2191 4263 2322 4302 vero
2350 4264 2452 4319 per
2492 4247 2932 4303 misericordiam
2964 4248 3066 4304 Dei
3114 4250 3349 4304 evadere
3385 4248 3455 4306 ex

1862 4336 2251 4408 hujuscemodi
2278 4336 2611 4409 agritudine
2635 4337 2895 4409 quiveris,
2921 4343 3058 4393 tunc
3082 4338 3216 4409 quid
3244 4336 3457 4394 amari-

1787 4426 1836 4485 D
1854 4426 2087 4491 tudinis,
2113 4426 2228 4482 imo
2251 4443 2384 4482 vero
2403 4427 2537 4498 quid
2560 4426 2758 4481 veneni
2780 4425 3042 4482 habuerit
3058 4425 3230 4482 libido
3258 4426 3456 4499 depre-

1860 4515 2090 4572 hendes.

1933 4652 2064 4707 CAP.
2088 4650 2270 4707 Xl.‘--
2303 4650 2376 4706 De
2396 4667 2491 4706 nos
2521 4648 2795 4706 tardando
2821 4654 3065 4707 converti
3083 4652 3159 4708 ad
3184 4650 3378 4708 Deum.

1935 4784 2079 4851 Quid
2105 4784 2453 4840 differimus?
2481 4783 2614 4856 quid
2642 4782 2965 4840 moramur?
2992 4787 3051 4839 et
3066 4783 3257 4841 divma
3284 4780 3457 4855 largi-

1861 4874 2015 4930 tione
2037 4890 2148 4929 non
2177 4873 2435 4929 utimur?
2456 4871 2559 4930 Dei
2590 4872 2737 4928 enim
2769 4871 3067 4928 ineffabilis
3089 4877 3148 4928 et
3179 4873 3458 4928 immensa

1862 4962 2085 5019 bonitas
2139 4962 2311 5017 etiam
2364 4962 2470 5018 hoc
2522 4960 2782 5035 providit,
2828 4966 2894 5015 ut
2935 4959 3192 5017 laborum
3229 4960 3463 5032 quidem,

1862 5059 2086 5125 tempus
2106 5056 2162 5107 et
2180 5052 2376 5122 agonis
2397 5067 2508 5107 non
2524 5050 2865 5116 extenderet,
2886 5067 2957 5106 ne
2974 5049 3206 5122 longum
3229 5049 3459 5119 faceret,

1866 5148 1965 5198 aut
1985 5147 2276 5209 atemum,
2312 5140 2408 5196 sed
2436 5139 2621 5205 breve,
2658 5144 2716 5193 et
2760 5146 2823 5194 ut
2852 5140 2932 5193 ita
2981 5139 3162 5217 dicam
3210 5154 3461 5195 momen-

1867 5238 1988 5287 tum
2020 5231 2303 5303 quoddam
2353 5231 2504 5283 hora
2531 5229 2718 5295 unius,
2750 5229 2854 5282 hoc
2897 5228 3046 5283 enim
3093 5233 3180 5283 est
3215 5243 3463 5300 prasens

1868 5321 1986 5376 hac
2017 5320 2146 5385 vita,
2175 5319 2222 5373 si
2244 5318 2315 5373 ad
2346 5319 2498 5372 illam
2526 5317 2846 5372 conferatur
2873 5322 3142 5373 aternam
3167 5337 3179 5386 ;
3214 5315 3460 5389 providit

1866 5427 2000 5481 ergo
2035 5408 2253 5464 bonitas
2272 5408 2393 5471 Dei,
2424 5412 2489 5461 ut
2508 5407 2565 5460 in
2587 5408 2689 5461 hac
2709 5405 2861 5461 brevi
2892 5411 2949 5461 et
2976 5405 3181 5478 exigua
3193 5406 3305 5461 vita
3323 5423 3460 5478 ago-

1867 5516 1966 5553 nes
1986 5503 2172 5553 essent
2198 5503 2255 5551 et
2280 5496 2517 5561 labores,
2551 5496 2607 5550 in
2654 5495 2749 5548 illa
2796 5511 2926 5550 vero
2956 5512 3079 5568 qua
3107 5501 3321 5551 atema
3349 5500 3453 5562 est,

1868 5604 2073 5642 corona
2109 5592 2165 5642 et
2211 5586 2441 5658 pramia
2470 5584 2821 5653 meritorum,
2873 5589 2938 5640 ut
2974 5584 3192 5642 labores
3229 5584 3457 5661 quide-n
