3982 6158
514 290 653 354 1319
1110 290 1172 344 Β.
1214 287 1485 344 RABANI
1525 285 1756 344 MAURI
1793 287 2112 348 ARCHIEP

2197 287 2496 356 dOGUN'I‘.
2535 289 2834 348 OPERUM
2872 291 3058 347 PARS
3095 289 3190 346 ῙΠ.
3599 292 3712 352 13⁸10

506 414 961 494 citoﬁnirentur,
1007 413 1339 490 meritorum
1383 427 1514 468 vero
1555 411 1788 484 praemia
1827 413 1949 470 sine
1989 413 2306 475 ﬁneAduit
2331 416 2481 474 sicut
2495 417 2585 472 sol
2619 417 2836 484 (Matth.
2872 433 3004 483 xvu,
3029 413 3107 484 2),
3137 434 3159 468 ι
3185 415 3619 486 incorruptionem
3634 434 3712 475 au-

507 502 780 581 duurarent
802 523 815 572 ;
840 505 939 564 sed
977 504 1085 562 hoc
1111 503 1256 559 sicut
1283 501 1530 577 laetificat
1557 517 1652 556 eos
1683 501 1779 574 qui
1828 519 1930 574 per
1957 503 2107 560 labo-
2187 505 2506 576 temgloria
2559 522 2858 578 corporum
2917 521 3032 561 non
3071 505 3173 562 hoc
3213 508 3426 560 tantum
3455 505 3715 578 splendoris

505 607 636 666 rum
650 592 986 667 patientiam
1014 597 1373 652 coronantur,
1407 591 1488 646 ita
1515 589 1718 660 affligit
1745 591 1870 646 illos
1899 597 1958 646 et
1981 609 2109 648 cru-
2191 593 2429 662 emittet,
2463 599 2740 669 quantum
2771 612 2838 651 ex
2866 595 2977 650 ista
3003 592 3344 664 corruptibili
3363 594 3476 648 luce
3493 595 3712 665 procedit,

507 681 620 753 eiut
661 681 720 736 in
777 682 987 744 futuro,
1029 682 1126 754 qui
1150 681 1344 736 vident
1385 695 1445 736 se
1475 696 1574 751 pro
1605 696 1775 751 parvo
1807 685 1864 734 et
1911 681 2108 752 exiguo
2187 698 2294 744 nec
2309 683 2480 738 talem
2492 684 2676 739 lucem
2692 684 2916 756 qualem
2945 699 3098 740 nunc
3119 682 3377 738 mortales
3402 682 3532 738 oculi
3557 672 3716 756 capere

509 761 840 840 deliciarum
869 775 1122 844 tempore
1143 767 1451 842 perdidisse
1466 767 1693 839 quidem
1713 767 1859 824 bona
1877 775 2105 836 eterna,
2191 777 2444 843 possunt,
2469 772 2566 826 sed
2587 777 2782 828 tantus
2801 772 2910 828 erit
2933 771 3135 828 futurae
3152 771 3291 828 lucis
3308 771 3564 842 splendor,
3575 788 3718 844 quan-

509 848 660 916 mala
688 877 816 926 vero
837 877 909 932 qu
919 860 1105 924 rasisse
1130 863 1420 932 perpetua.
1445 857 1528 912 Ne
1555 873 1688 929 ergo
1719 857 1889 912 etiam
1921 875 2022 914 nos
2049 859 2110 914 in

508 948 682 1020 istum
719 949 1010 1004 veniamus
1056 949 1259 1003 animae
1302 947 1631 1013 cruciatum,
1661 948 2110 1020 expergiscamus

511 1037 812 1114 aliquando
843 1037 980 1092 dum
997 1043 1222 1110 tempus
1255 1035 1544 1097 habemus.
1571 1041 1629 1090 et
1647 1053 1772 1091 ecce
1793 1053 1943 1114 nunc
1971 1042 2113 1092 tem-

510 1143 617 1202 pus
641 1133 956 1200 acceptum,
979 1143 1128 1182 nunc
1157 1127 1276 1182 dies
1305 1125 1518 1192 salutis,
1551 1142 1699 1182 nunc
1727 1131 1813 1180 est
1840 1126 2114 1198 poeniten—

512 1216 568 1290 di
608 1215 842 1286 facultas
867 1209 938 1271 et
968 1221 1211 1288 tempus,
1246 1232 1358 1288 quo
1405 1221 1462 1270 et
1488 1215 1703 1270 fructus
1751 1215 2114 1286 consequitur

512 1305 858 1391 paenitentia:
881 1324 894 1372 ;
928 1321 1124 1360 verum
1154 1321 1267 1360 non
1285 1304 1401 1359 haec
1420 1304 1551 1367 sola,
1569 1320 1691 1376 quae
1723 1304 1962 1360 diximus
1990 1321 2114 1359 ma-

512 1399 651 1450 nent
678 1410 782 1462 nos
810 1393 982 1464 mala,
997 1412 1120 1472 quae
1149 1394 1207 1448 in
1227 1394 1487 1464 gehenna
1509 1393 1861 1464 perferimus,
1877 1395 1926 1448 si
1941 1393 2115 1465 negli-

511 1479 715 1550 gamus
737 1479 910 1534 vitam
929 1484 1200 1545 nostram,
1219 1477 1316 1532 sed
1337 1483 1423 1532 est
1442 1477 1621 1532 multo
1636 1478 1846 1532 malum
1875 1477 1962 1533 his
1979 1495 2114 1550 gra-

473 1556 478 1561 i
513 1564 656 1643 vius,
679 1567 896 1644 excludi
925 1567 1077 1623 enim
1104 1583 1140 1621 a
1167 1563 1328 1622 bonis
1355 1565 1580 1621 aeternis
1609 1571 1667 1621 et
1686 1567 1930 1622 alienum
1969 1567 2113 1624 eﬂici

515 1655 586 1742 ab
617 1653 706 1712 his
725 1673 849 1728 quae
875 1661 1191 1732 praeparata
1209 1661 1344 1710 sunt
1370 1655 1597 1721 sanctis,
1629 1660 1853 1710 tantum
1881 1661 2115 1728 generat

2191 865 2313 916 tum
2325 877 2626 932 corporeus
2643 861 2792 918 ferre
2811 878 2926 917 non
2943 867 3132 934 potest
3144 865 3411 932 aspectus,
3431 876 3545 914 cum
3568 866 3718 918 tamen

2190 949 2352 1006 illum
2366 951 2562 1006 tulerit
2592 951 2688 1022 qui
2718 951 2779 1006 in
2812 950 3022 1008 montis
3039 949 3559 1020 formatione[Forte,
3577 956 3720 1006 mns-

2193 1037 2810 1112 formatione]resplend
2817 1039 2918 1106 uit;
2934 1039 3086 1096 unde
3098 1037 3406 1098 ostenditur
3414 1037 3720 1109 quieta!qu

2195 1129 2504 1184 revelatum
2519 1129 2610 1196 sit,
2637 1136 2914 1202 quantum
2939 1129 3090 1188 ferre
3111 1128 3259 1184 oculi
3285 1127 3580 1183 mortalium
3605 1134 3722 1198 pote-

2195 1222 2342 1283 rant,
2367 1234 2472 1274 nec
2510 1224 2703 1274 tamen
2733 1219 3208 1276 toleraveruntex
3239 1217 3468 1288 integro,
3505 1215 3592 1272 sed
3611 1236 3632 1268 ι
3657 1231 3722 1272 oo-

2195 1306 2473 1374 ciderunt,
2515 1307 2717 1379 inquit,
2754 1307 2812 1363 in
2860 1307 3061 1362 faciem
3113 1323 3284 1378 super
3320 1311 3534 1361 terram.
3566 1325 3588 1358 ι
3611 1305 3724 1368 Quid

2196 1409 2352 1466 ergo,
2385 1395 2474 1452 dic
2501 1395 2659 1464 mihi,
2693 1395 2948 1452 omnium
2991 1395 3270 1452 bonorum
3312 1394 3500 1449 horum
3525 1397 3725 1465 expertes

2195 1484 2570 1556 nosmetipsos
2592 1485 2884 1553 faciemus,
2917 1489 2978 1541 et
3011 1485 3175 1553 alios,
3207 1483 3294 1540 uti
3323 1500 3392 1540 ne
3428 1499 3631 1555 parvum
3652 1481 3726 1536 ali-

2197 1591 2361 1645 quem
2383 1575 2756 1646 suscipiamus
2778 1573 3047 1642 laborem,
3079 1579 3140 1630 et
3167 1573 3366 1644 exiguo
3384 1577 3610 1644 tempore
3629 1569 3727 1626 libi-

2196 1663 2342 1718 dinis
2370 1663 2660 1720 illecebras
2707 1663 3056 1722 refutemus?
3101 1663 3160 1720 Si
3193 1663 3344 1720 enim
3371 1659 3594 1733 quotidie
3609 1675 3730 1731 oper»

515 1737 1104 1825 cr‘uciatum,.tantum
1133 1745 1404 1810 dolorem,
1438 1750 1502 1798 ut
1529 1745 1750 1799 etiamsi
1779 1745 1992 1800 nullam
2023 1763 2118 1801 ex-
2145 1737 2344 1807 Bteret
2364 1769 2468 1808 nos
2497 1759 2783 1810 tormenta
2839 1753 3108 1825 perferre,
3141 1753 3192 1808 si
3249 1753 3427 1824 ipsam
3472 1750 3728 1821 gehennae

515 1825 792 1908 trinsecus
822 1851 986 1907 poena
1023 1839 1331 1906 torqueret,
1363 1833 1482 1888 haec
1517 1833 1637 1888 sola
1684 1835 1986 1902 sufﬁceret,
2020 1833 2118 1891 illa

515 1906 683 2002 paena
703 1906 897 1997 omnes
923 1924 1195 1996 gehennae
1225 1927 1456 1994 superat
1483 1923 1780 1990 cruciatus,
1811 1939 2002 1980 carere
2023 1923 2118 1980 bo-

515 1997 605 2086 nis
632 1997 836 2090 quibus
867 2013 925 2068 in
953 2016 1230 2086 potestate
1258 2011 1470 2085 perfrui
1500 2011 1784 2068 habueris.

802 2128 935 2194 Car.
959 2103 1090 2185 XII.
1125 2158 1189 2169 —
1215 2128 1290 2184 De
1311 2132 1461 2182 statu
1490 2128 1702 2196 futura
1721 2131 1864 2183 vita.

583 2233 892 2304 Considera
945 2235 1118 2304 enim,
1169 2251 1377 2306 quaeso,
1407 2238 1619 2290 statum
1673 2234 1798 2290 vita:
1850 2234 2024 2302 illius,
2057 2235 2117 2290 in

517 2329 794 2400 quantum
819 2323 924 2380 tibi
953 2324 1308 2381 considerare
1337 2323 1599 2396 possibile
1619 2328 1723 2390 est,
1741 2329 1809 2380 ut
1824 2325 1976 2380 enim
1987 2341 2116 2380 vere

519 2420 624 2482 est,
643 2414 1119 2486 comprehendere
1139 2414 1331 2469 nullus
1349 2429 1534 2468 sermo
1554 2413 1814 2481 sufﬁciet,
1829 2413 1928 2470 sed
1945 2429 2120 2486 quan-

517 2509 643 2559 tum
667 2519 966 2576 possumus
987 2519 1054 2558 ex
1073 2502 1162 2557 his
1192 2519 1316 2574 quae
1344 2503 1586 2573 legimus
1615 2508 1672 2557 et
1695 2519 1796 2574 per
1817 2502 2118 2574 aenigmata

519 2591 1071 2664 accipimus-tenuem
1092 2584 1397 2662 quamdam
1417 2590 1739 2662 opinionem
1769 2591 1838 2646 de
1857 2609 1926 2646 ea
1936 2593 2118 2664 capia-

518 2695 647 2736 mus
673 2679 957 2738 etdicitur
974 2681 1045 2736 de
1074 2697 1138 2734 ea
1175 2680 1421 2752 quodam
1449 2680 1590 2747 loco,
1625 2681 1774 2752 quod
1807 2700 1836 2734 α
1865 2681 2119 2751 aufugiet

517 2767 774 2825 ibidolor
799 2775 858 2824 et
883 2768 1118 2824 tristitia
1146 2773 1204 2823 et
1227 2769 1492 2839 gemitus,
1517 2788 1538 2820 ι
1558 2769 1694 2842 quid
1723 2770 1829 2825 hac
1855 2769 1971 2824 vita
1990 2769 2118 2825 bea-

518 2855 674 2912 tius?
701 2855 798 2911 ubi
817 2872 932 2913 non
959 2863 1046 2914 est
1062 2857 1412 2930 paupertatis
1440 2863 1642 2925 metus,
1677 2874 1791 2912 non
1821 2858 2115 2930 aegritudo,

518 2959 684 3000 nemo
730 2945 886 3002 ludit
931 2947 1140 3017 injuste
1187 2952 1288 3002 aut
1331 2947 1572 3013 laeditur,
1632 2964 1797 3003 nemo
1836 2947 2116 3015 irascitur,

521 3049 690 3090 nemo
735 3034 964 3102 invidet,
998 3036 1154 3090 nulla
1205 3035 1482 3107 cupiditas
1527 3036 1856 3102 exardescit,
1900 3037 2118 3093 nullum

515 3121 628 3178 sibi
653 3121 1014 3189 desiderium,
1057 3125 1212 3180 nulla
1246 3123 1475 3179 honoris
1504 3125 1695 3196 pulsat
1731 3130 1789 3180 et
1818 3125 2115 3198 potestatis

519 3209 774 3279 ambitio,
807 3211 904 3267 sed
928 3211 1112 3266 omnis
1141 3213 1404 3268 vitiorum
1450 3213 1604 3268 labes
1632 3214 1889 3286 deposita
1917 3221 1976 3270 et
2002 3231 2115 3287 pce-

526 3299 680 3356 nitus
699 3301 973 3356 exstincta
1012 3307 1118 3368 est,
1169 3317 1277 3374 pax
1319 3307 1521 3358 cuncta
1544 3303 1796 3358 continet
1824 3309 1880 3358 et
1901 3303 2117 3371 laetitia,

518 3389 828 3461 mquﬂla
853 3393 990 3446 sunt
1015 3390 1206 3446 omnia
1233 3395 1292 3446 et
1313 3391 1522 3463 quieta,
1546 3391 1701 3463 jugis
1728 3392 1993 3464 splendor
2008 3409 2120 3449 non

521 3477 628 3534 iste
650 3477 748 3550 qui
776 3494 927 3535 nunc
955 3485 1059 3546 est,
1099 3479 1197 3535 sed
1224 3485 1384 3536 tanto
1413 3479 1774 3552 splendidior,
1807 3487 1968 3538 tanto
2013 3483 2123 3538 cla-

517 3567 636 3624 rior
665 3573 876 3641 quanto
903 3565 1251 3641 splendidior
1277 3574 1365 3624 est
1390 3570 1474 3625 sol
1518 3571 1784 3639 lucerna;
1834 3571 1989 3628 nulla
2011 3585 2122 3627 nox

517 3654 618 3724 ibi,
643 3657 812 3714 nulla
834 3657 1100 3728 tenebras,
1134 3658 1323 3714 nullus
1351 3657 1587 3714 nubium
1612 3659 1800 3727 turbo,
1833 3660 1992 3736 nulla
2017 3660 2120 3715 fri-

515 3743 690 3816 geris,
705 3745 865 3802 nulla
884 3746 1101 3802 ardoris
1119 3747 1411 3820 asperitas,
1445 3747 1539 3802 sed
1571 3747 1702 3804 talis
1728 3749 1985 3820 quaedam
2013 3749 2124 3806 erit

515 3846 710 3890 rerum
737 3835 1060 3906 temperies,
1089 3852 1260 3908 quam
1283 3837 1464 3892 scient
1500 3836 1582 3892 illi
1609 3837 1713 3892 soli
1744 3837 1840 3908 qui
1869 3854 1933 3894 ea
1960 3825 2120 3910 digni

515 3920 730 3979 fuel-int
747 3923 984 3996 perfrui:
1007 3941 1122 3980 non
1141 3929 1236 3980 est
1264 3931 1523 3981 senectus
1547 3924 1644 3993 ibi,
1669 3943 1773 3982 nec
1816 3927 2120 3984 senectutis

517 4009 877 4079 miserimsed
897 4027 1065 4068 omne
1087 4011 1358 4084 quidquid
1373 4013 1748 4086 corruptionis
1769 4021 1856 4070 est
1873 4016 2120 4072 exsolvat

518 4099 718 4171 [βω-ιε,
747 4099 1007 4172 exsulat],
1037 4105 1096 4156 et
1119 4101 1302 4173 gloria
1328 4102 1764 4182 incorruptionis
1785 4110 1985 4160 cuncta
2013 4105 2118 4160 cir-

517 4188 766 4255 onmdat,
799 4205 991 4244 verum
1023 4205 1194 4262 super
1219 4191 1337 4247 haec
1355 4191 1546 4247 omnia
1573 4199 1660 4248 est
1677 4192 1876 4249 sociari
1893 4211 2116 4249 consor-

516 4275 614 4335 tiis
641 4277 973 4349 angelorum
1016 4284 1074 4334 et
1101 4279 1585 4352 archangelorum,
1616 4282 1983 4355 omniumque
2010 4299 2116 4338 cce-

515 4363 746 4423 leatium
769 4383 1255 4442 supernarumque
1282 4369 1555 4426 virtutum
1581 4370 1964 4427 contuberniis
1991 4381 2178 4444 per-D

517 4453 818 4526 fruipultra
833 4473 1060 4513 omnem
1077 4475 1208 4514 vero
1223 4459 1370 4514 hanc
1397 4459 1716 4531 hujusmodi
1743 4465 1848 4528 est,
1873 4461 2114 4532 gloriam

515 4542 695 4617 ipsius
721 4545 947 4603 Domini
973 4547 1151 4602 nostri
1180 4549 1312 4604 Jesu
1341 4548 1551 4605 Christi
1590 4549 1857 4604 ineffabili
1883 4549 1993 4622 adi]
2019 4549 2116 4606 isci

515 4640 820 4708 conspectu
849 4640 908 4692 et
934 4637 1246 4711 majestatis
1265 4637 1389 4710 ejus
1429 4637 1795 4695 inenarrabili
1821 4638 2118 4712 splendore

517 4721 747 4780 ndiari.

654 4831 794 4888 Car.
813 4827 970 4888 XIII.
1001 4859 1068 4874 -—
1099 4831 1174 4889 De
1201 4832 1486 4904 splendore
1511 4835 1703 4904 gloria
1731 4835 1956 4891 Christi.

589 4941 956 5018 Conferamus
966 4947 1155 5004 oculos
1175 4946 1506 5012 admontem
1518 4946 1676 5005 illum
1706 4949 1766 5005 in
1795 4965 1907 5024 quo
1935 4955 2118 5008 trans-

515 5033 790 5108 formatus
818 5041 906 5102 est
933 5037 1189 5108 Christus
1220 5042 1279 5093 et
1307 5032 1630 5094 intueamur
1657 5036 2012 5112 splendorem
2042 5040 2114 5098 il-

2197 1857 2367 1913 parvo
2400 1848 2651 1912 tempore
2679 1842 2942 1906 tolerare,
2975 1847 3040 1898 ut
3074 1841 3364 1898 Christum
3410 1839 3577 1894 videre
3599 1835 3732 1910 possi-

2197 1947 2325 1986 mus
2349 1931 2412 1986 in
2435 1931 2620 2002 gloria
2649 1931 2966 1989 venientem
2992 1937 3052 1988 et
3076 1937 3400 1987 sanctorum
3417 1931 3532 2000 ejus
3545 1942 3730 1983 numam

2197 2019 2420 2086 sociari,
2451 2036 2640 2079 nonne
2670 2026 2822 2080 esset
2849 2021 3017 2092 [erat]
3039 2021 3280 2092 dignum
3307 2019 3422 2091 pati
3453 2032 3600 2074 omne
3617 2013 3733 2088 quod

2197 2109 2360 2164 triste
2385 2115 2490 2177 est,
2512 2111 2678 2168 modo
2712 2117 2776 2165 ut
2803 2109 2947 2166 tanti
2976 2109 3106 2166 bon!
3136 2115 3422 2180 tantaque
3446 2105 3613 2178 glorise
3639 2121 3735 2180 par-

2197 2197 2294 2254 tici
2303 2215 2402 2271 pes
2431 2197 2812 2256 haberemur?
2837 2199 2986 2256 Audi
3014 2199 3150 2270 quid
3167 2199 3311 2254 dicit
3335 2197 3523 2253 beatus
3543 2198 3729 2254 Petrus:

2205 2308 2227 2339 ι
2263 2287 2482 2348 Bonum
2510 2295 2598 2346 est
2643 2304 2746 2345 nos
2787 2289 2879 2344 hic
2915 2305 3038 2347 esse
3074 2290 3290 2352 (Matth.
3321 2304 3451 2354 xvn,
3476 2287 3543 2356 ι),
3574 2306 3595 2338 ι
3621 2283 3736 2359 quod

2197 2377 2246 2437 εἰ
2275 2377 2370 2432 ille
2397 2383 2627 2434 tenuem
2681 2377 2987 2449 quamdam
3032 2377 3240 2432 futurae
3275 2376 3466 2448 gloriae
3489 2376 3737 2447 imaginata

2198 2465 2394 2522 videns
2431 2468 2623 2522 omnia
2647 2467 2834 2526 subito
2873 2467 3110 2539 projecit
3144 2483 3215 2522 ex
3258 2465 3462 2532 animo,
3497 2465 3735 2520 dulcedine

2199 2555 2433 2612 visionis
2463 2572 2630 2628 quam
2664 2556 2917 2628 perpexit
2937 2556 3196 2622 innexus,
3232 2554 3367 2628 quid
3387 2553 3526 2609 dicet
3555 2553 3732 2625 aliquis,

2201 2643 2248 2699 si
2269 2643 2451 2715 ipsam
2483 2662 2673 2700 rerum
2699 2645 2896 2700 faciem
2925 2651 2993 2700 ut
3024 2662 3084 2699 se
3112 2643 3288 2700 habet
3323 2642 3518 2700 veritas
3543 2647 3738 2698 contem-

2199 2733 2425 2806 pletur?
2451 2739 2586 2790 tunc
2605 2733 2832 2801 scilicet,
2861 2750 2989 2794 cum
3019 2733 3266 2792 caelestis
3285 2732 3414 2789 aula
3439 2732 3680 2804 pandam
3696 2735 3738 2785 α

2203 2839 2395 2894 regem
2417 2823 2541 2881 cteli
2567 2840 2682 2880 non
2705 2824 2826 2896 jam
2854 2839 2956 2894 per
2972 2822 3268 2894 speculum
3298 2829 3358 2878 et
3372 2822 3430 2878 in
3471 2821 3733 2891 aenigmate,

2201 2913 2302 2970 sed
2323 2912 2463 2968 facie
2491 2913 2564 2970 ad
2600 2912 2798 2968 faciem
2826 2913 3172 2978 revelaverit,
3205 2928 3322 2968 non
3344 2912 3462 2982 jam
3489 2926 3578 2982 per
3608 2908 3736 2963 ﬁdem

2203 3003 2302 3066 sed
2315 3019 2414 3073 per
2429 3001 2673 3073 speciem
2690 3002 3090 3058 contuendum.
3113 3000 3389 3060 Nonnulli
3406 2997 3739 3072 imperitorum

2200 3094 2407 3164 putant
2433 3090 2542 3148 sibi
2569 3091 2708 3147 satis
2735 3107 2858 3146 esse
2883 3095 2942 3148 et
2964 3090 3212 3162 optabile
3251 3089 3444 3155 videri,
3465 3089 3510 3143 si
3532 3087 3740 3159 gehenns

2196 3180 2589 3237 tantummodo
2633 3185 2882 3248 careant,
2915 3195 3019 3250 ego
3048 3184 3244 3234 autem
3289 3178 3464 3234 multo
3511 3174 3742 3248 graviores

2205 3285 2376 3342 quam
2403 3269 2675 3340 gehennae
2701 3268 2827 3326 dico
2851 3283 2974 3323 esse
3000 3267 3288 3324 cruciatus
3315 3266 3591 3330 removeri,
3613 3261 3743 3318 etab

2199 3357 2298 3430 jici
2327 3357 2397 3414 ab
2415 3357 2514 3412 illa
2537 3357 2736 3430 gloria,
2767 3373 2872 3417 nec
2898 3362 3034 3430 puto
3061 3361 3180 3414 tam
3209 3355 3411 3414 acerba
3435 3371 3550 3411 esse
3582 3351 3743 3425 gehen-

2203 3463 2290 3504 nae
2311 3446 2606 3520 supplicia,
2631 3453 2698 3504 ut
2721 3453 2857 3504 sunt
2883 3446 2980 3501 illa
3035 3444 3242 3518 quibus
3288 3450 3572 3517 torquetur
3599 3443 3642 3496 is
3669 3438 3741 3511 qui

2201 3543 2428 3592 arcetur
2445 3553 2482 3593 a
2495 3535 2882 3608 conspectibus
2906 3533 3136 3603 Christi,
3153 3535 3278 3602 hoc,
3310 3533 3472 3590 crede
3494 3531 3636 3598 mihi,
3658 3543 3744 3602 pe-

2204 3625 2292 3682 nis
2309 3625 2570 3683 omnibus
2598 3625 2828 3698 gravius
2856 3629 2962 3682 est.

2203 3769 2342 3826 CAP.
2371 3768 2520 3825 XIV.
2552 3798 2618 3810 —
2647 3769 2720 3824 De
2747 3768 2986 3824 adventu
3013 3769 3206 3839 futuri
3230 3767 3447 3824 Iudicis
3475 3760 3736 3822 testimonia

2543 3857 2883 3928 prophetica,
2915 3861 2963 3912 et
2994 3862 3202 3913 terrore
3227 3858 3458 3912 Judt‘cz'i.

2271 3983 2436 4039 Hunc
2463 3986 2653 4038 autem
2675 3998 2863 4054 regem
2883 3997 3052 4054 quem
3073 3981 3318 4038 diximus
3335 3996 3448 4038 non
3471 3983 3624 4052 putes
3637 3989 3740 4048 qm-

2200 4071 2390 4142 driges
2409 4071 2691 4128 mularum
2745 4076 2846 4128 aut
2901 4071 3158 4128 curribus
3209 4071 3400 4127 aureis
3429 4075 3645 4131 vectum,
3674 4059 3740 4116 vel

2198 4164 2460 4214 ornatum
2509 4176 2778 4232 purpura,
2821 4165 2922 4216 aut
2969 4177 3072 4232 per
3117 4159 3426 4216 terribilem
3453 4159 3739 4230 potestatem

2195 4247 2530 4305 diadematis
2559 4249 2885 4306 adfuturum
2924 4265 3054 4304 cum
3087 4248 3158 4305 ad
3181 4246 3544 4319 judicandum
3569 4238 3743 4298 venerit

2197 4337 2392 4400 orbem
2420 4343 2720 4413 terrarum.
2747 4337 2857 4394 Sed
2875 4337 3008 4393 dudi
3035 4337 3316 4410 quomodo
3337 4352 3481 4393 nunc
3499 4327 3741 4407 prophetis

2197 4426 2588 4482 nuntiantibus
2621 4427 2946 4482 annuntiari
2966 4425 3228 4492 omnibus
3255 4427 3340 4481 fas
3363 4424 3490 4484 fecit
3505 4427 3564 4478 ut
3580 4417 3742 4493 praedi-

2197 4519 2356 4571 cetur
2383 4517 2507 4588 ejus
2539 4515 2813 4584 adventus
2836 4535 2848 4570 :
2875 4515 2954 4570 ait
2965 4532 3098 4586 ergo
3113 4515 3344 4588 quidam
3371 4531 3437 4570 ex
3455 4513 3531 4570 eis
3553 4531 3604 4566 ει
3619 4509 3740 4566 Deus

2197 4604 2492 4660 manifeste
2520 4603 2726 4673 veniet,
2757 4605 2908 4661 Deus
2932 4610 3125 4660 noster
3151 4610 3210 4660 et
3252 4621 3366 4660 non
3397 4602 3586 4667 silebit,
3621 4595 3739 4668 ignis

2198 4693 2257 4748 in
2277 4699 2578 4766 conspectu
2608 4695 2732 4767 ejus
2763 4693 3000 4761 ardebit,
3035 4699 3095 4749 et
3129 4694 3190 4750 in
3233 4691 3466 4748 circuitu
3505 4691 3615 4762 ejus
3637 4699 3740 4760 pro-

2197 4779 2340 4840 cella
2359 4783 2562 4851 valida,
2593 4789 2654 4840 et
2680 4782 2901 4840 vocabit
2921 4783 3125 4842 ccelum
3152 4782 3222 4839 de
3239 4798 3462 4842 sumam
3485 4784 3541 4836 et
3562 4783 3738 4833 tenam

2196 4871 2514 4930 discernere
2541 4873 2814 4945 pepulum
2861 4887 3030 4928 suum
3079 4873 3247 4940 (Psal.
3279 4887 3426 4937 xux,
3457 4867 3527 4940 3).
3558 4885 3582 4920 ιι
3607 4863 3736 4920 Alius

2195 4977 2349 5028 vero,
2381 4961 2478 5034 qui
2506 4967 2566 5018 et
2589 4977 2882 5034 pennarum
2910 4960 3072 5016 nobis
3098 4959 3312 5034 species
3348 4956 3550 5014 indicat
3573 4950 3732 5015 Ιειὶαεν

2197 5051 2332 5107 audi
2352 5051 2634 5125 quomodo
2649 5051 2788 5108 dicit
2807 5068 2819 5105 :
2848 5069 2876 5104 ι
2895 5051 3034 5107 Ecce
3051 5049 3170 5107 dies
3197 5046 3418 5106 Domini
3433 5045 3604 5102 veniet
3617 5042 3736 5097 insa-

514 5119 636 5206 lum
662 5141 776 5200 quo
813 5130 951 5183 tunc
989 5123 1048 5182 in
1079 5125 1572 5184 transformatione
1615 5127 1980 5201 resplenduit,
2011 5145 2116 5188 nec
2191 5119 2418 5210 ηαδίιίέ,
2457 5139 2578 5197 dies
2619 5139 2826 5197 furoris
2870 5144 2929 5199 et
2953 5138 3071 5205 im,
3100 5143 3168 5196 ut
3187 5142 3364 5212 ponat
3387 5135 3568 5194 orbem
3599 5137 3734 5188 terra

519 5215 601 5302 sic
629 5215 857 5302 quidem
884 5213 1235 5273 inveniemus
1265 5219 1522 5272 cunctam
1543 5215 1705 5272 nobis
1731 5217 1906 5282 futuri
1927 5219 2114 5274 saeculi
2193 5229 2479 5286 desertum
2507 5235 2566 5286 et
2607 5234 2929 5302 peccatores
2977 5227 3179 5301 perdat
3211 5243 3276 5284 ex
3303 5242 3388 5291 eo,
3419 5222 3582 5281 stellae
3611 5215 3730 5275 enim

513 5284 754 5388 diuriam
774 5303 1130 5377 patefactam,
1163 5303 1260 5360 illa
1281 5304 1431 5361 enim
1457 5305 1878 5363 transformatio
1904 5307 2116 5380 pateh-
2194 5284 2344 5387 εῴιίς
2363 5284 2627 5376 Vestori“;
2720 5284 2922 5375 hinni;
2952 5284 3184 5374 οῆαέαε
3228 5315 3350 5372 cali
3371 5284 3575 5371 jam,
3596 5319 3728 5366 suum

519 5398 612 5470 cta
639 5397 742 5458 est,
777 5409 891 5449 non
922 5388 985 5449 in
1013 5401 1287 5467 quantum
1329 5394 1602 5450 bonorum
1629 5397 1942 5452 futurorum
1973 5396 2114 5453 veri-
2193 5424 2307 5464 non
2335 5405 2508 5476 dabit,
2541 5413 2600 5463 et
2626 5405 3016 5464 obscurabimr
3053 5405 3138 5463 sol
3161 5405 3222 5462 in
3260 5410 3386 5460 ortu
3405 5418 3520 5465 suo,
3549 5403 3602 5454 et
3623 5397 3728 5450 luna

516 5477 818 5560 tas'habet,
841 5483 939 5537 sed
969 5488 1245 5555 quantum
1273 5483 1419 5539 ferre
1448 5483 1594 5540 oculi
1622 5485 2113 5557 poterantiniuen-
2193 5513 2306 5554 non
2333 5496 2490 5552 dabit
2517 5497 2708 5554 lumen
2734 5512 2918 5562 suum,
2953 5501 3014 5558 et
3056 5493 3329 5555 mandabo
3372 5489 3612 5548 universo
3630 5477 3727 5540 orbi

517 5567 680 5640 tium,
706 5568 786 5624 sic
813 5571 964 5624 enim
995 5571 1053 5626 in
1079 5571 1439 5645 Evangelium
1461 5573 1616 5642 dicit,
1653 5595 1676 5626 ι
1709 5575 1843 5647 quia
1870 5577 2113 5648 resplen-
2193 5587 2363 5655 mala,
2381 5592 2440 5643 et
2455 5584 2644 5660 impiis
2661 5591 2891 5658 peccata
2917 5601 3130 5653 eorum,
3157 5590 3216 5639 et
3239 5581 3462 5658 perdam
3485 5579 3726 5635 ωηωωο·
