3982 6158
279 226 417 288 13η

1487 225 1580 281 DE
1618 225 1820 282 MODO
1861 225 2354 281 POENITENTLE.

3410 227 3439 283 ‘l
3450 228 3553 288 32‘2

281 353 418 409 liam
431 351 775 424 iniquorum,
791 354 849 405 et
867 349 1134 422 injuriam
1147 347 1516 422 superborum
1539 351 1868 419 humiliabo,
1892 355 1940 415 A
1963 369 2075 410 non
2099 353 2497 426 aspicientibus
2517 371 2640 428 quae
2659 353 2937 418 videntur,
2963 351 3061 408 sed
3081 369 3204 426 quae
3225 369 3338 411 non
3356 357 3550 416 viden-

281 448 342 498 et
371 447 540 497 erunt
568 441 664 513 qui
695 440 874 516 relicti
902 439 1111 494 fuerint
1129 439 1490 510 pretiosiores
1512 441 1692 512 magis
1712 458 1881 513 quam

280 548 485 587 aurum
503 531 626 586 sine
647 530 798 602 igne,
816 535 874 584 et
893 529 1062 584 homo
1083 527 1382 601 pretiosior
1391 529 1500 584 erit
1514 529 1692 601 magis
1711 548 1882 602 quam

280 621 428 694 lapis
479 638 546 676 ex
600 619 846 692 saphiro,
882 619 1083 674 calum
1130 617 1282 674 enim
1309 618 1612 691 quatietur,
1645 623 1704 674 et
1728 624 1884 674 terra

283 709 602 766 movebitur
627 725 664 764 a
691 708 1071 765 fundamentis
1092 709 1210 764 suis
1237 714 1469 781 propter
1511 708 1758 765 furorem
1788 709 1886 765 ira

285 798 516 856 Domini
546 799 811 867 Sabaoth,
843 799 902 854 in
927 797 1018 853 die
1049 814 1161 870 qua
1188 798 1574 870 supervenerit
1591 797 1746 853 furor
1763 799 1886 870 ejus

290 889 422 958 (Isa.
454 903 580 957 xm,
624 888 700 960 9).
743 909 769 942 »
804 889 874 944 Et
915 887 1122 943 iterum
1169 887 1348 942 dicit:
1385 908 1407 936 ι
1439 887 1720 942 Fenestra
1762 887 1887 942 cali

287 978 618 1052 aperientur
636 983 694 1034 et
711 976 1086 1034 movebuntur
1100 975 1470 1032 fundamenta
1479 981 1889 1048 terra,pertur-

289 1067 518 1124 batione
539 1066 964 1141 perturbabitur
979 1073 1150 1134 terra,
1176 1071 1406 1138 stupore
1441 1065 1691 1138 stupebit
1702 1071 1884 1134 terra,

287 1157 655 1214 inclinatione
677 1156 1034 1213 inclinabitur
1050 1161 1204 1212 terra
1223 1161 1282 1211 et
1298 1155 1566 1211 inclinata
1592 1160 1697 1223 est,
1733 1173 1888 1211 com-

290 1247 541 1304 motione
571 1246 1032 1314 commovebitur,
1061 1245 1207 1302 sicut
1233 1245 1422 1319 ebrius
1453 1249 1512 1300 et
1545 1246 1887 1317 crapulatus,

289 1337 607 1392 excutietur
636 1336 783 1391 sicut
808 1352 1104 1408 pomorum
1143 1335 1418 1403 custodia,
1447 1339 1600 1390 terra
1626 1335 1805 1402 cadet,
1835 1340 1894 1390 et

289 1442 407 1481 non
435 1425 643 1498 poterit
660 1425 972 1496 insurgere,
999 1424 1236 1479 invaluit
1261 1425 1412 1479 enim
1439 1441 1610 1496 super
1636 1441 1760 1478 eam
1780 1423 1891 1479 ini-

291 1515 502 1588 quitas,
526 1519 579 1570 et
600 1515 829 1570 inducet
848 1515 998 1570 Deus
1017 1531 1189 1587 super
1215 1519 1477 1568 ornatum
1499 1513 1622 1568 coeli
1643 1513 1704 1568 in
1719 1513 1894 1568 excel-

293 1621 359 1659 so
380 1621 612 1660 manum
633 1620 795 1660 suam
816 1605 876 1658 in
903 1605 992 1659 die
1021 1604 1137 1671 illa,
1163 1607 1221 1659 et
1244 1619 1414 1675 super
1442 1600 1620 1674 regna
1641 1607 1808 1658 terrae
1839 1607 1897 1657 et

1963 449 2080 497 tur:
2101 444 2381 515 quamnim
2394 444 2673 512 videntur,
2687 442 3190 516 temporaliasunt;
3217 463 3340 517 quae
3361 453 3553 505 autem

1962 549 2074 587 non
2091 533 2371 602 videntur,
2402 538 2613 588 aterna
2634 537 2768 588 sunt
2790 534 2871 602 (II
2881 533 3002 588 Cor.
3017 549 3086 600 1v,
3114 533 3222 602 17).
3251 553 3278 588 n
3312 535 3472 600 Quod
3502 537 3556 594 si

1963 621 2358 678 tribulationes
2375 623 2523 678 leves
2542 623 2788 696 appellat
2803 621 3012 678 Paulus
3033 627 3090 677 et
3115 622 3324 692 faciles,
3347 642 3450 698 pro
3489 644 3556 686 eo

1967 712 2114 784 quod
2143 727 2257 768 non
2289 711 2361 767 ad
2390 712 2510 768 haec
2535 729 2659 784 qua
2679 711 2957 780 videntur,
2976 712 3074 768 sed
3095 713 3167 768 ad
3182 713 3278 769 illa
3301 731 3424 788 qua
3441 733 3558 777 non

1965 801 2226 856 videntur
2252 800 2606 873 aspiciamus,
2639 807 2851 874 quanto
2880 791 3060 873 magis
3089 801 3209 860 leve
3235 803 3339 859 tibi
3367 805 3478 862 erit
3503 812 3563 864 et

1968 887 2128 943 facile
2172 889 2429 947 desinere
2474 891 2544 946 ab
2583 891 2945 964 impudicitia
2981 891 3323 963 ponderibus
3355 893 3518 952 {adis
3536 895 3563 951 Τ

1968 978 2165 1050 Neque
2194 980 2346 1035 enim
2374 997 2524 1036 nunc
2551 987 2609 1036 te
2634 981 2706 1036 ad
2734 980 2862 1036 illos
2889 979 3109 1036 labores
3133 981 3436 1040 invitamus
3463 990 3566 1042 aut

1969 1065 2233 1138 pericula,
2268 1073 2368 1124 aut
2389 1069 2460 1124 ad
2487 1069 2614 1124 illas
2640 1068 3050 1138 tribulationes,
3071 1076 3172 1126 aut
3198 1072 3270 1128 ad
3290 1073 3566 1146 quotidia-

1971 1172 2073 1210 nas
2104 1163 2336 1224 mortes,
2371 1173 2513 1228 quas
2541 1157 2779 1229 apostoli
2815 1157 3190 1228 perferebant,
3222 1160 3309 1216 vel
3337 1161 3408 1217 ad
3435 1179 3566 1234 per-

1973 1246 2288 1302 secutiones
2345 1247 2488 1315 illas,
2549 1251 2650 1302 aut
2701 1245 2953 1316 verbera,
3015 1254 3114 1304 aut
3167 1250 3406 1321 vincula,
3467 1258 3569 1308 aut

1973 1353 2243 1404 carceres,
2268 1341 2368 1392 aut
2391 1338 2462 1393 ad
2479 1338 2651 1393 totius
2675 1338 2873 1393 mundi
2893 1339 3200 1408 theatrum,
3220 1346 3321 1396 aut
3336 1341 3565 1414 famem,

1975 1432 2074 1481 aut
2111 1426 2448 1496 nuditatem,
2497 1434 2598 1484 aut
2641 1427 2858 1500 vigilias
2895 1429 3120 1498 multas,
3175 1435 3276 1485 aut
3321 1431 3570 1503 pericula

1975 1515 2262 1584 itinerum,
2295 1516 2592 1590 naufragia
2631 1518 2825 1586 maris,
2857 1517 3105 1590 pericula
3143 1519 3448 1590 latronum,
3477 1539 3572 1594 pe-

1977 1605 2156 1660 ricula
2197 1624 2262 1660 ex
2303 1623 2529 1678 genere,
2573 1606 2824 1678 pericula
2863 1623 2930 1662 ex
2977 1607 3132 1662 falsis
3173 1608 3462 1678 fratribus,
3493 1617 3574 1667 at-

295 1694 794 1766 congregationem
817 1695 940 1766 ejus
969 1698 1140 1765 ponet
1159 1693 1216 1747 in
1238 1693 1491 1761 vinculis,
1523 1697 1580 1748 et
1605 1689 1962 1748 concludetB
1981 1711 2089 1766 que
2115 1694 2216 1749 illa
2243 1695 2433 1750 omnia
2463 1713 2586 1768 qua
2623 1696 2864 1768 apostoli
2899 1714 3109 1768 agones
3149 1697 3462 1770 desudant;
3493 1702 3578 1758 ni-

297 1783 506 1838 eamin
523 1783 707 1839 locum
730 1783 1012 1838 munitum
1035 1784 1162 1850 (Isa.
1202 1781 1480 1852 xxiv,18).
1518 1799 1544 1836 ιο
1578 1782 1720 1837 Cum
1765 1798 1898 1852 ergo

242 1889 256 1898 ·
296 1873 422 1928 hac
443 1871 533 1945 agi
548 1873 838 1944 coeperint,
873 1871 1193 1944 pandentur
1213 1873 1338 1925 sine
1359 1869 1528 1926 dubio
1559 1871 1682 1926 cali
1700 1873 1894 1942 portae,

295 1961 418 2018 imo
459 1961 647 2034 potius
686 1962 871 2034 ipsum
911 1961 1112 2016 calum
1160 1959 1446 2016 auferetur
1482 1976 1513 2014 e
1553 1959 1736 2014 medio
1780 1965 1902 2014 tan-

299 2067 476 2123 quam
516 2051 564 2106 si
615 2051 959 2106 tabernaculi
1011 2049 1248 2122 alicujus
1293 2050 1547 2105 velamen
1597 2048 1898 2120 colligitur,

299 2140 518 2196 scilicet
545 2146 610 2196 ut
647 2145 940 2212 reparetur
981 2145 1039 2195 et
1082 2139 1516 2195 transformetur
1554 2138 1613 2192 in
1650 2138 1854 2194 melius
1885 2155 1900 2208 ;

297 2235 440 2285 tunc
464 2247 597 2300 ergo
641 2229 833 2284 omnia
863 2235 1048 2285 metus
1087 2228 1334 2296 habebit,
1365 2229 1536 2283 timor
1581 2244 1646 2282 ac
1689 2232 1904 2282 tremor

294 2318 562 2392 implebit
577 2319 841 2374 universa
864 2337 876 2386 ;
897 2324 1033 2374 tunc
1063 2319 1238 2374 etiam
1268 2319 1418 2388 ipsos
1447 2318 1676 2387 angelos
1704 2316 1901 2370 formi-

294 2408 436 2464 dine
453 2407 756 2480 quassabit,
773 2414 830 2464 et
843 2425 954 2462 non
965 2408 1146 2462 solum
1159 2407 1412 2478 angelos,
1428 2406 1526 2459 sed
1538 2412 1594 2460 et
1605 2406 1838 2460 thronos
1847 2410 1904 2460 et

295 2497 714 2554 dominationes
734 2503 792 2553 et
819 2497 1165 2570 principatus
1199 2500 1258 2550 et
1288 2500 1595 2566 potestates
1619 2494 1762 2561 cali,
1800 2495 1906 2549 hoc

295 2588 454 2644 enim
482 2587 764 2643 indicatur
781 2586 842 2642 in
869 2603 935 2642 eo
965 2585 1113 2658 quod
1145 2585 1282 2640 dicit
1315 2603 1326 2639 :
1362 2603 1386 2638 α
1423 2584 1492 2640 Et
1518 2583 1754 2639 virtutes
1781 2583 1904 2639 coeli

299 2676 825 2743 commovebuntur,
841 2674 1093 2732 conservi
1107 2674 1260 2730 enim
1272 2679 1407 2729 sunt
1427 2689 1623 2729 eorum
1641 2673 1736 2746 qui
1749 2673 1906 2744 judi-

299 2765 471 2822 candi
497 2771 648 2834 sunt,
681 2770 741 2820 et
766 2765 892 2822 vita
931 2765 1102 2836 hujus
1147 2764 1384 2837 posituri
1432 2763 1730 2818 rationem.
1761 2783 1787 2816 ι
1821 2763 1906 2818 Tu

301 2872 440 2912 vero
465 2855 610 2911 adde
633 2856 705 2910 ad
719 2855 838 2910 hac
859 2855 1051 2910 omnia
1069 2853 1242 2908 etiam
1263 2853 1665 2926 suppliciorum
1686 2852 1906 2908 dolores

301 2949 367 3001 et
394 2961 506 3001 non
533 2945 717 3000 solum
743 2943 1145 3010 confusionem,
1184 2959 1367 3015 neque
1403 2943 1576 2997 solius
1615 2941 1906 2997 dedecoris

301 3038 522 3101 notam,
545 3035 644 3089 sed
664 3039 722 3088 et
750 3034 903 3088 illam
923 3049 1068 3106 pone
1086 3038 1217 3088 ante
1239 3013 1428 3087 oculos
1456 3030 1622 3100 viam,
1649 3047 1760 3103 qua
1787 3036 1905 3086 tra-
1922 3013 1966 3076 Ο

299 3123 525 3179 huntur
550 3123 808 3179 homines
837 3123 907 3178 ad
927 3123 1136 3194 ignem,
1161 3127 1218 3176 et
1249 3138 1361 3193 qua
1379 3121 1686 3176 trahuntur
1703 3120 1774 3174 ad
1795 3137 1908 3192 pa-

300 3229 445 3281 nas;
476 3212 662 3284 cogita
674 3229 849 3268 savos
869 3212 996 3268 illos
1017 3217 1074 3266 et
1085 3211 1396 3266 horrendos
1413 3226 1708 3282 poenarum
1737 3209 1906 3264 mini-

299 3308 475 3370 stros,
508 3301 602 3374 qui
632 3307 952 3374 peccatores
981 3300 1333 3374 pracipitant
1359 3300 1430 3354 ad
1462 3298 1818 3370 supplicium,
1852 3303 1910 3353 et

300 3393 416 3448 hoc
440 3407 507 3446 eo
530 3395 785 3463 tempore
816 3408 927 3464 quo
969 3391 1065 3446 alii
1087 3391 1183 3463 qui
1209 3389 1352 3444 bene
1381 3392 1620 3460 egerunt
1647 3404 1682 3442 a
1712 3387 1908 3442 claris-

300 3480 469 3538 simis
495 3481 710 3552 angelis
737 3487 796 3536 et
821 3479 1217 3554 placidissimis
1248 3477 1564 3551 supportati
1593 3483 1724 3532 ante
1763 3475 1912 3548 regis

303 3571 508 3628 atemi
534 3571 740 3626 solium
769 3570 1009 3626 sublime
1038 3569 1260 3625 coronis
1277 3568 1471 3638 gloria
1496 3571 1555 3621 et
1578 3563 1912 3620 immortali-

306 3659 419 3718 bus
446 3661 695 3734 pramiis
741 3664 1132 3726 munerantur,
1161 3663 1220 3712 et
1262 3657 1380 3712 hac
1419 3655 1647 3728 quidem
1685 3653 1915 3728 propria

311 3756 483 3806 erunt
509 3749 619 3805 diei
644 3749 797 3804 illius
821 3753 878 3804 et
897 3747 1097 3820 judicii
1127 3745 1416 3818 temporis.

312 3891 452 3948 Car.
487 3891 605 3947 XV.
623 3919 690 3932 —
711 3891 786 3948 De
813 3892 1024 3959 futurae
1046 3892 1171 3944 vita
1201 3890 1415 3954 latitia,
1448 3891 1496 3941 et
1528 3888 1672 3957 quod
1701 3900 1813 3942 non
1842 3888 1914 3942 sit

593 3999 641 4035 cz
665 3982 1039 4050 comparanda
1058 3995 1296 4048 praesens
1328 3979 1638 4032 tribulatio.

390 4106 527 4171 Qua
593 4123 722 4160 vero
778 4105 1021 4177 posthac
1075 4103 1492 4174 subsequentur
1549 4101 1674 4172 quis
1728 4117 1912 4156 sermo

313 4196 533 4270 poterit
561 4195 878 4266 explicare?
907 4211 1029 4266 quae
1073 4192 1181 4248 erit
1225 4192 1496 4264 voluptas,
1537 4208 1661 4264 qua
1700 4191 1913 4259 latitia,

1980 1783 2061 1837 hil
2091 1783 2294 1839 horum
2341 1801 2490 1840 nunc
2537 1803 2571 1838 a
2616 1791 2672 1841 te
2720 1786 3020 1862 poscimus,
3051 1787 3148 1842 sed
3187 1786 3327 1843 illud
3355 1794 3580 1848 tantum

1981 1887 2264 1944 rogamus,
2289 1879 2370 1942 ut,
2395 1874 2724 1946 turpissima
2753 1875 2858 1930 hac
2884 1875 3152 1930 servitute
3189 1875 3472 1949 derelicta,
3502 1879 3579 1936 ad

1985 1962 2230 2034 priorem
2259 1962 2456 2018 redeas
2475 1961 2812 2030 libertatem,
2829 1962 3187 2018 considerans
3215 1981 3440 2036 poenam
3455 1984 3578 2042 qua

1985 2050 2347 2122 subsequitur
2394 2051 2707 2119 luxuriam,
2741 2057 2799 2106 et
2840 2051 3080 2121 gloriam
3117 2069 3240 2124 quae
3285 2053 3580 2113 virtutibus
3681 2075 3692 2100 ι

1983 2139 2230 2211 reposita
2275 2147 2378 2195 est.
2419 2140 2565 2196 Nam
2611 2141 2659 2195 si
2707 2139 2934 2212 quidem
2975 2140 3070 2212 qui
3109 2143 3579 2200 resurrectionem

1983 2227 2232 2282 futuram
2260 2245 2371 2283 non
2399 2229 2654 2297 credunt,
2683 2228 2729 2284 si
2757 2228 2928 2284 vitam
2977 2246 3136 2284 suam
3179 2230 3490 2302 negligunt,
3523 2237 3582 2290 et

1985 2315 2201 2369 nullum
2242 2315 2415 2371 futuri
2462 2317 2664 2389 judicii
2717 2316 3037 2390 concipiunt
3088 2322 3323 2386 metum,
3365 2319 3581 2375 nullam

1983 2405 2470 2474 compunctionem
2503 2406 2688 2462 cordis
2707 2406 2795 2462 sui
2813 2405 3041 2484 habent,
3061 2406 3201 2460 nihil
3222 2406 3429 2463 mirum
3453 2413 3540 2464 est
3562 2427 3577 2478 ;

1983 2508 2088 2547 nos
2116 2509 2265 2557 vero,
2301 2494 2395 2567 qui
2425 2495 2606 2550 multo
2642 2495 2850 2552 certius
2877 2496 3168 2551 intuemur
3193 2497 3386 2552 futura
3413 2514 3584 2572 quam

1986 2583 2300 2654 praesentia,
2327 2589 2385 2639 et
2409 2589 2530 2639 tam
2556 2583 2854 2640 infeliciter
2867 2601 3036 2656 agere
3063 2591 3121 2641 et
3146 2589 3266 2643 tam
3294 2585 3500 2644 misere
3525 2591 3586 2643 et

1987 2673 2200 2728 nullam
2221 2673 2666 2728 recordationem
2686 2689 2884 2746 capere
2899 2673 3115 2745 judicii,
3131 2675 3229 2733 sed
3240 2675 3300 2730 in
3316 2675 3584 2732 ultimum

1988 2759 2242 2816 decidere
2281 2766 2684 2834 contemptum,
2723 2766 2985 2840 extrema
3023 2763 3321 2819 dementiae
3349 2769 3586 2833 est,.nec

1988 2854 2174 2922 potest
2199 2849 2410 2921 aliquid
2439 2852 2570 2907 huic
2597 2851 2746 2906 malo
2773 2851 3035 2921 conferri,
3066 2853 3116 2909 si
3147 2853 3439 2912 credentes
3465 2871 3581 2910 non

1987 2938 2341 2995 credentibus
2369 2940 2582 2995 similes
2601 2941 2778 2997 simus
2801 2959 2814 2997 :
2840 2941 3091 3014 quinimo
3106 2943 3166 2998 in
3185 2943 3298 2998 illis
3317 2959 3432 3000 non
3449 2960 3587 3017 pan:

1987 3029 2039 3086 ci
2067 3028 2276 3101 reperti
2305 3035 2456 3096 sunt,
2491 3030 2588 3102 qui
2629 3031 2689 3086 in
2725 3031 2832 3086 hac
2854 3011 3010 3096 _vita.
3037 3033 3238 3088 animae
3285 3011 3586 3091 virtutibus

1988 3121 2320 3176 ﬂoruerunt.
2341 3121 2412 3176 Et
2427 3137 2552 3192 qua
2572 3120 2732 3177 nobis
2750 3122 2860 3178 erit
2877 3124 3180 3192 excusatio,
3207 3125 3341 3197 quid
3377 3125 3584 3194 solatii,

1989 3209 2036 3264 si
2079 3209 2141 3264 in
2183 3208 2276 3264 die
2309 3209 2510 3280 judicii
2551 3209 2647 3264 isti
2695 3211 2858 3267 nobis
2899 3213 3280 3284 producantur
3303 3213 3376 3270 ad
3405 3231 3590 3272 exem-

1989 3297 2165 3371 plum,
2199 3314 2328 3354 cum
2358 3303 2634 3370 praterea
2659 3299 2912 3356 videmus
2939 3303 3241 3358 nonnullos
3278 3303 3590 3374 negotiato-

1989 3403 2117 3441 rum
2156 3386 2416 3442 incidisse
2454 3387 2770 3460 naufragia,
2819 3395 2878 3444 et
2915 3389 3235 3446 universam
3277 3392 3590 3464 perdidisse

1990 3472 2384 3544 substantiam,
2417 3492 2522 3530 nec
2565 3480 2756 3531 tamen
2799 3494 2901 3549 pro
2943 3478 3050 3534 hoc
3083 3479 3330 3551 dejectos
3357 3495 3499 3549 esse,
3531 3485 3591 3536 et

1993 3563 2286 3632 resedisse,
2319 3563 2416 3618 sed
2441 3582 2640 3621 rursus
2659 3583 2953 3638 aggressos
2975 3569 3234 3624 eamdem
3253 3569 3402 3628 viam
3418 3575 3590 3643 atque

1995 3650 2195 3706 eadem
2230 3653 2496 3710 exercitia
2537 3672 2847 3728 reparasse,
2894 3662 2952 3714 et
2995 3657 3078 3712 illi
3117 3657 3346 3729 quidem
3383 3658 3593 3717 damna

1967 3793 1971 3798 .
1995 3743 2114 3797 hac
2135 3758 2248 3796 non
2273 3741 2488 3798 desidia
2506 3744 2700 3812 animi,
2727 3745 2823 3800 sed
2853 3751 3150 3802 ventorum
3169 3745 3435 3804 violentia
3459 3764 3590 3820 per-

1996 3832 2266 3887 tulerunt.
2290 3832 2406 3887 Nos
2427 3832 2524 3904 qui
2537 3833 2673 3888 certi
2693 3851 2888 3888 sumus
2908 3833 2977 3889 de
2997 3836 3109 3890 ﬁne
3127 3851 3318 3890 rerum
3340 3841 3399 3892 et
3415 3835 3592 3892 mani-

1995 3921 2134 3976 feste
2162 3921 2419 3976 novimus
2467 3921 2620 3994 quia,
2654 3922 2701 3978 si
2748 3923 3026 3992 volumus,
3069 3940 3252 3996 neque
3297 3925 3596 3998 naufragia

1995 4011 2215 4078 anima,
2239 4028 2419 4083 neque
2433 4013 2642 4067 damna
2660 4013 2972 4084 poterimus
2988 4015 3295 4083 incurrere,
3312 4017 3592 4088 quomodo

1993 4116 2108 4155 non
2117 4099 2417 4172 arripimus
2431 4102 2616 4157 denuo
2631 4102 2822 4174 priora
2831 4104 3121 4171 exercitia,
3147 4110 3206 4160 et
3223 4106 3452 4177 negotia
3469 4123 3592 4178 qua

1997 4192 2348 4264 negligenter
2393 4192 2684 4248 amisimus
2725 4194 3096 4265 reparamus?
3140 4195 3239 4250 sed
3279 4194 3594 4266 jacebimus

314 4301 448 4340 esse
468 4301 596 4342 cum
609 4283 852 4350 Christo,
871 4282 967 4338 ubi
977 4281 1167 4337 anima
1186 4281 1256 4336 ad
1273 4281 1559 4354 prapriam
1576 4281 1919 4352 generosita-
1933 4342 1980 4356 ﬁ
2000 4281 2248 4354 resupini
2263 4287 2321 4336 et
2339 4281 2558 4336 desides
2581 4287 2636 4337 et
2653 4298 2853 4337 manus
2872 4283 3080 4338 otiosas
3097 4283 3503 4356 applicabimus
3521 4284 3594 4340 ad

312 4380 441 4430 tem
469 4390 728 4448 regressa
746 4342 874 4430 cum
896 4371 1100 4426 fiducia
1121 4372 1241 4442 jam
1271 4342 1502 4442 ceperit
1519 4342 1706 4425 videre
1724 4342 1983 4431 DomisD
2001 4342 2214 4444 pectus,
2240 4376 2298 4426 et
2321 4371 2540 4426 utinam
2573 4371 2779 4426 otiosas
2801 4376 2859 4426 et
2878 4388 2989 4426 non
3016 4342 3314 4443 operantes
3331 4373 3392 4428 in
3411 4374 3596 4445 perni-

311 4480 458 4520 num
475 4462 966 4538 suum?Explicari
983 4478 1094 4516 non
1112 4465 1300 4533 potest
1313 4459 1462 4514 illius
1481 4459 1685 4514 latitia
1705 4459 1920 4530 magni-
1999 4461 2144 4515 ciem
2168 4465 2438 4527 nostram,
2469 4459 2617 4530 quod
2664 4465 2751 4514 est
2776 4460 2971 4532 utique
2999 4461 3310 4517 evidentius
3339 4463 3592 4533 insania,

315 4553 481 4620 tudo,
511 4569 624 4608 non
653 4553 802 4608 enim
836 4552 1018 4606 solum
1049 4567 1150 4623 pro
1179 4549 1268 4604 his
1290 4549 1533 4604 exsultat
1569 4548 1772 4620 quibus
1797 4564 1920 4620 per-

310 4643 530 4698 fruitur
546 4643 604 4696 in
627 4642 910 4715 praesenti,
933 4641 1030 4696 sed
1060 4641 1239 4696 multo
1259 4639 1441 4710 magis
1471 4656 1571 4710 pro
1598 4655 1664 4692 eo
1685 4639 1914 4709 gaudet,

313 4732 473 4806 quod
497 4732 774 4788 bonorum
801 4748 1030 4786 suorum
1053 4730 1158 4785 scit
1187 4729 1406 4784 nullum
1435 4730 1606 4783 ﬁnem
1640 4727 1916 4782 futurum.

315 4821 522 4888 Quaso
554 4839 687 4893 ergo
711 4826 788 4888 te,
819 4837 889 4875 ne
919 4825 1342 4875 contemnamus
1369 4823 1586 4874 tantam
1617 4816 1920 4872 beatitudi-

315 4927 475 4978 nem,
497 4927 682 4983 neque
701 4909 1054 4983 negligamus
1073 4909 1383 4981 pretiosum
1401 4909 1549 4962 hunc
1566 4907 1918 4975 thesaurum,

315 5000 420 5073 qui
446 5000 600 5056 intra
627 5017 730 5055 nos
758 5004 862 5068 est,
883 4999 1126 5054 maxime
1158 5015 1288 5055 cum
1315 4997 1491 5052 facilis
1521 4996 1679 5052 nobis
1705 4997 1921 5052 reditus

315 5106 448 5146 esse
471 5089 650 5162 possit
670 5094 730 5146 et
755 5105 928 5162 parvo
973 5088 1166 5144 labore
1204 5087 1454 5161 reparari
1483 5085 1684 5142 anima
1712 5086 1918 5154 decus;

314 5177 422 5236 ubi
451 5179 604 5235 enim
632 5195 790 5251 spem
816 5179 1140 5234 futurorum
1168 5176 1506 5249 conceperis,
1541 5175 1731 5230 statim
1778 5174 1926 5230 redit

317 5267 520 5324 anima
558 5269 630 5324 ad
659 5267 1138 5341 pulchritudinem
1177 5283 1366 5322 suam:
1398 5265 1480 5320 ait
1517 5265 1668 5319 enim
1714 5265 1924 5320 Paulus

316 5357 614 5429 apostolus
650 5377 662 5412 :
695 5376 723 5412 α
751 5359 896 5413 Nam
927 5357 1077 5429 quod
1108 5357 1166 5410 in
1193 5355 1457 5429 praesenti
1485 5360 1588 5421 est,
1618 5358 1927 5408 momenta-

314 5462 501 5518 neum
537 5452 595 5501 et
639 5447 758 5502 leve
801 5445 1186 5502 tribulationis
1226 5451 1448 5512 nostrae,
1476 5460 1648 5516 supra
1697 5443 1929 5499 modum

1999 4550 2152 4606 velut
2179 4550 2228 4603 si
2257 4549 2383 4621 quis
2412 4548 2565 4604 verbi
2597 4549 2784 4620 gratia
2815 4549 3053 4606 istorum
3081 4550 3402 4608 adversario
3419 4553 3596 4624 [Forte

1993 4639 2327 4711 adversarii]
2350 4640 2411 4694 in
2429 4656 2594 4695 suum
2623 4644 2794 4711 caput
2811 4657 3014 4696 manus
3033 4647 3338 4710 convertat,
3355 4648 3414 4698 et
3433 4659 3597 4700 suam

2001 4729 2270 4784 cervicem
2315 4729 2552 4796 cadens,
2600 4729 2808 4801 repulit
2843 4746 2946 4784 nos
2990 4730 3246 4786 diabolus
3295 4737 3354 4788 et
3397 4733 3592 4801 elisit;

2002 4823 2225 4890 oportet
2260 4818 2450 4890 itaque
2488 4834 2804 4889 resurgere,
2845 4824 2904 4873 et
2955 4835 3151 4874 rursus
3209 4823 3360 4874 stare
3401 4825 3600 4876 contra

2003 4924 2151 4976 eum,
2181 4923 2311 4962 nam
2341 4907 2389 4962 si
2425 4908 2600 4962 semel
2639 4907 2891 4978 dejectus
2929 4924 3045 4964 non
3072 4907 3256 4963 solum
3293 4925 3408 4964 non
3444 4909 3528 4965 vis
3562 4925 3600 4964 a

2002 5003 2158 5053 terra
2175 5013 2487 5067 resurgere,
2511 4997 2609 5052 sed
2641 5001 2699 5052 et
2718 4996 2962 5069 teipsum
2987 4996 3290 5070 pracipitio
3317 4997 3472 5067 dare,
3494 4999 3600 5056 hoc

2003 5093 2092 5143 est
2112 5086 2326 5159 juvisse
2351 5086 2669 5142 adversario
2697 5090 2756 5142 et
2779 5085 3033 5159 partibus
3061 5087 3184 5158 ejus
3207 5084 3426 5143 favisse.

2076 5231 2207 5286 CAP.
2239 5229 2459 5284 XVI.—
2476 5230 2547 5284 De
2569 5233 2728 5300 lapsu
2755 5231 2934 5285 David
2961 5236 3010 5285 et
3032 5232 3358 5300 panitentz'a
3386 5236 3524 5303 ejus.

2077 5356 2226 5411 Nam
2251 5360 2309 5410 et
2335 5354 2533 5410 beatus
2561 5354 2754 5423 David,
2789 5355 2858 5409 de
2904 5371 3014 5427 quo
3041 5355 3231 5427 aliqua
3261 5357 3382 5427 jam
3429 5375 3602 5432 supra

1957 5429 1973 5451 ‘
2007 5443 2589 5512 commemoravimus,
2619 5443 2820 5500 cecidit
2867 5445 3010 5501 forte
3059 5447 3256 5502 eodem
3299 5465 3434 5504 casu
3490 5429 3602 5522 quo

315 5535 670 5593 immensum
689 5541 911 5594 atoma
929 5537 1152 5609 pondus
1168 5535 1360 5608 gloria
1381 5539 1648 5607 operatur
1677 5532 1738 5589 in
1767 5531 1930 5589 nobis
2009 5538 2066 5589 et
2094 5538 2157 5590 tu
2186 5549 2354 5602 nunc,
2389 5539 2446 5591 et
2480 5549 2595 5590 non
2623 5533 2809 5590 solum
2839 5534 2966 5604 hoc,
2997 5535 3094 5592 sed
3121 5541 3178 5592 et
3203 5537 3362 5596 aliud
3386 5538 3605 5596 addidit

707 5637 977 5698 PATROL.
1007 5637 1186 5699 CXll.

3206 5635 3285 5700 42
