3982 6158
517 231 658 290 1323

510 535 838 603 resurrexit,
870 540 928 590 et
956 535 1162 591 iterum
1190 535 1350 590 stetit
1377 540 1574 590 contra
1601 534 1909 604 inimicum,
1943 541 2002 591 et
2027 536 2107 592 ita

510 640 642 682 eum
660 623 901 696 subegit,
927 629 994 680 ut
1013 623 1184 680 etiam
1204 631 1332 696 post
1349 629 1587 680 mortem
1608 624 1811 680 merita
1829 627 1952 697 ejus
1980 642 2106 698 pro-

500 713 722 770 fuerint
749 713 990 786 posteris
1019 713 1177 768 suis?
1204 714 1350 769 Nam
1388 714 1652 770 Salomon
1692 731 1818 769 cum
1856 714 2104 770 immane

503 799 648 860 illud
678 802 998 858 admisisset
1025 803 1207 858 scelus
1237 808 1295 858 et
1309 802 1514 875 dignus
1535 803 1688 858 mille
1715 803 1988 858 mortibus
2007 805 2104 858 ha-

497 892 756 960 beretur,
791 898 1022 964 propter
1048 891 1221 947 David
1250 897 1440 947 tamen
1482 909 1877 948 concessurum
1903 909 1964 948 se
1991 894 2103 948 Do-

507 981 696 1038 minus
739 997 980 1053 regnum
1026 981 1148 1052 ejus
1193 981 1478 1054 integrum
1517 981 1654 1037 dicit
1697 1000 1710 1050 ;
1771 982 1852 1037 ait
1902 981 2052 1036 enini
2085 1001 2097 1037 :

511 1091 539 1120 α
573 1069 843 1126 Scindens
887 1069 1135 1125 scindam
1177 1086 1416 1141 regnum
1453 1071 1522 1125 de
1571 1070 1833 1126 manibus
1869 1071 2001 1138 tuis,
2046 1075 2105 1126 et

509 1159 655 1215 dabo
677 1159 816 1214 illud
837 1174 994 1214 servo
1007 1163 1110 1214 tuo
1131 1158 1488 1227 Hieroboam,
1513 1165 1896 1216 verumtamen
1912 1159 1970 1214 in
1987 1160 2102 1216 die-

489 1247 614 1306 'bus
644 1248 758 1304 tuis
781 1265 894 1304 non
917 1246 1117 1303 faciam
1157 1254 1386 1320 propter
1427 1247 1603 1303 David
1648 1253 1867 1321 patrem
1913 1254 2096 1317 tuum,

507 1338 606 1395 sed
633 1339 705 1394 de
722 1337 980 1393 manibus
1009 1337 1112 1392 lilii
1140 1337 1226 1394 tui
1250 1337 1519 1410 accipiam
1549 1337 1687 1392 illud
1728 1340 1832 1402 (ΙΙΙ
1870 1339 1994 1407 Reg.
2025 1355 2098 1406 ιι,

504 1426 622 1498 11).
655 1446 682 1480 ›>
715 1427 826 1484 Sed
853 1425 1114 1483 Ezechias
1143 1442 1272 1482 cum
1296 1425 1354 1482 in
1383 1425 1633 1498 pericula
1652 1431 1901 1482 extrema
1917 1426 2101 1482 venis-

506 1522 613 1585 set,
665 1516 922 1590 quamvis
967 1520 1026 1572 et
1071 1515 1191 1588 ipse
1237 1519 1390 1572 esset
1428 1517 1637 1586 justus,
1668 1521 1726 1572 et
1769 1521 1959 1572 tamen
1999 1532 2100 1588 pro

505 1603 672 1662 beato
681 1604 856 1662 David
877 1604 1370 1661 dicitseDominus
1389 1604 1442 1660 ei
1459 1604 1728 1660 auxilium
1743 1604 2060 1661 delaturum
2081 1623 2095 1671 ;

505 1695 591 1753 ait
615 1695 766 1752 enim
799 1713 811 1750 :
849 1713 877 1748 α
907 1695 1206 1766 Protegam
1235 1692 1386 1749 enim
1414 1693 1698 1750 civitatem
1729 1695 1876 1749 hanc
1901 1701 1960 1750 et
1987 1694 2098 1749 sal-

504 1801 633 1840 vam
662 1784 865 1840 faciam
885 1781 1041 1838 illam
1061 1788 1290 1856 propter
1307 1798 1418 1850 me,
1451 1788 1508 1838 et
1532 1789 1764 1856 propter
1783 1781 1960 1840 David
1985 1799 2098 1839 ser-

503 1889 637 1930 vum
682 1888 874 1928 meum
923 1873 1024 1941 (IV
1062 1873 1187 1942 Reg.
1230 1887 1340 1940 xxx,
1369 1869 1480 1944 34).
1517 1893 1540 1924 ι
1577 1872 1746 1928 Vides
1775 1879 1988 1946 quanta
2013 1878 2101 1928 est

503 1961 682 2018 virtus
711 1959 1072 2034 pmnitentiae,
1105 1959 1261 2015 vides
1291 1965 1565 2032 quantum
1591 1961 1780 2016 meriti
1811 1961 2098 2017 conversio

503 2050 806 2124 reparavit.
859 2049 1021 2115 Quod
1066 2048 1113 2104 si
1153 2049 1422 2105 voluisset
1463 2056 1521 2105 et
1559 2051 1653 2106 ille
1697 2051 1816 2106 haec
1853 2052 2099 2122 cogitare

506 2157 630 2214 quae
657 2146 719 2195 tu
741 2156 892 2195 nunc
910 2139 1100 2195 animo
1113 2139 1286 2210 geris,
1309 2144 1369 2194 et
1395 2139 1583 2194 dicere
1604 2139 1739 2211 quia
1758 2139 2100 2212 impossibile

505 2234 594 2286 est
606 2230 726 2300 jam
746 2228 885 2284 mihi
907 2228 1209 2300 propitium
1233 2229 1352 2282 fieri
1371 2229 1606 2296 Deum,«
1625 2229 1932 2284 Honoravit
1948 2229 2096 2283 enim

504 2335 596 2376 me
635 2319 848 2375 honore
881 2317 1113 2391 ingenti,
1157 2323 1214 2374 et
1259 2318 1640 2391 pr0pheticam
1681 2318 1818 2372 mihi
1858 2318 2098 2389 gloriam

481 2409 760 2475 contulit,
785 2423 1023 2479 regnum
1052 2408 1223 2463 etiam
1253 2407 1427 2476 dedit,
1451 2427 1480 2461 ι
1499 2408 1568 2463 de
1599 2407 1862 2479 periculis
1878 2424 2098 2479 quoque

505 2497 817 2554 innumeris
853 2513 944 2552 me
983 2497 1207 2570 eripuit,
1259 2501 1318 2552 et
1365 2496 1643 2569 quomodo
1698 2502 1912 2568 potero,
1970 2512 2097 2552 cum

503 2591 632 2660 post
650 2587 768 2642 haec
779 2591 939 2642 tanta
954 2587 1076 2658 ejus
1085 2586 1358 2641 beneﬁcia
1367 2585 1669 2640 deciderim
1680 2591 1737 2641 et
1746 2585 2010 2640 oﬁenderi
2019 2601 2094 2652 m,

505 2681 676 2749 atque
698 2675 756 2730 in
785 2675 990 2730 ultima
1025 2675 1242 2747 ﬂagitia
1286 2674 1580 2730 devolutus
1625 2673 1751 2741 sim,
1790 2673 2097 2747 propitium

506 2781 704 2822 rursus
732 2764 1042 2838 promereri
1074 2764 1292 2822 Deum?
1320 2781 1368 2830 si
1408 2764 1527 2821 haec
1571 2764 1874 2836 cogitasset
1900 2763 2093 2832 David,

504 2869 635 2911 cum
653 2853 936 2926 prioribus
955 2853 1170 2927 pariter
1189 2859 1247 2909 et
1265 2853 1568 2909 novissima
1585 2853 1952 2926 perdidisset;
1985 2869 2097 2908 non

487 2942 657 3000 enim
679 2943 799 2999 sola
817 2942 1066 3014 corporis
1085 2942 1332 3008 vulnera,
1365 2941 1414 2996 si
1441 2934 1818 3013 negligantur,
1851 2941 2100 2996 inferunt

1153 225 1215 288 Β.
1247 230 1520 288 MBAN]
1549 228 1780 289 ΜΑυηί
1805 225 2142 288 ARCHIEP.
2172 225 2496 288 MOGUN’I‘.
2527 229 2825 290 OPERUM
2851 230 3036 288 PARS
3064 231 3162 292 III.

510 359 758 434 gravius,
798 355 1164 415 homicidium
1211 355 1364 413 enim
1409 357 1667 431 adjunxit
1710 357 2006 415 adulterio.
2038 358 2170 421 EtA

511 447 742 520 quidem
758 451 886 519 post
902 445 1023 502 haec
1043 445 1320 518 numquid
1343 446 1656 518 permansit
1668 448 1862 519 jacens
1875 449 1901 502 ?
1919 463 2108 504 nonne

3594 237 3706 296 1324

2332 359 2464 415 CAP.
2497 359 2671 416 XVII.
2695 389 2762 400 —
2783 361 2855 416 De
2881 361 3265 416 Ninivitarum
3287 365 3590 432 pauitantia.

2261 447 2369 504 Sed
2399 447 2660 503 addimus
2687 448 2869 504 adhuc
2893 449 3066 504 etiam
3094 449 3196 503 hoc
3223 449 3360 521 quod
3388 451 3614 510 Ninivita-
3633 469 3709 512 an.

2187 535 2418 593 diebant
2444 538 2777 609 prephetam
2806 554 2872 592 ex
2913 537 3144 593 deﬁnito
3187 537 3466 607 dicentem,
3501 546 3550 596 et
3586 559 3708 600 com-

2186 627 2497 681 minantem
2531 645 2542 680 :
2578 646 2605 680 ι
2639 625 2834 680 Adhuc
2863 633 2980 680 tres
3005 627 3144 694 dies,
3175 633 3230 681 et
3256 627 3477 682 Niniven
3501 629 3710 688 destrue-

2184 717 2280 769 tur
2309 716 2450 786 (Jon.
2476 733 2548 782 Ill,
2581 716 2656 785 Α).
2696 734 2719 766 ι
2755 715 2862 769 Sed
2911 731 2981 770 ne
3025 715 3105 770 sic
3147 717 3365 788 quidem
3411 719 3578 774 animo
3611 737 3714 776 con-

2184 803 2459 872 ciderunt,
2495 808 2554 858 et
2581 805 2686 858 hoc
2730 819 2854 858 cum
2911 821 3013 860 nec
3053 803 3190 859 satis
3233 805 3552 862 conﬁderent
3583 825 3712 878 posse

2185 907 2416 947 exorare
2445 892 2625 948 Deum
2653 897 2718 946 ut
2745 899 2942 947 contra
2970 909 3237 965 reSponsa
3262 910 3361 948 sua
3385 895 3591 961 veniret,
3617 912 3714 967 qua

2183 980 2463 1046 videbant,
2487 998 2599 1036 non
2620 980 2724 1036 sub
2741 981 2933 1053 aliqua
2950 983 3124 1037 veniae
3143 981 3448 1037 conditione
3473 999 3710 1055 suspensa,

2183 1069 2281 1126 sed
2307 1069 2568 1142 abrupta,
2600 1071 2882 1126 sententia
2904 1071 3228 1138 terminata,
3260 1076 3443 1128 tamen
3483 1071 3545 1126 ad
3580 1074 3716 1144 poeni-

2181 1159 2418 1215 tentiam
2444 1158 2792 1232 confugiunt,
2825 1159 3075 1215 dicentes
3109 1179 3122 1215 :
3154 1180 3180 1214 α
3225 1159 3358 1226 Quis
3392 1161 3489 1215 scit
3516 1161 3556 1214 si
3583 1161 3714 1218 mise-

2183 1246 2398 1304 rebitur
2425 1249 2574 1304 Deus
2602 1254 2660 1304 et
2706 1247 3103 1320 deprecabitur
3145 1249 3296 1306 Deus
3330 1266 3488 1321 super
3525 1251 3712 1319 malitia,

2183 1353 2354 1410 quam
2382 1339 2600 1392 locutus
2628 1344 2715 1392 est
2741 1345 2806 1392 ut
2834 1339 3045 1394 faceret
3091 1339 3271 1408 (Amos
3303 1356 3353 1404 v,
3387 1338 3468 1404 15)
3493 1338 3516 1392 7
3545 1359 3565 1390 ι
3591 1339 3714 1405 Quod

2182 1427 2231 1480 si
2250 1426 2506 1482 homines
2518 1425 2742 1481 barbari
2755 1433 2813 1482 et
2834 1426 3080 1499 imperiti
3107 1433 3330 1483 tantum
3359 1427 3548 1483 habere
3563 1435 3716 1500 potue-

2181 1520 2316 1572 runt
2343 1515 2688 1570 intellectum
2718 1515 2919 1571 divinae
2945 1515 3236 1583 bonitatis,
3263 1531 3444 1572 nonne
3461 1517 3614 1572 multo
3629 1533 3717 1574 ma-

2177 1603 2266 1676 gis
2295 1620 2396 1658 nos
2425 1609 2646 1676 oportet
2673 1603 2769 1676 qui
2796 1604 2855 1659 in
2882 1603 3084 1659 divinis
3107 1603 3314 1658 litteris
3333 1604 3527 1660 eruditi
3542 1621 3714 1674 sumus,

2117 1678 2161 1737 Β
2180 1698 2237 1748 et
2263 1693 2361 1764 qui
2380 1693 2497 1747 haec
2518 1692 2641 1764 ipsa
2661 1693 2915 1764 exempla
2942 1692 3294 1764 praecessisse
3320 1709 3428 1748 non
3447 1694 3716 1764 ignoramus

2179 1782 2378 1848 multa,
2410 1786 2468 1836 et
2492 1782 2604 1836 alia
2649 1798 2716 1836 ex
2753 1781 2955 1837 divinis
3004 1781 3310 1854 Scripturis
3353 1782 3544 1837 similia
3573 1781 3643 1838 vel
3669 1781 3714 1838 in

2177 1871 2469 1942 praesentis
2497 1871 2582 1924 vel
2605 1870 2664 1924 in
2710 1869 2878 1926 rebus
2911 1869 3088 1942 gestis
3124 1871 3421 1926 didicimus
3446 1869 3716 1926 contineri?

2183 1977 2208 2012 «
2241 1960 2366 2015 Non
2395 1959 2566 2025 enim,
2592 1959 2779 2030 inquit
2806 1959 2975 2027 Deus,
3009 1959 3244 2014 consilia
3285 1975 3412 2014 mea
3455 1959 3585 2014 sicut
3613 1974 3717 2015 con-

2180 2049 2308 2104 silia
2352 2054 2555 2115 vestra,
2589 2064 2691 2102 nec
2734 2048 2835 2103 via:
2882 2064 3020 2104 meae
3067 2049 3216 2104 sicut
3256 2049 3356 2104 vite
3402 2055 3602 2104 vestrm:
3643 2047 3719 2103 sed

2183 2143 2456 2210 quantum
2485 2137 2657 2192 distat
2686 2137 2886 2192 caalum
2917 2153 2952 2192 a
2976 2143 3150 2206 terra,
3185 2142 3408 2192 tantum
3441 2137 3627 2191 distant
3645 2149 3719 2191 co-

2158 2214 2482 2298 gitationes
2527 2243 2665 2282 meae
2709 2243 2744 2282 a
2783 2226 3218 2297 cogitationibus
3238 2226 3434 2282 vestris
3459 2231 3512 2281 et
3535 2224 3723 2281 consilia

2183 2333 2310 2370 mea
2329 2333 2364 2370 a
2383 2315 2627 2370 consiliis
2649 2315 2866 2370 vestris.
2897 2335 2918 2366 ι
2945 2317 3088 2371 Tum
3116 2322 3390 2388 praeterea
3406 2315 3452 2370 si
3479 2331 3570 2370 nos
3583 2313 3724 2368 famu-

2180 2404 2264 2459 los
2281 2411 2506 2460 nostros
2518 2405 2614 2476 qui
2630 2421 2732 2459 nos
2754 2402 2988 2460 fortasse
3004 2405 3382 2472 offenderunt,
3399 2420 3518 2460 cum
3538 2403 3726 2477 promit»

2180 2498 2306 2548 tant
2327 2511 2386 2549 se
2399 2511 2520 2548 esse
2531 2493 2808 2559 meliores,
2833 2493 3153 2566 recipimus,
3172 2499 3234 2548 et
3255 2493 3328 2548 ad
3349 2493 3576 2566 priorem
3599 2507 3724 2546 revo-

2180 2599 2374 2637 camus
2385 2583 2586 2650 locum,
2611 2583 2894 2638 interdum
2909 2599 3039 2637 vero
3054 2583 3229 2638 etiam
3252 2583 3517 2654 majorem
3534 2581 3605 2636 eis
3620 2585 3720 2652 post

2180 2671 2448 2752 offensam
2474 2689 2540 2726 ex
2569 2671 3019 2728 reconciliatione
3047 2671 3317 2728 ﬁduciam
3343 2671 3550 2736 damus,
3570 2683 3719 2724 nonne

2179 2760 2356 2816 multo
2371 2761 2550 2832 magis
2564 2761 2670 2816 hoc
2690 2759 2850 2816 nobis
2865 2761 3034 2814 faciat
3052 2761 3241 2816 Deus?
3260 2777 3392 2816 nam
3416 2761 3462 2815 si
3480 2762 3728 2832 propterea

2179 2865 2284 2905 nos
2297 2849 2522 2906 fecisset
2529 2855 2596 2905 ut
2605 2850 2845 2922 puniret,
2864 2848 3005 2905 bene
3019 2851 3381 2922 desperasses
3399 2857 3455 2905 et
3475 2848 3716 2904 dubitares

2180 2938 2250 2996 de
2261 2939 2442 2994 salute
2452 2944 2571 3008 tua,
2586 2939 2634 2994 si
2647 2955 2776 2994 vero
2788 2943 3018 3010 prapter
3025 2938 3339 2994 bonitatem
3353 2953 3510 2994 suam
3526 2941 3729 2992 tantum-

475 3037 766 3100 “mortem,
797 3029 896 3086 sed
946 3035 1006 3086 et
1047 3030 1248 3086 animre
1285 3028 1561 3096 similiter,
1592 3033 1652 3084 et
1681 3029 1803 3099 jam
1844 3044 1947 3083 nos
1980 3035 2096 3084 tam
2115 3037 2157 3096 α
2180 3029 2345 3085 modo
2374 3045 2476 3084 nos
2503 3028 2651 3095 fecit,
2685 3034 2749 3084 ut
2775 3027 2998 3084 aeternis
3027 3027 3189 3082 bonis
3214 3029 3340 3099 ejus
3370 3034 3426 3082 et
3453 3025 3731 3082 muneribus

504 3119 664 3175 stulti
691 3119 922 3186 erimus,
953 3123 1020 3174 ut
1044 3117 1264 3190 corpori
1289 3116 1534 3188 quidem,
1556 3115 1604 3170 si
1632 3115 1834 3172 vulnus
1858 3116 2094 3184 eveniat,

481 3207 870 3264 adhibeamus
915 3205 1180 3262 continuo
1241 3205 1596 3272 medicinam,
1653 3205 1714 3260 in
1767 3205 1920 3260 nullo
1968 3221 2098 3261 vero

475 3313 480 3317 '
505 3295 712 3352 animae
730 3293 1054 3352 vulneribus
1081 3293 1462 3365 medicemur:
1491 3297 1550 3348 et
1575 3293 1802 3366 quidem
1829 3293 1886 3348 in
1911 3294 2100 3349 vulne-

475 3399 482 3406 '
502 3381 660 3440 ribus
679 3399 978 3456 corporum
1006 3388 1140 3439 sunt
1172 3383 1354 3438 multa
1372 3398 1496 3454 qua
1517 3381 1748 3437 omnino
1770 3382 1958 3436 sanari
1985 3397 2098 3438 non

503 3478 758 3546 possunt,
788 3478 848 3528 et
873 3478 1066 3528 tamen
1092 3471 1358 3528 continuo
1385 3487 1498 3527 non
1522 3471 1903 3544 desperamus,
1921 3471 2019 3526 sed
2039 3469 2099 3526 in

474 3592 480 3598 -
505 3567 778 3634 quantum
798 3561 922 3620 ﬁeri
940 3566 1128 3636 potest
1136 3561 1470 3617 adhibemus
1481 3559 1855 3631 diligentiam,
1877 3559 2098 3615 etiamsi

503 3650 801 3708 audiamus
828 3667 864 3706 a
889 3650 1121 3707 medicis
1149 3649 1284 3724 quia
1309 3647 1634 3722 hujusmodi
1669 3649 1871 3704 vulnus
1913 3648 2098 3704 sanari

473 3773 481 3778 -
503 3739 668 3813 [deest
683 3739 820 3813 non]
841 3745 1044 3814 potest,
1059 3739 1373 3795 insistimus
1387 3743 1579 3793 tamen
1595 3742 1654 3794 et
1665 3736 2022 3794 obsecramus
2035 3743 2100 3794 ut

503 3828 696 3902 aliqua
715 3831 920 3886 saltem
939 3828 1148 3884 solatia
1165 3827 1328 3884 nobis
1349 3825 1549 3882 medici
1570 3831 1624 3882 et
1646 3825 1852 3899 aliquid
1883 3831 2100 3882 susten-

505 3917 734 3974 tationis
759 3917 1094 3990 exquirant;
1123 3917 1185 3972 in
1230 3913 1436 3972 animae
1462 3931 1596 3971 vero
1625 3915 1969 3984 vulneribus,
2001 3915 2099 3970 ubi

507 4005 649 4062 nihil
676 4011 766 4062 est
796 4005 1128 4074 insanabile,
1162 4021 1274 4061 non
1303 4005 1452 4060 enim
1493 4003 1684 4060 anima
1711 4005 2099 4061 necessitatem

505 4093 720 4167 patitur
743 4099 978 4161 naturae,
1012 4093 1174 4168 quasi
1202 4093 1388 4149 aliena
1413 4109 1447 4149 a
1472 4092 1634 4150 nobis
1657 4093 1781 4166 ejus
1799 4093 1982 4166 passio
2001 4093 2094 4162 sit,

505 4181 586 4238 sic
613 4181 972 4256 negligimus,
987 4181 1069 4239 sic
1094 4181 1480 4256 desperamus,
1501 4182 1646 4239 nihil
1663 4183 1735 4238 ad
1763 4182 1966 4239 animas
1991 4183 2099 4239 sol-

2175 3117 2450 3184 fruamur,
2466 3122 2636 3190 atque
2647 3117 2836 3172 omnia
2855 3133 2979 3189 quae
2989 3117 3108 3188 agit
3126 3116 3200 3171 ab
3215 3117 3380 3173 initio
3393 3115 3570 3172 saeculi
3589 3126 3731 3184 usque

2179 3208 2249 3262 ad
2270 3223 2517 3280 praesens
2533 3213 2774 3280 tempus,
2792 3212 3094 3279 prapterea
3105 3207 3227 3278 agit
3246 3213 3306 3262 et
3325 3213 3548 3279 propter
3561 3221 3620 3259 ea
3633 3217 3729 3257 mo-

2179 3303 2418 3369 vet,quae
2429 3297 2581 3352 ultra
2590 3295 2752 3350 nobis
2763 3294 3120 3367 desperandi,
3135 3311 3264 3366 quae
3279 3293 3731 3365 ambigendicauss

2179 3385 2492 3457 supererit?
2507 3385 2615 3440 Sed
2627 3385 2710 3440 ita
2728 3385 3107 3452 vehementer,
3131 3384 3240 3450 ais,
3265 3384 3590 3440 offendimus
3610 3395 3728 3446 eum,

2179 3479 2246 3529 ut
2261 3473 2449 3528 nullus
2459 3490 2709 3545 unquam
2731 3472 3044 3539 hominum,
3068 3479 3378 3546 propterea
3392 3489 3520 3544 ergo
3533 3468 3732 3526 maxime

2181 3561 2420 3616 velocius
2447 3568 2504 3616 et
2531 3561 2918 3617 vehementius
2946 3559 3272 3616 satisfacere
3319 3564 3538 3633 oportet
3566 3563 3618 3614 et
3646 3571 3734 3628 po-

2179 3650 2494 3708 nitudinem
2521 3667 2719 3722 gerere
2747 3649 3053 3718 commissi,
3070 3655 3129 3704 et
3156 3648 3274 3705 cito
3301 3649 3558 3704 recedere
3580 3645 3642 3700 ab
3664 3643 3732 3700 his

2178 3739 2397 3795 actibus
2421 3738 2624 3811 quibus
2653 3739 2956 3794 offenditur
2987 3739 3166 3794 Deus:
3201 3753 3390 3818 neque
3417 3738 3562 3793 enim
3588 3739 3733 3790 rectas

2181 3833 2239 3884 et
2256 3829 2529 3900 ingenuas
2557 3832 2776 3884 mentes
2803 3828 2884 3884 ita
2910 3827 3161 3896 offendit,
3184 3827 3446 3900 quamvis
3466 3820 3734 3898 gravissimi

2181 3918 2393 3990 injuria
2427 3917 2638 3985 delicti,
2691 3921 2759 3972 ut
2792 3922 3149 3990 contemptus
3195 3913 3600 3983 satisfaciendi;
3639 3921 3735 3985 μεθ’

2181 4021 2309 4060 care
2337 4021 2581 4078 namque
2625 4005 2934 4061 humanum
2981 4011 3087 4072 est,
3127 4019 3463 4076 permanere
3497 4008 3667 4058 autem
3690 3997 3734 4053 in

2180 4093 2423 4168 peccatis
2441 4093 2776 4150 diabolicum
2800 4099 2904 4150 est.
2927 4091 3184 4164 Denique
3222 4092 3353 4149 vide
3376 4089 3638 4166 quomodo
3659 4097 3737 4161 per

2179 4182 2512 4258 prophetam
2540 4182 2646 4238 hoc
2673 4187 2877 4254 arguat
2899 4181 3082 4255 magis
3099 4182 3255 4238 Deus
3275 4197 3450 4254 quam
3474 4177 3634 4236 illud:
3655 4196 3676 4228 ι
3691 4177 3739 4230 et

500 4270 851 4329 licitudinem
881 4277 1300 4341 revocamus,et
1324 4271 1423 4328 ubi
1449 4270 1736 4344 languoris
1762 4276 1970 4328 natura
1989 4271 2102 4328 dis-
2120 4273 2314 4370 Ddixi,
2345 4271 2566 4345 inquit:
2597 4271 2970 4344 Posteaquam
3004 4269 3371 4328 meretricata
3395 4285 3474 4338 es,
3505 4269 3622 4343 post
3643 4264 3738 4370 hic

501 4361 892 4436 pensationem
921 4359 1240 4418 necessario
1277 4364 1532 4432 generat,
1563 4376 1667 4416 nos
1695 4365 1906 4430 tamen,
1937 4361 2098 4434 quasi
2120 4352 2165 4370 "
2179 4361 2373 4417 omnia
2393 4366 2719 4418 convertere
2745 4359 2814 4417 ad
2843 4375 2956 4431 me,
2986 4365 3047 4416 et
3079 4375 3196 4417 non
3236 4377 3302 4417 es
3335 4371 3611 4417 conversa.
3640 4375 3660 4406 ι
3682 4352 3739 4410 Et

471 4450 623 4525 spei
651 4450 864 4526 aliquid
889 4450 1144 4508 conferat
1169 4449 1482 4522 diligentia,
1515 4465 1628 4506 non
1657 4447 1970 4506 omittimus
2004 4465 2098 4506 cu-

499 4555 624 4598 ram
649 4540 760 4609 hic,
789 4538 888 4597 ubi
911 4538 1068 4596 nulla
1095 4544 1184 4596 est
1209 4538 1545 4612 desperandi
1581 4538 1903 4608 necessitas,
1934 4537 2096 4612 quasi

500 4627 659 4688 nulla
685 4628 762 4686 sit
795 4627 1028 4698 sanitas,
1058 4627 1139 4684 sic
1165 4628 1375 4685 omissa
1401 4644 1538 4684 cura
1577 4626 1821 4702 poenitus
1855 4627 2095 4684 discedi-

499 4733 658 4787 mus;
691 4716 894 4774 millies
921 4717 1074 4773 enim
1102 4717 1150 4772 si
1182 4717 1421 4790 teipsum
1443 4717 1726 4789 desperes;
1747 4733 1851 4772 nos
1876 4721 1934 4773 te
1953 4733 2096 4774 nun-

499 4822 671 4880 quam
696 4805 1140 4880 desperabimus,
1172 4821 1356 4878 neque
1392 4805 1544 4862 enim
1595 4804 1700 4860 hoc
1742 4805 1848 4878 ipsi
1875 4806 2095 4878 agimus

498 4897 559 4952 in
588 4912 698 4970 quo
729 4895 870 4952 alios
893 4895 1376 4967 reprehendimus,
1395 4894 1650 4966 quamvis
1675 4911 1788 4950 non
1826 4893 1902 4949 sit
1923 4895 2090 4962 idem,

497 5002 628 5042 cum
654 4985 775 5058 ipse
803 4984 873 5040 de
901 5001 962 5040 se
983 4983 1110 5056 quis
1137 4984 1398 5056 desperet
1423 4989 1482 5039 et
1519 4999 1646 5038 cum
1693 4983 1802 5038 alio
1839 4984 2098 5056 despera-

496 5081 613 5130 tur.
638 5073 746 5141 Qui
792 5073 944 5130 enim
982 5073 1156 5129 alium
1193 5073 1455 5145 desperat
1489 5071 1660 5128 habet
1697 5073 1938 5142 veniam,
1992 5073 2088 5145 qui

493 5180 626 5219 vero
655 5163 1020 5236 semetipsum
1039 5162 1353 5235 desperavit
1378 5162 1592 5217 nullam
1632 5161 1802 5218 habet
1843 5163 2083 5231 veniam,

497 5253 632 5325 quia
659 5253 752 5308 ille
799 5269 914 5308 non
943 5258 1030 5307 est
1077 5251 1338 5307 dominus
1367 5252 1574 5307 mentis
1602 5251 1855 5318 alterius,
1879 5252 1927 5307 is
1956 5269 2086 5307 vero

494 5337 763 5414 propositi
804 5343 892 5397 sui
921 5343 1272 5414 potestatem
1313 5347 1470 5398 tenet
1505 5360 1516 5395 :
1548 5359 1650 5396 nos
1676 5358 1809 5414 ergo
1851 5358 1964 5397 non
1995 5342 2087 5397 de-

495 5445 788 5500 speremus
815 5431 964 5502 quod
993 5431 1069 5485 sit
1093 5430 1197 5485 tibi
1236 5429 1450 5486 reditus
1489 5430 1562 5485 ad
1590 5430 1792 5502 prioris
1819 5430 1945 5484 vitae
1975 5436 2086 5484 sta-

495 5520 616 5573 tum
645 5522 702 5571 et
724 5518 795 5572 ad
822 5519 948 5574 illas
976 5536 1116 5590 quas
1165 5521 1222 5575 in
1253 5525 1310 5574 te
1341 5521 1597 5576 novimus
1625 5519 1798 5576 animi
1826 5519 2080 5576 virtutes.

2179 4447 2384 4508 iterum
2405 4448 2540 4506 alibi
2570 4470 2583 4506 :
2612 4469 2640 4504 α
2662 4450 2737 4506 Et
2753 4449 2812 4506 in
2832 4449 2922 4506 his
2939 4447 3201 4506 omnibus
3219 4465 3340 4506 non
3361 4453 3450 4506 est
3478 4455 3737 4504 conversa

2175 4538 2530 4596 inordinatus
2571 4538 2767 4608 Iudas,
2799 4544 2859 4596 et
2892 4539 3076 4596 adhuc
3113 4554 3322 4594 manus
3369 4551 3596 4594 excessa.
3633 4550 3659 4586 ι
3682 4530 3736 4588 In

2175 4628 2304 4684 aliis
2325 4645 2546 4702 quoque
2562 4634 2860 4703 postquam
2877 4628 3069 4700 arguit
3089 4627 3298 4684 delicta
3317 4625 3505 4701 populi
3520 4639 3614 4698 per
3627 4633 3734 4694 pro-

2176 4717 2426 4792 phetam,
2452 4723 2509 4774 et
2523 4717 2974 4774 emendationem
2994 4733 3154 4772 suam
3168 4715 3563 4790 promiserunt,
3575 4717 3735 4767 osten-

2177 4807 2318 4864 dens
2339 4823 2508 4878 quam
2537 4805 2856 4865 amabiliter
2901 4805 3325 4863 conversionem
3369 4801 3592 4875 suscipit
3610 4799 3733 4855 Deus

2177 4901 2554 4970 peccatorum,
2581 4895 2720 4952 dicit
2749 4915 2761 4951 :
2802 4914 2830 4949 α
2853 4896 2990 4962 Quis
3017 4894 3176 4950 dabit
3194 4893 3278 4950 ita
3306 4910 3430 4950 esse
3456 4908 3551 4948 cor
3571 4899 3732 4944 eorum

2175 4991 2242 5042 ut
2270 4986 2511 5042 timeant
2537 5001 2648 5054 me,
2663 4990 2718 5040 et
2736 4984 3056 5040 custodiant
3073 4983 3343 5040 mandata
3367 4997 3491 5036 mea
3511 4973 3732 5034 omnibus

2169 5073 2368 5130 diebus
2394 5075 2519 5130 vitae
2551 5091 2687 5142 suae,
2717 5079 2784 5129 ut
2815 5073 2957 5130 bene
2986 5073 3069 5130 eis
3097 5074 3198 5128 ﬁat
3224 5079 3284 5128 et
3313 5071 3446 5127 ﬁliis
3488 5081 3664 5125 eorum
3682 5062 3728 5117 in

2169 5163 2435 5218 saeculum
2465 5165 2576 5234 (ΙΙΙ
2585 5167 2710 5233 Reg.
2748 5180 2858 5232 vni,
2883 5161 3050 5232 40)?»
3080 5161 3187 5217 Sed
3219 5167 3280 5216 et
3320 5161 3536 5227 Moyses
3563 5155 3727 5210 dooen

2169 5254 2436 5326 populum
2465 5253 2656 5309 volens
2675 5253 2809 5324 quid
2839 5253 2988 5308 Deus
3020 5251 3272 5324 requirat
3307 5249 3379 5304 ab
3423 5241 3723 5305 hominibus.

2169 5342 2250 5396 ita
2277 5343 2441 5397 dicit:
2471 5361 2496 5394 «
2528 5343 2596 5397 Et
2612 5359 2762 5398 nunc
2789 5341 2940 5408 audi,
2969 5341 3164 5406 Israel,
3192 5339 3328 5411 quid
3351 5337 3610 5394 Dominus
3627 5344 3725 5402 pos-

2167 5430 2245 5485 cit
2267 5431 2366 5486 abs
2394 5437 2469 5500 te,
2503 5431 2612 5486 nisi
2639 5437 2703 5486 ut
2725 5431 2931 5486 timeas
2961 5430 3264 5486 Dominum
3296 5429 3474 5483 Deum
3503 5431 3662 5487 tuum,
3679 5418 3725 5471 ει

2167 5521 2394 5577 incedas
2421 5520 2480 5576 in
2507 5520 2766 5576 omnibus
2791 5520 2892 5576 viis
2921 5520 3063 5592 ejus,
3091 5525 3147 5572 et
3171 5517 3374 5590 diligas
3401 5532 3522 5575 eum
3543 5527 3602 5569 ex
