3982 6158
328 215 347 272 l
359 212 464 273 325

1522 212 1617 269 DE
1652 212 1856 269 MODO
1895 212 2393 273 PG'INITENTIIE.

3427 224 3593 301 .1326

319 338 488 394 corde
512 342 633 404 tuo,
663 342 723 392 et
748 352 815 393 ex
839 341 962 392 tota
989 335 1181 392 anima
1203 316 1384 392 tua‘et
1411 337 1565 391 omni
1602 342 1790 392 mente
1817 344 1918 394 tua
1933 340 2119 400 Amus
2151 355 2215 394 ex
2249 357 2358 413 quo
2388 339 2567 412 ipsam
2583 339 2830 396 radicem
2855 338 3135 399 traximus
3156 343 3331 418 culpae
3357 364 3372 415 ;
3397 345 3469 402 ad
3488 346 3596 403 hoc

322 429 500 494 (Deut.
520 441 636 489 x1x,
662 424 740 495 9).
777 445 805 478 ι
838 425 989 481 Deus
1017 442 1151 496 ergo
1183 424 1317 497 quia
1335 425 1490 497 cupit
1510 425 1667 498 diligi
1696 443 1733 481 a
1759 425 1919 482 nobis

318 521 377 571 et
404 516 595 571 omnia
621 514 755 569 facit
781 531 883 588 pro
910 515 1035 582 hoc,
1066 519 1124 569 et
1150 531 1253 569 nec
1281 513 1583 585 Unigenito
1611 531 1712 571 suo
1741 515 1921 588 parcit

317 622 420 677 pro
449 605 630 659 salute
660 608 855 659 nostra
882 610 940 659 et
968 602 1264 670 charitate,
1302 609 1360 657 et
1397 604 1494 674 qui
1522 610 1696 674 optat,
1729 611 1795 660 ut
1838 604 1921 660 ita

319 693 520 759 dicam,
546 698 611 749 ut
634 709 986 765 quocumque
1005 698 1167 765 pacto
1183 696 1241 747 et
1263 692 1710 765 quandocunque
1728 709 1919 749 recon-

319 781 578 837 ciliemur
607 782 678 847 ei,
713 782 991 853 quomodo
1021 781 1357 852 pcenitentes
1395 796 1498 835 nos
1528 787 1586 835 et
1626 798 1917 837 conversos

322 870 393 925 ad
424 887 482 925 se
514 886 626 924 non
656 870 896 925 libenter
934 870 1222 941 suscipiat,
1272 874 1330 923 et
1370 869 1586 924 amabit
1620 876 1686 925 ut
1732 870 1874 926 filios
1892 871 1918 925 ’τ

324 959 470 1014 Nam
501 974 612 1029 quo
641 966 944 1031 prospectu
971 964 1138 1030 putas
1167 958 1307 1013 illud
1337 959 1487 1029 quod
1506 959 1645 1014 dixit
1667 977 1770 1035 per
1794 976 1920 1032 pro-

302 1047 575 1120 .phetam,
597 1047 686 1101 dic
704 1053 768 1102 tu
786 1048 942 1119 prius
969 1047 1296 1119 iniquitates
1323 1053 1453 1103 tuas
1484 1054 1549 1103 ut
1568 1048 1915 1119 justiﬁceris.

394 1172 527 1228 CAP.
550 1172 751 1229 XVIII.
777 1173 932 1227 —De
959 1188 1048 1241 spe
1076 1177 1125 1227 et
1152 1173 1359 1240 ﬁducia
1390 1174 1452 1228 in
1480 1173 1580 1228 Dei
1611 1175 1848 1229 bonitate

984 1262 1255 1331 ponenda.

392 1369 514 1441 Age
543 1384 677 1439 ergo
700 1369 819 1440 jam
840 1366 1237 1439 aggrediamur
1265 1367 1374 1423 iter
1399 1368 1544 1436 vitae,
1572 1373 1922 1426 revertamur

322 1457 396 1512 ad
420 1457 704 1512 civitatem
731 1456 1013 1511 caelestem
1044 1456 1103 1511 in
1133 1472 1246 1528 qua
1272 1457 1575 1529 conscripti
1621 1475 1819 1514 sumus
1863 1464 1922 1515 et

320 1545 468 1601 cives
497 1546 708 1601 decreti
728 1536 753 1614 ς’
781 1546 947 1618 hujus
975 1545 1135 1600 nobis
1162 1544 1319 1600 urbis
1347 1546 1556 1617 januas
1603 1546 1919 1619 desperatio

321 1634 551 1706 quidem
581 1634 811 1701 claudit,
834 1634 1049 1706 aperiet
1065 1640 1257 1691 autem
1276 1651 1423 1707 spes,
1445 1642 1503 1691 et
1526 1635 1920 1692 ﬁducialatum
1940 1660 1987 1722 B

316 1722 592 1796 praebebit
608 1723 926 1794 ingressum
946 1742 959 1792 ;
981 1724 1098 1779 haec
1108 1723 1154 1778 si
1173 1724 1587 1779 contemnimus
1605 1741 1719 1780 non
1736 1725 1920 1781 solum

309 1814 436 1884 jam
458 1812 686 1869 desidiae
714 1814 956 1884 culpam,
1005 1813 1102 1868 sed
1148 1818 1206 1867 et
1241 1812 1515 1885 superbiae
1556 1815 1915 1871 incurrimus.

314 1902 463 1956 Nam
492 1908 551 1957 et
576 1901 831 1957 diabolus
860 1918 974 1957 non
1003 1902 1231 1957 aliunde
1260 1902 1389 1957 talis
1427 1898 1605 1959 factus
1654 1910 1759 1972 est,
1809 1904 1919 1959 nisi

318 1990 456 2063 quia
484 1991 667 2064 primo
697 1996 827 2073 post
873 1996 1164 2063 peccatum
1200 1990 1589 2064 desperatione
1632 2009 1770 2048 usus
1810 1998 1914 2061 est,

312 2085 519 2152 postea
552 2098 683 2135 vero
711 2097 778 2135 ex
796 2079 1187 2153 desperatione
1214 2079 1413 2135 incidit
1438 2080 1499 2135 in
1523 2080 1843 2153 superbiam
1863 2086 1922 2136 et

314 2169 650 2225 elationem:
679 2169 759 2224 sic
783 2186 916 2241 ergo
937 2174 994 2223 et
1011 2169 1203 2224 anima
1221 2169 1269 2223 si
1298 2171 1472 2225 semel
1500 2170 1740 2226 salutem
1758 2186 1920 2226 suam

315 2259 555 2331 caper-it
579 2258 897 2331 desperare,
924 2259 1049 2330 jam
1077 2274 1180 2314 nec
1208 2257 1474 2329 intelligit
1508 2259 1787 2331 quomodo
1833 2261 1919 2315 vel

314 2346 382 2402 in
410 2363 535 2418 qua
563 2348 713 2402 mala
740 2347 1138 2420 praecipitetur,
1166 2348 1307 2403 nihil
1323 2348 1475 2402 enim
1504 2354 1604 2402 aut
1631 2364 1798 2427 agere
1819 2354 1921 2405 aut

316 2435 509 2492 dicere
534 2437 740 2492 metuit
766 2437 914 2508 quod
941 2437 1289 2492 contrarium
1328 2437 1499 2491 saluti
1529 2437 1640 2506 sit;
1688 2444 1746 2492 et
1773 2438 1920 2494 sicut

315 2541 471 2597 saepe
481 2525 733 2581 videmus
742 2524 802 2580 in
813 2526 900 2580 his
912 2526 1007 2597 qui
1016 2525 1328 2593 insaniunt,
1342 2542 1471 2581 cum
1482 2526 1656 2581 semel
1666 2527 1920 2599 perdide-

317 2614 440 2669 rint
466 2615 725 2670 sanitatis
749 2620 980 2683 statum,
1006 2614 1147 2669 nihil
1161 2616 1284 2687 jam
1314 2615 1462 2670 ultra
1479 2608 1755 2683 metuunt,
1775 2616 1919 2672 nihil

318 2702 678 2771 erubescunt,
708 2703 807 2759 sed
834 2703 1074 2759 libenter
1098 2705 1288 2759 omnia
1319 2710 1377 2760 et
1412 2704 1597 2760 dicere
1622 2705 1836 2760 audent
1861 2710 1919 2761 et

314 2791 519 2848 facere.
536 2778 663 2849 Siin
682 2793 869 2865 ignem
890 2800 1181 2865 proruant,
1204 2810 1319 2848 non
1340 2794 1624 2849 declinant
1647 2793 1850 2863 ;etiam
1868 2794 1915 2850 si

312 2881 380 2937 in
408 2882 782 2954 praecipitium
800 2881 977 2938 autin
1015 2881 1355 2953 profundum
1383 2899 1495 2937 non
1525 2888 1787 2939 revocant
1814 2899 1913 2955 pe-

311 2970 469 3026 dem.
502 2971 588 3026 Ita
611 2976 670 3026 et
685 2971 781 3044 qui
801 2971 1193 3043 desperatione
1214 2972 1363 3044 capti
1383 2971 1916 3029 suntirrevocabiles
1931 2982 1973 3042 Ο

308 3061 478 3127 ﬁunt,
512 3077 613 3132 per
659 3077 854 3114 omnes
902 3060 1053 3115 enim
1101 3061 1333 3117 malitiae
1384 3061 1501 3115 vias
1546 3061 1908 3117 discurrent:

308 3149 497 3222 pudor
513 3148 650 3203 nihil
667 3148 947 3221 prohibet,
972 3154 1158 3204 metus
1174 3149 1313 3204 nihil
1333 3149 1587 3221 impedit,
1612 3151 1915 3223 praesentia

304 3253 429 3293 non
453 3244 735 3305 metuunt,
764 3238 958 3293 futura
998 3255 1111 3293 non
1158 3239 1549 3305 reformidant,
1598 3240 1719 3295 sola
1763 3258 1915 3295 mors

308 3332 420 3394 est,
453 3344 620 3398 quam
654 3328 888 3382 evadere
917 3343 1030 3382 non
1059 3333 1333 3399 possunt:
1366 3333 1597 3400 propter
1640 3329 1789 3400 quod
1817 3329 1917 3384 de-

310 3433 516 3489 precor
568 3416 895 3489 priusquam
959 3417 1349 3472 vehementius
1420 3416 1717 3485 inebrieris
1781 3418 1918 3473 mali

316 3506 493 3577 hujus
518 3522 750 3573 veneno,
783 3521 1039 3577 exsurge,
1091 3522 1297 3578 quaeso,
1354 3510 1412 3561 te
1457 3507 1776 3579 expergisce
1814 3506 1917 3561 ali-

319 3595 566 3667 quando,
587 3600 646 3650 et
661 3595 996 3650 diabolicam
1015 3595 1158 3649 hanc
1168 3595 1385 3666 depone
1396 3595 1733 3651 molestiam.
1758 3596 1918 3662 Quod

321 3685 372 3739 si
401 3684 474 3739 ad
497 3683 746 3740 subitum
774 3701 888 3739 non
915 3691 1092 3756 potes,
1121 3684 1391 3756 paulatim
1420 3690 1477 3739 et
1502 3686 1711 3740 sensim
1740 3685 1918 3741 recol-

321 3773 435 3844 lige
460 3772 699 3841 animos,
723 3773 997 3845 quamvis,
1017 3780 1082 3828 ut
1099 3773 1235 3828 mihi
1258 3774 1497 3841 videtur,
1519 3774 1735 3829 facilior
1746 3774 1920 3830 viasit

319 3862 514 3917 omnia
541 3862 708 3917 simul
721 3862 1057 3934 abrumpere
1078 3869 1134 3918 et
1151 3862 1286 3917 mali
1309 3863 1477 3934 hujus
1496 3864 1805 3919 retinacula
1822 3881 1919 3937 pa-

319 3952 464 4005 riter
490 3957 708 4017 cuncta,
740 3956 911 4023 atque
939 3968 1003 4006 ex
1034 3951 1255 4023 integro
1279 3952 1350 4007 ad
1379 3952 1639 4008 exercitia
1667 3953 1916 4009 converti

318 4040 681 4112 pcenitentiae.
736 4040 796 4095 Si
846 4047 1037 4096 autem
1080 4040 1183 4095 tibi
1230 4040 1334 4095 hoc
1390 4041 1617 4097 difficile
1674 4041 1913 4110 videtur,

317 4129 522 4185 saltem
552 4145 713 4184 sume
740 4128 966 4184 initium
996 4129 1243 4200 aliquod,
1274 4128 1518 4184 melioris
1535 4130 1662 4184 vita
1691 4134 1917 4185 etaeter-

316 4233 407 4274 nae
435 4218 773 4274 desiderium
803 4235 958 4291 cape,
992 4224 1050 4273 et
1086 4218 1166 4272 sic
1210 4218 1449 4273 Domino
1491 4218 1802 4290 opitulante
1842 4219 1914 4274 ad

316 4308 541 4379 majora
562 4312 621 4362 et
648 4307 980 4380 perfectiora
1005 4307 1362 4363 conscendes.
1377 4307 1631 4363 Primum
1659 4324 1794 4380 ergo
1812 4324 1914 4380 per
1935 4301 1982 4360 D

316 4395 697 4452 humilitatem
721 4396 1085 4453 confessionis
1119 4396 1307 4471 profer
1343 4396 1547 4452 delicta
1587 4402 1689 4453 tua
1725 4414 1913 4454 coram

317 4484 437 4541 Deo
464 4485 743 4541 sacerdoti
779 4491 838 4541 et
883 4487 964 4541 sic
1012 4486 1354 4559 poenitentiae
1400 4486 1681 4542 modicum
1730 4485 1801 4542 ab
1846 4504 1913 4544 eo

315 4573 593 4630 indictum
633 4574 934 4647 diligenter
977 4592 1297 4647 exsequere,
1346 4591 1452 4630 nec
1490 4576 1791 4632 revertaris
1840 4577 1913 4632 ad

316 4662 509 4736 priora
528 4663 680 4731 vitia,
694 4664 793 4720 sed
812 4681 1036 4738 semper
1060 4680 1163 4736 per
1196 4665 1434 4739 justiﬁes
1455 4665 1656 4720 callem
1680 4666 1910 4722 studeas

288 4753 610 4824 pervenire
635 4753 708 4809 ad
735 4753 1005 4810 virtutum
1022 4770 1238 4810 arcem.

567 4860 700 4917 CAP.
718 4858 866 4917 XIX.
891 4890 957 4902 -
982 4863 1053 4917 De
1064 4863 1401 4931 confessione
1428 4863 1656 4920 humili.

385 4965 737 5023 Humilitatis
756 4968 1081 5024 testimonia
1101 4973 1253 5036 sunt,
1277 4973 1336 5024 et
1362 4969 1720 5041 iniquitatem
1747 4986 1911 5028 suam

298 5060 598 5129 quemque
623 5074 959 5129 cognoscere
990 5063 1048 5113 et
1074 5059 1358 5130 cognitam
1380 5074 1511 5114 voce
1547 5059 1910 5116 confessionis

312 5144 556 5216 aperire.
597 5144 875 5202 Usitatum
920 5147 1155 5203 humani
1193 5148 1421 5220 generis
1466 5147 1665 5204 vitium
1708 5154 1811 5217 est,
1852 5153 1911 5206 et

313 5233 553 5289 labendo
581 5240 873 5307 peccatum
904 5237 1273 5305 committere,
1305 5242 1365 5292 et
1409 5238 1767 5295 commissum
1794 5255 1909 5294 non

310 5323 630 5378 confitendo
659 5325 915 5395 prodere,
947 5326 1047 5381 sed
1092 5326 1350 5398 negando
1399 5324 1696 5384 defendere
1737 5332 1908 5401 atque

309 5411 628 5467 convictum
651 5413 999 5471 defendendo
1024 5416 1400 5489 multiplicare
1423 5434 1437 5485 ς
1468 5432 1532 5471 ex
1574 5416 1671 5472 illo
1701 5417 1908 5491 quippe

1999 428 2215 498 primus
2243 430 2412 483 homo
2452 429 2760 499 requisitus
2804 431 3006 499 fuerat,
3058 439 3123 488 ut
3151 451 3274 506 quae
3305 441 3595 508 transgre-

1998 516 2203 583 diendo
2230 517 2606 585 commiserat,
2658 520 2974 576 conﬁtendo
3001 521 3231 589 deleret,
3268 530 3326 579 et
3350 525 3595 583 interro-

1997 611 2163 676 gatus
2190 606 2287 660 ubi
2312 612 2475 674 esset,
2508 612 2574 661 ut
2600 614 2979 680 perpetratam
3006 612 3230 696 culpam
3269 615 3591 686 respiceret,

2000 701 2058 749 et
2083 696 2400 750 confitendo
2429 704 2789 767 cognosceret
2817 716 2987 770 quam
3015 701 3180 774 longe
3209 720 3244 757 a
3289 700 3595 763 conditoris

1999 784 2088 839 sui
2127 784 2267 839 facie
2296 785 2535 840 abesset.
2565 786 2780 841 Indicia
2798 805 2941 845 verm
2962 791 3324 847 confessionis
3360 801 3513 865 sunt,
3544 796 3595 853 si

1999 873 2387 944 unusquisque
2415 891 2545 928 cum
2573 892 2632 929 se
2662 881 3013 947 peccatorem
3050 880 3202 947 dicit,
3236 882 3293 937 id
3321 883 3390 939 de
3416 902 3478 940 se
3504 886 3595 942 di-

2000 961 2147 1016 centi
2196 962 2367 1016 etiam
2403 963 2567 1017 alteri
2611 980 2725 1019 non
2753 967 3135 1038 contradicat;
3168 971 3441 1045 scriptum
3466 981 3588 1032 est:

2005 1071 2027 1102 ι
2061 1051 2256 1106 Justus
2286 1051 2347 1106 in
2377 1051 2649 1124 principio
2679 1061 2972 1111 accusator
2999 1063 3093 1130 est
3110 1061 3198 1115 sui
3229 1062 3407 1128 (Prov.
3440 1081 3590 1135 xvm,

2004 1138 2110 1209 19).
2147 1158 2169 1190 ι
2199 1140 2325 1195 Non
2354 1141 2537 1211 magis
2556 1149 2814 1213 peccator
2833 1145 2931 1199 sed
2954 1146 3143 1217 justus
3161 1150 3339 1205 videri
3357 1155 3593 1225 appetit,

2001 1245 2129 1283 cum
2175 1234 2525 1301 peccatorem
2571 1248 2630 1285 se
2668 1233 2922 1304 quisquis
2967 1237 3122 1291 nullo
3167 1246 3439 1309 arguente
3466 1260 3595 1299 con-

2001 1318 2214 1385 fitetur,
2256 1318 2617 1374 confessionis
2652 1321 2885 1384 veritate
2933 1325 3221 1395 probatur,
3272 1332 3422 1401 quod
3452 1319 3597 1390 alter

2002 1408 2214 1461 malum
2234 1409 2382 1479 quod
2409 1409 2644 1463 fecimus
2675 1410 2945 1483 increpat,
2979 1416 3126 1485 quod
3153 1418 3379 1489 superbi
3407 1421 3596 1479 defen-

2001 1496 2205 1562 dimus,
2239 1497 2371 1551 licet
2398 1497 2615 1569 [liquet]
2648 1499 2782 1571 quia
2822 1507 3277 1572 peccatoresnos
3307 1525 3428 1564 esse
3464 1512 3597 1569 ﬁcte

2002 1585 2343 1640 dicebamus.
2361 1585 2689 1643 Curandum
2719 1606 3077 1663 summopere
3105 1600 3191 1649 est
3216 1602 3280 1651 ut
3303 1599 3453 1653 mala
3470 1617 3595 1673 qua;

1999 1674 2233 1729 fecimus
2254 1680 2312 1730 et
2334 1681 2532 1747 sponte
2560 1677 2857 1745 fateamur,
2878 1686 2935 1735 et
2953 1682 3070 1736 haec
3088 1683 3213 1738 aliis
3231 1689 3598 1757 arguentibus

2000 1779 2113 1818 non
2141 1781 2431 1835 negemus,
2465 1766 2740 1837 superbiae
2771 1769 2978 1841 quippe
3007 1770 3205 1827 vitium
3234 1780 3320 1830 est
3357 1781 3421 1831 ut
3446 1778 3597 1850 quod

1999 1852 2163 1906 fateri
2193 1853 2428 1925 quisque
2470 1856 2629 1926 quasi
2658 1873 2762 1911 sua
2808 1864 3005 1929 sponte
3041 1862 3324 1933 dignatur,
3356 1866 3460 1922 hoc
3488 1868 3597 1925 sibi

2000 1942 2110 1996 dici
2140 1942 2209 1996 ab
2244 1942 2369 1997 aliis
2420 1944 2758 2016 dedignetur
2784 1946 2986 2018 pignus
3017 1950 3283 2007 debitoris
3308 1961 3428 2025 est;
3460 1974 3595 2014 con-

1998 2029 2165 2087 fessio
2186 2033 2513 2104 peccatoris,
2546 2051 2581 2088 a
2608 2034 2862 2089 debitore
2893 2038 3044 2091 enim
3070 2039 3273 2110 pignus
3300 2044 3593 2117 accipitur,

2001 2137 2127 2176 cum
2156 2138 2191 2175 a
2215 2119 2508 2194 peccatore
2531 2124 2654 2196 jam
2682 2125 2896 2195 peccati
2922 2127 3196 2184 confessio
3222 2136 3469 2190 tenetur.
3553 2184 3558 2189 .

2000 2264 2132 2319 CAP.
2160 2264 2280 2319 XX.
2314 2295 2380 2306 —
2413 2266 2566 2334 Quod
2590 2268 2737 2323 nihil
2758 2271 2938 2338 prosit
2968 2287 3022 2325 se
3042 2278 3381 2342 peccatorem
3416 2277 3596 2337 dicere

2489 2360 2539 2410 et
2560 2359 2703 2411 nolle
2730 2373 2784 2411 se
2810 2361 3122 2416 emendare.

2074 2477 2468 2552 Corrumpitur
2485 2485 2674 2535 autem
2693 2483 3042 2554 paenitentia,
3058 2486 3104 2541 si
3123 2486 3324 2545 iisdem
3345 2490 3471 2564 quis
3489 2509 3593 2566 pro

2002 2566 2203 2639 quibus
2232 2569 2568 2624 conﬁteatur
2592 2587 2788 2627 rursus
2816 2572 3130 2631 involvatur
3153 2579 3315 2635 malis
3342 2600 3353 2635 :
3384 2602 3406 2634 ι
3436 2583 3595 2640 Unus

2001 2656 2172 2724 enim,
2188 2657 2389 2729 inquit,
2412 2658 2712 2728 azdiﬁcans,
2728 2668 2786 2716 et
2805 2678 2952 2718 unus
2978 2664 3294 2736 destruens,
3309 2671 3445 2742 quid
3465 2688 3595 2731 con-

1998 2746 2255 2816 sequitur
2280 2747 2389 2800 nisi
2420 2746 2712 2804 laborem?
2740 2751 2809 2805 Et
2838 2753 2936 2823 qui
2965 2754 3282 2826 baptizatur
3302 2775 3338 2813 a
3364 2767 3590 2819 mortuo

1998 2839 2055 2887 et
2067 2834 2272 2889 iterum
2288 2836 2564 2917 contingit
2577 2845 2882 2909 mortuum,
2919 2843 3054 2915 quid
3072 2847 3296 2916 proﬁcit
3307 2847 3598 2908 inlavacro

1995 2922 2295 2994 priorilsic
2323 2931 2380 2979 et
2410 2926 2578 2981 homo
2612 2928 2708 2999 qui
2732 2930 2957 3001 jejunat
2974 2949 3076 3004 pro
3103 2936 3345 3006 peccatis
3372 2939 3511 3008 suis,
3538 2945 3599 2997 et

1994 3010 2199 3066 iterum
2215 3013 2448 3081 vadit,et
2458 3015 2655 3069 eadem
2667 3017 2802 3087 agit,
2810 3019 3123 3076 orationem
3135 3024 3257 3095 ejus
3268 3027 3395 3097 quis
3403 3028 3598 3085 audiet

1999 3102 2186 3169 (Ecclz'.
2212 3102 2490 3173 xxm,29)
2513 3120 2542 3157 ››
2567 3103 2592 3158 ?
2616 3105 2685 3159 Et
2703 3104 2910 3161 iterum
2930 3109 3094 3165 dicit:
3122 3112 3232 3178 Qui
3251 3116 3453 3171 redita
3490 3119 3593 3175 Dei

1990 3190 2216 3279 justitia
2233 3191 2306 3244 ad
2325 3194 2918 3262 peccatum,Dominus
2926 3200 3239 3272 praecipth
3250 3220 3380 3260 eum
3391 3205 3451 3261 in
3466 3208 3594 3279 gla-

1998 3278 2238 3344 dium,et
2246 3279 2393 3333 sicut
2401 3281 2712 3349 canis,cum
2722 3286 3022 3342 revertitur
3031 3290 3104 3343 ad
3115 3293 3386 3348 vomitum
3400 3311 3568 3352 suum
3578 3340 3595 3369 ,

1999 3366 2220 3422 odibilis
2238 3368 2583 3437 efﬁcitur,ita
2602 3377 2659 3426 et
2676 3374 2883 3428 stultus
2904 3392 3031 3430 cum
3052 3381 3352 3437 revertitur
3368 3384 3442 3438 ad
3460 3366 3595 3457 pec;

1999 3463 2187 3510 catum
2206 3472 2392 3511 suum.
2410 3460 2545 3514 Non
2566 3476 2699 3531 ergo
2714 3461 2818 3515 hoc
2838 3463 3022 3518 solum
3038 3467 3243 3523 sufﬁcit
3259 3469 3307 3523 si
3326 3470 3595 3531 incusans

1999 3544 2360 3616 temetipsum
2389 3553 2617 3618 peccata
2658 3554 2759 3604 tua
2798 3551 3038 3609 videaris
3066 3572 3361 3628 exponere,
3395 3563 3497 3618 sed
3523 3580 3593 3621 eo

1999 3633 2200 3688 aﬂ‘ectu
2234 3635 2350 3689 haec
2375 3652 2499 3705 age,
2532 3642 2595 3691 ut
2620 3655 2811 3710 speres
2847 3640 2948 3695 tibi
2992 3643 3052 3698 in
3081 3661 3146 3699 eo
3168 3647 3594 3716 justificationis

1998 3722 2209 3794 aliquid
2239 3725 2480 3779 conferri
2516 3743 2616 3798 per
2638 3728 3049 3799 paenitentiam.
3080 3733 3171 3789 Sic
3198 3736 3350 3793 enim
3377 3743 3591 3812 poteris

1996 3812 2199 3868 animae
2214 3819 2325 3868 tuae
2344 3815 2634 3871 confitenti
2656 3818 2907 3873 incutere
2927 3824 3336 3895 verecundiam,
3353 3844 3425 3885 ne
3445 3832 3597 3891 ultra

2000 3901 2056 3956 in
2088 3903 2205 3958 haec
2258 3920 2361 3976 pro
2408 3905 2609 3976 quibus
2645 3909 2944 3963 confitetur
2970 3909 3239 3969 incurrat.
3278 3916 3427 3973 Nam
3465 3936 3595 3978 con-

1997 3991 2265 4047 demnare
2283 3993 2649 4068 semetipsum
2669 4003 2726 4051 et
2743 4004 3093 4068 peccatorem
3112 4001 3317 4073 dicere,
3344 4023 3596 4066 commu-

1997 4096 2067 4134 ne
2097 4080 2201 4136 boc
2248 4087 2334 4137 est
2357 4084 2629 4152 omnium,
2664 4092 2722 4141 et
2768 4087 2885 4143 hinc
2914 4091 3248 4162 poenitentia
3275 4101 3363 4151 est
3400 4096 3597 4156 infide-

1995 4168 2135 4259 lium
2160 4189 2174 4238 ;
2207 4171 2449 4244 denique
2478 4175 2643 4229 multi
2688 4175 2759 4230 de
2792 4194 2959 4233 scena
2987 4196 3210 4254 quoque
3239 4184 3342 4238 viri
3371 4192 3429 4242 et
3454 4205 3595 4259 pree-

1995 4258 2158 4330 cipue
2188 4261 2452 4317 mulieres
2480 4263 2776 4337 impudicae
2818 4276 3139 4339 peccatores
3174 4258 3506 4348 semetipsos
3533 4284 3595 4337 et

1993 4349 2293 4404 sceleratos
2335 4354 2638 4424 appellant,
2682 4372 2795 4411 non
2825 4374 2889 4411 eo
2926 4366 3224 4431 prospectu
3251 4364 3370 4420 haec
3396 4366 3594 4426 dicunt

1995 4453 2105 4509 quo
2119 4440 2349 4511 cupiant
2358 4443 2664 4510 emendari,
2689 4444 2815 4500 ideo
2838 4463 2951 4502 non
2971 4454 3057 4504 est
3076 4449 3314 4507 dicenda
3332 4453 3444 4509 ista
3460 4472 3590 4513 con-

1992 4525 2179 4594 fessio,
2207 4545 2319 4583 non
2342 4530 2494 4583 enim
2516 4548 2581 4584 ex
2601 4534 2766 4587 corde
2777 4544 3108 4608 compuncto
3132 4555 3236 4597 nec
3246 4540 3307 4597 in
3321 4544 3591 4603 amaritu-

1992 4615 2124 4707 dine
2134 4617 2510 4707 lacrymarum
2519 4620 2655 4675 talia
2665 4622 3155 4694 proferuntur,nec
3164 4645 3231 4685 eo
3241 4631 3446 4690 affectu
3456 4650 3592 4707 qua-

1991 4705 2041 4759 si
2066 4704 2162 4776 qui
2187 4706 2411 4762 oderint
2432 4724 2501 4764 ea
2523 4726 2646 4782 quae
2673 4719 2956 4783 accusant,
2971 4732 3074 4772 nec
3096 4718 3247 4774 ultra
3264 4736 3378 4777 non
3403 4704 3589 4781 dicam

1993 4811 2161 4866 agere
2188 4794 2321 4864 haec,
2340 4797 2439 4853 sed
2467 4815 2537 4854 ne
2562 4800 2757 4856 audire
2779 4803 3006 4873 quidem
3030 4807 3217 4876 velint,
3235 4811 3334 4866 sed
3362 4817 3589 4869 tantum

1991 4899 2082 4939 res
2092 4883 2153 4940 in
2166 4901 2424 4942 sermone
2435 4893 2537 4955 est,
2565 4894 2625 4944 et
2638 4906 2898 4948 sermone
2926 4897 3163 4953 summis
3177 4898 3381 4956 elabiis
3394 4918 3509 4959 non
3519 4918 3588 4960 ex

1990 4972 2191 5029 intimo
2219 4974 2410 5031 dolore
2426 4978 2609 5032 cordis
2623 4981 3007 5051 producto,ita
3024 4992 3090 5041 ut
3107 4986 3393 5044 interdum
3412 4991 3586 5049 etiam

1988 5080 2091 5135 pro
2118 5063 2224 5119 hoc
2252 5064 2374 5136 ipso
2405 5066 2625 5151 laudari
2653 5076 2993 5143 exspectent,
3017 5076 3181 5146 quasi
3210 5077 3308 5150 qui
3325 5079 3467 5136 nihil
3484 5081 3588 5139 fal-

1990 5151 2112 5207 lant
2140 5172 2153 5222 ;
2183 5154 2281 5209 sed
2308 5154 2437 5210 licet
2463 5162 2658 5212 contra
2686 5160 3038 5233 semetipsos,
3071 5171 3263 5222 tamen
3291 5185 3425 5224 vera
3450 5187 3585 5242 pro-

1990 5242 2269 5311 nuntient,
2321 5245 2481 5315 quasi
2538 5246 2619 5299 ita
2644 5264 2816 5318 grave
2844 5251 2994 5321 apud
3021 5252 3279 5312 homines
3314 5265 3585 5330 appareat

1988 5336 2299 5402 peccatum,
2333 5350 2462 5387 cum
2497 5333 2566 5389 ab
2597 5352 2663 5391 eo
2683 5339 2965 5408 perfertur
2981 5341 3078 5413 qui
3094 5343 3325 5401 admisit
3372 5352 3437 5403 ut
3453 5365 3584 5407 cum

1988 5419 2059 5474 ab
2076 5420 2184 5475 alio
2205 5423 2491 5494 arguitur;
2513 5425 2613 5480 sed
2628 5426 2781 5482 istud
2799 5427 3018 5503 faciunt.
3043 5430 3123 5500 hi,
3153 5434 3252 5505 qui
3276 5437 3457 5494 multa
3480 5439 3584 5496 de-

308 5500 475 5574 lapsu
510 5499 680 5575 primi
709 5502 956 5562 hominis
984 5504 1104 5563 haec
1129 5509 1436 5580 augmenta
1461 5504 1725 5579 nequitiae
1752 5506 1906 5565 duci-
1984 5510 2304 5583 speratione
2323 5511 2496 5570 etiam
2523 5530 2692 5572 sensu
2701 5515 2911 5575 doloris
2928 5499 3141 5591 carent,
3169 5499 3584 5588 nechominum
