  <div class='ocr_page' id='page_1' title='image "/cluster/home/n/w/nwhite01/storage/ocr_20150623/112/hvd.32044054759774/669.png"; bbox 0 0 3982 6158; ppageno 0'>
   <div class='ocr_carea' id='block_1_1' title="bbox 498 256 650 356">
    <p class='ocr_par' dir='ltr' id='par_1_1' title="bbox 498 256 650 356">
     <span class='ocr_line' id='line_1_1' title="bbox 498 256 650 356; baseline 0 -1"><span class='ocrx_word' id='word_1_1' title='bbox 498 256 650 356; x_wconf 62' lang='grc'><strong>’(327</strong></span> 
     </span>
    </p>
   </div>
   <div class='ocr_carea' id='block_1_2' title="bbox 1095 291 3693 366">
    <p class='ocr_par' dir='ltr' id='par_1_2' title="bbox 1095 291 3693 366">
     <span class='ocr_line' id='line_1_2' title="bbox 1095 291 3693 366; baseline -0 -13"><span class='ocrx_word' id='word_1_2' title='bbox 1095 297 1158 353; x_wconf 83' lang='grc' dir='ltr'><strong>Β.</strong></span> <span class='ocrx_word' id='word_1_3' title='bbox 1199 295 1471 354; x_wconf 77' lang='lat' dir='ltr'><strong>RABANI</strong></span> <span class='ocrx_word' id='word_1_4' title='bbox 1521 293 1754 352; x_wconf 74' lang='lat' dir='ltr'><strong>MAU&#39;RI</strong></span> <span class='ocrx_word' id='word_1_5' title='bbox 1789 291 2125 350; x_wconf 76' lang='lat' dir='ltr'><strong>ARCHIEP.</strong></span> <span class='ocrx_word' id='word_1_6' title='bbox 2168 291 2493 354; x_wconf 77' lang='lat' dir='ltr'><strong>MOGUNT.</strong></span> <span class='ocrx_word' id='word_1_7' title='bbox 2536 297 2834 355; x_wconf 78' lang='lat' dir='ltr'><strong>OPERUM</strong></span> <span class='ocrx_word' id='word_1_8' title='bbox 2869 296 3054 355; x_wconf 81' lang='lat' dir='ltr'><strong>PARS</strong></span> <span class='ocrx_word' id='word_1_9' title='bbox 3091 299 3186 356; x_wconf 91' lang='lat' dir='ltr'><strong>III.</strong></span> <span class='ocrx_word' id='word_1_10' title='bbox 3585 306 3693 366; x_wconf 66' lang='lat'><strong>4323</strong></span> 
     </span>
    </p>
   </div>
   <div class='ocr_carea' id='block_1_3' title="bbox 500 395 3691 504">
    <p class='ocr_par' dir='ltr' id='par_1_3' title="bbox 500 395 3691 504">
     <span class='ocr_line' id='line_1_3' title="bbox 500 395 3691 504; baseline 0.004 -26"><span class='ocrx_word' id='word_1_11' title='bbox 500 423 621 495; x_wconf 77' lang='lat' dir='ltr'><strong>jam</strong></span> <span class='ocrx_word' id='word_1_12' title='bbox 651 424 917 477; x_wconf 88' lang='lat' dir='ltr'><strong>verentur</strong></span> <span class='ocrx_word' id='word_1_13' title='bbox 939 395 1152 486; x_wconf 66' lang='lat' dir='ltr'><strong>ndtam,</strong></span> <span class='ocrx_word' id='word_1_14' title='bbox 1177 417 1275 475; x_wconf 88' lang='lat' dir='ltr'><strong>sed</strong></span> <span class='ocrx_word' id='word_1_15' title='bbox 1303 437 1428 476; x_wconf 90' lang='lat' dir='ltr'><strong>cum</strong></span> <span class='ocrx_word' id='word_1_16' title='bbox 1450 419 1657 476; x_wconf 86' lang='lat' dir='ltr'><strong>ﬁducia</strong></span> <span class='ocrx_word' id='word_1_17' title='bbox 1674 421 1918 493; x_wconf 88' lang='lat' dir='ltr'><strong>quadam</strong></span> <span class='ocrx_word' id='word_1_18' title='bbox 1943 421 2100 492; x_wconf 90' lang='lat' dir='ltr'><strong>quasi</strong></span> <span class='ocrx_word' id='word_1_19' title='bbox 2119 422 2474 498; x_wconf 84' lang='lat' dir='ltr'><strong>Aconspicit,</strong></span> <span class='ocrx_word' id='word_1_20' title='bbox 2506 426 2600 482; x_wconf 91' lang='lat' dir='ltr'><strong>sed</strong></span> <span class='ocrx_word' id='word_1_21' title='bbox 2631 431 2821 482; x_wconf 89' lang='lat' dir='ltr'><strong>tamen</strong></span> <span class='ocrx_word' id='word_1_22' title='bbox 2871 427 3014 482; x_wconf 88' lang='lat' dir='ltr'><strong>hanc</strong></span> <span class='ocrx_word' id='word_1_23' title='bbox 3056 429 3407 500; x_wconf 78' lang='lat' dir='ltr'><strong>praeveniente</strong></span> <span class='ocrx_word' id='word_1_24' title='bbox 3442 435 3601 504; x_wconf 83' lang='lat' dir='ltr'><strong>gratia</strong></span> <span class='ocrx_word' id='word_1_25' title='bbox 3636 436 3691 490; x_wconf 85' lang='lat' dir='ltr'><strong>ad</strong></span> 
     </span>
    </p>
   </div>
   <div class='ocr_carea' id='block_1_4' title="bbox 503 507 2124 582">
    <p class='ocr_par' dir='ltr' id='par_1_4' title="bbox 503 507 2124 582">
     <span class='ocr_line' id='line_1_4' title="bbox 503 507 2124 582; baseline -0.002 -14"><span class='ocrx_word' id='word_1_26' title='bbox 503 511 688 568; x_wconf 85' lang='lat' dir='ltr'><strong>aliena</strong></span> <span class='ocrx_word' id='word_1_27' title='bbox 708 511 790 566; x_wconf 87' lang='lat' dir='ltr'><strong>ita</strong></span> <span class='ocrx_word' id='word_1_28' title='bbox 816 507 1044 582; x_wconf 90' lang='lat' dir='ltr'><strong>propria</strong></span> <span class='ocrx_word' id='word_1_29' title='bbox 1067 511 1435 582; x_wconf 89' lang='lat' dir='ltr'><strong>pronuntiant</strong></span> <span class='ocrx_word' id='word_1_30' title='bbox 1454 511 1622 566; x_wconf 88' lang='lat' dir='ltr'><strong>mala.</strong></span> <span class='ocrx_word' id='word_1_31' title='bbox 1645 511 1724 566; x_wconf 90' lang='lat' dir='ltr'><strong>Te</strong></span> <span class='ocrx_word' id='word_1_32' title='bbox 1743 517 1933 566; x_wconf 87' lang='lat' dir='ltr'><strong>autem</strong></span> <span class='ocrx_word' id='word_1_33' title='bbox 1963 511 2124 566; x_wconf 79' lang='lat' dir='ltr'><strong>nihil.</strong></span> 
     </span>
    </p>
   </div>
   <div class='ocr_carea' id='block_1_5' title="bbox 503 599 2100 672">
    <p class='ocr_par' dir='ltr' id='par_1_5' title="bbox 503 599 2100 672">
     <span class='ocr_line' id='line_1_5' title="bbox 503 599 2100 672; baseline -0.003 -14"><span class='ocrx_word' id='word_1_34' title='bbox 503 601 712 658; x_wconf 84' lang='lat' dir='ltr'><strong>horum</strong></span> <span class='ocrx_word' id='word_1_35' title='bbox 756 599 938 656; x_wconf 88' lang='lat' dir='ltr'><strong>facere</strong></span> <span class='ocrx_word' id='word_1_36' title='bbox 984 599 1126 666; x_wconf 90' lang='lat' dir='ltr'><strong>volo,</strong></span> <span class='ocrx_word' id='word_1_37' title='bbox 1179 617 1362 672; x_wconf 89' lang='lat' dir='ltr'><strong>neque</strong></span> <span class='ocrx_word' id='word_1_38' title='bbox 1391 599 1782 672; x_wconf 82' lang='lat' dir='ltr'><strong>desperatione</strong></span> <span class='ocrx_word' id='word_1_39' title='bbox 1832 601 1902 656; x_wconf 88' lang='lat' dir='ltr'><strong>ad</strong></span> <span class='ocrx_word' id='word_1_40' title='bbox 1931 601 2100 655; x_wconf 86' lang='lat' dir='ltr'><strong>conﬁ-</strong></span> 
     </span>
    </p>
   </div>
   <div class='ocr_carea' id='block_1_6' title="bbox 496 687 2098 760">
    <p class='ocr_par' dir='ltr' id='par_1_6' title="bbox 496 687 2098 760">
     <span class='ocr_line' id='line_1_6' title="bbox 496 687 2098 760; baseline -0.003 -11"><span class='ocrx_word' id='word_1_41' title='bbox 496 689 734 750; x_wconf 84' lang='lat' dir='ltr'><strong>tendum</strong></span> <span class='ocrx_word' id='word_1_42' title='bbox 755 688 964 757; x_wconf 88' lang='lat' dir='ltr'><strong>venire,</strong></span> <span class='ocrx_word' id='word_1_43' title='bbox 995 687 1093 743; x_wconf 88' lang='lat' dir='ltr'><strong>sed</strong></span> <span class='ocrx_word' id='word_1_44' title='bbox 1113 703 1242 742; x_wconf 89' lang='lat' dir='ltr'><strong>cum</strong></span> <span class='ocrx_word' id='word_1_45' title='bbox 1265 705 1364 760; x_wconf 87' lang='lat' dir='ltr'><strong>spe</strong></span> <span class='ocrx_word' id='word_1_46' title='bbox 1395 689 1542 743; x_wconf 91' lang='lat' dir='ltr'><strong>bona</strong></span> <span class='ocrx_word' id='word_1_47' title='bbox 1573 695 1631 744; x_wconf 89' lang='lat' dir='ltr'><strong>et</strong></span> <span class='ocrx_word' id='word_1_48' title='bbox 1657 689 2098 760; x_wconf 66' lang='lat' dir='ltr'><strong>praesumptione</strong></span> 
     </span>
    </p>
   </div>
   <div class='ocr_carea' id='block_1_7' title="bbox 500 776 2098 852">
    <p class='ocr_par' dir='ltr' id='par_1_7' title="bbox 500 776 2098 852">
     <span class='ocr_line' id='line_1_7' title="bbox 500 776 2098 852; baseline -0.003 -15"><span class='ocrx_word' id='word_1_49' title='bbox 500 777 883 852; x_wconf 58' lang='lat' dir='ltr'><strong>indulgentia,</strong></span> <span class='ocrx_word' id='word_1_50' title='bbox 926 776 1334 849; x_wconf 79' lang='lat' dir='ltr'><strong>desperationis</strong></span> <span class='ocrx_word' id='word_1_51' title='bbox 1371 777 1558 833; x_wconf 84' lang='lat' dir='ltr'><strong>radice</strong></span> <span class='ocrx_word' id='word_1_52' title='bbox 1612 778 1837 849; x_wconf 87' lang='lat' dir='ltr'><strong>penitus</strong></span> <span class='ocrx_word' id='word_1_53' title='bbox 1867 777 2052 832; x_wconf 85' lang='lat' dir='ltr'><strong>excisa</strong></span> <span class='ocrx_word' id='word_1_54' title='bbox 2085 795 2098 832; x_wconf 88' lang='lat'><strong>:</strong></span> 
     </span>
    </p>
   </div>
   <div class='ocr_carea' id='block_1_8' title="bbox 501 865 2100 938">
    <p class='ocr_par' dir='ltr' id='par_1_8' title="bbox 501 865 2100 938">
     <span class='ocr_line' id='line_1_8' title="bbox 501 865 2100 938; baseline -0.004 -11"><span class='ocrx_word' id='word_1_55' title='bbox 501 870 663 928; x_wconf 82' lang='lat' dir='ltr'><strong>radix</strong></span> <span class='ocrx_word' id='word_1_56' title='bbox 709 872 798 924; x_wconf 89' lang='lat' dir='ltr'><strong>est</strong></span> <span class='ocrx_word' id='word_1_57' title='bbox 836 865 988 922; x_wconf 87' lang='lat' dir='ltr'><strong>enim</strong></span> <span class='ocrx_word' id='word_1_58' title='bbox 1033 865 1441 938; x_wconf 82' lang='lat' dir='ltr'><strong>desperationis</strong></span> <span class='ocrx_word' id='word_1_59' title='bbox 1489 865 1733 938; x_wconf 82' lang='lat' dir='ltr'><strong>ignavia,</strong></span> <span class='ocrx_word' id='word_1_60' title='bbox 1765 882 1879 921; x_wconf 91' lang='lat' dir='ltr'><strong>non</strong></span> <span class='ocrx_word' id='word_1_61' title='bbox 1917 866 2100 922; x_wconf 90' lang='lat' dir='ltr'><strong>solum</strong></span> 
     </span>
    </p>
   </div>
   <div class='ocr_carea' id='block_1_9' title="bbox 504 947 2102 1026">
    <p class='ocr_par' dir='ltr' id='par_1_9' title="bbox 504 947 2102 1026">
     <span class='ocr_line' id='line_1_9' title="bbox 504 947 2102 1026; baseline -0.004 -11"><span class='ocrx_word' id='word_1_62' title='bbox 504 957 662 1016; x_wconf 85' lang='lat' dir='ltr'><strong>radix</strong></span> <span class='ocrx_word' id='word_1_63' title='bbox 674 957 771 1012; x_wconf 92' lang='lat' dir='ltr'><strong>sed</strong></span> <span class='ocrx_word' id='word_1_64' title='bbox 789 955 980 1011; x_wconf 80' lang='lat' dir='ltr'><strong>nutrix</strong></span> <span class='ocrx_word' id='word_1_65' title='bbox 995 956 1118 1026; x_wconf 87' lang='lat' dir='ltr'><strong>ejus</strong></span> <span class='ocrx_word' id='word_1_66' title='bbox 1146 959 1205 1009; x_wconf 91' lang='lat' dir='ltr'><strong>et</strong></span> <span class='ocrx_word' id='word_1_67' title='bbox 1232 960 1432 1010; x_wconf 80' lang='lat' dir='ltr'><strong>mater.</strong></span> <span class='ocrx_word' id='word_1_68' title='bbox 1470 947 1616 1012; x_wconf 86' lang='lat' dir='ltr'><strong>Nam</strong></span> <span class='ocrx_word' id='word_1_69' title='bbox 1639 954 1783 1010; x_wconf 90' lang='lat' dir='ltr'><strong>sicut</strong></span> <span class='ocrx_word' id='word_1_70' title='bbox 1810 955 1978 1026; x_wconf 82' lang='lat' dir='ltr'><strong>vestis</strong></span> <span class='ocrx_word' id='word_1_71' title='bbox 2007 971 2102 1026; x_wconf 89' lang='lat' dir='ltr'><strong>ge-</strong></span> 
     </span>
    </p>
   </div>
   <div class='ocr_carea' id='block_1_10' title="bbox 501 1041 2102 1116">
    <p class='ocr_par' dir='ltr' id='par_1_10' title="bbox 501 1041 2102 1116">
     <span class='ocr_line' id='line_1_10' title="bbox 501 1041 2102 1116; baseline -0.006 -10"><span class='ocrx_word' id='word_1_72' title='bbox 501 1051 666 1106; x_wconf 85' lang='lat' dir='ltr'><strong>nerat</strong></span> <span class='ocrx_word' id='word_1_73' title='bbox 690 1045 873 1102; x_wconf 84' lang='lat' dir='ltr'><strong>tineas</strong></span> <span class='ocrx_word' id='word_1_74' title='bbox 901 1049 959 1098; x_wconf 90' lang='lat' dir='ltr'><strong>et</strong></span> <span class='ocrx_word' id='word_1_75' title='bbox 985 1043 1182 1112; x_wconf 81' lang='lat' dir='ltr'><strong>nutrit,</strong></span> <span class='ocrx_word' id='word_1_76' title='bbox 1215 1043 1296 1099; x_wconf 87' lang='lat' dir='ltr'><strong>ita</strong></span> <span class='ocrx_word' id='word_1_77' title='bbox 1335 1049 1392 1098; x_wconf 92' lang='lat' dir='ltr'><strong>et</strong></span> <span class='ocrx_word' id='word_1_78' title='bbox 1418 1041 1642 1116; x_wconf 79' lang='lat' dir='ltr'><strong>ignavia</strong></span> <span class='ocrx_word' id='word_1_79' title='bbox 1668 1060 1782 1099; x_wconf 86' lang='lat' dir='ltr'><strong>non</strong></span> <span class='ocrx_word' id='word_1_80' title='bbox 1811 1044 1994 1099; x_wconf 90' lang='lat' dir='ltr'><strong>solum</strong></span> <span class='ocrx_word' id='word_1_81' title='bbox 2019 1043 2102 1115; x_wconf 84' lang='lat' dir='ltr'><strong>gi-</strong></span> 
     </span>
    </p>
   </div>
   <div class='ocr_carea' id='block_1_11' title="bbox 487 1126 2102 1210">
    <p class='ocr_par' dir='ltr' id='par_1_11' title="bbox 487 1126 2102 1210">
     <span class='ocr_line' id='line_1_11' title="bbox 487 1126 2102 1210; baseline -0.003 -18"><span class='ocrx_word' id='word_1_82' title='bbox 487 1137 628 1210; x_wconf 81' lang='lat' dir='ltr'><strong>gnit</strong></span> <span class='ocrx_word' id='word_1_83' title='bbox 653 1132 1122 1209; x_wconf 83' lang='lat' dir='ltr'><strong>desperationem,</strong></span> <span class='ocrx_word' id='word_1_84' title='bbox 1157 1131 1256 1188; x_wconf 92' lang='lat' dir='ltr'><strong>sed</strong></span> <span class='ocrx_word' id='word_1_85' title='bbox 1285 1137 1344 1188; x_wconf 91' lang='lat' dir='ltr'><strong>et</strong></span> <span class='ocrx_word' id='word_1_86' title='bbox 1387 1133 1490 1188; x_wconf 88' lang='lat' dir='ltr'><strong>alit</strong></span> <span class='ocrx_word' id='word_1_87' title='bbox 1516 1137 1575 1188; x_wconf 90' lang='lat' dir='ltr'><strong>et</strong></span> <span class='ocrx_word' id='word_1_88' title='bbox 1602 1126 1770 1200; x_wconf 84' lang='lat' dir='ltr'><strong>fovet,</strong></span> <span class='ocrx_word' id='word_1_89' title='bbox 1805 1149 1870 1190; x_wconf 86' lang='lat' dir='ltr'><strong>ex</strong></span> <span class='ocrx_word' id='word_1_90' title='bbox 1899 1133 2102 1187; x_wconf 63' lang='lat' dir='ltr'><strong>semet-</strong></span> 
     </span>
    </p>
   </div>
   <div class='ocr_carea' id='block_1_12' title="bbox 503 1219 2104 1298">
    <p class='ocr_par' dir='ltr' id='par_1_12' title="bbox 503 1219 2104 1298">
     <span class='ocr_line' id='line_1_12' title="bbox 503 1219 2104 1298; baseline -0.003 -16"><span class='ocrx_word' id='word_1_91' title='bbox 503 1225 643 1298; x_wconf 81' lang='lat' dir='ltr'><strong>ipsis</strong></span> <span class='ocrx_word' id='word_1_92' title='bbox 661 1219 842 1297; x_wconf 75' lang='lat' dir='ltr'><strong>Iigitur</strong></span> <span class='ocrx_word' id='word_1_93' title='bbox 859 1223 1187 1278; x_wconf 83' lang='lat' dir='ltr'><strong>animantur</strong></span> <span class='ocrx_word' id='word_1_94' title='bbox 1213 1221 1332 1278; x_wconf 84' lang='lat' dir='ltr'><strong>haec</strong></span> <span class='ocrx_word' id='word_1_95' title='bbox 1358 1222 1573 1294; x_wconf 88' lang='lat' dir='ltr'><strong>pariter</strong></span> <span class='ocrx_word' id='word_1_96' title='bbox 1603 1226 1662 1277; x_wconf 92' lang='lat' dir='ltr'><strong>et</strong></span> <span class='ocrx_word' id='word_1_97' title='bbox 1687 1227 2014 1293; x_wconf 87' lang='lat' dir='ltr'><strong>augescunt,</strong></span> <span class='ocrx_word' id='word_1_98' title='bbox 2047 1227 2104 1277; x_wconf 86' lang='lat' dir='ltr'><strong>et</strong></span> 
     </span>
    </p>
   </div>
   <div class='ocr_carea' id='block_1_13' title="bbox 501 1309 2102 1384">
    <p class='ocr_par' dir='ltr' id='par_1_13' title="bbox 501 1309 2102 1384">
     <span class='ocr_line' id='line_1_13' title="bbox 501 1309 2102 1384; baseline -0.004 -12"><span class='ocrx_word' id='word_1_99' title='bbox 501 1315 552 1372; x_wconf 85' lang='lat' dir='ltr'><strong>si</strong></span> <span class='ocrx_word' id='word_1_100' title='bbox 579 1315 818 1372; x_wconf 85' lang='lat' dir='ltr'><strong>alteram</strong></span> <span class='ocrx_word' id='word_1_101' title='bbox 857 1312 983 1384; x_wconf 82' lang='lat' dir='ltr'><strong>quis</strong></span> <span class='ocrx_word' id='word_1_102' title='bbox 1027 1312 1230 1366; x_wconf 90' lang='lat' dir='ltr'><strong>harum</strong></span> <span class='ocrx_word' id='word_1_103' title='bbox 1259 1309 1530 1380; x_wconf 86' lang='lat' dir='ltr'><strong>abscidat,</strong></span> <span class='ocrx_word' id='word_1_104' title='bbox 1565 1311 1744 1367; x_wconf 89' lang='lat' dir='ltr'><strong>altera</strong></span> <span class='ocrx_word' id='word_1_105' title='bbox 1772 1311 1895 1366; x_wconf 89' lang='lat' dir='ltr'><strong>sine</strong></span> <span class='ocrx_word' id='word_1_106' title='bbox 1931 1309 2102 1367; x_wconf 90' lang='lat' dir='ltr'><strong>dubio</strong></span> 
     </span>
    </p>
   </div>
   <div class='ocr_carea' id='block_1_14' title="bbox 500 1400 1490 1476">
    <p class='ocr_par' dir='ltr' id='par_1_14' title="bbox 500 1400 1490 1476">
     <span class='ocr_line' id='line_1_14' title="bbox 500 1400 1490 1476; baseline -0.008 -14"><span class='ocrx_word' id='word_1_107' title='bbox 500 1403 736 1462; x_wconf 85' lang='lat' dir='ltr'><strong>interitu</strong></span> <span class='ocrx_word' id='word_1_108' title='bbox 765 1403 1077 1476; x_wconf 88' lang='lat' dir='ltr'><strong>perimetur</strong></span> <span class='ocrx_word' id='word_1_109' title='bbox 1103 1400 1355 1468; x_wconf 82' lang='lat' dir='ltr'><strong>alterius,</strong></span> <span class='ocrx_word' id='word_1_110' title='bbox 1381 1407 1490 1456; x_wconf 90' lang='lat' dir='ltr'><strong>etc.</strong></span> 
     </span>
    </p>
   </div>
   <div class='ocr_carea' id='block_1_15' title="bbox 2181 515 3694 588">
    <p class='ocr_par' dir='ltr' id='par_1_15' title="bbox 2181 515 3694 588">
     <span class='ocr_line' id='line_1_15' title="bbox 2181 515 3694 588; baseline 0.008 -21"><span class='ocrx_word' id='word_1_111' title='bbox 2181 515 2570 586; x_wconf 63' lang='lat' dir='ltr'><strong>paenitentiam</strong></span> <span class='ocrx_word' id='word_1_112' title='bbox 2602 515 2833 572; x_wconf 84' lang='lat' dir='ltr'><strong>emollit.</strong></span> <span class='ocrx_word' id='word_1_113' title='bbox 2869 516 3075 588; x_wconf 87' lang='lat' dir='ltr'><strong>Culpas</strong></span> <span class='ocrx_word' id='word_1_114' title='bbox 3104 523 3316 573; x_wconf 82' lang='lat' dir='ltr'><strong>nostras</strong></span> <span class='ocrx_word' id='word_1_115' title='bbox 3339 519 3473 576; x_wconf 88' lang='lat' dir='ltr'><strong>Deus</strong></span> <span class='ocrx_word' id='word_1_116' title='bbox 3509 539 3694 579; x_wconf 87' lang='lat' dir='ltr'><strong>enume-</strong></span> 
     </span>
    </p>
   </div>
   <div class='ocr_carea' id='block_1_16' title="bbox 2182 605 3697 678">
    <p class='ocr_par' dir='ltr' id='par_1_16' title="bbox 2182 605 3697 678">
     <span class='ocr_line' id='line_1_16' title="bbox 2182 605 3697 678; baseline 0.007 -21"><span class='ocrx_word' id='word_1_117' title='bbox 2182 609 2289 671; x_wconf 87' lang='lat' dir='ltr'><strong>rat,</strong></span> <span class='ocrx_word' id='word_1_118' title='bbox 2323 622 2451 659; x_wconf 88' lang='lat' dir='ltr'><strong>cum</strong></span> <span class='ocrx_word' id='word_1_119' title='bbox 2481 623 2582 660; x_wconf 91' lang='lat' dir='ltr'><strong>nos</strong></span> <span class='ocrx_word' id='word_1_120' title='bbox 2603 606 2750 678; x_wconf 84' lang='lat' dir='ltr'><strong>ipsos</strong></span> <span class='ocrx_word' id='word_1_121' title='bbox 2771 605 2842 659; x_wconf 87' lang='lat' dir='ltr'><strong>ad</strong></span> <span class='ocrx_word' id='word_1_122' title='bbox 2868 605 3090 676; x_wconf 86' lang='lat' dir='ltr'><strong>singula</strong></span> <span class='ocrx_word' id='word_1_123' title='bbox 3107 624 3226 678; x_wconf 74' lang='lat' dir='ltr'><strong>qua:</strong></span> <span class='ocrx_word' id='word_1_124' title='bbox 3251 608 3462 664; x_wconf 84' lang='lat' dir='ltr'><strong>fecimus</strong></span> <span class='ocrx_word' id='word_1_125' title='bbox 3489 612 3697 668; x_wconf 79' lang='lat' dir='ltr'><strong>deﬂenda</strong></span> 
     </span>
    </p>
   </div>
   <div class='ocr_carea' id='block_1_17' title="bbox 2183 693 3696 770">
    <p class='ocr_par' dir='ltr' id='par_1_17' title="bbox 2183 693 3696 770">
     <span class='ocr_line' id='line_1_17' title="bbox 2183 693 3696 770; baseline 0.007 -24"><span class='ocrx_word' id='word_1_126' title='bbox 2183 693 2476 760; x_wconf 86' lang='lat' dir='ltr'><strong>convertit,</strong></span> <span class='ocrx_word' id='word_1_127' title='bbox 2511 711 2650 766; x_wconf 86' lang='lat' dir='ltr'><strong>quas</strong></span> <span class='ocrx_word' id='word_1_128' title='bbox 2678 693 3120 749; x_wconf 85' lang='lat' dir='ltr'><strong>misericorditer</strong></span> <span class='ocrx_word' id='word_1_129' title='bbox 3143 697 3362 763; x_wconf 85' lang='lat' dir='ltr'><strong>relaxat,</strong></span> <span class='ocrx_word' id='word_1_130' title='bbox 3383 699 3500 770; x_wconf 86' lang='lat' dir='ltr'><strong>quia</strong></span> <span class='ocrx_word' id='word_1_131' title='bbox 3523 701 3696 756; x_wconf 85' lang='lat' dir='ltr'><strong>cadum</strong></span> 
     </span>
    </p>
   </div>
   <div class='ocr_carea' id='block_1_18' title="bbox 2183 783 3700 856">
    <p class='ocr_par' dir='ltr' id='par_1_18' title="bbox 2183 783 3700 856">
     <span class='ocr_line' id='line_1_18' title="bbox 2183 783 3700 856; baseline 0.005 -20"><span class='ocrx_word' id='word_1_132' title='bbox 2183 798 2285 836; x_wconf 91' lang='lat' dir='ltr'><strong>nos</strong></span> <span class='ocrx_word' id='word_1_133' title='bbox 2315 783 2580 854; x_wconf 90' lang='lat' dir='ltr'><strong>punimus</strong></span> <span class='ocrx_word' id='word_1_134' title='bbox 2607 784 2726 855; x_wconf 90' lang='lat' dir='ltr'><strong>ipse</strong></span> <span class='ocrx_word' id='word_1_135' title='bbox 2751 799 3108 856; x_wconf 81' lang='lat' dir='ltr'><strong>nequaquam</strong></span> <span class='ocrx_word' id='word_1_136' title='bbox 3139 785 3194 838; x_wconf 91' lang='lat' dir='ltr'><strong>in</strong></span> <span class='ocrx_word' id='word_1_137' title='bbox 3223 791 3454 841; x_wconf 85' lang='lat' dir='ltr'><strong>extremo</strong></span> <span class='ocrx_word' id='word_1_138' title='bbox 3497 791 3700 846; x_wconf 86' lang='lat' dir='ltr'><strong>examine</strong></span> 
     </span>
    </p>
   </div>
   <div class='ocr_carea' id='block_1_19' title="bbox 2177 871 3702 944">
    <p class='ocr_par' dir='ltr' id='par_1_19' title="bbox 2177 871 3702 944">
     <span class='ocr_line' id='line_1_19' title="bbox 2177 871 3702 944; baseline 0.005 -18"><span class='ocrx_word' id='word_1_139' title='bbox 2177 871 2413 942; x_wconf 87' lang='lat' dir='ltr'><strong>judicat,</strong></span> <span class='ocrx_word' id='word_1_140' title='bbox 2449 872 2623 928; x_wconf 89' lang='lat' dir='ltr'><strong>Paulo</strong></span> <span class='ocrx_word' id='word_1_141' title='bbox 2655 877 2978 938; x_wconf 84' lang='lat' dir='ltr'><strong>attestante,</strong></span> <span class='ocrx_word' id='word_1_142' title='bbox 3005 873 3102 944; x_wconf 90' lang='lat' dir='ltr'><strong>qui</strong></span> <span class='ocrx_word' id='word_1_143' title='bbox 3115 873 3220 929; x_wconf 90' lang='lat' dir='ltr'><strong>ait:</strong></span> <span class='ocrx_word' id='word_1_144' title='bbox 3256 893 3280 926; x_wconf 76' lang='grc' dir='ltr'><strong>ί(</strong></span> <span class='ocrx_word' id='word_1_145' title='bbox 3312 875 3367 930; x_wconf 92' lang='lat' dir='ltr'><strong>Si</strong></span> <span class='ocrx_word' id='word_1_146' title='bbox 3390 892 3482 931; x_wconf 92' lang='lat' dir='ltr'><strong>nos</strong></span> <span class='ocrx_word' id='word_1_147' title='bbox 3507 882 3702 934; x_wconf 88' lang='lat' dir='ltr'><strong>nosmet-</strong></span> 
     </span>
    </p>
   </div>
   <div class='ocr_carea' id='block_1_20' title="bbox 2181 959 3696 1035">
    <p class='ocr_par' dir='ltr' id='par_1_20' title="bbox 2181 959 3696 1035">
     <span class='ocr_line' id='line_1_20' title="bbox 2181 959 3696 1035; baseline 0.005 -21"><span class='ocrx_word' id='word_1_148' title='bbox 2181 959 2333 1032; x_wconf 86' lang='lat' dir='ltr'><strong>ipsos</strong></span> <span class='ocrx_word' id='word_1_149' title='bbox 2361 961 2818 1032; x_wconf 89' lang='lat' dir='ltr'><strong>dijudicaremus,</strong></span> <span class='ocrx_word' id='word_1_150' title='bbox 2850 979 2963 1016; x_wconf 92' lang='lat' dir='ltr'><strong>non</strong></span> <span class='ocrx_word' id='word_1_151' title='bbox 3017 962 3210 1034; x_wconf 88' lang='lat' dir='ltr'><strong>utique</strong></span> <span class='ocrx_word' id='word_1_152' title='bbox 3251 963 3650 1035; x_wconf 89' lang='lat' dir='ltr'><strong>dijudicaremur.</strong></span> <span class='ocrx_word' id='word_1_153' title='bbox 3677 989 3696 1021; x_wconf 83' lang='lat' dir='ltr'><strong>l</strong></span> 
     </span>
    </p>
   </div>
   <div class='ocr_carea' id='block_1_21' title="bbox 2182 1049 3701 1124">
    <p class='ocr_par' dir='ltr' id='par_1_21' title="bbox 2182 1049 3701 1124">
     <span class='ocr_line' id='line_1_21' title="bbox 2182 1049 3701 1124; baseline 0.005 -20"><span class='ocrx_word' id='word_1_154' title='bbox 2182 1049 2342 1114; x_wconf 87' lang='lat' dir='ltr'><strong>Quod</strong></span> <span class='ocrx_word' id='word_1_155' title='bbox 2363 1051 2608 1106; x_wconf 86' lang='lat' dir='ltr'><strong>exterius</strong></span> <span class='ocrx_word' id='word_1_156' title='bbox 2636 1051 2854 1122; x_wconf 83' lang='lat' dir='ltr'><strong>agimus</strong></span> <span class='ocrx_word' id='word_1_157' title='bbox 2884 1051 2992 1106; x_wconf 88' lang='lat' dir='ltr'><strong>nisi</strong></span> <span class='ocrx_word' id='word_1_158' title='bbox 3017 1053 3342 1124; x_wconf 86' lang='lat' dir='ltr'><strong>pcenitentia</strong></span> <span class='ocrx_word' id='word_1_159' title='bbox 3363 1053 3701 1112; x_wconf 80' lang='lat' dir='ltr'><strong>interveniente</strong></span> 
     </span>
    </p>
   </div>
   <div class='ocr_carea' id='block_1_22' title="bbox 2179 1137 3700 1214">
    <p class='ocr_par' dir='ltr' id='par_1_22' title="bbox 2179 1137 3700 1214">
     <span class='ocr_line' id='line_1_22' title="bbox 2179 1137 3700 1214; baseline 0.005 -22"><span class='ocrx_word' id='word_1_160' title='bbox 2179 1137 2482 1207; x_wconf 89' lang='lat' dir='ltr'><strong>diluamus,</strong></span> <span class='ocrx_word' id='word_1_161' title='bbox 2508 1139 2568 1194; x_wconf 90' lang='lat' dir='ltr'><strong>in</strong></span> <span class='ocrx_word' id='word_1_162' title='bbox 2587 1146 2801 1195; x_wconf 90' lang='lat' dir='ltr'><strong>secreto</strong></span> <span class='ocrx_word' id='word_1_163' title='bbox 2815 1141 3157 1212; x_wconf 89' lang='lat' dir='ltr'><strong>judiciorum</strong></span> <span class='ocrx_word' id='word_1_164' title='bbox 3185 1141 3284 1197; x_wconf 90' lang='lat' dir='ltr'><strong>Dei</strong></span> <span class='ocrx_word' id='word_1_165' title='bbox 3297 1141 3396 1197; x_wconf 89' lang='lat' dir='ltr'><strong>sub</strong></span> <span class='ocrx_word' id='word_1_166' title='bbox 3415 1144 3620 1214; x_wconf 84' lang='lat' dir='ltr'><strong>quadam</strong></span> <span class='ocrx_word' id='word_1_167' title='bbox 3629 1161 3700 1200; x_wconf 88' lang='lat' dir='ltr'><strong>oc-</strong></span> 
     </span>
    </p>
   </div>
   <div class='ocr_carea' id='block_1_23' title="bbox 2183 1228 3700 1304">
    <p class='ocr_par' dir='ltr' id='par_1_23' title="bbox 2183 1228 3700 1304">
     <span class='ocr_line' id='line_1_23' title="bbox 2183 1228 3700 1304; baseline 0.005 -22"><span class='ocrx_word' id='word_1_168' title='bbox 2183 1228 2487 1284; x_wconf 90' lang='lat' dir='ltr'><strong>cultatione</strong></span> <span class='ocrx_word' id='word_1_169' title='bbox 2518 1235 2792 1296; x_wconf 86' lang='lat' dir='ltr'><strong>servatur,</strong></span> <span class='ocrx_word' id='word_1_170' title='bbox 2824 1235 2890 1285; x_wconf 92' lang='lat' dir='ltr'><strong>ut</strong></span> <span class='ocrx_word' id='word_1_171' title='bbox 2920 1231 3255 1302; x_wconf 89' lang='lat' dir='ltr'><strong>quandoque</strong></span> <span class='ocrx_word' id='word_1_172' title='bbox 3283 1231 3442 1287; x_wconf 89' lang='lat' dir='ltr'><strong>etiam</strong></span> <span class='ocrx_word' id='word_1_173' title='bbox 3469 1231 3529 1287; x_wconf 92' lang='lat' dir='ltr'><strong>de</strong></span> <span class='ocrx_word' id='word_1_174' title='bbox 3559 1231 3700 1304; x_wconf 85' lang='lat' dir='ltr'><strong>sigillo</strong></span> 
     </span>
    </p>
   </div>
   <div class='ocr_carea' id='block_1_24' title="bbox 2183 1317 3700 1394">
    <p class='ocr_par' dir='ltr' id='par_1_24' title="bbox 2183 1317 3700 1394">
     <span class='ocr_line' id='line_1_24' title="bbox 2183 1317 3700 1394; baseline 0.004 -22"><span class='ocrx_word' id='word_1_175' title='bbox 2183 1317 2383 1373; x_wconf 86' lang='lat' dir='ltr'><strong>secreti</strong></span> <span class='ocrx_word' id='word_1_176' title='bbox 2421 1323 2583 1373; x_wconf 83' lang='lat' dir='ltr'><strong>exeat</strong></span> <span class='ocrx_word' id='word_1_177' title='bbox 2610 1317 2681 1373; x_wconf 89' lang='lat' dir='ltr'><strong>ad</strong></span> <span class='ocrx_word' id='word_1_178' title='bbox 2707 1318 2992 1391; x_wconf 90' lang='lat' dir='ltr'><strong>publicum</strong></span> <span class='ocrx_word' id='word_1_179' title='bbox 3017 1319 3324 1390; x_wconf 87' lang='lat' dir='ltr'><strong>judicium;</strong></span> <span class='ocrx_word' id='word_1_180' title='bbox 3355 1337 3472 1376; x_wconf 90' lang='lat' dir='ltr'><strong>cum</strong></span> <span class='ocrx_word' id='word_1_181' title='bbox 3499 1337 3607 1376; x_wconf 88' lang='lat' dir='ltr'><strong>vero</strong></span> <span class='ocrx_word' id='word_1_182' title='bbox 3626 1339 3700 1394; x_wconf 84' lang='lat' dir='ltr'><strong>pro</strong></span> 
     </span>
    </p>
   </div>
   <div class='ocr_carea' id='block_1_25' title="bbox 2182 1406 3702 1480">
    <p class='ocr_par' dir='ltr' id='par_1_25' title="bbox 2182 1406 3702 1480">
     <span class='ocr_line' id='line_1_25' title="bbox 2182 1406 3702 1480; baseline 0.004 -19"><span class='ocrx_word' id='word_1_183' title='bbox 2182 1407 2347 1462; x_wconf 90' lang='lat' dir='ltr'><strong>malis</strong></span> <span class='ocrx_word' id='word_1_184' title='bbox 2375 1423 2498 1478; x_wconf 71' lang='lat' dir='ltr'><strong>quae</strong></span> <span class='ocrx_word' id='word_1_185' title='bbox 2525 1406 2762 1462; x_wconf 90' lang='lat' dir='ltr'><strong>fecimus</strong></span> <span class='ocrx_word' id='word_1_186' title='bbox 2787 1407 3099 1479; x_wconf 64' lang='lat' dir='ltr'><strong>discipline</strong></span> <span class='ocrx_word' id='word_1_187' title='bbox 3127 1409 3346 1480; x_wconf 88' lang='lat' dir='ltr'><strong>ﬂagello</strong></span> <span class='ocrx_word' id='word_1_188' title='bbox 3373 1410 3643 1478; x_wconf 85' lang='lat' dir='ltr'><strong>atterimur,</strong></span> <span class='ocrx_word' id='word_1_189' title='bbox 3659 1416 3702 1467; x_wconf 83' lang='lat' dir='ltr'><strong>et</strong></span> 
     </span>
    </p>
   </div>
   <div class='ocr_carea' id='block_1_26' title="bbox 2181 1495 3700 1570">
    <p class='ocr_par' dir='ltr' id='par_1_26' title="bbox 2181 1495 3700 1570">
     <span class='ocr_line' id='line_1_26' title="bbox 2181 1495 3700 1570; baseline 0.001 -18"><span class='ocrx_word' id='word_1_190' title='bbox 2181 1496 2298 1552; x_wconf 73' lang='lat' dir='ltr'><strong>haec</strong></span> <span class='ocrx_word' id='word_1_191' title='bbox 2316 1511 2418 1568; x_wconf 91' lang='lat' dir='ltr'><strong>per</strong></span> <span class='ocrx_word' id='word_1_192' title='bbox 2429 1495 2821 1568; x_wconf 72' lang='lat' dir='ltr'><strong>paenitentiam</strong></span> <span class='ocrx_word' id='word_1_193' title='bbox 2835 1496 3130 1562; x_wconf 89' lang='lat' dir='ltr'><strong>deﬂemus,</strong></span> <span class='ocrx_word' id='word_1_194' title='bbox 3148 1497 3490 1570; x_wconf 87' lang='lat' dir='ltr'><strong>iniquitatem</strong></span> <span class='ocrx_word' id='word_1_195' title='bbox 3504 1505 3700 1554; x_wconf 83' lang='lat' dir='ltr'><strong>nostram</strong></span> 
     </span>
    </p>
   </div>
   <div class='ocr_carea' id='block_1_27' title="bbox 2181 1585 3701 1658">
    <p class='ocr_par' dir='ltr' id='par_1_27' title="bbox 2181 1585 3701 1658">
     <span class='ocr_line' id='line_1_27' title="bbox 2181 1585 3701 1658; baseline 0.001 -17"><span class='ocrx_word' id='word_1_196' title='bbox 2181 1585 2369 1656; x_wconf 82' lang='lat' dir='ltr'><strong>signat</strong></span> <span class='ocrx_word' id='word_1_197' title='bbox 2395 1589 2454 1641; x_wconf 88' lang='lat' dir='ltr'><strong>et</strong></span> <span class='ocrx_word' id='word_1_198' title='bbox 2480 1591 2658 1654; x_wconf 88' lang='lat' dir='ltr'><strong>curat,</strong></span> <span class='ocrx_word' id='word_1_199' title='bbox 2691 1585 2824 1658; x_wconf 89' lang='lat' dir='ltr'><strong>quia</strong></span> <span class='ocrx_word' id='word_1_200' title='bbox 2859 1601 2965 1642; x_wconf 90' lang='lat' dir='ltr'><strong>nec</strong></span> <span class='ocrx_word' id='word_1_201' title='bbox 2990 1585 3172 1641; x_wconf 88' lang='lat' dir='ltr'><strong>inulta</strong></span> <span class='ocrx_word' id='word_1_202' title='bbox 3207 1587 3298 1642; x_wconf 89' lang='lat' dir='ltr'><strong>hic</strong></span> <span class='ocrx_word' id='word_1_203' title='bbox 3323 1586 3530 1655; x_wconf 87' lang='lat' dir='ltr'><strong>deserit,</strong></span> <span class='ocrx_word' id='word_1_204' title='bbox 3556 1605 3639 1643; x_wconf 85' lang='lat' dir='ltr'><strong>nec</strong></span> <span class='ocrx_word' id='word_1_205' title='bbox 3659 1589 3701 1644; x_wconf 92' lang='lat' dir='ltr'><strong>in</strong></span> 
     </span>
    </p>
   </div>
   <div class='ocr_carea' id='block_1_28' title="bbox 575 1667 3704 1748">
    <p class='ocr_par' dir='ltr' id='par_1_28' title="bbox 575 1667 3704 1748">
     <span class='ocr_line' id='line_1_28' title="bbox 575 1667 3704 1748; baseline -0.001 -21"><span class='ocrx_word' id='word_1_206' title='bbox 575 1671 772 1730; x_wconf 89' lang='lat' dir='ltr'><strong>Omnis</strong></span> <span class='ocrx_word' id='word_1_207' title='bbox 803 1673 1065 1743; x_wconf 89' lang='lat' dir='ltr'><strong>peccator</strong></span> <span class='ocrx_word' id='word_1_208' title='bbox 1093 1667 1152 1724; x_wconf 90' lang='lat' dir='ltr'><strong>in</strong></span> <span class='ocrx_word' id='word_1_209' title='bbox 1171 1668 1504 1740; x_wconf 71' lang='lat' dir='ltr'><strong>poenitentia</strong></span> <span class='ocrx_word' id='word_1_210' title='bbox 1525 1667 1757 1741; x_wconf 84' lang='lat' dir='ltr'><strong>duplum</strong></span> <span class='ocrx_word' id='word_1_211' title='bbox 1775 1667 1983 1722; x_wconf 88' lang='lat' dir='ltr'><strong>habere</strong></span> <span class='ocrx_word' id='word_1_212' title='bbox 2007 1683 2101 1738; x_wconf 84' lang='lat' dir='ltr'><strong>ge-</strong></span> <span class='ocrx_word' id='word_1_213' title='bbox 2120 1743 2160 1748; x_wconf 90' lang='lat'><em>_</em></span> <span class='ocrx_word' id='word_1_214' title='bbox 2175 1674 2387 1746; x_wconf 74' lang='lat' dir='ltr'><strong>judicio</strong></span> <span class='ocrx_word' id='word_1_215' title='bbox 2423 1675 2707 1747; x_wconf 77' lang='lat' dir='ltr'><strong>punienda</strong></span> <span class='ocrx_word' id='word_1_216' title='bbox 2735 1680 2938 1742; x_wconf 73' lang='lat' dir='ltr'><strong>servat,</strong></span> <span class='ocrx_word' id='word_1_217' title='bbox 2968 1675 3157 1748; x_wconf 74' lang='lat' dir='ltr'><strong>signat</strong></span> <span class='ocrx_word' id='word_1_218' title='bbox 3175 1676 3323 1734; x_wconf 78' lang='lat' dir='ltr'><strong>Deus</strong></span> <span class='ocrx_word' id='word_1_219' title='bbox 3347 1677 3532 1732; x_wconf 70' lang='lat' dir='ltr'><strong>delicta</strong></span> <span class='ocrx_word' id='word_1_220' title='bbox 3555 1684 3704 1734; x_wconf 69' lang='lat' dir='ltr'><strong>nosm</strong></span> 
     </span>
    </p>
   </div>
   <div class='ocr_carea' id='block_1_29' title="bbox 501 1743 3702 1836">
    <p class='ocr_par' dir='ltr' id='par_1_29' title="bbox 501 1743 3702 1836">
     <span class='ocr_line' id='line_1_29' title="bbox 501 1743 3702 1836; baseline 0.004 -26"><span class='ocrx_word' id='word_1_221' title='bbox 501 1761 706 1819; x_wconf 73' lang='lat' dir='ltr'><strong>mitam</strong></span> <span class='ocrx_word' id='word_1_222' title='bbox 727 1759 911 1827; x_wconf 81' lang='lat' dir='ltr'><strong>debet,</strong></span> <span class='ocrx_word' id='word_1_223' title='bbox 944 1758 1213 1814; x_wconf 86' lang='lat' dir='ltr'><strong>nimirum</strong></span> <span class='ocrx_word' id='word_1_224' title='bbox 1231 1757 1363 1831; x_wconf 90' lang='lat' dir='ltr'><strong>quia</strong></span> <span class='ocrx_word' id='word_1_225' title='bbox 1379 1763 1437 1814; x_wconf 89' lang='lat' dir='ltr'><strong>et</strong></span> <span class='ocrx_word' id='word_1_226' title='bbox 1451 1755 1661 1813; x_wconf 90' lang='lat' dir='ltr'><strong>bonum</strong></span> <span class='ocrx_word' id='word_1_227' title='bbox 1683 1756 1832 1828; x_wconf 91' lang='lat' dir='ltr'><strong>quod</strong></span> <span class='ocrx_word' id='word_1_228' title='bbox 1851 1755 2102 1828; x_wconf 88' lang='lat' dir='ltr'><strong>oportuit</strong></span> <span class='ocrx_word' id='word_1_229' title='bbox 2120 1743 2313 1836; x_wconf 75' lang='lat' dir='ltr'><strong>Bquia</strong></span> <span class='ocrx_word' id='word_1_230' title='bbox 2335 1743 2516 1820; x_wconf 45' lang='lat' dir='ltr'><strong>hic-ea</strong></span> <span class='ocrx_word' id='word_1_231' title='bbox 2535 1763 2818 1820; x_wconf 88' lang='lat' dir='ltr'><strong>subtiliter</strong></span> <span class='ocrx_word' id='word_1_232' title='bbox 2842 1743 3102 1832; x_wconf 79' lang='lat' dir='ltr'><strong>attendit,</strong></span> <span class='ocrx_word' id='word_1_233' title='bbox 3134 1771 3202 1821; x_wconf 90' lang='lat' dir='ltr'><strong>ut</strong></span> <span class='ocrx_word' id='word_1_234' title='bbox 3227 1765 3410 1834; x_wconf 84' lang='lat' dir='ltr'><strong>feriat;</strong></span> <span class='ocrx_word' id='word_1_235' title='bbox 3439 1772 3580 1822; x_wconf 83' lang='lat' dir='ltr'><strong>curat</strong></span> <span class='ocrx_word' id='word_1_236' title='bbox 3604 1782 3702 1822; x_wconf 80' lang='lat' dir='ltr'><strong>vero</strong></span> 
     </span>
    </p>
   </div>
   <div class='ocr_carea' id='block_1_30' title="bbox 503 1845 3704 1924">
    <p class='ocr_par' dir='ltr' id='par_1_30' title="bbox 503 1845 3704 1924">
     <span class='ocr_line' id='line_1_30' title="bbox 503 1845 3704 1924; baseline -0 -15"><span class='ocrx_word' id='word_1_237' title='bbox 503 1861 619 1908; x_wconf 79' lang='lat' dir='ltr'><strong>non</strong></span> <span class='ocrx_word' id='word_1_238' title='bbox 645 1850 793 1918; x_wconf 85' lang='lat' dir='ltr'><strong>fecit,</strong></span> <span class='ocrx_word' id='word_1_239' title='bbox 826 1853 885 1904; x_wconf 90' lang='lat' dir='ltr'><strong>et</strong></span> <span class='ocrx_word' id='word_1_240' title='bbox 911 1847 1124 1903; x_wconf 88' lang='lat' dir='ltr'><strong>malum</strong></span> <span class='ocrx_word' id='word_1_241' title='bbox 1169 1846 1317 1918; x_wconf 91' lang='lat' dir='ltr'><strong>quod</strong></span> <span class='ocrx_word' id='word_1_242' title='bbox 1344 1862 1457 1903; x_wconf 91' lang='lat' dir='ltr'><strong>non</strong></span> <span class='ocrx_word' id='word_1_243' title='bbox 1485 1847 1737 1919; x_wconf 89' lang='lat' dir='ltr'><strong>oportuit</strong></span> <span class='ocrx_word' id='word_1_244' title='bbox 1760 1845 1929 1915; x_wconf 89' lang='lat' dir='ltr'><strong>fecit;</strong></span> <span class='ocrx_word' id='word_1_245' title='bbox 1971 1861 2098 1900; x_wconf 90' lang='lat' dir='ltr'><strong>cum</strong></span> <span class='ocrx_word' id='word_1_246' title='bbox 2181 1851 2312 1923; x_wconf 84' lang='lat' dir='ltr'><strong>quia</strong></span> <span class='ocrx_word' id='word_1_247' title='bbox 2338 1852 2455 1908; x_wconf 64' lang='lat' dir='ltr'><strong>hac</strong></span> <span class='ocrx_word' id='word_1_248' title='bbox 2483 1869 2585 1924; x_wconf 90' lang='lat' dir='ltr'><strong>per</strong></span> <span class='ocrx_word' id='word_1_249' title='bbox 2605 1853 2887 1924; x_wconf 89' lang='lat' dir='ltr'><strong>ﬂagellum</strong></span> <span class='ocrx_word' id='word_1_250' title='bbox 2908 1853 3163 1908; x_wconf 89' lang='lat' dir='ltr'><strong>funditus</strong></span> <span class='ocrx_word' id='word_1_251' title='bbox 3191 1854 3417 1909; x_wconf 83' lang='lat' dir='ltr'><strong>relaxat.</strong></span> <span class='ocrx_word' id='word_1_252' title='bbox 3435 1853 3614 1910; x_wconf 84' lang='lat' dir='ltr'><strong>Beatus</strong></span> <span class='ocrx_word' id='word_1_253' title='bbox 3628 1853 3704 1912; x_wconf 76' lang='lat' dir='ltr'><strong>Iob</strong></span> 
     </span>
    </p>
   </div>
   <div class='ocr_carea' id='block_1_31' title="bbox 503 1932 3710 2014">
    <p class='ocr_par' dir='ltr' id='par_1_31' title="bbox 503 1932 3710 2014">
     <span class='ocr_line' id='line_1_31' title="bbox 503 1932 3710 2014; baseline 0 -17"><span class='ocrx_word' id='word_1_254' title='bbox 503 1939 576 1998; x_wconf 85' lang='lat' dir='ltr'><strong>ad</strong></span> <span class='ocrx_word' id='word_1_255' title='bbox 603 1932 754 1996; x_wconf 85' lang='lat' dir='ltr'><strong>bona</strong></span> <span class='ocrx_word' id='word_1_256' title='bbox 778 1953 950 2010; x_wconf 86' lang='lat' dir='ltr'><strong>opera</strong></span> <span class='ocrx_word' id='word_1_257' title='bbox 978 1952 1091 1992; x_wconf 92' lang='lat' dir='ltr'><strong>non</strong></span> <span class='ocrx_word' id='word_1_258' title='bbox 1111 1935 1494 2008; x_wconf 90' lang='lat' dir='ltr'><strong>adjungimus,</strong></span> <span class='ocrx_word' id='word_1_259' title='bbox 1526 1951 1752 1992; x_wconf 88' lang='lat' dir='ltr'><strong>necesse</strong></span> <span class='ocrx_word' id='word_1_260' title='bbox 1771 1941 1858 1991; x_wconf 89' lang='lat' dir='ltr'><strong>est</strong></span> <span class='ocrx_word' id='word_1_261' title='bbox 1883 1941 1949 1990; x_wconf 91' lang='lat' dir='ltr'><strong>ut</strong></span> <span class='ocrx_word' id='word_1_262' title='bbox 1974 1951 2101 1990; x_wconf 91' lang='lat' dir='ltr'><strong>nos-</strong></span> <span class='ocrx_word' id='word_1_263' title='bbox 2181 1939 2413 1996; x_wconf 85' lang='lat' dir='ltr'><strong>humani</strong></span> <span class='ocrx_word' id='word_1_264' title='bbox 2440 1941 2664 2010; x_wconf 81' lang='lat' dir='ltr'><strong>generis</strong></span> <span class='ocrx_word' id='word_1_265' title='bbox 2683 1957 2976 1996; x_wconf 87' lang='lat' dir='ltr'><strong>assumens</strong></span> <span class='ocrx_word' id='word_1_266' title='bbox 2996 1957 3296 2013; x_wconf 88' lang='lat' dir='ltr'><strong>personam</strong></span> <span class='ocrx_word' id='word_1_267' title='bbox 3314 1943 3470 1997; x_wconf 89' lang='lat' dir='ltr'><strong>dicit:</strong></span> <span class='ocrx_word' id='word_1_268' title='bbox 3505 1962 3525 1994; x_wconf 75' lang='grc' dir='ltr'>ι</span> <span class='ocrx_word' id='word_1_269' title='bbox 3555 1943 3710 2014; x_wconf 77' lang='lat' dir='ltr'><strong>Signa-</strong></span> 
     </span>
    </p>
   </div>
   <div class='ocr_carea' id='block_1_32' title="bbox 503 2023 3712 2102">
    <p class='ocr_par' dir='ltr' id='par_1_32' title="bbox 503 2023 3712 2102">
     <span class='ocr_line' id='line_1_32' title="bbox 503 2023 3712 2102; baseline -0.001 -16"><span class='ocrx_word' id='word_1_270' title='bbox 503 2028 771 2102; x_wconf 85' lang='lat' dir='ltr'><strong>metipsos</strong></span> <span class='ocrx_word' id='word_1_271' title='bbox 806 2025 1106 2099; x_wconf 90' lang='lat' dir='ltr'><strong>dupliciter</strong></span> <span class='ocrx_word' id='word_1_272' title='bbox 1127 2025 1458 2092; x_wconf 87' lang='lat' dir='ltr'><strong>deﬂeamus,</strong></span> <span class='ocrx_word' id='word_1_273' title='bbox 1491 2025 1587 2097; x_wconf 89' lang='lat' dir='ltr'><strong>qui</strong></span> <span class='ocrx_word' id='word_1_274' title='bbox 1617 2030 1675 2079; x_wconf 92' lang='lat' dir='ltr'><strong>et</strong></span> <span class='ocrx_word' id='word_1_275' title='bbox 1701 2030 1854 2080; x_wconf 90' lang='lat' dir='ltr'><strong>recta</strong></span> <span class='ocrx_word' id='word_1_276' title='bbox 1882 2041 1996 2080; x_wconf 91' lang='lat' dir='ltr'><strong>non</strong></span> <span class='ocrx_word' id='word_1_277' title='bbox 2023 2023 2100 2080; x_wconf 89' lang='lat' dir='ltr'><strong>fe-</strong></span> <span class='ocrx_word' id='word_1_278' title='bbox 2181 2028 2255 2084; x_wconf 89' lang='lat' dir='ltr'><strong>sti</strong></span> <span class='ocrx_word' id='word_1_279' title='bbox 2287 2029 2446 2100; x_wconf 87' lang='lat' dir='ltr'><strong>quasi</strong></span> <span class='ocrx_word' id='word_1_280' title='bbox 2474 2029 2535 2085; x_wconf 91' lang='lat' dir='ltr'><strong>in</strong></span> <span class='ocrx_word' id='word_1_281' title='bbox 2563 2031 2784 2086; x_wconf 88' lang='lat' dir='ltr'><strong>sacculo</strong></span> <span class='ocrx_word' id='word_1_282' title='bbox 2815 2030 3019 2086; x_wconf 88' lang='lat' dir='ltr'><strong>delicta</strong></span> <span class='ocrx_word' id='word_1_283' title='bbox 3045 2048 3174 2086; x_wconf 78' lang='lat' dir='ltr'><strong>mea</strong></span> <span class='ocrx_word' id='word_1_284' title='bbox 3223 2034 3275 2099; x_wconf 90' lang='grc' dir='ltr'><strong>(Ι</strong></span> <span class='ocrx_word' id='word_1_285' title='bbox 3307 2033 3426 2088; x_wconf 77' lang='lat' dir='ltr'><strong>Cor.</strong></span> <span class='ocrx_word' id='word_1_286' title='bbox 3474 2048 3541 2095; x_wconf 80' lang='lat' dir='ltr'><strong>x1,</strong></span> <span class='ocrx_word' id='word_1_287' title='bbox 3579 2029 3666 2102; x_wconf 76' lang='lat' dir='ltr'><strong>2i).</strong></span> <span class='ocrx_word' id='word_1_288' title='bbox 3691 2050 3712 2084; x_wconf 72' lang='grc' dir='ltr'><strong>ι</strong></span> 
     </span>
    </p>
   </div>
   <div class='ocr_carea' id='block_1_33' title="bbox 504 2113 3718 2192">
    <p class='ocr_par' dir='ltr' id='par_1_33' title="bbox 504 2113 3718 2192">
     <span class='ocr_line' id='line_1_33' title="bbox 504 2113 3718 2192; baseline -0 -17"><span class='ocrx_word' id='word_1_289' title='bbox 504 2119 683 2175; x_wconf 85' lang='lat' dir='ltr'><strong>cimus</strong></span> <span class='ocrx_word' id='word_1_290' title='bbox 699 2122 944 2189; x_wconf 84' lang='lat' dir='ltr'><strong>et&#39;prava</strong></span> <span class='ocrx_word' id='word_1_291' title='bbox 963 2114 1179 2188; x_wconf 86' lang='lat' dir='ltr'><strong>operati</strong></span> <span class='ocrx_word' id='word_1_292' title='bbox 1206 2131 1421 2170; x_wconf 88' lang='lat' dir='ltr'><strong>sumus.</strong></span> <span class='ocrx_word' id='word_1_293' title='bbox 1455 2113 1564 2168; x_wconf 90' lang='lat' dir='ltr'><strong>Per</strong></span> <span class='ocrx_word' id='word_1_294' title='bbox 1590 2113 1820 2168; x_wconf 89' lang='lat' dir='ltr'><strong>beatum</strong></span> <span class='ocrx_word' id='word_1_295' title='bbox 1848 2113 2100 2186; x_wconf 86' lang='lat' dir='ltr'><strong>Moysem</strong></span> <span class='ocrx_word' id='word_1_296' title='bbox 2183 2117 2420 2172; x_wconf 86' lang='lat' dir='ltr'><strong>Peccata</strong></span> <span class='ocrx_word' id='word_1_297' title='bbox 2447 2123 2640 2174; x_wconf 89' lang='lat' dir='ltr'><strong>nostra</strong></span> <span class='ocrx_word' id='word_1_298' title='bbox 2665 2119 2825 2191; x_wconf 89' lang='lat' dir='ltr'><strong>quasi</strong></span> <span class='ocrx_word' id='word_1_299' title='bbox 2843 2119 2902 2174; x_wconf 90' lang='lat' dir='ltr'><strong>in</strong></span> <span class='ocrx_word' id='word_1_300' title='bbox 2921 2121 3143 2176; x_wconf 85' lang='lat' dir='ltr'><strong>sacculo</strong></span> <span class='ocrx_word' id='word_1_301' title='bbox 3162 2121 3468 2192; x_wconf 83' lang='lat' dir='ltr'><strong>signantur,</strong></span> <span class='ocrx_word' id='word_1_302' title='bbox 3485 2136 3592 2175; x_wconf 91' lang='lat' dir='ltr'><strong>cum</strong></span> <span class='ocrx_word' id='word_1_303' title='bbox 3603 2121 3718 2174; x_wconf 76' lang='lat' dir='ltr'><strong>mala</strong></span> 
     </span>
    </p>
   </div>
   <div class='ocr_carea' id='block_1_34' title="bbox 504 2202 3712 2282">
    <p class='ocr_par' dir='ltr' id='par_1_34' title="bbox 504 2202 3712 2282">
     <span class='ocr_line' id='line_1_34' title="bbox 504 2202 3712 2282; baseline -0.001 -16"><span class='ocrx_word' id='word_1_304' title='bbox 504 2222 652 2266; x_wconf 87' lang='lat' dir='ltr'><strong>unus</strong></span> <span class='ocrx_word' id='word_1_305' title='bbox 697 2209 891 2262; x_wconf 87' lang='lat' dir='ltr'><strong>turtur</strong></span> <span class='ocrx_word' id='word_1_306' title='bbox 923 2221 1024 2277; x_wconf 92' lang='lat' dir='ltr'><strong>pro</strong></span> <span class='ocrx_word' id='word_1_307' title='bbox 1051 2207 1298 2276; x_wconf 88' lang='lat' dir='ltr'><strong>peccato,</strong></span> <span class='ocrx_word' id='word_1_308' title='bbox 1330 2204 1474 2258; x_wconf 87' lang='lat' dir='ltr'><strong>alter</strong></span> <span class='ocrx_word' id='word_1_309' title='bbox 1502 2219 1632 2258; x_wconf 91' lang='lat' dir='ltr'><strong>vero</strong></span> <span class='ocrx_word' id='word_1_310' title='bbox 1660 2203 1846 2258; x_wconf 84' lang='lat' dir='ltr'><strong>oﬂ‘erri</strong></span> <span class='ocrx_word' id='word_1_311' title='bbox 1866 2203 1923 2257; x_wconf 92' lang='lat' dir='ltr'><strong>in</strong></span> <span class='ocrx_word' id='word_1_312' title='bbox 1947 2202 2104 2258; x_wconf 88' lang='lat' dir='ltr'><strong>holo-</strong></span> <span class='ocrx_word' id='word_1_313' title='bbox 2186 2223 2308 2279; x_wconf 76' lang='lat' dir='ltr'><strong>quze</strong></span> <span class='ocrx_word' id='word_1_314' title='bbox 2337 2207 2588 2274; x_wconf 82' lang='lat' dir='ltr'><strong>fecimus,</strong></span> <span class='ocrx_word' id='word_1_315' title='bbox 2612 2209 2849 2263; x_wconf 88' lang='lat' dir='ltr'><strong>sollicito</strong></span> <span class='ocrx_word' id='word_1_316' title='bbox 2869 2210 3272 2281; x_wconf 88' lang='lat' dir='ltr'><strong>sempercorde</strong></span> <span class='ocrx_word' id='word_1_317' title='bbox 3289 2226 3588 2282; x_wconf 87' lang='lat' dir='ltr'><strong>pensamus:</strong></span> <span class='ocrx_word' id='word_1_318' title='bbox 3609 2207 3712 2280; x_wconf 84' lang='lat' dir='ltr'><strong>quid</strong></span> 
     </span>
    </p>
   </div>
   <div class='ocr_carea' id='block_1_35' title="bbox 502 2293 3719 2368">
    <p class='ocr_par' dir='ltr' id='par_1_35' title="bbox 502 2293 3719 2368">
     <span class='ocr_line' id='line_1_35' title="bbox 502 2293 3719 2368; baseline -0 -16"><span class='ocrx_word' id='word_1_319' title='bbox 502 2301 760 2360; x_wconf 86' lang='lat' dir='ltr'><strong>caustum</strong></span> <span class='ocrx_word' id='word_1_320' title='bbox 779 2293 1014 2366; x_wconf 89' lang='lat' dir='ltr'><strong>jubetur</strong></span> <span class='ocrx_word' id='word_1_321' title='bbox 1038 2293 1426 2350; x_wconf 85' lang='lat' dir='ltr'><strong>holocaustum</strong></span> <span class='ocrx_word' id='word_1_322' title='bbox 1449 2309 1692 2366; x_wconf 88' lang='lat' dir='ltr'><strong>namque</strong></span> <span class='ocrx_word' id='word_1_323' title='bbox 1712 2299 1896 2348; x_wconf 88' lang='lat' dir='ltr'><strong>totum</strong></span> <span class='ocrx_word' id='word_1_324' title='bbox 1915 2293 2103 2348; x_wconf 90' lang='lat' dir='ltr'><strong>incen-</strong></span> <span class='ocrx_word' id='word_1_325' title='bbox 2187 2312 2430 2368; x_wconf 88' lang='lat' dir='ltr'><strong>namque</strong></span> <span class='ocrx_word' id='word_1_326' title='bbox 2460 2301 2548 2352; x_wconf 88' lang='lat' dir='ltr'><strong>est</strong></span> <span class='ocrx_word' id='word_1_327' title='bbox 2572 2297 2940 2366; x_wconf 90' lang='lat' dir='ltr'><strong>corhominis,</strong></span> <span class='ocrx_word' id='word_1_328' title='bbox 2967 2298 3073 2353; x_wconf 89' lang='lat' dir='ltr'><strong>nisi</strong></span> <span class='ocrx_word' id='word_1_329' title='bbox 3104 2299 3359 2357; x_wconf 82' lang='lat' dir='ltr'><strong>sacculus</strong></span> <span class='ocrx_word' id='word_1_330' title='bbox 3374 2299 3502 2354; x_wconf 86' lang='lat' dir='ltr'><strong>Dei?</strong></span> <span class='ocrx_word' id='word_1_331' title='bbox 3519 2297 3600 2352; x_wconf 87' lang='lat' dir='ltr'><strong>ubi</strong></span> <span class='ocrx_word' id='word_1_332' title='bbox 3617 2297 3719 2352; x_wconf 83' lang='lat' dir='ltr'><strong>dum</strong></span> 
     </span>
    </p>
   </div>
   <div class='ocr_carea' id='block_1_36' title="bbox 502 2380 3719 2460">
    <p class='ocr_par' dir='ltr' id='par_1_36' title="bbox 502 2380 3719 2460">
     <span class='ocr_line' id='line_1_36' title="bbox 502 2380 3719 2460; baseline 0 -18"><span class='ocrx_word' id='word_1_333' title='bbox 502 2401 632 2442; x_wconf 88' lang='lat' dir='ltr'><strong>sum</strong></span> <span class='ocrx_word' id='word_1_334' title='bbox 662 2384 888 2440; x_wconf 78' lang='lat' dir='ltr'><strong>dicitur.</strong></span> <span class='ocrx_word' id='word_1_335' title='bbox 937 2383 1126 2440; x_wconf 92' lang='lat' dir='ltr'><strong>Unum</strong></span> <span class='ocrx_word' id='word_1_336' title='bbox 1156 2397 1290 2453; x_wconf 89' lang='lat' dir='ltr'><strong>ergo</strong></span> <span class='ocrx_word' id='word_1_337' title='bbox 1320 2388 1604 2437; x_wconf 90' lang='lat' dir='ltr'><strong>turturem</strong></span> <span class='ocrx_word' id='word_1_338' title='bbox 1633 2398 1734 2454; x_wconf 92' lang='lat' dir='ltr'><strong>pro</strong></span> <span class='ocrx_word' id='word_1_339' title='bbox 1765 2385 1991 2454; x_wconf 83' lang='lat' dir='ltr'><strong>peccato</strong></span> <span class='ocrx_word' id='word_1_340' title='bbox 2022 2380 2100 2436; x_wconf 85' lang='lat' dir='ltr'><strong>of-</strong></span> <span class='ocrx_word' id='word_1_341' title='bbox 2183 2384 2432 2441; x_wconf 90' lang='lat' dir='ltr'><strong>studiose</strong></span> <span class='ocrx_word' id='word_1_342' title='bbox 2460 2385 2834 2458; x_wconf 86' lang='lat' dir='ltr'><strong>conspicimus</strong></span> <span class='ocrx_word' id='word_1_343' title='bbox 2859 2403 2961 2459; x_wconf 89' lang='lat' dir='ltr'><strong>per</strong></span> <span class='ocrx_word' id='word_1_344' title='bbox 2993 2392 3208 2458; x_wconf 87' lang='lat' dir='ltr'><strong>quanta</strong></span> <span class='ocrx_word' id='word_1_345' title='bbox 3253 2387 3586 2460; x_wconf 83' lang='lat' dir='ltr'><strong>deliquimus,</strong></span> <span class='ocrx_word' id='word_1_346' title='bbox 3618 2401 3719 2459; x_wconf 80' lang='lat' dir='ltr'><strong>pec-</strong></span> 
     </span>
    </p>
   </div>
   <div class='ocr_carea' id='block_1_37' title="bbox 505 2471 3718 2550">
    <p class='ocr_par' dir='ltr' id='par_1_37' title="bbox 505 2471 3718 2550">
     <span class='ocr_line' id='line_1_37' title="bbox 505 2471 3718 2550; baseline -0 -20"><span class='ocrx_word' id='word_1_347' title='bbox 505 2473 755 2540; x_wconf 86' lang='lat' dir='ltr'><strong>ferimus,</strong></span> <span class='ocrx_word' id='word_1_348' title='bbox 789 2489 916 2528; x_wconf 90' lang='lat' dir='ltr'><strong>cum</strong></span> <span class='ocrx_word' id='word_1_349' title='bbox 945 2487 1050 2544; x_wconf 89' lang='lat' dir='ltr'><strong>pro</strong></span> <span class='ocrx_word' id='word_1_350' title='bbox 1079 2471 1246 2544; x_wconf 88' lang='lat' dir='ltr'><strong>culpa</strong></span> <span class='ocrx_word' id='word_1_351' title='bbox 1261 2471 1536 2541; x_wconf 83' lang='lat' dir='ltr'><strong>gemitum</strong></span> <span class='ocrx_word' id='word_1_352' title='bbox 1564 2471 1794 2526; x_wconf 88' lang='lat' dir='ltr'><strong>damus:</strong></span> <span class='ocrx_word' id='word_1_353' title='bbox 1827 2471 1896 2526; x_wconf 91' lang='lat' dir='ltr'><strong>de</strong></span> <span class='ocrx_word' id='word_1_354' title='bbox 1923 2471 2102 2526; x_wconf 89' lang='lat' dir='ltr'><strong>altero</strong></span> <span class='ocrx_word' id='word_1_355' title='bbox 2185 2479 2312 2530; x_wconf 85' lang='lat' dir='ltr'><strong>cata</strong></span> <span class='ocrx_word' id='word_1_356' title='bbox 2339 2479 2535 2530; x_wconf 90' lang='lat' dir='ltr'><strong>nostra</strong></span> <span class='ocrx_word' id='word_1_357' title='bbox 2562 2476 2722 2547; x_wconf 89' lang='lat' dir='ltr'><strong>quasi</strong></span> <span class='ocrx_word' id='word_1_358' title='bbox 2751 2476 2810 2530; x_wconf 90' lang='lat' dir='ltr'><strong>in</strong></span> <span class='ocrx_word' id='word_1_359' title='bbox 2839 2476 2939 2531; x_wconf 89' lang='lat' dir='ltr'><strong>Dei</strong></span> <span class='ocrx_word' id='word_1_360' title='bbox 2960 2478 3182 2532; x_wconf 88' lang='lat' dir='ltr'><strong>sacculo</strong></span> <span class='ocrx_word' id='word_1_361' title='bbox 3213 2477 3432 2550; x_wconf 88' lang='lat' dir='ltr'><strong>signata</strong></span> <span class='ocrx_word' id='word_1_362' title='bbox 3465 2481 3718 2549; x_wconf 80' lang='lat' dir='ltr'><strong>portamus,</strong></span> 
     </span>
    </p>
   </div>
   <div class='ocr_carea' id='block_1_38' title="bbox 505 2558 3719 2638">
    <p class='ocr_par' dir='ltr' id='par_1_38' title="bbox 505 2558 3719 2638">
     <span class='ocr_line' id='line_1_38' title="bbox 505 2558 3719 2638; baseline 0 -20"><span class='ocrx_word' id='word_1_363' title='bbox 505 2561 894 2619; x_wconf 84' lang='lat' dir='ltr'><strong>holocaustum</strong></span> <span class='ocrx_word' id='word_1_364' title='bbox 923 2559 1176 2629; x_wconf 82' lang='lat' dir='ltr'><strong>facimus,</strong></span> <span class='ocrx_word' id='word_1_365' title='bbox 1226 2576 1354 2616; x_wconf 83' lang='lat' dir='ltr'><strong>cum</strong></span> <span class='ocrx_word' id='word_1_366' title='bbox 1381 2574 1484 2632; x_wconf 89' lang='lat' dir='ltr'><strong>pro</strong></span> <span class='ocrx_word' id='word_1_367' title='bbox 1533 2575 1618 2625; x_wconf 91' lang='lat' dir='ltr'><strong>eo,</strong></span> <span class='ocrx_word' id='word_1_368' title='bbox 1652 2559 1802 2631; x_wconf 88' lang='lat' dir='ltr'><strong>quod</strong></span> <span class='ocrx_word' id='word_1_369' title='bbox 1828 2558 1975 2614; x_wconf 90' lang='lat' dir='ltr'><strong>bona</strong></span> <span class='ocrx_word' id='word_1_370' title='bbox 2001 2575 2102 2614; x_wconf 85' lang='lat' dir='ltr'><strong>ne-</strong></span> <span class='ocrx_word' id='word_1_371' title='bbox 2187 2563 2322 2634; x_wconf 88' lang='lat' dir='ltr'><strong>quia</strong></span> <span class='ocrx_word' id='word_1_372' title='bbox 2347 2564 2540 2636; x_wconf 87' lang='lat' dir='ltr'><strong>culpas</strong></span> <span class='ocrx_word' id='word_1_373' title='bbox 2573 2581 2713 2636; x_wconf 88' lang='lat' dir='ltr'><strong>quas</strong></span> <span class='ocrx_word' id='word_1_374' title='bbox 2753 2580 2856 2620; x_wconf 90' lang='lat' dir='ltr'><strong>nos</strong></span> <span class='ocrx_word' id='word_1_375' title='bbox 2901 2565 3176 2621; x_wconf 89' lang='lat' dir='ltr'><strong>intuendo</strong></span> <span class='ocrx_word' id='word_1_376' title='bbox 3223 2571 3282 2621; x_wconf 91' lang='lat' dir='ltr'><strong>et</strong></span> <span class='ocrx_word' id='word_1_377' title='bbox 3328 2565 3618 2638; x_wconf 82' lang='lat' dir='ltr'><strong>pcenitendo</strong></span> <span class='ocrx_word' id='word_1_378' title='bbox 3649 2579 3719 2618; x_wconf 88' lang='lat' dir='ltr'><strong>co-</strong></span> 
     </span>
    </p>
   </div>
   <div class='ocr_carea' id='block_1_39' title="bbox 500 2647 3723 2725">
    <p class='ocr_par' dir='ltr' id='par_1_39' title="bbox 500 2647 3723 2725">
     <span class='ocr_line' id='line_1_39' title="bbox 500 2647 3723 2725; baseline 0.001 -19"><span class='ocrx_word' id='word_1_379' title='bbox 500 2648 786 2724; x_wconf 86' lang='lat' dir='ltr'><strong>gligimus,</strong></span> <span class='ocrx_word' id='word_1_380' title='bbox 807 2648 1180 2720; x_wconf 87' lang='lat' dir='ltr'><strong>nosmetipsos</strong></span> <span class='ocrx_word' id='word_1_381' title='bbox 1199 2647 1454 2704; x_wconf 73' lang='lat' dir='ltr'><strong>funditus</strong></span> <span class='ocrx_word' id='word_1_382' title='bbox 1477 2647 1842 2704; x_wconf 76' lang='lat' dir='ltr'><strong>ascendentes</strong></span> <span class='ocrx_word' id='word_1_383' title='bbox 1861 2647 1990 2719; x_wconf 88' lang='lat' dir='ltr'><strong>igne</strong></span> <span class='ocrx_word' id='word_1_384' title='bbox 2007 2647 2101 2702; x_wconf 86' lang='lat' dir='ltr'><strong>do—</strong></span> <span class='ocrx_word' id='word_1_385' title='bbox 2184 2653 2524 2723; x_wconf 87' lang='lat' dir='ltr'><strong>gnoscimus,</strong></span> <span class='ocrx_word' id='word_1_386' title='bbox 2557 2653 2684 2725; x_wconf 89' lang='lat' dir='ltr'><strong>plus</strong></span> <span class='ocrx_word' id='word_1_387' title='bbox 2711 2653 2874 2709; x_wconf 87' lang='lat' dir='ltr'><strong>nobis</strong></span> <span class='ocrx_word' id='word_1_388' title='bbox 2897 2655 3154 2710; x_wconf 86' lang='lat' dir='ltr'><strong>conditor</strong></span> <span class='ocrx_word' id='word_1_389' title='bbox 3181 2655 3397 2711; x_wconf 83' lang='lat' dir='ltr'><strong>relaxat</strong></span> <span class='ocrx_word' id='word_1_390' title='bbox 3421 2675 3433 2709; x_wconf 92' lang='lat'>:</span> <span class='ocrx_word' id='word_1_391' title='bbox 3464 2660 3594 2710; x_wconf 84' lang='lat' dir='ltr'><strong>recte</strong></span> <span class='ocrx_word' id='word_1_392' title='bbox 3629 2657 3723 2724; x_wconf 82' lang='lat' dir='ltr'><strong>post</strong></span> 
     </span>
    </p>
   </div>
   <div class='ocr_carea' id='block_1_40' title="bbox 501 2735 3722 2812">
    <p class='ocr_par' dir='ltr' id='par_1_40' title="bbox 501 2735 3722 2812">
     <span class='ocr_line' id='line_1_40' title="bbox 501 2735 3722 2812; baseline -0.001 -16"><span class='ocrx_word' id='word_1_393' title='bbox 501 2739 641 2796; x_wconf 83' lang='lat' dir='ltr'><strong>loris</strong></span> <span class='ocrx_word' id='word_1_394' title='bbox 671 2740 952 2794; x_wconf 89' lang='lat' dir='ltr'><strong>ardemus.</strong></span> <span class='ocrx_word' id='word_1_395' title='bbox 969 2739 1176 2793; x_wconf 88' lang='lat' dir='ltr'><strong>Beatus</strong></span> <span class='ocrx_word' id='word_1_396' title='bbox 1197 2737 1300 2794; x_wconf 89' lang='lat' dir='ltr'><strong>Job</strong></span> <span class='ocrx_word' id='word_1_397' title='bbox 1328 2742 1456 2810; x_wconf 89' lang='lat' dir='ltr'><strong>post</strong></span> <span class='ocrx_word' id='word_1_398' title='bbox 1483 2735 1706 2809; x_wconf 84' lang='lat' dir='ltr'><strong>ﬂagella</strong></span> <span class='ocrx_word' id='word_1_399' title='bbox 1731 2737 2028 2809; x_wconf 85' lang='lat' dir='ltr'><strong>proficiens</strong></span> <span class='ocrx_word' id='word_1_400' title='bbox 2048 2741 2105 2791; x_wconf 91' lang='lat' dir='ltr'><strong>et</strong></span> <span class='ocrx_word' id='word_1_401' title='bbox 2185 2741 2406 2812; x_wconf 88' lang='lat' dir='ltr'><strong>signata</strong></span> <span class='ocrx_word' id='word_1_402' title='bbox 2431 2741 2492 2796; x_wconf 92' lang='lat' dir='ltr'><strong>in</strong></span> <span class='ocrx_word' id='word_1_403' title='bbox 2521 2743 2740 2798; x_wconf 86' lang='lat' dir='ltr'><strong>sacculo</strong></span> <span class='ocrx_word' id='word_1_404' title='bbox 2769 2743 2973 2798; x_wconf 89' lang='lat' dir='ltr'><strong>delicta</strong></span> <span class='ocrx_word' id='word_1_405' title='bbox 3001 2743 3290 2800; x_wconf 89' lang='lat' dir='ltr'><strong>dicuntur.</strong></span> <span class='ocrx_word' id='word_1_406' title='bbox 3324 2744 3428 2798; x_wconf 87' lang='lat' dir='ltr'><strong>Sed</strong></span> <span class='ocrx_word' id='word_1_407' title='bbox 3463 2759 3606 2798; x_wconf 79' lang='lat' dir='ltr'><strong>curas</strong></span> <span class='ocrx_word' id='word_1_408' title='bbox 3639 2740 3722 2794; x_wconf 83' lang='lat' dir='ltr'><strong>ini-</strong></span> 
     </span>
    </p>
   </div>
   <div class='ocr_carea' id='block_1_41' title="bbox 503 2825 3720 2904">
    <p class='ocr_par' dir='ltr' id='par_1_41' title="bbox 503 2825 3720 2904">
     <span class='ocr_line' id='line_1_41' title="bbox 503 2825 3720 2904; baseline -0 -19"><span class='ocrx_word' id='word_1_409' title='bbox 503 2845 540 2885; x_wconf 89' lang='lat' dir='ltr'><strong>a</strong></span> <span class='ocrx_word' id='word_1_410' title='bbox 558 2827 860 2900; x_wconf 86' lang='lat' dir='ltr'><strong>semetipso</strong></span> <span class='ocrx_word' id='word_1_411' title='bbox 872 2827 930 2880; x_wconf 90' lang='lat' dir='ltr'><strong>in</strong></span> <span class='ocrx_word' id='word_1_412' title='bbox 947 2841 1152 2898; x_wconf 86' lang='lat' dir='ltr'><strong>magna</strong></span> <span class='ocrx_word' id='word_1_413' title='bbox 1163 2826 1560 2898; x_wconf 87' lang='lat' dir='ltr'><strong>redargutione</strong></span> <span class='ocrx_word' id='word_1_414' title='bbox 1575 2825 2098 2892; x_wconf 86' lang='lat' dir='ltr'><strong>dissentiens,dicit:</strong></span> <span class='ocrx_word' id='word_1_415' title='bbox 2187 2830 2462 2902; x_wconf 87' lang='lat' dir='ltr'><strong>quitatem</strong></span> <span class='ocrx_word' id='word_1_416' title='bbox 2477 2847 2680 2896; x_wconf 88' lang='lat' dir='ltr'><strong>meam,</strong></span> <span class='ocrx_word' id='word_1_417' title='bbox 2703 2847 2768 2884; x_wconf 89' lang='lat' dir='ltr'><strong>ac</strong></span> <span class='ocrx_word' id='word_1_418' title='bbox 2783 2831 2832 2885; x_wconf 89' lang='lat' dir='ltr'><strong>si</strong></span> <span class='ocrx_word' id='word_1_419' title='bbox 2847 2837 3040 2902; x_wconf 87' lang='lat' dir='ltr'><strong>aperte</strong></span> <span class='ocrx_word' id='word_1_420' title='bbox 3063 2831 3219 2887; x_wconf 86' lang='lat' dir='ltr'><strong>dicat</strong></span> <span class='ocrx_word' id='word_1_421' title='bbox 3241 2831 3387 2904; x_wconf 89' lang='lat' dir='ltr'><strong>quod</strong></span> <span class='ocrx_word' id='word_1_422' title='bbox 3405 2831 3558 2886; x_wconf 88' lang='lat' dir='ltr'><strong>modo</strong></span> <span class='ocrx_word' id='word_1_423' title='bbox 3571 2830 3720 2901; x_wconf 68' lang='lat' dir='ltr'><strong>signes</strong></span> 
     </span>
    </p>
   </div>
   <div class='ocr_carea' id='block_1_42' title="bbox 612 1543 1990 1614">
    <p class='ocr_par' dir='ltr' id='par_1_42' title="bbox 612 1543 1990 1614">
     <span class='ocr_line' id='line_1_42' title="bbox 612 1543 1990 1614; baseline -0.007 -9"><span class='ocrx_word' id='word_1_424' title='bbox 612 1549 745 1605; x_wconf 72' lang='lat' dir='ltr'><strong>CAP.</strong></span> <span class='ocrx_word' id='word_1_425' title='bbox 765 1545 914 1604; x_wconf 85' lang='lat' dir='ltr'><strong>XXI.</strong></span> <span class='ocrx_word' id='word_1_426' title='bbox 939 1573 1005 1588; x_wconf 88' lang='lat'><strong>--</strong></span> <span class='ocrx_word' id='word_1_427' title='bbox 1036 1545 1288 1614; x_wconf 77' lang='lat' dir='ltr'><strong>Qualiter</strong></span> <span class='ocrx_word' id='word_1_428' title='bbox 1313 1545 1387 1598; x_wconf 75' lang='lat' dir='ltr'><strong>sit</strong></span> <span class='ocrx_word' id='word_1_429' title='bbox 1409 1545 1736 1614; x_wconf 68' lang='lat' dir='ltr'><strong>pauitantia</strong></span> <span class='ocrx_word' id='word_1_430' title='bbox 1754 1543 1990 1612; x_wconf 83' lang='lat' dir='ltr'><strong>agenda.</strong></span> 
     </span>
    </p>
   </div>
   <div class='ocr_carea' id='block_1_43' title="bbox 509 2915 3726 3008">
    <p class='ocr_par' dir='ltr' id='par_1_43' title="bbox 509 2915 3726 3008">
     <span class='ocr_line' id='line_1_43' title="bbox 509 2915 3726 3008; baseline 0 -37"><span class='ocrx_word' id='word_1_431' title='bbox 509 2937 536 2971; x_wconf 72' lang='grc' dir='ltr'><strong>α</strong></span> <span class='ocrx_word' id='word_1_432' title='bbox 570 2916 783 2974; x_wconf 88' lang='lat' dir='ltr'><strong>Idcirco</strong></span> <span class='ocrx_word' id='word_1_433' title='bbox 811 2915 932 2988; x_wconf 90' lang='lat' dir='ltr'><strong>ipse</strong></span> <span class='ocrx_word' id='word_1_434' title='bbox 962 2933 1052 2971; x_wconf 91' lang='lat' dir='ltr'><strong>me</strong></span> <span class='ocrx_word' id='word_1_435' title='bbox 1080 2915 1430 2988; x_wconf 84' lang='lat' dir='ltr'><strong>reprehendo</strong></span> <span class='ocrx_word' id='word_1_436' title='bbox 1469 2920 1527 2970; x_wconf 90' lang='lat' dir='ltr'><strong>et</strong></span> <span class='ocrx_word' id='word_1_437' title='bbox 1571 2931 1677 2986; x_wconf 89' lang='lat' dir='ltr'><strong>ago</strong></span> <span class='ocrx_word' id='word_1_438' title='bbox 1715 2915 2104 2987; x_wconf 67' lang='lat' dir='ltr'><strong>paenitentiam</strong></span> <span class='ocrx_word' id='word_1_439' title='bbox 2186 2925 2252 2974; x_wconf 91' lang='lat' dir='ltr'><strong>ut</strong></span> <span class='ocrx_word' id='word_1_440' title='bbox 2277 2919 2600 3008; x_wconf 68' lang='lat' dir='ltr'><strong>paenitendq</strong></span> <span class='ocrx_word' id='word_1_441' title='bbox 2627 2919 2866 2987; x_wconf 88' lang='lat' dir='ltr'><strong>videam,</strong></span> <span class='ocrx_word' id='word_1_442' title='bbox 2897 2919 3017 2991; x_wconf 84' lang='lat' dir='ltr'><strong>agis</strong></span> <span class='ocrx_word' id='word_1_443' title='bbox 3045 2921 3414 2993; x_wconf 88' lang='lat' dir='ltr'><strong>proculdubio</strong></span> <span class='ocrx_word' id='word_1_444' title='bbox 3432 2937 3504 2976; x_wconf 82' lang='lat' dir='ltr'><strong>ne</strong></span> <span class='ocrx_word' id='word_1_445' title='bbox 3527 2920 3579 2974; x_wconf 91' lang='lat' dir='ltr'><strong>in</strong></span> <span class='ocrx_word' id='word_1_446' title='bbox 3603 2916 3726 2973; x_wconf 86' lang='lat' dir='ltr'><strong>retri-</strong></span> 
     </span>
    </p>
   </div>
   <div class='ocr_carea' id='block_1_44' title="bbox 504 3002 2722 3078">
    <p class='ocr_par' dir='ltr' id='par_1_44' title="bbox 504 3002 2722 3078">
     <span class='ocr_line' id='line_1_44' title="bbox 504 3002 2722 3078; baseline 0.001 -17"><span class='ocrx_word' id='word_1_447' title='bbox 504 3005 565 3062; x_wconf 89' lang='lat' dir='ltr'><strong>in</strong></span> <span class='ocrx_word' id='word_1_448' title='bbox 592 3005 780 3061; x_wconf 83' lang='lat' dir='ltr'><strong>favilla</strong></span> <span class='ocrx_word' id='word_1_449' title='bbox 809 3010 866 3060; x_wconf 90' lang='lat' dir='ltr'><strong>et</strong></span> <span class='ocrx_word' id='word_1_450' title='bbox 891 3005 1078 3060; x_wconf 90' lang='lat' dir='ltr'><strong>cinere</strong></span> <span class='ocrx_word' id='word_1_451' title='bbox 1129 3005 1262 3078; x_wconf 82' lang='lat' dir='ltr'><strong>(Job.</strong></span> <span class='ocrx_word' id='word_1_452' title='bbox 1296 3017 1426 3070; x_wconf 78' lang='lat' dir='ltr'><strong>xm,</strong></span> <span class='ocrx_word' id='word_1_453' title='bbox 1459 3002 1537 3074; x_wconf 89' lang='lat'><strong>6).</strong></span> <span class='ocrx_word' id='word_1_454' title='bbox 1591 3022 1616 3056; x_wconf 87' lang='lat'><strong>»</strong></span> <span class='ocrx_word' id='word_1_455' title='bbox 1646 3003 1711 3058; x_wconf 90' lang='lat' dir='ltr'><strong>In</strong></span> <span class='ocrx_word' id='word_1_456' title='bbox 1739 3002 1926 3058; x_wconf 87' lang='lat' dir='ltr'><strong>favilla</strong></span> <span class='ocrx_word' id='word_1_457' title='bbox 1953 3003 2105 3060; x_wconf 88' lang='lat' dir='ltr'><strong>enim</strong></span> <span class='ocrx_word' id='word_1_458' title='bbox 2127 3061 2167 3078; x_wconf 57' lang='grc' dir='ltr'>η</span> <span class='ocrx_word' id='word_1_459' title='bbox 2186 3007 2418 3065; x_wconf 90' lang='lat' dir='ltr'><strong>butione</strong></span> <span class='ocrx_word' id='word_1_460' title='bbox 2446 3002 2722 3065; x_wconf 78' lang='lat' dir='ltr'><strong>videatur.</strong></span> 
     </span>
    </p>
   </div>
   <div class='ocr_carea' id='block_1_45' title="bbox 508 3093 2106 3166">
    <p class='ocr_par' dir='ltr' id='par_1_45' title="bbox 508 3093 2106 3166">
     <span class='ocr_line' id='line_1_45' title="bbox 508 3093 2106 3166; baseline -0.003 -14"><span class='ocrx_word' id='word_1_461' title='bbox 508 3101 567 3152; x_wconf 87' lang='lat' dir='ltr'><strong>et</strong></span> <span class='ocrx_word' id='word_1_462' title='bbox 585 3093 772 3150; x_wconf 89' lang='lat' dir='ltr'><strong>cinere</strong></span> <span class='ocrx_word' id='word_1_463' title='bbox 788 3093 1176 3166; x_wconf 71' lang='lat' dir='ltr'><strong>paenitentiam</strong></span> <span class='ocrx_word' id='word_1_464' title='bbox 1195 3109 1364 3164; x_wconf 88' lang='lat' dir='ltr'><strong>agere</strong></span> <span class='ocrx_word' id='word_1_465' title='bbox 1385 3097 1472 3148; x_wconf 88' lang='lat' dir='ltr'><strong>est</strong></span> <span class='ocrx_word' id='word_1_466' title='bbox 1487 3093 1865 3164; x_wconf 89' lang='lat' dir='ltr'><strong>contemplata</strong></span> <span class='ocrx_word' id='word_1_467' title='bbox 1882 3109 2106 3148; x_wconf 89' lang='lat' dir='ltr'><strong>summa</strong></span> 
     </span>
    </p>
   </div>
   <div class='ocr_carea' id='block_1_46' title="bbox 505 3180 2105 3254">
    <p class='ocr_par' dir='ltr' id='par_1_46' title="bbox 505 3180 2105 3254">
     <span class='ocr_line' id='line_1_46' title="bbox 505 3180 2105 3254; baseline -0.002 -14"><span class='ocrx_word' id='word_1_468' title='bbox 505 3181 769 3252; x_wconf 88' lang='lat' dir='ltr'><strong>essentia,</strong></span> <span class='ocrx_word' id='word_1_469' title='bbox 801 3183 944 3238; x_wconf 89' lang='lat' dir='ltr'><strong>nihil</strong></span> <span class='ocrx_word' id='word_1_470' title='bbox 985 3181 1138 3238; x_wconf 88' lang='lat' dir='ltr'><strong>aliud</strong></span> <span class='ocrx_word' id='word_1_471' title='bbox 1177 3197 1349 3254; x_wconf 89' lang='lat' dir='ltr'><strong>quam</strong></span> <span class='ocrx_word' id='word_1_472' title='bbox 1379 3180 1623 3236; x_wconf 85' lang='lat' dir='ltr'><strong>favillam</strong></span> <span class='ocrx_word' id='word_1_473' title='bbox 1655 3199 1714 3236; x_wconf 89' lang='lat' dir='ltr'><strong>se</strong></span> <span class='ocrx_word' id='word_1_474' title='bbox 1741 3181 2105 3254; x_wconf 90' lang='lat' dir='ltr'><strong>cineremque</strong></span> 
     </span>
    </p>
   </div>
   <div class='ocr_carea' id='block_1_47' title="bbox 503 3269 3730 3348">
    <p class='ocr_par' dir='ltr' id='par_1_47' title="bbox 503 3269 3730 3348">
     <span class='ocr_line' id='line_1_47' title="bbox 503 3269 3730 3348; baseline -0.001 -19"><span class='ocrx_word' id='word_1_475' title='bbox 503 3287 859 3345; x_wconf 88' lang='lat' dir='ltr'><strong>cognoscere.</strong></span> <span class='ocrx_word' id='word_1_476' title='bbox 895 3273 959 3329; x_wconf 90' lang='lat' dir='ltr'><strong>In</strong></span> <span class='ocrx_word' id='word_1_477' title='bbox 988 3269 1164 3327; x_wconf 91' lang='lat' dir='ltr'><strong>cilicio</strong></span> <span class='ocrx_word' id='word_1_478' title='bbox 1193 3269 1486 3344; x_wconf 89' lang='lat' dir='ltr'><strong>asperitas,</strong></span> <span class='ocrx_word' id='word_1_479' title='bbox 1515 3275 1573 3326; x_wconf 90' lang='lat' dir='ltr'><strong>et</strong></span> <span class='ocrx_word' id='word_1_480' title='bbox 1591 3269 1948 3343; x_wconf 88' lang='lat' dir='ltr'><strong>compunctio</strong></span> <span class='ocrx_word' id='word_1_481' title='bbox 1977 3287 2103 3343; x_wconf 88' lang='lat' dir='ltr'><strong>pec-</strong></span> <span class='ocrx_word' id='word_1_482' title='bbox 2259 3275 2416 3346; x_wconf 65' lang='lat' dir='ltr'><strong>Saepe</strong></span> <span class='ocrx_word' id='word_1_483' title='bbox 2443 3292 2577 3347; x_wconf 89' lang='lat' dir='ltr'><strong>ergo</strong></span> <span class='ocrx_word' id='word_1_484' title='bbox 2607 3275 2812 3330; x_wconf 87' lang='lat' dir='ltr'><strong>accidit</strong></span> <span class='ocrx_word' id='word_1_485' title='bbox 2836 3281 2902 3330; x_wconf 92' lang='lat' dir='ltr'><strong>ut</strong></span> <span class='ocrx_word' id='word_1_486' title='bbox 2921 3292 3020 3348; x_wconf 89' lang='lat' dir='ltr'><strong>per</strong></span> <span class='ocrx_word' id='word_1_487' title='bbox 3047 3276 3438 3347; x_wconf 78' lang='lat' dir='ltr'><strong>paenitentiam</strong></span> <span class='ocrx_word' id='word_1_488' title='bbox 3467 3274 3579 3347; x_wconf 85' lang='lat' dir='ltr'><strong>quis</strong></span> <span class='ocrx_word' id='word_1_489' title='bbox 3590 3271 3730 3326; x_wconf 73' lang='lat' dir='ltr'><strong>multa</strong></span> 
     </span>
    </p>
   </div>
   <div class='ocr_carea' id='block_1_48' title="bbox 504 3354 3728 3435">
    <p class='ocr_par' dir='ltr' id='par_1_48' title="bbox 504 3354 3728 3435">
     <span class='ocr_line' id='line_1_48' title="bbox 504 3354 3728 3435; baseline -0.001 -20"><span class='ocrx_word' id='word_1_490' title='bbox 504 3363 779 3424; x_wconf 76' lang='lat' dir='ltr'><strong>ceterum,</strong></span> <span class='ocrx_word' id='word_1_491' title='bbox 837 3357 893 3414; x_wconf 88' lang='lat' dir='ltr'><strong>in</strong></span> <span class='ocrx_word' id='word_1_492' title='bbox 952 3356 1138 3412; x_wconf 89' lang='lat' dir='ltr'><strong>cinere</strong></span> <span class='ocrx_word' id='word_1_493' title='bbox 1182 3362 1372 3413; x_wconf 89' lang='lat' dir='ltr'><strong>autem</strong></span> <span class='ocrx_word' id='word_1_494' title='bbox 1401 3355 1581 3428; x_wconf 87' lang='lat' dir='ltr'><strong>pulvis</strong></span> <span class='ocrx_word' id='word_1_495' title='bbox 1611 3354 1928 3410; x_wconf 89' lang='lat' dir='ltr'><strong>ostenditur</strong></span> <span class='ocrx_word' id='word_1_496' title='bbox 1955 3371 2104 3411; x_wconf 87' lang='lat' dir='ltr'><strong>mor-</strong></span> <span class='ocrx_word' id='word_1_497' title='bbox 2188 3368 2247 3418; x_wconf 91' lang='lat' dir='ltr'><strong>et</strong></span> <span class='ocrx_word' id='word_1_498' title='bbox 2274 3379 2481 3435; x_wconf 85' lang='lat' dir='ltr'><strong>magna</strong></span> <span class='ocrx_word' id='word_1_499' title='bbox 2507 3365 2770 3435; x_wconf 87' lang='lat' dir='ltr'><strong>corrigat,</strong></span> <span class='ocrx_word' id='word_1_500' title='bbox 2803 3363 2914 3418; x_wconf 90' lang='lat' dir='ltr'><strong>iter</strong></span> <span class='ocrx_word' id='word_1_501' title='bbox 2938 3363 3057 3434; x_wconf 62' lang='lat' dir='ltr'><strong>haec</strong></span> <span class='ocrx_word' id='word_1_502' title='bbox 3082 3369 3277 3419; x_wconf 87' lang='lat' dir='ltr'><strong>tamen</strong></span> <span class='ocrx_word' id='word_1_503' title='bbox 3305 3365 3466 3428; x_wconf 84' lang='lat' dir='ltr'><strong>bona,</strong></span> <span class='ocrx_word' id='word_1_504' title='bbox 3511 3377 3617 3434; x_wconf 63' lang='lat' dir='ltr'><strong>qua</strong></span> <span class='ocrx_word' id='word_1_505' title='bbox 3650 3373 3728 3432; x_wconf 85' lang='lat' dir='ltr'><strong>per</strong></span> 
     </span>
    </p>
   </div>
   <div class='ocr_carea' id='block_1_49' title="bbox 491 3437 3729 3526">
    <p class='ocr_par' dir='ltr' id='par_1_49' title="bbox 491 3437 3729 3526">
     <span class='ocr_line' id='line_1_49' title="bbox 491 3437 3729 3526; baseline -0.001 -22"><span class='ocrx_word' id='word_1_506' title='bbox 491 3453 756 3516; x_wconf 88' lang='lat' dir='ltr'><strong>&#39;tuorum,</strong></span> <span class='ocrx_word' id='word_1_507' title='bbox 781 3451 840 3503; x_wconf 91' lang='lat' dir='ltr'><strong>et</strong></span> <span class='ocrx_word' id='word_1_508' title='bbox 873 3447 1080 3503; x_wconf 91' lang='lat' dir='ltr'><strong>idcirco</strong></span> <span class='ocrx_word' id='word_1_509' title='bbox 1130 3451 1434 3518; x_wconf 88' lang='lat' dir='ltr'><strong>utrumque</strong></span> <span class='ocrx_word' id='word_1_510' title='bbox 1454 3437 1707 3500; x_wconf 76' lang='lat' dir='ltr'><strong>adhiberi</strong></span> <span class='ocrx_word' id='word_1_511' title='bbox 1737 3444 1806 3499; x_wconf 89' lang='lat' dir='ltr'><strong>ad</strong></span> <span class='ocrx_word' id='word_1_512' title='bbox 1832 3445 2106 3517; x_wconf 75' lang='lat' dir='ltr'><strong>pceniten-</strong></span> <span class='ocrx_word' id='word_1_513' title='bbox 2188 3452 2577 3526; x_wconf 54' lang='lat' dir='ltr'><strong>panitentiam</strong></span> <span class='ocrx_word' id='word_1_514' title='bbox 2605 3453 2864 3520; x_wconf 72' lang='lat' dir='ltr'><strong>correxit,</strong></span> <span class='ocrx_word' id='word_1_515' title='bbox 2889 3453 3059 3507; x_wconf 75' lang='lat' dir='ltr'><strong>etiam</strong></span> <span class='ocrx_word' id='word_1_516' title='bbox 3077 3459 3309 3524; x_wconf 76' lang='lat' dir='ltr'><strong>peccata</strong></span> <span class='ocrx_word' id='word_1_517' title='bbox 3331 3449 3666 3515; x_wconf 78' lang='lat' dir='ltr'><strong>commiserit;</strong></span> <span class='ocrx_word' id='word_1_518' title='bbox 3688 3452 3729 3501; x_wconf 86' lang='lat' dir='ltr'><strong>et</strong></span> 
     </span>
    </p>
   </div>
   <div class='ocr_carea' id='block_1_50' title="bbox 503 3528 3729 3612">
    <p class='ocr_par' dir='ltr' id='par_1_50' title="bbox 503 3528 3729 3612">
     <span class='ocr_line' id='line_1_50' title="bbox 503 3528 3729 3612; baseline -0.001 -19"><span class='ocrx_word' id='word_1_519' title='bbox 503 3535 642 3594; x_wconf 89' lang='lat' dir='ltr'><strong>tiam</strong></span> <span class='ocrx_word' id='word_1_520' title='bbox 669 3537 830 3605; x_wconf 87' lang='lat' dir='ltr'><strong>solet,</strong></span> <span class='ocrx_word' id='word_1_521' title='bbox 857 3540 924 3593; x_wconf 90' lang='lat' dir='ltr'><strong>ut</strong></span> <span class='ocrx_word' id='word_1_522' title='bbox 949 3535 1008 3592; x_wconf 92' lang='lat' dir='ltr'><strong>in</strong></span> <span class='ocrx_word' id='word_1_523' title='bbox 1034 3528 1464 3608; x_wconf 81' lang='lat' dir='ltr'><strong>compunctione</strong></span> <span class='ocrx_word' id='word_1_524' title='bbox 1495 3533 1662 3588; x_wconf 79' lang='lat' dir='ltr'><strong>cilicii</strong></span> <span class='ocrx_word' id='word_1_525' title='bbox 1704 3549 2106 3606; x_wconf 87' lang='lat' dir='ltr'><strong>cognoscamus</strong></span> <span class='ocrx_word' id='word_1_526' title='bbox 2188 3540 2294 3596; x_wconf 91' lang='lat' dir='ltr'><strong>hoc</strong></span> <span class='ocrx_word' id='word_1_527' title='bbox 2317 3545 2404 3596; x_wconf 89' lang='lat' dir='ltr'><strong>est</strong></span> <span class='ocrx_word' id='word_1_528' title='bbox 2431 3541 2579 3612; x_wconf 89' lang='lat' dir='ltr'><strong>quod</strong></span> <span class='ocrx_word' id='word_1_529' title='bbox 2602 3541 2844 3596; x_wconf 81' lang='lat' dir='ltr'><strong>maxime</strong></span> <span class='ocrx_word' id='word_1_530' title='bbox 2862 3540 3316 3612; x_wconf 87' lang='lat' dir='ltr'><strong>desperationem</strong></span> <span class='ocrx_word' id='word_1_531' title='bbox 3337 3541 3518 3594; x_wconf 90' lang='lat' dir='ltr'><strong>animo</strong></span> <span class='ocrx_word' id='word_1_532' title='bbox 3541 3534 3729 3599; x_wconf 83' lang='lat' dir='ltr'><strong>inducit,</strong></span> 
     </span>
    </p>
   </div>
   <div class='ocr_carea' id='block_1_51' title="bbox 507 3621 3731 3702">
    <p class='ocr_par' dir='ltr' id='par_1_51' title="bbox 507 3621 3731 3702">
     <span class='ocr_line' id='line_1_51' title="bbox 507 3621 3731 3702; baseline -0.007 -5"><span class='ocrx_word' id='word_1_533' title='bbox 507 3626 642 3701; x_wconf 74' lang='grc' dir='ltr'><strong>(ιιιὶά</strong></span> <span class='ocrx_word' id='word_1_534' title='bbox 665 3643 767 3699; x_wconf 63' lang='lat' dir='ltr'><strong>Per</strong></span> <span class='ocrx_word' id='word_1_535' title='bbox 786 3627 1010 3700; x_wconf 72' lang='grc' dir='ltr'><strong>ουῙΡαῐη</strong></span> <span class='ocrx_word' id='word_1_536' title='bbox 1055 3621 1304 3692; x_wconf 62' lang='grc' dir='ltr'><strong>ῗεοίωιιεν</strong></span> <span class='ocrx_word' id='word_1_537' title='bbox 1321 3629 1380 3680; x_wconf 67' lang='lat' dir='ltr'><strong>et</strong></span> <span class='ocrx_word' id='word_1_538' title='bbox 1409 3623 1467 3678; x_wconf 74' lang='lat' dir='ltr'><strong>in</strong></span> <span class='ocrx_word' id='word_1_539' title='bbox 1489 3623 1712 3694; x_wconf 65' lang='grc' dir='ltr'><strong>ΠΒΞΘΠΟ</strong></span> <span class='ocrx_word' id='word_1_540' title='bbox 1743 3622 1948 3678; x_wconf 73' lang='lat' dir='ltr'><strong>Cinel‘is</strong></span> <span class='ocrx_word' id='word_1_541' title='bbox 1975 3639 2105 3696; x_wconf 76' lang='lat' dir='ltr'><strong>Per-</strong></span> <span class='ocrx_word' id='word_1_542' title='bbox 2190 3630 2326 3702; x_wconf 85' lang='lat' dir='ltr'><strong>quia</strong></span> <span class='ocrx_word' id='word_1_543' title='bbox 2349 3629 2569 3685; x_wconf 88' lang='lat' dir='ltr'><strong>videtur</strong></span> <span class='ocrx_word' id='word_1_544' title='bbox 2598 3629 2704 3684; x_wconf 90' lang='lat' dir='ltr'><strong>sibi</strong></span> <span class='ocrx_word' id='word_1_545' title='bbox 2743 3629 3086 3684; x_wconf 86' lang='lat' dir='ltr'><strong>destruxisse</strong></span> <span class='ocrx_word' id='word_1_546' title='bbox 3135 3630 3286 3700; x_wconf 89' lang='lat' dir='ltr'><strong>quod</strong></span> <span class='ocrx_word' id='word_1_547' title='bbox 3324 3628 3731 3692; x_wconf 67' lang='lat' dir='ltr'><strong>aediﬁcaveratet</strong></span> 
     </span>
    </p>
   </div>
   <div class='ocr_carea' id='block_1_52' title="bbox 507 3703 3730 3790">
    <p class='ocr_par' dir='ltr' id='par_1_52' title="bbox 507 3703 3730 3790">
     <span class='ocr_line' id='line_1_52' title="bbox 507 3703 3730 3790; baseline -0.001 -19"><span class='ocrx_word' id='word_1_548' title='bbox 507 3715 819 3790; x_wconf 88' lang='lat' dir='ltr'><strong>pendamus</strong></span> <span class='ocrx_word' id='word_1_549' title='bbox 856 3714 991 3787; x_wconf 88' lang='lat' dir='ltr'><strong>quid</strong></span> <span class='ocrx_word' id='word_1_550' title='bbox 1021 3730 1124 3787; x_wconf 89' lang='lat' dir='ltr'><strong>per</strong></span> <span class='ocrx_word' id='word_1_551' title='bbox 1143 3703 1572 3786; x_wconf 50' lang='lat' dir='ltr'><strong>judicium&#39;facti</strong></span> <span class='ocrx_word' id='word_1_552' title='bbox 1599 3727 1796 3768; x_wconf 91' lang='lat' dir='ltr'><strong>sumus</strong></span> <span class='ocrx_word' id='word_1_553' title='bbox 1822 3731 1835 3766; x_wconf 85' lang='lat'><strong>:</strong></span> <span class='ocrx_word' id='word_1_554' title='bbox 1858 3712 2107 3769; x_wconf 82' lang='lat' dir='ltr'><strong>conside-</strong></span> <span class='ocrx_word' id='word_1_555' title='bbox 2188 3735 2384 3774; x_wconf 88' lang='lat' dir='ltr'><strong>omnes</strong></span> <span class='ocrx_word' id='word_1_556' title='bbox 2413 3719 2538 3774; x_wconf 86' lang='lat' dir='ltr'><strong>illos</strong></span> <span class='ocrx_word' id='word_1_557' title='bbox 2563 3718 2782 3774; x_wconf 82' lang='lat' dir='ltr'><strong>labores</strong></span> <span class='ocrx_word' id='word_1_558' title='bbox 2816 3718 3060 3773; x_wconf 86' lang='lat' dir='ltr'><strong>inaniter</strong></span> <span class='ocrx_word' id='word_1_559' title='bbox 3100 3719 3364 3774; x_wconf 75' lang='lat' dir='ltr'><strong>effudisse</strong></span> <span class='ocrx_word' id='word_1_560' title='bbox 3392 3738 3405 3787; x_wconf 92' lang='lat'><strong>;</strong></span> <span class='ocrx_word' id='word_1_561' title='bbox 3453 3722 3508 3773; x_wconf 91' lang='lat' dir='ltr'><strong>et</strong></span> <span class='ocrx_word' id='word_1_562' title='bbox 3539 3716 3641 3770; x_wconf 62' lang='lat' dir='ltr'><strong>hac</strong></span> <span class='ocrx_word' id='word_1_563' title='bbox 3667 3716 3730 3768; x_wconf 85' lang='lat' dir='ltr'><strong>est</strong></span> 
     </span>
    </p>
   </div>
   <div class='ocr_carea' id='block_1_53' title="bbox 505 3800 3730 3882">
    <p class='ocr_par' dir='ltr' id='par_1_53' title="bbox 505 3800 3730 3882">
     <span class='ocr_line' id='line_1_53' title="bbox 505 3800 3730 3882; baseline -0.002 -20"><span class='ocrx_word' id='word_1_564' title='bbox 505 3811 666 3862; x_wconf 86' lang='lat' dir='ltr'><strong>retur</strong></span> <span class='ocrx_word' id='word_1_565' title='bbox 694 3821 829 3876; x_wconf 89' lang='lat' dir='ltr'><strong>ergo</strong></span> <span class='ocrx_word' id='word_1_566' title='bbox 855 3805 917 3860; x_wconf 91' lang='lat' dir='ltr'><strong>in</strong></span> <span class='ocrx_word' id='word_1_567' title='bbox 945 3804 1135 3858; x_wconf 89' lang='lat' dir='ltr'><strong>cinere</strong></span> <span class='ocrx_word' id='word_1_568' title='bbox 1163 3818 1265 3875; x_wconf 91' lang='lat' dir='ltr'><strong>per</strong></span> <span class='ocrx_word' id='word_1_569' title='bbox 1309 3801 1508 3858; x_wconf 89' lang='lat' dir='ltr'><strong>mortis</strong></span> <span class='ocrx_word' id='word_1_570' title='bbox 1549 3801 1888 3856; x_wconf 87' lang='lat' dir='ltr'><strong>sententiam</strong></span> <span class='ocrx_word' id='word_1_571' title='bbox 1917 3800 2104 3858; x_wconf 84' lang='lat' dir='ltr'><strong>subse-</strong></span> <span class='ocrx_word' id='word_1_572' title='bbox 2187 3807 2454 3878; x_wconf 73' lang='lat' dir='ltr'><strong>cogitatio</strong></span> <span class='ocrx_word' id='word_1_573' title='bbox 2486 3825 2610 3880; x_wconf 62' lang='lat' dir='ltr'><strong>qua;</strong></span> <span class='ocrx_word' id='word_1_574' title='bbox 2637 3807 2918 3880; x_wconf 61' lang='lat' dir='ltr'><strong>praecipue</strong></span> <span class='ocrx_word' id='word_1_575' title='bbox 2947 3807 3146 3864; x_wconf 62' lang='lat' dir='ltr'><strong>anima;</strong></span> <span class='ocrx_word' id='word_1_576' title='bbox 3177 3809 3402 3880; x_wconf 82' lang='lat' dir='ltr'><strong>pondus</strong></span> <span class='ocrx_word' id='word_1_577' title='bbox 3439 3801 3730 3882; x_wconf 76' lang='lat' dir='ltr'><strong>desperatio-</strong></span> 
     </span>
    </p>
   </div>
   <div class='ocr_carea' id='block_1_54' title="bbox 509 3891 3732 3969">
    <p class='ocr_par' dir='ltr' id='par_1_54' title="bbox 509 3891 3732 3969">
     <span class='ocr_line' id='line_1_54' title="bbox 509 3891 3732 3969; baseline -0.001 -19"><span class='ocrx_word' id='word_1_578' title='bbox 509 3910 686 3967; x_wconf 88' lang='lat' dir='ltr'><strong>quens</strong></span> <span class='ocrx_word' id='word_1_579' title='bbox 729 3895 893 3967; x_wconf 86' lang='lat' dir='ltr'><strong>juxta</strong></span> <span class='ocrx_word' id='word_1_580' title='bbox 935 3907 1162 3966; x_wconf 70' lang='lat' dir='ltr'><strong>pmnam</strong></span> <span class='ocrx_word' id='word_1_581' title='bbox 1205 3891 1472 3948; x_wconf 83' lang='lat' dir='ltr'><strong>vitiorum</strong></span> <span class='ocrx_word' id='word_1_582' title='bbox 1501 3905 1624 3963; x_wconf 68' lang='lat' dir='ltr'><strong>quae</strong></span> <span class='ocrx_word' id='word_1_583' title='bbox 1651 3894 1780 3962; x_wconf 92' lang='lat' dir='ltr'><strong>post</strong></span> <span class='ocrx_word' id='word_1_584' title='bbox 1811 3895 2103 3962; x_wconf 90' lang='lat' dir='ltr'><strong>peccatum</strong></span> <span class='ocrx_word' id='word_1_585' title='bbox 2187 3896 2276 3952; x_wconf 90' lang='lat' dir='ltr'><strong>nis</strong></span> <span class='ocrx_word' id='word_1_586' title='bbox 2307 3897 2563 3968; x_wconf 89' lang='lat' dir='ltr'><strong>imponit.</strong></span> <span class='ocrx_word' id='word_1_587' title='bbox 2599 3897 2707 3952; x_wconf 91' lang='lat' dir='ltr'><strong>Sed</strong></span> <span class='ocrx_word' id='word_1_588' title='bbox 2735 3895 2878 3952; x_wconf 90' lang='lat' dir='ltr'><strong>illud</strong></span> <span class='ocrx_word' id='word_1_589' title='bbox 2907 3913 3104 3952; x_wconf 89' lang='lat' dir='ltr'><strong>rursus</strong></span> <span class='ocrx_word' id='word_1_590' title='bbox 3130 3901 3356 3969; x_wconf 88' lang='lat' dir='ltr'><strong>oportet</strong></span> <span class='ocrx_word' id='word_1_591' title='bbox 3391 3894 3632 3966; x_wconf 87' lang='lat' dir='ltr'><strong>cogitare,</strong></span> <span class='ocrx_word' id='word_1_592' title='bbox 3655 3903 3732 3963; x_wconf 79' lang='lat' dir='ltr'><strong>per</strong></span> 
     </span>
    </p>
   </div>
   <div class='ocr_carea' id='block_1_55' title="bbox 506 3979 3731 4058">
    <p class='ocr_par' dir='ltr' id='par_1_55' title="bbox 506 3979 3731 4058">
     <span class='ocr_line' id='line_1_55' title="bbox 506 3979 3731 4058; baseline -0.002 -19"><span class='ocrx_word' id='word_1_593' title='bbox 506 3983 693 4040; x_wconf 83' lang='lat' dir='ltr'><strong>carnis</strong></span> <span class='ocrx_word' id='word_1_594' title='bbox 713 3981 1066 4039; x_wconf 84' lang='lat' dir='ltr'><strong>contumeliae</strong></span> <span class='ocrx_word' id='word_1_595' title='bbox 1087 3985 1472 4048; x_wconf 83' lang='lat' dir='ltr'><strong>surrexerunt;</strong></span> <span class='ocrx_word' id='word_1_596' title='bbox 1493 3979 1682 4035; x_wconf 85' lang='lat' dir='ltr'><strong>videat</strong></span> <span class='ocrx_word' id='word_1_597' title='bbox 1700 3980 1866 4035; x_wconf 91' lang='lat' dir='ltr'><strong>homo</strong></span> <span class='ocrx_word' id='word_1_598' title='bbox 1881 3979 1938 4034; x_wconf 90' lang='lat' dir='ltr'><strong>in</strong></span> <span class='ocrx_word' id='word_1_599' title='bbox 1949 3995 2105 4052; x_wconf 87' lang='lat' dir='ltr'><strong>aspe-</strong></span> <span class='ocrx_word' id='word_1_600' title='bbox 2186 3985 2336 4058; x_wconf 81' lang='lat' dir='ltr'><strong>quod</strong></span> <span class='ocrx_word' id='word_1_601' title='bbox 2367 3985 2610 4058; x_wconf 78' lang='lat' dir='ltr'><strong>pessima</strong></span> <span class='ocrx_word' id='word_1_602' title='bbox 2638 3990 2696 4041; x_wconf 78' lang='lat' dir='ltr'><strong>et</strong></span> <span class='ocrx_word' id='word_1_603' title='bbox 2721 3985 2951 4040; x_wconf 77' lang='lat' dir='ltr'><strong>inimica</strong></span> <span class='ocrx_word' id='word_1_604' title='bbox 2977 3985 3104 4040; x_wconf 63' lang='lat' dir='ltr'><strong>vita</strong></span> <span class='ocrx_word' id='word_1_605' title='bbox 3131 3991 3341 4042; x_wconf 67' lang='lat' dir='ltr'><strong>nostra;</strong></span> <span class='ocrx_word' id='word_1_606' title='bbox 3364 3981 3610 4056; x_wconf 77' lang='lat' dir='ltr'><strong>cogitatio</strong></span> <span class='ocrx_word' id='word_1_607' title='bbox 3649 3979 3731 4034; x_wconf 74' lang='lat' dir='ltr'><strong>ista</strong></span> 
     </span>
    </p>
   </div>
   <div class='ocr_carea' id='block_1_56' title="bbox 500 4066 3728 4146">
    <p class='ocr_par' dir='ltr' id='par_1_56' title="bbox 500 4066 3728 4146">
     <span class='ocr_line' id='line_1_56' title="bbox 500 4066 3728 4146; baseline 0 -18"><span class='ocrx_word' id='word_1_608' title='bbox 500 4072 670 4128; x_wconf 81' lang='lat' dir='ltr'><strong>ritate</strong></span> <span class='ocrx_word' id='word_1_609' title='bbox 697 4071 863 4128; x_wconf 88' lang='lat' dir='ltr'><strong>cilicii</strong></span> <span class='ocrx_word' id='word_1_610' title='bbox 892 4069 1266 4144; x_wconf 73' lang='lat' dir='ltr'><strong>superbiendo</strong></span> <span class='ocrx_word' id='word_1_611' title='bbox 1292 4069 1428 4142; x_wconf 88' lang='lat' dir='ltr'><strong>quid</strong></span> <span class='ocrx_word' id='word_1_612' title='bbox 1452 4069 1600 4136; x_wconf 86' lang='lat' dir='ltr'><strong>fecit,</strong></span> <span class='ocrx_word' id='word_1_613' title='bbox 1634 4068 1821 4124; x_wconf 87' lang='lat' dir='ltr'><strong>videat</strong></span> <span class='ocrx_word' id='word_1_614' title='bbox 1841 4069 1897 4123; x_wconf 92' lang='lat' dir='ltr'><strong>in</strong></span> <span class='ocrx_word' id='word_1_615' title='bbox 1917 4069 2104 4124; x_wconf 89' lang='lat' dir='ltr'><strong>cinere</strong></span> <span class='ocrx_word' id='word_1_616' title='bbox 2185 4074 2510 4146; x_wconf 88' lang='lat' dir='ltr'><strong>repellatur,</strong></span> <span class='ocrx_word' id='word_1_617' title='bbox 2542 4074 2677 4146; x_wconf 90' lang='lat' dir='ltr'><strong>quia</strong></span> <span class='ocrx_word' id='word_1_618' title='bbox 2694 4073 2790 4130; x_wconf 86' lang='lat' dir='ltr'><strong>illa</strong></span> <span class='ocrx_word' id='word_1_619' title='bbox 2806 4073 2956 4130; x_wconf 87' lang='lat' dir='ltr'><strong>bona</strong></span> <span class='ocrx_word' id='word_1_620' title='bbox 2975 4091 3099 4145; x_wconf 73' lang='lat' dir='ltr'><strong>quae</strong></span> <span class='ocrx_word' id='word_1_621' title='bbox 3118 4074 3356 4145; x_wconf 84' lang='lat' dir='ltr'><strong>egimus,</strong></span> <span class='ocrx_word' id='word_1_622' title='bbox 3383 4079 3440 4128; x_wconf 87' lang='lat' dir='ltr'><strong>et</strong></span> <span class='ocrx_word' id='word_1_623' title='bbox 3461 4066 3728 4126; x_wconf 72' lang='lat' dir='ltr'><strong>emendatio</strong></span> 
     </span>
    </p>
   </div>
   <div class='ocr_carea' id='block_1_57' title="bbox 501 4157 3728 4236">
    <p class='ocr_par' dir='ltr' id='par_1_57' title="bbox 501 4157 3728 4236">
     <span class='ocr_line' id='line_1_57' title="bbox 501 4157 3728 4236; baseline 0 -19"><span class='ocrx_word' id='word_1_624' title='bbox 501 4175 794 4234; x_wconf 86' lang='lat' dir='ltr'><strong>usquequo</strong></span> <span class='ocrx_word' id='word_1_625' title='bbox 825 4159 1105 4233; x_wconf 88' lang='lat' dir='ltr'><strong>peccando</strong></span> <span class='ocrx_word' id='word_1_626' title='bbox 1130 4158 1404 4232; x_wconf 88' lang='lat' dir='ltr'><strong>pervenit,</strong></span> <span class='ocrx_word' id='word_1_627' title='bbox 1456 4157 1615 4230; x_wconf 89' lang='lat' dir='ltr'><strong>quasi</strong></span> <span class='ocrx_word' id='word_1_628' title='bbox 1653 4157 1896 4230; x_wconf 88' lang='lat' dir='ltr'><strong>quodam</strong></span> <span class='ocrx_word' id='word_1_629' title='bbox 1924 4157 2104 4214; x_wconf 90' lang='lat' dir='ltr'><strong>cilicio</strong></span> <span class='ocrx_word' id='word_1_630' title='bbox 2186 4163 2285 4219; x_wconf 90' lang='lat' dir='ltr'><strong>illa</strong></span> <span class='ocrx_word' id='word_1_631' title='bbox 2313 4179 2436 4236; x_wconf 70' lang='lat' dir='ltr'><strong>quae</strong></span> <span class='ocrx_word' id='word_1_632' title='bbox 2465 4179 2566 4236; x_wconf 91' lang='lat' dir='ltr'><strong>per</strong></span> <span class='ocrx_word' id='word_1_633' title='bbox 2593 4162 2984 4234; x_wconf 65' lang='lat' dir='ltr'><strong>penitentiam</strong></span> <span class='ocrx_word' id='word_1_634' title='bbox 3015 4163 3254 4234; x_wconf 62' lang='lat' dir='ltr'><strong>quaesita</strong></span> <span class='ocrx_word' id='word_1_635' title='bbox 3289 4169 3394 4230; x_wconf 85' lang='lat' dir='ltr'><strong>est,</strong></span> <span class='ocrx_word' id='word_1_636' title='bbox 3423 4161 3524 4216; x_wconf 88' lang='lat' dir='ltr'><strong>nisi</strong></span> <span class='ocrx_word' id='word_1_637' title='bbox 3552 4158 3728 4220; x_wconf 64' lang='lat' dir='ltr'><strong>fuisset.</strong></span> 
     </span>
    </p>
   </div>
   <div class='ocr_carea' id='block_1_58' title="bbox 505 4247 3730 4324">
    <p class='ocr_par' dir='ltr' id='par_1_58' title="bbox 505 4247 3730 4324">
     <span class='ocr_line' id='line_1_58' title="bbox 505 4247 3730 4324; baseline -0.002 -20"><span class='ocrx_word' id='word_1_638' title='bbox 505 4255 767 4323; x_wconf 84' lang='lat' dir='ltr'><strong>peccator</strong></span> <span class='ocrx_word' id='word_1_639' title='bbox 792 4249 1082 4322; x_wconf 87' lang='lat' dir='ltr'><strong>pungitur,</strong></span> <span class='ocrx_word' id='word_1_640' title='bbox 1107 4247 1242 4303; x_wconf 91' lang='lat' dir='ltr'><strong>dum</strong></span> <span class='ocrx_word' id='word_1_641' title='bbox 1269 4247 1332 4303; x_wconf 91' lang='lat' dir='ltr'><strong>in</strong></span> <span class='ocrx_word' id='word_1_642' title='bbox 1356 4252 1544 4302; x_wconf 89' lang='lat' dir='ltr'><strong>mente</strong></span> <span class='ocrx_word' id='word_1_643' title='bbox 1563 4261 1668 4302; x_wconf 90' lang='lat' dir='ltr'><strong>sua</strong></span> <span class='ocrx_word' id='word_1_644' title='bbox 1688 4247 1898 4318; x_wconf 86' lang='lat' dir='ltr'><strong>asperis</strong></span> <span class='ocrx_word' id='word_1_645' title='bbox 1917 4247 2105 4303; x_wconf 85' lang='lat' dir='ltr'><strong>redar-</strong></span> <span class='ocrx_word' id='word_1_646' title='bbox 2187 4257 2246 4309; x_wconf 89' lang='lat' dir='ltr'><strong>et</strong></span> <span class='ocrx_word' id='word_1_647' title='bbox 2271 4252 2424 4309; x_wconf 85' lang='lat' dir='ltr'><strong>velut</strong></span> <span class='ocrx_word' id='word_1_648' title='bbox 2451 4253 2792 4308; x_wconf 78' lang='lat' dir='ltr'><strong>contrarium</strong></span> <span class='ocrx_word' id='word_1_649' title='bbox 2823 4251 3042 4324; x_wconf 89' lang='lat' dir='ltr'><strong>pondus</strong></span> <span class='ocrx_word' id='word_1_650' title='bbox 3073 4252 3312 4324; x_wconf 88' lang='lat' dir='ltr'><strong>ponderi</strong></span> <span class='ocrx_word' id='word_1_651' title='bbox 3341 4251 3485 4317; x_wconf 89' lang='lat' dir='ltr'><strong>huic,</strong></span> <span class='ocrx_word' id='word_1_652' title='bbox 3504 4247 3635 4321; x_wconf 88' lang='lat' dir='ltr'><strong>quod</strong></span> <span class='ocrx_word' id='word_1_653' title='bbox 3657 4259 3730 4299; x_wconf 79' lang='lat' dir='ltr'><strong>ex-</strong></span> 
     </span>
    </p>
   </div>
   <div class='ocr_carea' id='block_1_59' title="bbox 505 4330 3733 4414">
    <p class='ocr_par' dir='ltr' id='par_1_59' title="bbox 505 4330 3733 4414">
     <span class='ocr_line' id='line_1_59' title="bbox 505 4330 3733 4414; baseline -0.001 -20"><span class='ocrx_word' id='word_1_654' title='bbox 505 4339 802 4412; x_wconf 86' lang='lat' dir='ltr'><strong>gutionum</strong></span> <span class='ocrx_word' id='word_1_655' title='bbox 831 4337 1075 4394; x_wconf 87' lang='lat' dir='ltr'><strong>stimulis</strong></span> <span class='ocrx_word' id='word_1_656' title='bbox 1120 4335 1527 4408; x_wconf 88' lang='lat' dir='ltr'><strong>constringitur</strong></span> <span class='ocrx_word' id='word_1_657' title='bbox 1567 4353 1580 4403; x_wconf 91' lang='lat'><strong>;</strong></span> <span class='ocrx_word' id='word_1_658' title='bbox 1611 4335 1670 4390; x_wconf 90' lang='lat' dir='ltr'><strong>in</strong></span> <span class='ocrx_word' id='word_1_659' title='bbox 1699 4335 1886 4392; x_wconf 90' lang='lat' dir='ltr'><strong>cinere</strong></span> <span class='ocrx_word' id='word_1_660' title='bbox 1913 4342 2165 4414; x_wconf 74' lang='lat' dir='ltr'><strong>autemh</strong></span> <span class='ocrx_word' id='word_1_661' title='bbox 2185 4341 2458 4414; x_wconf 87' lang='lat' dir='ltr'><strong>spectatio</strong></span> <span class='ocrx_word' id='word_1_662' title='bbox 2488 4342 2648 4398; x_wconf 88' lang='lat' dir='ltr'><strong>nobis</strong></span> <span class='ocrx_word' id='word_1_663' title='bbox 2674 4341 3059 4398; x_wconf 88' lang='lat' dir='ltr'><strong>introductum</strong></span> <span class='ocrx_word' id='word_1_664' title='bbox 3109 4346 3214 4409; x_wconf 90' lang='lat' dir='ltr'><strong>est,</strong></span> <span class='ocrx_word' id='word_1_665' title='bbox 3257 4339 3582 4403; x_wconf 85' lang='lat' dir='ltr'><strong>obstetisset,</strong></span> <span class='ocrx_word' id='word_1_666' title='bbox 3621 4330 3733 4392; x_wconf 83' lang='lat' dir='ltr'><strong>nihil</strong></span> 
     </span>
    </p>
   </div>
   <div class='ocr_carea' id='block_1_60' title="bbox 507 4421 3730 4502">
    <p class='ocr_par' dir='ltr' id='par_1_60' title="bbox 507 4421 3730 4502">
     <span class='ocr_line' id='line_1_60' title="bbox 507 4421 3730 4502; baseline -0.003 -18"><span class='ocrx_word' id='word_1_667' title='bbox 507 4429 628 4500; x_wconf 80' lang='lat' dir='ltr'><strong>agit</strong></span> <span class='ocrx_word' id='word_1_668' title='bbox 667 4423 1073 4502; x_wconf 74' lang='lat' dir='ltr'><strong>paenitentiam,</strong></span> <span class='ocrx_word' id='word_1_669' title='bbox 1122 4425 1218 4498; x_wconf 89' lang='lat' dir='ltr'><strong>qui</strong></span> <span class='ocrx_word' id='word_1_670' title='bbox 1271 4443 1337 4480; x_wconf 85' lang='lat' dir='ltr'><strong>ex</strong></span> <span class='ocrx_word' id='word_1_671' title='bbox 1365 4425 1550 4498; x_wconf 87' lang='lat' dir='ltr'><strong>primo</strong></span> <span class='ocrx_word' id='word_1_672' title='bbox 1578 4429 1806 4498; x_wconf 87' lang='lat' dir='ltr'><strong>peccato</strong></span> <span class='ocrx_word' id='word_1_673' title='bbox 1835 4421 1970 4498; x_wconf 91' lang='lat' dir='ltr'><strong>quid</strong></span> <span class='ocrx_word' id='word_1_674' title='bbox 2004 4421 2164 4498; x_wconf 75' lang='lat' dir='ltr'><strong>per&quot;</strong></span> <span class='ocrx_word' id='word_1_675' title='bbox 2184 4429 2370 4486; x_wconf 88' lang='lat' dir='ltr'><strong>fuerat</strong></span> <span class='ocrx_word' id='word_1_676' title='bbox 2396 4430 2544 4502; x_wconf 89' lang='lat' dir='ltr'><strong>quod</strong></span> <span class='ocrx_word' id='word_1_677' title='bbox 2573 4430 2632 4486; x_wconf 90' lang='lat' dir='ltr'><strong>in</strong></span> <span class='ocrx_word' id='word_1_678' title='bbox 2671 4429 3012 4502; x_wconf 87' lang='lat' dir='ltr'><strong>profundum</strong></span> <span class='ocrx_word' id='word_1_679' title='bbox 3053 4445 3154 4484; x_wconf 92' lang='lat' dir='ltr'><strong>nos</strong></span> <span class='ocrx_word' id='word_1_680' title='bbox 3199 4430 3475 4484; x_wconf 86' lang='lat' dir='ltr'><strong>malorum</strong></span> <span class='ocrx_word' id='word_1_681' title='bbox 3519 4421 3730 4480; x_wconf 80' lang='lat' dir='ltr'><strong>decidere</strong></span> 
     </span>
    </p>
   </div>
   <div class='ocr_carea' id='block_1_61' title="bbox 503 4509 3732 4592">
    <p class='ocr_par' dir='ltr' id='par_1_61' title="bbox 503 4509 3732 4592">
     <span class='ocr_line' id='line_1_61' title="bbox 503 4509 3732 4592; baseline -0.003 -18"><span class='ocrx_word' id='word_1_682' title='bbox 503 4520 721 4592; x_wconf 81' lang='lat' dir='ltr'><strong>justum</strong></span> <span class='ocrx_word' id='word_1_683' title='bbox 743 4517 1018 4590; x_wconf 87' lang='lat' dir='ltr'><strong>judicium</strong></span> <span class='ocrx_word' id='word_1_684' title='bbox 1050 4516 1228 4572; x_wconf 86' lang='lat' dir='ltr'><strong>factus</strong></span> <span class='ocrx_word' id='word_1_685' title='bbox 1255 4516 1332 4572; x_wconf 88' lang='lat' dir='ltr'><strong>sit</strong></span> <span class='ocrx_word' id='word_1_686' title='bbox 1358 4514 1594 4571; x_wconf 87' lang='lat' dir='ltr'><strong>solerter</strong></span> <span class='ocrx_word' id='word_1_687' title='bbox 1623 4516 1898 4584; x_wconf 85' lang='lat' dir='ltr'><strong>attendit;</strong></span> <span class='ocrx_word' id='word_1_688' title='bbox 1937 4516 1997 4571; x_wconf 91' lang='lat' dir='ltr'><strong>in</strong></span> <span class='ocrx_word' id='word_1_689' title='bbox 2016 4520 2101 4572; x_wconf 91' lang='lat' dir='ltr'><strong>te-</strong></span> <span class='ocrx_word' id='word_1_690' title='bbox 2182 4519 2528 4592; x_wconf 87' lang='lat' dir='ltr'><strong>prohiberet,</strong></span> <span class='ocrx_word' id='word_1_691' title='bbox 2559 4536 2708 4591; x_wconf 89' lang='lat' dir='ltr'><strong>nunc</strong></span> <span class='ocrx_word' id='word_1_692' title='bbox 2737 4525 2928 4575; x_wconf 88' lang='lat' dir='ltr'><strong>autem</strong></span> <span class='ocrx_word' id='word_1_693' title='bbox 2955 4519 3102 4574; x_wconf 90' lang='lat' dir='ltr'><strong>sicut</strong></span> <span class='ocrx_word' id='word_1_694' title='bbox 3124 4517 3286 4574; x_wconf 84' lang='lat' dir='ltr'><strong>fortis</strong></span> <span class='ocrx_word' id='word_1_695' title='bbox 3317 4516 3560 4590; x_wconf 60' lang='lat' dir='ltr'><strong>quaedam</strong></span> <span class='ocrx_word' id='word_1_696' title='bbox 3589 4509 3732 4568; x_wconf 78' lang='lat' dir='ltr'><strong>lorica</strong></span> 
     </span>
    </p>
   </div>
   <div class='ocr_carea' id='block_1_62' title="bbox 509 4595 3730 4681">
    <p class='ocr_par' dir='ltr' id='par_1_62' title="bbox 509 4595 3730 4681">
     <span class='ocr_line' id='line_1_62' title="bbox 509 4595 3730 4681; baseline -0.002 -17"><span class='ocrx_word' id='word_1_697' title='bbox 509 4606 714 4664; x_wconf 86' lang='lat' dir='ltr'><strong>nebras</strong></span> <span class='ocrx_word' id='word_1_698' title='bbox 765 4605 914 4662; x_wconf 89' lang='lat' dir='ltr'><strong>diem</strong></span> <span class='ocrx_word' id='word_1_699' title='bbox 961 4605 1234 4662; x_wconf 87' lang='lat' dir='ltr'><strong>vertimus</strong></span> <span class='ocrx_word' id='word_1_700' title='bbox 1289 4614 1418 4660; x_wconf 87' lang='lat' dir='ltr'><strong>cum</strong></span> <span class='ocrx_word' id='word_1_701' title='bbox 1449 4605 1822 4677; x_wconf 88' lang='lat' dir='ltr'><strong>nosmetipsos</strong></span> <span class='ocrx_word' id='word_1_702' title='bbox 1850 4605 2102 4662; x_wconf 81' lang='lat' dir='ltr'><strong>districta</strong></span> <span class='ocrx_word' id='word_1_703' title='bbox 2177 4609 2430 4680; x_wconf 85' lang='lat' dir='ltr'><strong>jaculum</strong></span> <span class='ocrx_word' id='word_1_704' title='bbox 2455 4625 2625 4681; x_wconf 88' lang='lat' dir='ltr'><strong>grave</strong></span> <span class='ocrx_word' id='word_1_705' title='bbox 2653 4615 2710 4664; x_wconf 89' lang='lat' dir='ltr'><strong>et</strong></span> <span class='ocrx_word' id='word_1_706' title='bbox 2734 4624 2992 4664; x_wconf 88' lang='lat' dir='ltr'><strong>amarum</strong></span> <span class='ocrx_word' id='word_1_707' title='bbox 3007 4623 3118 4663; x_wconf 92' lang='lat' dir='ltr'><strong>non</strong></span> <span class='ocrx_word' id='word_1_708' title='bbox 3136 4607 3397 4680; x_wconf 86' lang='lat' dir='ltr'><strong>permisit</strong></span> <span class='ocrx_word' id='word_1_709' title='bbox 3413 4619 3577 4676; x_wconf 88' lang='lat' dir='ltr'><strong>usque</strong></span> <span class='ocrx_word' id='word_1_710' title='bbox 3599 4595 3730 4656; x_wconf 77' lang='lat' dir='ltr'><strong>advi—</strong></span> 
     </span>
    </p>
   </div>
   <div class='ocr_carea' id='block_1_63' title="bbox 2187 3151 3720 3221">
    <p class='ocr_par' dir='ltr' id='par_1_63' title="bbox 2187 3151 3720 3221">
     <span class='ocr_line' id='line_1_63' title="bbox 2187 3151 3720 3221; baseline -0.003 -14"><span class='ocrx_word' id='word_1_711' title='bbox 2187 3151 2320 3207; x_wconf 75' lang='lat' dir='ltr'><strong>CAP.</strong></span> <span class='ocrx_word' id='word_1_712' title='bbox 2352 3151 2528 3208; x_wconf 83' lang='lat' dir='ltr'>XXII.</span> <span class='ocrx_word' id='word_1_713' title='bbox 2556 3183 2622 3193; x_wconf 96' lang='lat'>—</span> <span class='ocrx_word' id='word_1_714' title='bbox 2659 3154 2734 3208; x_wconf 76' lang='lat' dir='ltr'><strong>De</strong></span> <span class='ocrx_word' id='word_1_715' title='bbox 2761 3151 3077 3221; x_wconf 71' lang='lat' dir='ltr'><strong>differentia</strong></span> <span class='ocrx_word' id='word_1_716' title='bbox 3100 3153 3373 3209; x_wconf 78' lang='lat' dir='ltr'><strong>bonorum</strong></span> <span class='ocrx_word' id='word_1_717' title='bbox 3398 3156 3445 3207; x_wconf 80' lang='lat' dir='ltr'><strong>et</strong></span> <span class='ocrx_word' id='word_1_718' title='bbox 3472 3153 3720 3207; x_wconf 72' lang='lat' dir='ltr'><strong>malorum.</strong></span> 
     </span>
    </p>
   </div>
   <div class='ocr_carea' id='block_1_64' title="bbox 504 4690 2108 4770">
    <p class='ocr_par' dir='ltr' id='par_1_64' title="bbox 504 4690 2108 4770">
     <span class='ocr_line' id='line_1_64' title="bbox 504 4690 2108 4770; baseline 0.001 -19"><span class='ocrx_word' id='word_1_719' title='bbox 504 4696 808 4770; x_wconf 69' lang='lat' dir='ltr'><strong>partientes</strong></span> <span class='ocrx_word' id='word_1_720' title='bbox 834 4695 958 4768; x_wconf 84' lang='lat' dir='ltr'><strong>ipsa</strong></span> <span class='ocrx_word' id='word_1_721' title='bbox 974 4693 1360 4751; x_wconf 82' lang='lat' dir='ltr'><strong>delectationis</strong></span> <span class='ocrx_word' id='word_1_722' title='bbox 1383 4707 1566 4766; x_wconf 65' lang='lat' dir='ltr'><strong>pravae</strong></span> <span class='ocrx_word' id='word_1_723' title='bbox 1593 4690 1982 4751; x_wconf 86' lang='lat' dir='ltr'><strong>blandimenta</strong></span> <span class='ocrx_word' id='word_1_724' title='bbox 2006 4712 2108 4768; x_wconf 89' lang='lat' dir='ltr'><strong>per</strong></span> 
     </span>
    </p>
   </div>
   <div class='ocr_carea' id='block_1_65' title="bbox 510 4781 2103 4858">
    <p class='ocr_par' dir='ltr' id='par_1_65' title="bbox 510 4781 2103 4858">
     <span class='ocr_line' id='line_1_65' title="bbox 510 4781 2103 4858; baseline 0 -18"><span class='ocrx_word' id='word_1_725' title='bbox 510 4785 769 4841; x_wconf 81' lang='lat' dir='ltr'><strong>districta</strong></span> <span class='ocrx_word' id='word_1_726' title='bbox 779 4781 1125 4858; x_wconf 72' lang='lat' dir='ltr'><strong>poenitentiae</strong></span> <span class='ocrx_word' id='word_1_727' title='bbox 1145 4783 1392 4839; x_wconf 85' lang='lat' dir='ltr'><strong>lamenta</strong></span> <span class='ocrx_word' id='word_1_728' title='bbox 1407 4783 1722 4839; x_wconf 84' lang='lat' dir='ltr'><strong>cruciamus</strong></span> <span class='ocrx_word' id='word_1_729' title='bbox 1739 4790 1797 4839; x_wconf 90' lang='lat' dir='ltr'><strong>et</strong></span> <span class='ocrx_word' id='word_1_730' title='bbox 1812 4784 1996 4840; x_wconf 85' lang='lat' dir='ltr'><strong>ﬂendo</strong></span> <span class='ocrx_word' id='word_1_731' title='bbox 2014 4785 2103 4840; x_wconf 88' lang='lat' dir='ltr'><strong>in-</strong></span> 
     </span>
    </p>
   </div>
   <div class='ocr_carea' id='block_1_66' title="bbox 509 4871 2104 4948">
    <p class='ocr_par' dir='ltr' id='par_1_66' title="bbox 509 4871 2104 4948">
     <span class='ocr_line' id='line_1_66' title="bbox 509 4871 2104 4948; baseline -0.001 -16"><span class='ocrx_word' id='word_1_732' title='bbox 509 4874 804 4948; x_wconf 86' lang='lat' dir='ltr'><strong>sequimur</strong></span> <span class='ocrx_word' id='word_1_733' title='bbox 829 4871 1101 4947; x_wconf 87' lang='lat' dir='ltr'><strong>quidquid</strong></span> <span class='ocrx_word' id='word_1_734' title='bbox 1155 4872 1213 4928; x_wconf 87' lang='lat' dir='ltr'><strong>in</strong></span> <span class='ocrx_word' id='word_1_735' title='bbox 1251 4872 1418 4928; x_wconf 88' lang='lat' dir='ltr'><strong>corde</strong></span> <span class='ocrx_word' id='word_1_736' title='bbox 1444 4871 1598 4927; x_wconf 88' lang='lat' dir='ltr'><strong>taciti</strong></span> <span class='ocrx_word' id='word_1_737' title='bbox 1629 4886 1695 4928; x_wconf 87' lang='lat' dir='ltr'><strong>ex</strong></span> <span class='ocrx_word' id='word_1_738' title='bbox 1731 4873 2104 4930; x_wconf 85' lang='lat' dir='ltr'><strong>delectatione</strong></span> 
     </span>
    </p>
   </div>
   <div class='ocr_carea' id='block_1_67' title="bbox 507 4959 2103 5040">
    <p class='ocr_par' dir='ltr' id='par_1_67' title="bbox 507 4959 2103 5040">
     <span class='ocr_line' id='line_1_67' title="bbox 507 4959 2103 5040; baseline -0.001 -19"><span class='ocrx_word' id='word_1_739' title='bbox 507 4959 1042 5040; x_wconf 83' lang='lat' dir='ltr'><strong>peccamus.Fidelis</strong></span> <span class='ocrx_word' id='word_1_740' title='bbox 1055 4961 1292 5034; x_wconf 87' lang='lat' dir='ltr'><strong>quisque</strong></span> <span class='ocrx_word' id='word_1_741' title='bbox 1301 4961 1436 5017; x_wconf 89' lang='lat' dir='ltr'><strong>dum</strong></span> <span class='ocrx_word' id='word_1_742' title='bbox 1447 4961 1819 5033; x_wconf 83' lang='lat' dir='ltr'><strong>cogitationes</strong></span> <span class='ocrx_word' id='word_1_743' title='bbox 1828 4962 1886 5018; x_wconf 91' lang='lat' dir='ltr'><strong>in</strong></span> <span class='ocrx_word' id='word_1_744' title='bbox 1891 4963 2103 5035; x_wconf 91' lang='lat' dir='ltr'><strong>judicio</strong></span> 
     </span>
    </p>
   </div>
   <div class='ocr_carea' id='block_1_68' title="bbox 510 5050 2102 5128">
    <p class='ocr_par' dir='ltr' id='par_1_68' title="bbox 510 5050 2102 5128">
     <span class='ocr_line' id='line_1_68' title="bbox 510 5050 2102 5128; baseline -0.003 -16"><span class='ocrx_word' id='word_1_745' title='bbox 510 5053 757 5128; x_wconf 79' lang='lat' dir='ltr'><strong>exquirit</strong></span> <span class='ocrx_word' id='word_1_746' title='bbox 785 5051 1086 5119; x_wconf 86' lang='lat' dir='ltr'><strong>subtiliter,</strong></span> <span class='ocrx_word' id='word_1_747' title='bbox 1105 5065 1218 5106; x_wconf 91' lang='lat' dir='ltr'><strong>non</strong></span> <span class='ocrx_word' id='word_1_748' title='bbox 1232 5050 1458 5123; x_wconf 84' lang='lat' dir='ltr'><strong>ignorat</strong></span> <span class='ocrx_word' id='word_1_749' title='bbox 1477 5055 1658 5105; x_wconf 88' lang='lat' dir='ltr'><strong>semet</strong></span> <span class='ocrx_word' id='word_1_750' title='bbox 1683 5051 1961 5106; x_wconf 88' lang='lat' dir='ltr'><strong>introrsus</strong></span> <span class='ocrx_word' id='word_1_751' title='bbox 1985 5053 2102 5108; x_wconf 91' lang='lat' dir='ltr'><strong>dis-</strong></span> 
     </span>
    </p>
   </div>
   <div class='ocr_carea' id='block_1_69' title="bbox 509 5138 2104 5214">
    <p class='ocr_par' dir='ltr' id='par_1_69' title="bbox 509 5138 2104 5214">
     <span class='ocr_line' id='line_1_69' title="bbox 509 5138 2104 5214; baseline -0.003 -12"><span class='ocrx_word' id='word_1_752' title='bbox 509 5143 746 5212; x_wconf 79' lang='lat' dir='ltr'><strong>cutiens,</strong></span> <span class='ocrx_word' id='word_1_753' title='bbox 777 5157 840 5198; x_wconf 89' lang='lat' dir='ltr'><strong>se</strong></span> <span class='ocrx_word' id='word_1_754' title='bbox 870 5147 1006 5198; x_wconf 85' lang='lat' dir='ltr'><strong>ante</strong></span> <span class='ocrx_word' id='word_1_755' title='bbox 1025 5139 1303 5214; x_wconf 87' lang='lat' dir='ltr'><strong>judicium</strong></span> <span class='ocrx_word' id='word_1_756' title='bbox 1331 5138 1694 5196; x_wconf 85' lang='lat' dir='ltr'><strong>vehementer</strong></span> <span class='ocrx_word' id='word_1_757' title='bbox 1713 5141 2014 5210; x_wconf 85' lang='lat' dir='ltr'><strong>examinat,</strong></span> <span class='ocrx_word' id='word_1_758' title='bbox 2040 5147 2104 5198; x_wconf 90' lang='lat' dir='ltr'><strong>ut</strong></span> 
     </span>
    </p>
   </div>
   <div class='ocr_carea' id='block_1_70' title="bbox 509 5229 2104 5304">
    <p class='ocr_par' dir='ltr' id='par_1_70' title="bbox 509 5229 2104 5304">
     <span class='ocr_line' id='line_1_70' title="bbox 509 5229 2104 5304; baseline -0.003 -13"><span class='ocrx_word' id='word_1_759' title='bbox 509 5233 798 5291; x_wconf 68' lang='lat' dir='ltr'><strong>districtus</strong></span> <span class='ocrx_word' id='word_1_760' title='bbox 827 5231 998 5304; x_wconf 87' lang='lat' dir='ltr'><strong>judex</strong></span> <span class='ocrx_word' id='word_1_761' title='bbox 1029 5246 1095 5286; x_wconf 89' lang='lat' dir='ltr'><strong>eo</strong></span> <span class='ocrx_word' id='word_1_762' title='bbox 1118 5230 1241 5302; x_wconf 88' lang='lat' dir='ltr'><strong>jam</strong></span> <span class='ocrx_word' id='word_1_763' title='bbox 1286 5229 1648 5302; x_wconf 87' lang='lat' dir='ltr'><strong>tranquillius</strong></span> <span class='ocrx_word' id='word_1_764' title='bbox 1677 5229 1865 5286; x_wconf 87' lang='lat' dir='ltr'><strong>veniat</strong></span> <span class='ocrx_word' id='word_1_765' title='bbox 1909 5230 1978 5286; x_wconf 90' lang='lat' dir='ltr'><strong>ad</strong></span> <span class='ocrx_word' id='word_1_766' title='bbox 2008 5249 2104 5287; x_wconf 93' lang='lat' dir='ltr'><strong>cor</strong></span> 
     </span>
    </p>
   </div>
   <div class='ocr_carea' id='block_1_71' title="bbox 509 5318 2105 5394">
    <p class='ocr_par' dir='ltr' id='par_1_71' title="bbox 509 5318 2105 5394">
     <span class='ocr_line' id='line_1_71' title="bbox 509 5318 2105 5394; baseline -0.001 -16"><span class='ocrx_word' id='word_1_767' title='bbox 509 5337 682 5378; x_wconf 82' lang='lat' dir='ltr'><strong>suum</strong></span> <span class='ocrx_word' id='word_1_768' title='bbox 715 5336 886 5394; x_wconf 88' lang='lat' dir='ltr'><strong>quem</strong></span> <span class='ocrx_word' id='word_1_769' title='bbox 928 5320 1208 5377; x_wconf 83' lang='lat' dir='ltr'><strong>discutere</strong></span> <span class='ocrx_word' id='word_1_770' title='bbox 1243 5318 1477 5394; x_wconf 88' lang='lat' dir='ltr'><strong>appetit,</strong></span> <span class='ocrx_word' id='word_1_771' title='bbox 1509 5335 1620 5391; x_wconf 92' lang='lat' dir='ltr'><strong>quo</strong></span> <span class='ocrx_word' id='word_1_772' title='bbox 1648 5335 1779 5374; x_wconf 89' lang='lat' dir='ltr'><strong>eum</strong></span> <span class='ocrx_word' id='word_1_773' title='bbox 1809 5332 1910 5392; x_wconf 88' lang='lat' dir='ltr'><strong>pro</strong></span> <span class='ocrx_word' id='word_1_774' title='bbox 1939 5321 2105 5392; x_wconf 87' lang='lat' dir='ltr'><strong>culpa</strong></span> 
     </span>
    </p>
   </div>
   <div class='ocr_carea' id='block_1_72' title="bbox 509 5397 2100 5483">
    <p class='ocr_par' dir='ltr' id='par_1_72' title="bbox 509 5397 2100 5483">
     <span class='ocr_line' id='line_1_72' title="bbox 509 5397 2100 5483; baseline 0.001 -18"><span class='ocrx_word' id='word_1_775' title='bbox 509 5397 774 5483; x_wconf 82' lang='lat' dir='ltr'><strong>punitum</strong></span> <span class='ocrx_word' id='word_1_776' title='bbox 819 5409 1016 5466; x_wconf 80' lang='lat' dir='ltr'><strong>cernit.</strong></span> <span class='ocrx_word' id='word_1_777' title='bbox 1049 5409 1420 5482; x_wconf 78' lang='lat' dir='ltr'><strong>Omnipotens</strong></span> <span class='ocrx_word' id='word_1_778' title='bbox 1457 5409 1608 5464; x_wconf 89' lang='lat' dir='ltr'><strong>Deus</strong></span> <span class='ocrx_word' id='word_1_779' title='bbox 1647 5408 1928 5464; x_wconf 86' lang='lat' dir='ltr'><strong>subtiliter</strong></span> <span class='ocrx_word' id='word_1_780' title='bbox 1977 5415 2100 5466; x_wconf 85' lang='lat' dir='ltr'><strong>acta</strong></span> 
     </span>
    </p>
   </div>
   <div class='ocr_carea' id='block_1_73' title="bbox 508 5495 2104 5570">
    <p class='ocr_par' dir='ltr' id='par_1_73' title="bbox 508 5495 2104 5570">
     <span class='ocr_line' id='line_1_73' title="bbox 508 5495 2104 5570; baseline 0 -16"><span class='ocrx_word' id='word_1_781' title='bbox 508 5503 708 5554; x_wconf 82' lang='lat' dir='ltr'><strong>nostra</strong></span> <span class='ocrx_word' id='word_1_782' title='bbox 735 5495 1070 5568; x_wconf 68' lang='lat' dir='ltr'><strong>considerat,</strong></span> <span class='ocrx_word' id='word_1_783' title='bbox 1101 5503 1159 5555; x_wconf 87' lang='lat' dir='ltr'><strong>et</strong></span> <span class='ocrx_word' id='word_1_784' title='bbox 1185 5505 1378 5554; x_wconf 87' lang='lat' dir='ltr'><strong>tamen</strong></span> <span class='ocrx_word' id='word_1_785' title='bbox 1424 5498 1544 5554; x_wconf 74' lang='lat' dir='ltr'><strong>haec</strong></span> <span class='ocrx_word' id='word_1_786' title='bbox 1571 5497 1970 5570; x_wconf 70' lang='lat' dir='ltr'><strong>paenitentibus</strong></span> <span class='ocrx_word' id='word_1_787' title='bbox 2000 5500 2104 5554; x_wconf 88' lang='lat' dir='ltr'><strong>mi-</strong></span> 
     </span>
    </p>
   </div>
   <div class='ocr_carea' id='block_1_74' title="bbox 523 5585 2102 5662">
    <p class='ocr_par' dir='ltr' id='par_1_74' title="bbox 523 5585 2102 5662">
     <span class='ocr_line' id='line_1_74' title="bbox 523 5585 2102 5662; baseline 0.002 -20"><span class='ocrx_word' id='word_1_788' title='bbox 523 5585 890 5645; x_wconf 79' lang='lat' dir='ltr'><strong>sericorditer</strong></span> <span class='ocrx_word' id='word_1_789' title='bbox 941 5589 1174 5656; x_wconf 81' lang='lat' dir='ltr'><strong>relaxat,</strong></span> <span class='ocrx_word' id='word_1_790' title='bbox 1207 5588 1301 5662; x_wconf 87' lang='lat' dir='ltr'><strong>qui</strong></span> <span class='ocrx_word' id='word_1_791' title='bbox 1331 5594 1390 5644; x_wconf 87' lang='lat' dir='ltr'><strong>et</strong></span> <span class='ocrx_word' id='word_1_792' title='bbox 1429 5587 1700 5644; x_wconf 87' lang='lat' dir='ltr'><strong>duritiam</strong></span> <span class='ocrx_word' id='word_1_793' title='bbox 1744 5589 2102 5660; x_wconf 82' lang='lat' dir='ltr'><strong>peccantibus</strong></span> 
     </span>
    </p>
   </div>
   <div class='ocr_carea' id='block_1_75' title="bbox 2186 4687 3731 4771">
    <p class='ocr_par' dir='ltr' id='par_1_75' title="bbox 2186 4687 3731 4771">
     <span class='ocr_line' id='line_1_75' title="bbox 2186 4687 3731 4771; baseline -0.006 -17"><span class='ocrx_word' id='word_1_794' title='bbox 2186 4697 2326 4754; x_wconf 83' lang='lat' dir='ltr'><strong>talia</strong></span> <span class='ocrx_word' id='word_1_795' title='bbox 2333 4697 2608 4754; x_wconf 88' lang='lat' dir='ltr'><strong>viscerum</strong></span> <span class='ocrx_word' id='word_1_796' title='bbox 2619 4703 2935 4771; x_wconf 86' lang='lat' dir='ltr'><strong>penetrare,</strong></span> <span class='ocrx_word' id='word_1_797' title='bbox 2953 4696 3051 4754; x_wconf 90' lang='lat' dir='ltr'><strong>sed</strong></span> <span class='ocrx_word' id='word_1_798' title='bbox 3066 4697 3178 4752; x_wconf 86' lang='lat' dir='ltr'><strong>vim</strong></span> <span class='ocrx_word' id='word_1_799' title='bbox 3188 4695 3412 4752; x_wconf 85' lang='lat' dir='ltr'><strong>lethalis</strong></span> <span class='ocrx_word' id='word_1_800' title='bbox 3430 4693 3522 4750; x_wconf 81' lang='lat' dir='ltr'><strong>teli</strong></span> <span class='ocrx_word' id='word_1_801' title='bbox 3533 4687 3731 4747; x_wconf 78' lang='lat' dir='ltr'><strong>maxim</strong></span> 
     </span>
    </p>
   </div>
   <div class='ocr_carea' id='block_1_76' title="bbox 2185 4781 3728 4859">
    <p class='ocr_par' dir='ltr' id='par_1_76' title="bbox 2185 4781 3728 4859">
     <span class='ocr_line' id='line_1_76' title="bbox 2185 4781 3728 4859; baseline -0.005 -17"><span class='ocrx_word' id='word_1_802' title='bbox 2185 4787 2355 4859; x_wconf 85' lang='lat' dir='ltr'><strong>fregit</strong></span> <span class='ocrx_word' id='word_1_803' title='bbox 2383 4804 2449 4844; x_wconf 87' lang='lat' dir='ltr'><strong>ex</strong></span> <span class='ocrx_word' id='word_1_804' title='bbox 2479 4792 2674 4859; x_wconf 89' lang='lat' dir='ltr'><strong>parte:</strong></span> <span class='ocrx_word' id='word_1_805' title='bbox 2707 4792 2926 4844; x_wconf 90' lang='lat' dir='ltr'><strong>certum</strong></span> <span class='ocrx_word' id='word_1_806' title='bbox 2948 4791 3037 4842; x_wconf 87' lang='lat' dir='ltr'><strong>est</strong></span> <span class='ocrx_word' id='word_1_807' title='bbox 3055 4785 3205 4842; x_wconf 90' lang='lat' dir='ltr'><strong>enim</strong></span> <span class='ocrx_word' id='word_1_808' title='bbox 3235 4784 3383 4857; x_wconf 92' lang='lat' dir='ltr'><strong>quod</strong></span> <span class='ocrx_word' id='word_1_809' title='bbox 3409 4783 3502 4856; x_wconf 87' lang='lat' dir='ltr'><strong>qui</strong></span> <span class='ocrx_word' id='word_1_810' title='bbox 3528 4781 3624 4836; x_wconf 80' lang='lat' dir='ltr'><strong>fert</strong></span> <span class='ocrx_word' id='word_1_811' title='bbox 3659 4791 3728 4830; x_wconf 82' lang='lat' dir='ltr'><strong>se-</strong></span> 
     </span>
    </p>
   </div>
   <div class='ocr_carea' id='block_1_77' title="bbox 2185 4862 3729 4950">
    <p class='ocr_par' dir='ltr' id='par_1_77' title="bbox 2185 4862 3729 4950">
     <span class='ocr_line' id='line_1_77' title="bbox 2185 4862 3729 4950; baseline -0.008 -20"><span class='ocrx_word' id='word_1_812' title='bbox 2185 4892 2313 4932; x_wconf 89' lang='lat' dir='ltr'><strong>cum</strong></span> <span class='ocrx_word' id='word_1_813' title='bbox 2344 4876 2478 4932; x_wconf 91' lang='lat' dir='ltr'><strong>illuc</strong></span> <span class='ocrx_word' id='word_1_814' title='bbox 2507 4876 2673 4950; x_wconf 88' lang='lat' dir='ltr'><strong>plura</strong></span> <span class='ocrx_word' id='word_1_815' title='bbox 2700 4875 2850 4932; x_wconf 87' lang='lat' dir='ltr'><strong>bona</strong></span> <span class='ocrx_word' id='word_1_816' title='bbox 2875 4880 2936 4931; x_wconf 89' lang='lat' dir='ltr'><strong>et</strong></span> <span class='ocrx_word' id='word_1_817' title='bbox 2962 4875 3128 4948; x_wconf 89' lang='lat' dir='ltr'><strong>plura</strong></span> <span class='ocrx_word' id='word_1_818' title='bbox 3156 4875 3323 4942; x_wconf 88' lang='lat' dir='ltr'><strong>mala,</strong></span> <span class='ocrx_word' id='word_1_819' title='bbox 3353 4873 3410 4928; x_wconf 91' lang='lat' dir='ltr'><strong>in</strong></span> <span class='ocrx_word' id='word_1_820' title='bbox 3437 4870 3562 4944; x_wconf 88' lang='lat' dir='ltr'><strong>ipsis</strong></span> <span class='ocrx_word' id='word_1_821' title='bbox 3585 4862 3729 4941; x_wconf 72' lang='lat' dir='ltr'><strong>poenis</strong></span> 
     </span>
    </p>
   </div>
   <div class='ocr_carea' id='block_1_78' title="bbox 2185 4961 3726 5038">
    <p class='ocr_par' dir='ltr' id='par_1_78' title="bbox 2185 4961 3726 5038">
     <span class='ocr_line' id='line_1_78' title="bbox 2185 4961 3726 5038; baseline -0.005 -18"><span class='ocrx_word' id='word_1_822' title='bbox 2185 4963 2414 5020; x_wconf 90' lang='lat' dir='ltr'><strong>habebit</strong></span> <span class='ocrx_word' id='word_1_823' title='bbox 2446 4965 2660 5038; x_wconf 85' lang='lat' dir='ltr'><strong>aliquid</strong></span> <span class='ocrx_word' id='word_1_824' title='bbox 2684 4964 2991 5036; x_wconf 82' lang='lat' dir='ltr'><strong>refrigerii;</strong></span> <span class='ocrx_word' id='word_1_825' title='bbox 3021 4963 3117 5037; x_wconf 90' lang='lat' dir='ltr'><strong>qui</strong></span> <span class='ocrx_word' id='word_1_826' title='bbox 3132 4968 3324 5019; x_wconf 88' lang='lat' dir='ltr'><strong>autem</strong></span> <span class='ocrx_word' id='word_1_827' title='bbox 3343 4961 3599 5016; x_wconf 88' lang='lat' dir='ltr'><strong>bonorum</strong></span> <span class='ocrx_word' id='word_1_828' title='bbox 3619 4968 3726 5025; x_wconf 75' lang='lat' dir='ltr'><strong>ope°</strong></span> 
     </span>
    </p>
   </div>
   <div class='ocr_carea' id='block_1_79' title="bbox 2184 5041 3824 5122">
    <p class='ocr_par' dir='ltr' id='par_1_79' title="bbox 2184 5041 3824 5122">
     <span class='ocr_line' id='line_1_79' title="bbox 2184 5041 3824 5122; baseline -0.009 -13"><span class='ocrx_word' id='word_1_829' title='bbox 2184 5070 2314 5109; x_wconf 88' lang='lat' dir='ltr'><strong>rum</strong></span> <span class='ocrx_word' id='word_1_830' title='bbox 2342 5053 2504 5122; x_wconf 89' lang='lat' dir='ltr'><strong>nihil,</strong></span> <span class='ocrx_word' id='word_1_831' title='bbox 2537 5053 2814 5110; x_wconf 87' lang='lat' dir='ltr'><strong>malorum</strong></span> <span class='ocrx_word' id='word_1_832' title='bbox 2843 5069 3034 5108; x_wconf 91' lang='lat' dir='ltr'><strong>secum</strong></span> <span class='ocrx_word' id='word_1_833' title='bbox 3062 5053 3299 5108; x_wconf 87' lang='lat' dir='ltr'><strong>multam</strong></span> <span class='ocrx_word' id='word_1_834' title='bbox 3327 5049 3534 5122; x_wconf 82' lang='lat' dir='ltr'><strong>copiam</strong></span> <span class='ocrx_word' id='word_1_835' title='bbox 3559 5041 3722 5104; x_wconf 77' lang='lat' dir='ltr'><strong>defert,</strong></span> <span class='ocrx_word' id='word_1_836' title='bbox 3815 5063 3824 5088; x_wconf 74' lang='grc' dir='ltr'>ι</span> 
     </span>
    </p>
   </div>
   <div class='ocr_carea' id='block_1_80' title="bbox 2185 5129 3724 5217">
    <p class='ocr_par' dir='ltr' id='par_1_80' title="bbox 2185 5129 3724 5217">
     <span class='ocr_line' id='line_1_80' title="bbox 2185 5129 3724 5217; baseline -0.011 -17"><span class='ocrx_word' id='word_1_837' title='bbox 2185 5143 2318 5217; x_wconf 91' lang='lat' dir='ltr'><strong>quid</strong></span> <span class='ocrx_word' id='word_1_838' title='bbox 2349 5161 2477 5199; x_wconf 90' lang='lat' dir='ltr'><strong>eum</strong></span> <span class='ocrx_word' id='word_1_839' title='bbox 2507 5145 2734 5199; x_wconf 85' lang='lat' dir='ltr'><strong>maneat</strong></span> <span class='ocrx_word' id='word_1_840' title='bbox 2763 5159 2865 5198; x_wconf 90' lang='lat' dir='ltr'><strong>nec</strong></span> <span class='ocrx_word' id='word_1_841' title='bbox 2902 5159 3042 5216; x_wconf 89' lang='lat' dir='ltr'><strong>opus</strong></span> <span class='ocrx_word' id='word_1_842' title='bbox 3085 5130 3171 5198; x_wconf 84' lang='lat' dir='ltr'><strong>est</strong></span> <span class='ocrx_word' id='word_1_843' title='bbox 3207 5141 3423 5208; x_wconf 90' lang='lat' dir='ltr'><strong>dicere;</strong></span> <span class='ocrx_word' id='word_1_844' title='bbox 3468 5136 3567 5192; x_wconf 89' lang='lat' dir='ltr'><strong>erit</strong></span> <span class='ocrx_word' id='word_1_845' title='bbox 3605 5129 3724 5187; x_wconf 86' lang='lat' dir='ltr'><strong>enim</strong></span> 
     </span>
    </p>
   </div>
   <div class='ocr_carea' id='block_1_81' title="bbox 2183 5217 3722 5304">
    <p class='ocr_par' dir='ltr' id='par_1_81' title="bbox 2183 5217 3722 5304">
     <span class='ocr_line' id='line_1_81' title="bbox 2183 5217 3722 5304; baseline -0.01 -15"><span class='ocrx_word' id='word_1_846' title='bbox 2183 5232 2259 5290; x_wconf 90' lang='lat' dir='ltr'><strong>ibi</strong></span> <span class='ocrx_word' id='word_1_847' title='bbox 2283 5233 2404 5288; x_wconf 90' lang='lat' dir='ltr'><strong>sine</strong></span> <span class='ocrx_word' id='word_1_848' title='bbox 2433 5231 2602 5288; x_wconf 89' lang='lat' dir='ltr'><strong>dubio</strong></span> <span class='ocrx_word' id='word_1_849' title='bbox 2631 5231 3013 5304; x_wconf 88' lang='lat' dir='ltr'><strong>compensatio</strong></span> <span class='ocrx_word' id='word_1_850' title='bbox 3041 5230 3314 5287; x_wconf 89' lang='lat' dir='ltr'><strong>bonorum</strong></span> <span class='ocrx_word' id='word_1_851' title='bbox 3335 5241 3556 5300; x_wconf 90' lang='lat' dir='ltr'><strong>operum</strong></span> <span class='ocrx_word' id='word_1_852' title='bbox 3580 5217 3722 5277; x_wconf 82' lang='lat' dir='ltr'><strong>malo-</strong></span> 
     </span>
    </p>
   </div>
   <div class='ocr_carea' id='block_1_82' title="bbox 2184 5319 3722 5395">
    <p class='ocr_par' dir='ltr' id='par_1_82' title="bbox 2184 5319 3722 5395">
     <span class='ocr_line' id='line_1_82' title="bbox 2184 5319 3722 5395; baseline -0.006 -16"><span class='ocrx_word' id='word_1_853' title='bbox 2184 5339 2442 5395; x_wconf 89' lang='lat' dir='ltr'><strong>rumque,</strong></span> <span class='ocrx_word' id='word_1_854' title='bbox 2459 5327 2515 5377; x_wconf 91' lang='lat' dir='ltr'><strong>et</strong></span> <span class='ocrx_word' id='word_1_855' title='bbox 2538 5321 2687 5376; x_wconf 85' lang='lat' dir='ltr'><strong>velut</strong></span> <span class='ocrx_word' id='word_1_856' title='bbox 2709 5321 2768 5376; x_wconf 90' lang='lat' dir='ltr'><strong>in</strong></span> <span class='ocrx_word' id='word_1_857' title='bbox 2785 5325 2998 5376; x_wconf 84' lang='lat' dir='ltr'><strong>statera</strong></span> <span class='ocrx_word' id='word_1_858' title='bbox 3019 5319 3221 5393; x_wconf 86' lang='lat' dir='ltr'><strong>posita,</strong></span> <span class='ocrx_word' id='word_1_859' title='bbox 3239 5323 3470 5389; x_wconf 88' lang='lat' dir='ltr'><strong>utraque</strong></span> <span class='ocrx_word' id='word_1_860' title='bbox 3495 5328 3612 5387; x_wconf 82' lang='lat' dir='ltr'><strong>pars</strong></span> <span class='ocrx_word' id='word_1_861' title='bbox 3627 5321 3722 5381; x_wconf 62' lang='lat' dir='ltr'><strong>qu8</strong></span> 
     </span>
    </p>
   </div>
   <div class='ocr_carea' id='block_1_83' title="bbox 2185 5395 3722 5491">
    <p class='ocr_par' dir='ltr' id='par_1_83' title="bbox 2185 5395 3722 5491">
     <span class='ocr_line' id='line_1_83' title="bbox 2185 5395 3722 5491; baseline -0.009 -23"><span class='ocrx_word' id='word_1_862' title='bbox 2185 5411 2496 5480; x_wconf 90' lang='lat' dir='ltr'><strong>emerserit,</strong></span> <span class='ocrx_word' id='word_1_863' title='bbox 2527 5411 2622 5465; x_wconf 88' lang='lat' dir='ltr'><strong>illa</strong></span> <span class='ocrx_word' id='word_1_864' title='bbox 2651 5409 2756 5464; x_wconf 90' lang='lat' dir='ltr'><strong>sibi</strong></span> <span class='ocrx_word' id='word_1_865' title='bbox 2786 5427 2982 5466; x_wconf 89' lang='lat' dir='ltr'><strong>eorum</strong></span> <span class='ocrx_word' id='word_1_866' title='bbox 3005 5426 3114 5482; x_wconf 88' lang='lat' dir='ltr'><strong>quo</strong></span> <span class='ocrx_word' id='word_1_867' title='bbox 3142 5411 3478 5464; x_wconf 89' lang='lat' dir='ltr'><strong>momentum</strong></span> <span class='ocrx_word' id='word_1_868' title='bbox 3515 5395 3722 5491; x_wconf 50' lang='lat' dir='ltr'><strong>vergitur</strong></span> 
     </span>
    </p>
   </div>
   <div class='ocr_carea' id='block_1_84' title="bbox 2185 5483 3721 5580">
    <p class='ocr_par' dir='ltr' id='par_1_84' title="bbox 2185 5483 3721 5580">
     <span class='ocr_line' id='line_1_84' title="bbox 2185 5483 3721 5580; baseline -0.008 -23"><span class='ocrx_word' id='word_1_869' title='bbox 2185 5517 2418 5574; x_wconf 86' lang='lat' dir='ltr'><strong>operum</strong></span> <span class='ocrx_word' id='word_1_870' title='bbox 2437 5498 2742 5556; x_wconf 86' lang='lat' dir='ltr'><strong>vindicabit</strong></span> <span class='ocrx_word' id='word_1_871' title='bbox 2765 5518 2778 5568; x_wconf 90' lang='lat'><strong>;</strong></span> <span class='ocrx_word' id='word_1_872' title='bbox 2799 5499 2846 5556; x_wconf 93' lang='lat' dir='ltr'><strong>si</strong></span> <span class='ocrx_word' id='word_1_873' title='bbox 2877 5515 3010 5570; x_wconf 88' lang='lat' dir='ltr'><strong>ergo</strong></span> <span class='ocrx_word' id='word_1_874' title='bbox 3031 5498 3304 5554; x_wconf 89' lang='lat' dir='ltr'><strong>malorum</strong></span> <span class='ocrx_word' id='word_1_875' title='bbox 3331 5483 3721 5580; x_wconf 64' lang='lat' dir='ltr'><strong>operumululti-</strong></span> 
     </span>
    </p>
   </div>
   <div class='ocr_carea' id='block_1_85' title="bbox 2184 5574 3718 5662">
    <p class='ocr_par' dir='ltr' id='par_1_85' title="bbox 2184 5574 3718 5662">
     <span class='ocr_line' id='line_1_85' title="bbox 2184 5574 3718 5662; baseline -0.001 -16"><span class='ocrx_word' id='word_1_876' title='bbox 2184 5591 2320 5646; x_wconf 90' lang='lat' dir='ltr'><strong>tudo</strong></span> <span class='ocrx_word' id='word_1_877' title='bbox 2341 5590 2716 5662; x_wconf 85' lang='lat' dir='ltr'><strong>quantitatem</strong></span> <span class='ocrx_word' id='word_1_878' title='bbox 2736 5589 3012 5644; x_wconf 89' lang='lat' dir='ltr'><strong>bonorum</strong></span> <span class='ocrx_word' id='word_1_879' title='bbox 3021 5585 3252 5660; x_wconf 86' lang='lat' dir='ltr'><strong>operum</strong></span> <span class='ocrx_word' id='word_1_880' title='bbox 3267 5574 3606 5656; x_wconf 40' lang='lat' dir='ltr'><strong>superaverit&quot;,</strong></span> <span class='ocrx_word' id='word_1_881' title='bbox 3617 5585 3718 5645; x_wconf 68' lang='grc' dir='ltr'><strong>Ρθτ·</strong></span> 
     </span>
    </p>
   </div>
  </div>
