3892 6150
226 289 364 347 1329
1426 289 1520 345 DE
1554 288 1760 345 MODO
1802 287 2302 344 P(ENITENTI.IE.
3363 287 3502 348 1330

219 411 397 467 trahit
423 411 492 466 ad
518 411 836 483 gehennam
866 431 878 480 ;
911 412 959 466 si
989 413 1142 467 enim
1169 413 1352 485 major
1379 412 1550 468 fuerit
1580 429 1816 484 cperum
1833 415 1885 475 Α
1903 413 2074 480 enim,
2105 413 2310 484 inquit,
2333 411 2719 469 Pronuntiabo
2741 413 3009 468 adversus
3043 427 3133 466 me
3155 409 3495 482 injustitiam

219 499 494 555 bonorum
525 517 751 557 summa
777 499 828 554 vi
845 500 1118 558 absistent
1139 508 1195 556 et
1217 502 1614 574 repugnabunt
1631 502 1813 569 malis,
1899 517 2084 557 meam
2111 503 2374 570 Domino,
2401 507 2466 557 et
2491 505 2556 558 tu
2602 501 2869 558 remisisti
2899 501 3252 574 impietatem
3282 502 3499 572 peccati

219 592 391 662 atque
419 596 776 662 operatorem
821 607 988 646 suum
1029 591 1099 645 ad
1130 591 1417 662 regionem
1454 591 1704 646 vivorum
1751 609 1818 646 ex
1898 591 2011 647 mei
2035 592 2199 660 (Psal.
2240 608 2388 658 xxxx,
2423 589 2482 664 5)
2513 610 2526 660 ;
2564 610 2590 644 ι
2623 595 2682 646 et
2716 591 2925 646 iterum
2977 609 2989 644 :
3039 610 3062 644 ι
3091 591 3274 646 Narra
3300 595 3365 646 tu
3391 590 3496 647 ini~

216 678 340 752 ipso
393 679 568 735 etiam
612 680 884 751 gehennae
930 680 1172 734 confinio
1213 681 1575 736 revocabunt.
1606 681 1816 736 Verum
1898 681 2144 753 quitates
2162 687 2291 736 tuas
2320 679 2494 753 prius,
2528 686 2594 736 ut
2624 679 2954 751 justiﬁceris
2986 681 3115 748 (Isa.
3139 695 3282 746 mu,
3314 676 3430 750 26).
3465 698 3508 736 ι.

215 767 335 823 haec
365 785 481 823 non
508 774 627 824 tam
654 785 719 824 ex
750 775 942 824 nostro
971 785 1139 824 sensu
1161 785 1331 840 quam
1352 787 1418 824 ex
1431 768 1633 827 divinis
1673 769 1814 825 Scri-
1895 770 2006 826 Per
2033 769 2396 846 afflictionem
2423 785 2646 841 quoque
2675 769 2861 824 cordis
2877 774 2937 824 et
2963 769 3212 840 corporis
3224 767 3497 825 admisso—

213 861 512 930 pturarum
529 857 881 914 sermonibus
892 857 1351 926 aﬂirmantur,sic
1361 859 1511 914 enim
1523 859 1816 931 Scriptura
1895 875 2022 914 rum
2065 859 2342 914 scelerum
2387 858 2645 914 remissio
2705 857 2971 913 similiter
3015 857 3318 913 obtinetur.
3348 858 3496 914 Nam

211 947 547 1019 pronuntiat
573 947 766 1002 dicens
791 964 803 999 :
841 967 863 998 «
904 948 1030 1019 Ipse
1056 947 1253 1002 reddet
1282 947 1586 1020 unicuique
1612 965 1811 1004 secun-
1898 967 1924 1001 ‹‹
1943 948 2088 1015 vide,
2123 948 2324 1020 inquit,
2347 947 2728 1003 humilitatem
2757 963 2944 1002 meam
2956 951 3014 1001 et
3037 945 3286 1002 laborem
3302 955 3494 1002 meum

212 1033 348 1091 dum
370 1053 546 1108 opera
573 1037 1158 1110 sua(1l!atth.xvr,‘l7).
1184 1057 1207 1088 ι
1244 1037 1370 1092 Non
1387 1038 1568 1092 solum
1585 1037 1733 1092 enim
1753 1038 1812 1092 in
1894 1042 1952 1092 et
1985 1037 2214 1092 remitte
2250 1037 2444 1092 omnia
2491 1041 2722 1108 peccata
2749 1051 2878 1090 mea
2923 1037 3089 1104 (Psal.
3119 1051 3271 1098 xxxv,
3304 1032 3388 1099 18)
3422 1054 3490 1104 ς»

208 1125 477 1196 gehenna
502 1121 928 1197 suppliciorum,
960 1127 1057 1180 sed
1099 1126 1159 1181 in
1188 1143 1362 1197 regno
1388 1127 1598 1182 caelesti
1619 1127 1810 1182 multa:
1891 1126 2282 1199 praecipueque
2311 1142 2413 1198 per
2431 1125 2884 1180 emendationem
2896 1140 3150 1180 morum:
3188 1142 3214 1177 α
3239 1125 3490 1192 Auferte,

209 1219 382 1268 erunt
410 1213 764 1282 differentiae,
793 1234 819 1266 (ι
843 1214 1163 1270 Mansiones
1191 1216 1361 1281 enim,
1394 1215 1595 1288 inquit,
1619 1216 1809 1270 multae
1889 1215 2093 1287 inquit,
2126 1215 2342 1270 malum
2391 1214 2798 1285 cogitationum
2836 1219 3151 1268 vestrarum
3207 1213 3280 1268 ab
3315 1214 3494 1270 oculis

205 1303 506 1375 suntapud
519 1303 751 1358 Patrem
773 1319 966 1358 meum
981 1305 1166 1376 (Joan.
1184 1320 1294 1370 xrv,
1312 1303 1366 1374 2)
1395 1323 1409 1371 ;
1435 1323 1458 1356 ι
1492 1310 1551 1360 et
1575 1305 1808 1360 iterum:
1895 1305 2056 1372 meis,
2087 1303 2357 1376 quiescite
2386 1319 2554 1375 agere
2601 1319 2880 1375 perverse,
2914 1302 3112 1358 discite
3141 1301 3488 1370 benefacere,

211 1409 238 1444 α
268 1393 403 1446 Alia
421 1392 605 1464 gloria
623 1392 758 1448 solis
775 1397 834 1448 et
853 1393 966 1455 alia
1007 1393 1156 1448 luna:
1193 1395 1243 1459 (Ι
1268 1393 1390 1448 Cor.
1405 1410 1498 1461 xv,
1530 1392 1616 1465 41)
1649 1413 1662 1462 ;
1699 1413 1723 1448 »
1757 1400 1816 1450 et
1896 1393 2132 1464 quaerite
2139 1392 2437 1464 judicium,
2468 1391 2760 1448 subvenite
2787 1409 3074 1464 Oppresso,
3106 1393 3358 1464 judicate
3385 1409 3491 1465 pu~

207 1481 361 1552 quod
373 1498 505 1536 vere
518 1481 758 1554 amplius
771 1481 1162 1536 admirandum
1175 1483 1324 1538 situt
1333 1483 1656 1538 ostenderet
1665 1479 1812 1555 quod
1893 1481 2077 1554 pillos,
2101 1481 2384 1536 defendite
2396 1481 2642 1548 viduam,
2672 1487 2728 1536 et
2756 1481 2943 1538 venite
2961 1485 3021 1536 et
3037 1482 3259 1553 arguite
3279 1499 3390 1550 me,
3408 1481 3492 1539 di-

204 1569 384 1626 etiam
405 1570 468 1626 in
481 1571 731 1626 minimis
747 1571 892 1626 ratio
919 1576 978 1626 et
996 1587 1265 1626 mensura
1283 1570 1612 1644 pensabitur
1635 1573 1811 1627 meri-
1893 1571 1971 1626 cit
1994 1569 2295 1626 Dominus:
2333 1575 2392 1625 et
2411 1570 2458 1626 si
2496 1569 2711 1626 fuerint
2745 1564 2980 1643 peccata'
2999 1576 3186 1626 vestra
3218 1576 3287 1626 ut
3320 1571 3492 1628 cocci-

200 1665 416 1727 torum,
459 1677 488 1712 α
511 1664 568 1715 et
591 1661 774 1727 stella,
801 1659 1004 1732 inquit,
1037 1659 1108 1714 ab
1136 1661 1300 1715 stella
1347 1661 1537 1716 diﬁ‘ert
1563 1661 1622 1716 in
1643 1663 1810 1717 clari-
1893 1676 2051 1727 num,
2085 1659 2240 1714 velut
2257 1659 2351 1714 nix
2379 1658 2822 1728 dealbabuntur;
2839 1659 2886 1715 si
2909 1659 3124 1714 fuerint
3141 1659 3315 1716 rubra
3331 1659 3493 1732 quasi

200 1753 324 1804 tate
353 1749 566 1821 (Ibid),
602 1767 629 1801 ι
675 1753 742 1803 ut
769 1765 872 1821 per
906 1749 1012 1804 hoc
1041 1749 1380 1816 ostenderet,
1425 1750 1558 1822 quia
1581 1756 1640 1806 et
1665 1735 1874 1806 interB
1892 1747 2254 1816 vermiculus,
2285 1747 2440 1804 velut
2465 1749 2600 1804 lana
2645 1749 2860 1804 munda
2886 1753 3058 1805 erunt
3097 1751 3226 1818 (Ira.
3249 1766 3286 1816 ι,
3325 1747 3437 1820 16).
3459 1766 3488 1804 ι

199 1836 466 1910 singulos
502 1853 700 1892 eorum
729 1837 822 1909 qui
847 1838 906 1892 in
933 1855 1106 1908 regno
1134 1844 1304 1894 erunt
1327 1838 1522 1895 futura
1547 1840 1624 1894 sit
1649 1841 1810 1896 diﬁ‘e—

199 1927 410 1982 rentia.
431 1927 563 1982 Haec
580 1927 755 1999 igitur
781 1927 973 1982 omnia
994 1929 1234 1983 scientes
1263 1944 1376 1982 non
1396 1938 1498 1984 nos
1517 1928 1811 1984 subtraha-

197 2031 334 2071 mus
362 2015 436 2071 ab
457 2015 717 2088 operibus
744 2015 923 2083 bonis,
949 2032 1133 2088 neque
1152 2017 1562 2089 desperationis
1576 2017 1809 2074 obtentu

197 2121 304 2162 nos
341 2103 568 2160 desidiae
597 2109 767 2178 atque
793 2105 1029 2177 ignaviae
1053 2107 1421 2162 concedamus
1453 2125 1466 2174 ;
1491 2123 1674 2180 neque
1686 2108 1733 2162 si
1753 2107 1810 2163 id

194 2194 562 2266 splendorem
595 2195 729 2250 solis
757 2211 823 2250 ac
851 2194 999 2250 lunae
1039 2196 1331 2266 pervenire
1364 2212 1479 2251 non
1506 2196 1804 2268 possimus,

195 2282 380 2338 etiam
412 2283 588 2338 stellae
627 2283 808 2352 nobis,
842 2284 1098 2356 quamvis
1125 2285 1376 2351 inferior,
1413 2285 1640 2340 claritas
1671 2303 1806 2342 con-

191 2372 511 2427 temnenda
524 2373 874 2427 est.Tantum
887 2377 973 2428 est
983 2377 1046 2428 ut
1059 2373 1472 2444 aliquantulum
1485 2374 1626 2430 lucis
1637 2375 1808 2430 virtu-

192 2465 330 2516 tum
361 2461 562 2516 merito
588 2477 926 2534 quaeramus,
943 2467 1168 2517 tantum
1187 2467 1274 2517 est
1291 2468 1356 2518 ut
1374 2463 1627 2536 quamvis
1643 2463 1806 2518 mini-

192 2566 362 2606 mum
415 2549 538 2604 coeli
567 2556 761 2605 tamen
805 2556 1069 2606 ornatum
1122 2568 1446 2608 mereamur
1485 2553 1725 2624 explere,
1757 2553 1806 2608 si

194 2645 433 2706 aurum,
469 2639 518 2694 si
563 2639 708 2712 lapis
736 2639 1016 2712 pretiosus
1054 2657 1176 2696 esse
1205 2658 1317 2696 non
1365 2659 1683 2714 possumus,
1719 2659 1804 2698 ar-

193 2729 362 2800 genti
393 2728 594 2784 saltem
637 2729 960 2800 expleamus
993 2731 1209 2784 locum:
1252 2736 1476 2787 tantum
1529 2748 1600 2786 ne
1649 2732 1805 2787 illam

195 2817 508 2872 materiam
537 2823 932 2873 convertamur
973 2836 1141 2890 quam
1161 2819 1322 2874 facile
1352 2820 1497 2892 ignis
1538 2820 1800 2888 absumit,

193 2923 267 2964 ne
301 2906 544 2979 lignum,
559 2924 630 2962 ne
651 2907 841 2964 fenum
861 2907 1236 2976 inveniamur,
1263 2915 1363 2965 aut
1381 2911 1590 2982 stipula
1602 2911 1798 2981 simus;

190 2997 252 3052 in
313 2996 592 3052 bonorum
622 3003 782 3070 parte
818 2997 905 3052 vel
945 2998 1131 3053 ultimi
1177 3004 1421 3068 tantum,
1452 3017 1524 3055 ne
1551 3001 1610 3055 in
1639 3001 1804 3056 malis

187 3101 388 3158 prum.

409 3221 542 3276 CAP.
570 3219 774 3276 XXIII.
799 3250 865 3260 —
907 3222 1067 3276 Dicta
1095 3222 1308 3276 abbatis
1337 3221 1592 3293 Pinophi.

1893 1837 2186 1894 Interdum
2201 1837 2371 1892 etiam
2383 1853 2486 1908 per
2501 1836 2958 1893 intercessionem
2971 1843 3295 1894 sanctarum
3317 1837 3494 1910 impe-

1889 1932 2078 1983 tratur
2108 1926 2270 1982 venia
2303 1925 2658 1994 delictorum,
2702 1946 2726 1978 ι
2774 1927 2883 1992 Qui
2929 1926 3080 1982 enim
3111 1927 3216 1984 scit
3256 1926 3490 1984 fratrem

1891 2034 2058 2072 suum
2075 2031 2310 2089 peccare
2330 2019 2622 2088 peccatum
2649 2031 2761 2071 non
2772 2017 2844 2070 ad
2857 2021 3118 2085 mortem,
3146 2021 3304 2088 petat
3319 2021 3380 2072 et
3391 2017 3492 2072 de-

1890 2105 2044 2161 bitur
2063 2105 2115 2160 ei
2128 2104 2242 2160 vita
2257 2103 2510 2176 pemanti
2525 2119 2638 2160 non
2649 2105 2720 2160 ad
2746 2105 3053 2174 mortemU
3073 2107 3300 2172 Joan.v,
3329 2104 3440 2176 16);
3453 2123 3483 2158 ι

1889 2200 1948 2250 et
1973 2193 2223 2249 iterum:
2278 2212 2306 2246 α
2329 2192 2658 2250 Inﬁrmatur
2717 2193 2843 2266 quis
2897 2209 2965 2248 ex
3019 2191 3194 2260 vobis,
3252 2192 3488 2249 inducat

1888 2283 2245 2356 presbyteros
2262 2281 2546 2340 Ecclesiae:
2573 2287 2632 2337 et
2657 2286 2824 2337 orent
2843 2297 3014 2354 super
3032 2297 3184 2349 eum,
3208 2287 3486 2353 ungentes

1887 2389 2018 2428 eum
2041 2372 2165 2428 oleo
2193 2371 2252 2426 in
2280 2370 2507 2426 nomine
2534 2370 2782 2438 Domini,
2815 2375 2872 2426 et
2899 2370 3080 2426 oratio
3095 2369 3227 2425 ﬁdei
3248 2369 3488 2426 salvabit

1885 2462 2196 2529 inﬁrmum,
2229 2465 2288 2516 et
2319 2459 2582 2518 allevabit
2608 2461 3062 2528 eum.Dominus,
3113 2465 3174 2515 et
3197 2459 3247 2514 si
3273 2459 3334 2514 in
3362 2477 3488 2532 pec-

1885 2552 2026 2608 catis
2052 2549 2142 2618 sit,
2175 2549 2532 2606 dimittentur
2545 2549 2596 2605 ei
2615 2551 2752 2614 (Jac.
2783 2566 2834 2618 v,
2871 2549 2976 2612 14).
3011 2567 3039 2601 ι
3061 2549 3484 2622 Nonnunquam
3561 2597 3568 2604 .

1886 2639 2283 2697 misericordiae
2301 2655 2367 2695 ac
2395 2639 2526 2695 ﬁdei
2555 2638 2758 2695 merito
2788 2637 2946 2694 labor
2969 2639 3301 2710 excoquitur
3318 2638 3484 2694 vitio-

1885 2747 2031 2798 rum,
2059 2729 2366 2785 secundum
2399 2727 2536 2784 illud
2561 2746 2576 2784 :
2601 2746 2630 2782 (
2643 2728 2753 2784 Per
2782 2727 3224 2784 misericordiam
3238 2732 3298 2782 et
3311 2727 3486 2784 ﬁdem

1887 2824 2204 2893 purgantur
2218 2823 2465 2890 peccata,
2498 2834 2598 2890 per
2613 2817 3034 2872 conversionem
3053 2817 3386 2890 plerumque
3414 2827 3481 2872 ac

1883 2911 2124 2966 salutem
2155 2924 2351 2963 eorum
2379 2907 2476 2980 qui
2505 2907 2714 2962 nostris
2741 2905 2972 2962 monitis
2991 2921 3058 2961 ac
3084 2905 3481 2978 predicatione

1885 2999 2190 3066 salvantur,
2224 2995 2491 3069 quoniam
2520 2996 2617 3068 qui
2643 2995 2892 3051 converti
2917 2994 3116 3051 fecerit
3125 2999 3319 3068 peccat
3328 3010 3485 3050 orem

1884 3086 1954 3142 de
1974 3103 2163 3142 errore
2187 3090 2285 3142 viae
2313 3103 2448 3154 suae,
2471 3083 2712 3141 salvabit
2739 3085 2988 3141 animam
3007 3101 3170 3141 suam
3198 3085 3268 3141 de
3297 3088 3480 3141 morte

1884 3175 2199 3250 etcooperit
2211 3175 2634 3232 multitudinem
2647 3179 3004 3248 peccatorum
3020 3175 3181 3244 (Ibid.
3211 3189 3265 3228 v.
3297 3173 3418 3244 i9).
3451 3193 3482 3229 ι

1883 3265 1992 3320 Per
2021 3265 2434 3338 indulgentiam
2474 3263 2843 3320 nihilominus
2873 3279 2938 3319 ac
2967 3262 3360 3318 remissionem
3379 3278 3486 3321 nae

262 3355 559 3410 Praeterea
575 3370 706 3409 vero
724 3354 1035 3410 notandum
1049 3359 1135 3410 est
1156 3355 1305 3426 quod
1320 3355 1624 3427 postillum
1634 3345 1802 3427 gene-
1883 3359 2059 3409 stram
2115 3353 2526 3425 indulgentiam
2580 3357 2904 3408 nostrorum
2956 3351 3266 3408 facinorum
3295 3367 3487 3424 perve-

183 3444 374 3498 ralem
397 3441 665 3514 baptismi
684 3443 926 3513 gratiam
949 3451 1006 3498 et
1023 3443 1161 3498 illud
1180 3443 1531 3515 potissimum
1544 3445 1801 3517 martyrii
1883 3443 2039 3499 nitur
2066 3461 2078 3497 :
2113 3465 2138 3492 αι
2157 3443 2216 3499 Si
2237 3443 2408 3511 enim,
2425 3442 2628 3513 inquit,
2652 3440 2982 3496 dimiseritis
2996 3440 3320 3496 hominibus
3349 3453 3482 3514 pec-

189 3532 436 3600 donum,
451 3533 600 3604 quod
621 3531 914 3603 sanguinis
937 3533 1223 3588 ablutione
1242 3533 1614 3604 conquiritur,
1639 3535 1798 3589 simi-
1880 3537 2008 3586 cata
2032 3549 2248 3599 eorum,
2293 3531 2540 3586 dimittet
2558 3536 2617 3586 et
2645 3530 2801 3584 vobis
2832 3531 3002 3584 Pater
3027 3533 3214 3585 vester
3241 3528 3485 3586 caelestis

183 3621 330 3676 liter
358 3621 474 3675 alia
503 3621 561 3675 in
595 3621 899 3692 Scripturis
911 3622 1084 3676 sacris
1104 3623 1453 3693 aegritudinis
1474 3628 1679 3678 nostrae
1707 3641 1797 3678 re—
1879 3620 2080 3675 delicta
2097 3625 2283 3676 vestra
2297 3619 2520 3693 (Matth.
2546 3635 2618 3688 v1,
2659 3619 2805 3690 14).:
2836 3618 3051 3674 Videtis
3080 3635 3216 3692 ergo
3241 3624 3482 3692 quantos

183 3710 383 3766 media
402 3711 672 3764 adnotata
693 3710 1074 3766 inveniuntur.
1108 3711 1270 3767 Multi
1293 3716 1424 3766 sunt
1447 3712 1600 3767 enim
1618 3713 1798 3785 poeni-
1880 3709 2276 3764 misericordiae
2289 3709 2477 3764 aditus
2492 3708 2819 3781 patefecerit
2840 3709 3141 3764 clementia
3151 3707 3475 3778 Salvatoris,

183 3799 386 3856 tentia;
413 3799 648 3866 fructus,
683 3816 785 3872 per
817 3817 957 3872 quos
977 3802 1044 3855 ad
1089 3801 1465 3873 expiationem
1496 3801 1797 3856 criminum
1879 3804 1944 3854 ut
1971 3815 2136 3854 nemo
2165 3798 2406 3854 salutem
2433 3798 2665 3870 cupiens
2726 3798 3120 3870 desperatione
3161 3793 3475 3870 frangatur,

181 3889 683 3962 pervenitur.Non
701 3889 852 3944 enim
863 3895 1084 3946 tantum
1098 3890 1337 3963 simplici
1353 3891 1448 3945 illo
1461 3891 1801 3963 poenitentiae
1883 3905 2010 3943 cum
2038 3887 2226 3943 videat
2253 3903 2313 3944 se
2344 3887 2518 3942 tantis
2550 3888 2622 3942 ad
2646 3887 2818 3944 vitam
2842 3887 3108 3943 remediis
3127 3887 3351 3944 invitari
3370 3901 3398 3943 ':‘
3428 3887 3479 3946 si

182 3980 426 4034 nomine
455 3978 608 4033 salus
634 3985 845 4034 aeterna
863 3979 1282 4052 repromittitur
1302 3980 1372 4035 de
1395 3996 1503 4052 qua
1517 3981 1802 4052 apostolus
1883 3977 2032 4033 enim
2059 3993 2162 4050 pro
2187 3976 2516 4034 inﬁrmitate
2540 3977 2748 4046 carnis;
2790 3975 3098 4033 afﬂictione
3128 3979 3478 4050 jejuniorum

184 4068 435 4124 Petrus:
497 4086 525 4120 α
551 4067 931 4136 Poenitemini,
975 4068 1178 4141 inquit,
1215 4055 1298 4124 et‘
1315 4070 1707 4125 convertimini
1738 4075 1802 4126 ut
1882 4067 2094 4122 aboleri
2105 4071 2334 4138 peccata
2348 4083 2462 4122 non
2483 4083 2647 4139 posse
2667 4067 2937 4131 causaris,
2963 4083 3068 4122 nec
3081 4067 3436 4140 potesdicere
3462 4085 3476 4127 :

184 4158 497 4213 deleantur
525 4164 755 4228 peccata
793 4163 978 4213 vestra
1000 4160 1056 4224 (Α
1069 4164 1136 4213 ει.
1163 4159 1340 4228 ιη,19)
1379 4178 1392 4227 ;
1421 4179 1447 4211 »
1481 4165 1539 4214 et
1557 4159 1800 4216 Joannes
1885 4175 1910 4208 (ι
1941 4157 2139 4212 Genua
2168 4172 2297 4211 mea
2325 4157 2614 4212 inﬁrmata
2641 4161 2778 4212 sunt
2798 4173 2832 4212 a
2855 4157 3093 4228 jejunio,
3127 4161 3334 4213 etcaro
3351 4172 3481 4213 mea

182 4247 455 4320 Baptista
481 4247 568 4300 vel
606 4247 724 4318 ipse
768 4247 1041 4302 Dominus
1077 4266 1088 4301 :
1125 4267 1149 4301 α
1190 4248 1588 4304 Pmnitentiam
1625 4250 1792 4320 agite,
1879 4246 2182 4302 immutata
2208 4251 2298 4300 est
2316 4252 2548 4318 propter
2579 4247 2785 4314 oleum,
2814 4247 2910 4318 qui
2931 4246 3177 4301 cinerem
3208 4251 3478 4318 tanquam

183 4335 677 4409 appropinquabit
705 4337 855 4390 enim
907 4353 1146 4408 regnum
1175 4337 1443 4392 caelorum
1469 4339 1682 4407 (Matth.
1721 4357 1793 4406 m,
1811 4375 1860 4435 Β
1881 4339 2094 4408 panem
2115 4335 2546 4404 manducabam,
2567 4341 2625 4391 et
2641 4341 2840 4434 potum
2865 4351 3055 4390 meum
3075 4351 3201 4392 cum
3225 4335 3360 4391 ﬂetu
3377 4332 3479 4390 mi-

180 4425 238 4496 2)
269 4445 283 4492 ;
322 4445 348 4478 ι
409 4425 508 4479 sed
537 4425 707 4480 etiam
737 4442 838 4496 per
878 4425 1170 4480 charitatis
1199 4425 1460 4481 affectum
1493 4427 1795 4484 multitudo

183 4519 555 4588 peccatorum
585 4513 860 4569 obruitur.
900 4535 921 4566 α
950 4515 1208 4570 Charitas
1240 4515 1390 4569 enim
1408 4517 1592 4588 operit
1610 4518 1796 4572 multi-

179 4603 452 4658 tudinem
481 4608 837 4674 peccatorum
867 4605 922 4666 (Ι
941 4606 1081 4657 Patr.
1115 4621 1187 4670 1v,
1211 4603 1286 4672 8).
1316 4623 1340 4655 ι
1373 4605 1646 4660 Similiter
1659 4623 1793 4676 ergo

184 4709 294 4765 per
323 4691 573 4747 fructum
607 4693 784 4763 [Forte
811 4693 922 4746 add
933 4737 974 4760 .,
1009 4693 1518 4766 cleemosynarum]
1550 4695 1792 4749 vulneri-

177 4783 296 4837 bus
358 4782 568 4836 nostris
613 4781 833 4835 medela
891 4787 1256 4850 monstratur,
1303 4782 1436 4854 quia
1478 4784 1622 4838 sicut
1647 4801 1795 4856 aqua

181 4870 504 4942 exstinguit
523 4871 728 4942 ignem,
765 4870 845 4924 sic
885 4871 1244 4943 eleemosyna
1273 4871 1580 4944 exstinguit
1599 4890 1794 4945 pecca-

179 4965 336 5016 tum.
362 4959 506 5014 Item
534 4975 638 5031 per
657 4958 1032 5031 lacrymarum
1051 4959 1430 5030 profusionem
1444 4961 1795 5032 conquiritur

180 5048 426 5104 abolitio
485 5048 836 5116 delictorum,
899 5067 924 5099 α
959 5047 1179 5104 Lavabo
1217 5048 1365 5104 enim
1397 5065 1498 5120 per
1541 5050 1792 5122 singulas

182 5141 391 5195 noctes
412 5137 618 5192 lectum
653 5153 860 5203 meum,
885 5128 1151 5209 lacrymis
1178 5142 1418 5193 stratum
1441 5155 1632 5194 meum
1661 5139 1790 5194 irri-

178 5225 340 5298 gabo
357 5225 526 5294 (Psal.
543 5242 610 5292 vr,
634 5222 719 5292 7);
739 5243 766 5278 ι
785 5226 1028 5297 denique
1051 5225 1668 5297 subjungit,ostendens
1679 5245 1792 5284 non

179 5315 442 5371 inaniter
453 5330 548 5368 eas
569 5313 737 5368 fuisse
760 5313 1044 5386 profusas:
1075 5333 1102 5368 α
1126 5315 1405 5370 Discedite
1425 5332 1461 5370 a
1479 5333 1792 5380 me,omnes

180 5405 290 5476 qui
324 5403 636 5474 Operamini
665 5403 1045 5474 iniquitatem,
1071 5403 1339 5476 quoniam
1368 5404 1652 5460 exaudivit
1677 5406 1790 5461 Do-

178 5493 381 5548 minus
411 5509 600 5546 vocem
632 5492 798 5546 ﬂetus
824 5493 934 5548 mei
963 5493 1145 5561 (Ibid,
1180 5509 1233 5546 v.
1259 5492 1348 5563 9);
1387 5513 1410 5545 »
1447 5511 1661 5548 necnon
1693 5512 1793 5567 per

177 5579 601 5640 confessionem
629 5579 928 5642 criminum
957 5580 1186 5639 abolitio
1218 5581 1594 5640 condonatur:
1625 5602 1651 5638 «
1668 5582 1792 5641 Dixi

1877 4424 2098 4482 scebam
2129 4427 2295 4495 (Psal.
2327 4441 2397 4495 cr,
2430 4425 2505 4494 9),
2542 4445 2564 4476 ι
2614 4421 3102 4497 eleer'nosynarum
3146 4438 3215 4479 ea
3265 4423 3479 4482 redime

1877 4514 2158 4586 largitate.
2217 4514 2498 4586 Indigenti
2528 4513 2575 4568 si
2617 4529 2732 4569 non
2771 4511 2945 4568 babes
2984 4512 3134 4585 quod
3162 4513 3472 4586 impertias,

1875 4603 2006 4659 licet
2031 4603 2251 4659 nullum
2297 4603 2368 4658 ab
2399 4603 2504 4662 hoc
2549 4619 2717 4674 opere
2765 4601 3116 4658 necessitatis
3161 4603 3364 4674 inopia;
3412 4619 3476 4657 ac

1876 4693 2223 4766 paupertatis
2250 4693 2527 4761 excludat,
2562 4691 3015 4764 quandoquidem
3049 4697 3106 4746 et
3134 4691 3286 4746 illius
3299 4692 3476 4746 viduae

1874 4782 1986 4836 duo
2014 4787 2234 4836 tantum
2257 4797 2373 4836 mra
2389 4779 2711 4851 ingentibus
2741 4779 2978 4834 divitum
3008 4777 3260 4834 donariis
3285 4779 3476 4851 praefe-

1877 4876 2076 4926 rentur
2102 4876 2160 4925 et
2183 4888 2284 4943 pro
2313 4870 2486 4924 calice
2505 4886 2665 4942 aqua;
2680 4869 2896 4942 frigidae
2925 4869 3240 4924 mercedem
3264 4884 3322 4922 se
3353 4867 3475 4922 red-

1876 4960 2125 5015 diturum
2153 4959 2428 5016 Dominus
2451 4960 2828 5034 repromittat,
2843 4963 2994 5014 certe
3024 4973 3246 5014 morum
3263 4956 3474 5030 poteris

1875 5049 2267 5106 emendatione
2278 5050 2528 5123 purgari;
2553 5049 2701 5121 quod
2720 5048 2766 5104 si
2785 5048 3187 5120 perfectionem
3201 5046 3473 5102 virtutum

1874 5137 2240 5194 exstinctione
2269 5139 2532 5195 vitiorum
2563 5135 2814 5192 omnium
2863 5153 2978 5192 non
3027 5140 3186 5209 potes
3214 5134 3468 5208 adipisci,

1873 5227 2306 5285 sollicitudinem
2335 5227 2484 5299 piam
2527 5242 2664 5298 erga
2708 5225 3014 5280 utilitatem
3054 5223 3254 5280 aliena:
3273 5225 3472 5280 salutis

1877 5316 2136 5389 impende
2169 5334 2181 5370 :
2212 5317 2259 5372 si
2286 5321 2476 5372 autem
2505 5315 2772 5370 idoneum
2801 5319 2858 5368 te
2881 5313 3012 5369 huic
3024 5312 3338 5370 ministerio
3357 5329 3472 5370 non

1875 5421 1996 5462 esse
2016 5404 2391 5478 conqueraris,
2424 5403 2642 5476 Operire
2667 5407 2896 5474 peccata
2936 5401 3147 5474 poteris
3181 5401 3472 5459 charitatis

1875 5494 2075 5549 alfcctu
2107 5513 2120 5562 ;
2169 5494 2227 5549 in
2256 5493 2361 5548 hoc
2399 5507 2620 5566 quoque
2649 5492 2697 5546 si
2728 5497 2784 5546 te
2807 5492 3062 5564 fragilem
3090 5490 3288 5546 fecerit
3317 5508 3470 5564 qua:-

1875 5581 2012 5640 libet
2032 5581 2238 5642 mentis
2257 5582 2500 5656 ignavia,
2531 5580 2787 5640 oratione
2805 5579 3006 5640 saltem
3025 5584 3195 5657 atque
3205 5579 3470 5640 interces-
