3982 6158
469 414 604 474 1331

1060 410 1128 473 Β.
1158 411 1433 473 RABANI
1468 414 1703 473 MAURI
1736 413 2074 473 ARCHIEP.
2113 413 2440 473 MOGUNT.
2482 413 2779 473 OPERUM
2815 410 2999 472 PARS
3035 411 3134 471 ΙΙΙ.
3564 413 3677 473 i332

468 542 628 599 sione
655 545 978 597 sanctorum
1008 541 1255 597 remedia
1271 541 1593 599 vulneribus
1620 543 1733 598 tuis
1760 540 2066 597 humilitati
2083 545 2129 603 Α
2152 559 2385 615 quaeque
2414 542 2719 614 egerimus]
2750 547 2808 597 et
2834 540 3087 612 ingentia
3111 538 3247 594 nihil
3272 540 3556 611 proderunt
3590 543 3678 596 mi-

468 631 673 687 aﬂ'ectu
710 630 1021 686 submissus
1049 629 1307 702 implore.
1351 632 1643 687 Postremo
1682 630 1808 703 quis
1853 637 1940 685 est
1966 631 2063 703 qui

469 737 585 776 non
614 720 791 792 possit
821 719 1154 791 simpliciter
1183 720 1404 775 dicere:
1458 743 1480 768 ει
1529 720 1829 775 Peccatum
1874 736 2063 774 meum

470 809 758 881 cognitum
779 808 880 863 tibi
898 808 1023 875 feci,
1060 814 1118 863 et
1154 809 1494 880 injustitiam
1522 826 1707 864 meam
1734 825 1848 863 non
1867 809 2064 881 operui

474 901 639 968 (Psal.
676 912 829 963 χχχι,
856 897 946 959 5)?
971 915 998 950 ι
1029 902 1096 951 ut
1138 914 1241 969 per
1265 898 1411 952 hanc
1451 897 1860 953 confessionem
1892 898 2064 951 etiam

470 988 613 1044 illud
654 985 1362 1057 conﬁdentersubjungere
1388 992 1708 1042 mereatur:
1749 1006 1772 1038 ι
1806 991 1863 1040 et
1882 991 1943 1041 tu
1972 972 2069 1040 re:

471 1075 677 1132 misisti
701 1074 1051 1147 impietatem
1079 1075 1261 1130 cordis
1292 1076 1406 1131 mei
1433 1076 1620 1145 (lbid.)
1648 1095 1674 1129 ›>
1708 1076 1864 1140 Quod
1897 1076 1944 1129 si
1969 1092 2064 1130 ve-

470 1164 739 1223 recundia
783 1164 1146 1237 pertrahente
1202 1166 1449 1220 revelare
1509 1181 1697 1220 coram
1744 1164 2065 1219 hominibus

472 1253 778 1319 erubescis,
810 1252 893 1307 illi
923 1269 1091 1324 quem
1121 1254 1297 1309 latere
1317 1270 1430 1308 non
1462 1257 1699 1326 possunt
1718 1253 1971 1308 conﬁteri
1998 1269 2068 1308 ea

465 1343 593 1416 iugi
617 1342 1024 1414 supplicatione
1044 1358 1159 1397 non
1182 1342 1423 1409 desinas,
1457 1358 1522 1396 ac
1557 1341 1742 1397 dicere
1772 1341 1824 1396 ei
1849 1359 1860 1394 :
1894 1360 1920 1394 α
1948 1341 2065 1397 Ini-

472 1432 747 1505 quitatem
791 1447 977 1486 meam
1015 1447 1119 1502 ego
1143 1447 1416 1502 cognosco
1455 1435 1512 1486 et
1557 1436 1848 1503 peccatum
1876 1444 2065 1486 meum

471 1526 672 1578 contra
699 1537 792 1576 me
820 1525 906 1576 est
928 1536 1153 1592 semper
1193 1538 1205 1574 :
1247 1519 1351 1575 tibi
1397 1520 1501 1575 soli
1522 1521 1743 1591 peccavi
1770 1525 1830 1574 et
1851 1520 2064 1575 malum

374 1668 389 1672 _
470 1626 662 1668 coram
684 1616 741 1665 te
769 1608 873 1664 feci
900 1612 1066 1677 (Psal.
1098 1626 1152 1675 L,
1176 1609 1250 1678 5).
1288 1630 1312 1660 ι
1335 1609 1443 1674 Qui
1470 1614 1529 1664 et
1551 1608 1762 1681 absque
1789 1609 1961 1665 ullius
1977 1625 2067 1664 ve-

469 1699 754 1757 recundiae
807 1697 1185 1770 publicatione
1229 1715 1427 1753 curare
1466 1702 1534 1753 et
1576 1698 1696 1753 sine
1727 1698 2068 1769 improperio

470 1793 701 1862 peccata
728 1787 938 1842 donare
983 1787 1289 1853 consuevit,
1330 1792 1458 1858 post
1508 1787 1648 1842 illud
1697 1804 1919 1858 quoque
1948 1792 2067 1842 tam

2145 631 2329 700 nima;
2361 633 2475 687 imo
2494 648 2625 686 vero
2645 648 2748 701 ego
2769 631 2937 685 etiam
2958 629 3099 683 illud
3112 628 3252 682 addo
3275 634 3359 683 :et
3378 628 3497 699 quia
3512 629 3555 683 si
3578 631 3679 701 quis

2147 737 2319 791 parva
2346 726 2672 776 contemnat
2690 726 2748 774 et.
2779 719 3028 785 minima,
3062 722 3275 772 certum
3315 724 3396 772 est
3415 718 3547 789 quod
3571 735 3682 789 pau-

2136 811 2305 865 latim
2334 810 2505 865 etiam
2530 810 2601 864 ad
2623 825 2828 879 magna
2848 807 3133 880 perveniat
3164 825 3176 859 :
3206 823 3232 858 ι
3257 806 3488 870 Quivero
3504 807 3683 877 spernit

2147 899 2402 965 minima,
2444 918 2466 951 ι
2497 899 2643 954 sicut
2671 898 2960 969 Scriptura
2991 895 3143 962 dicit,
3170 917 3194 943 ι
3224 894 3483 966 paulatim
3516 894 3687 950 decidit

2149 988 2336 1057 (Eccli.
2370 1003 2481 1056 XIX,
2510 989 2586 1054 1),
2629 1008 2646 1033 ι
2684 992 2742 1041 et
2765 987 2891 1041 ideo
2919 984 3162 1039 arbitror
3204 984 3379 1038 Deum
3402 989 3456 1038 et
3480 984 3685 1038 Salvato-

2146 1094 2267 1132 rem
2294 1082 2551 1132 nostrum
2580 1077 2637 1132 in
2687 1076 2857 1131 rebus
2894 1073 3142 1129 minimis
3189 1088 3417 1143 magnas
3464 1072 3687 1128 statuisse

2147 1167 2435 1222 mercedes
2460 1185 2472 1220 :
2506 1166 2640 1238 quid
2661 1165 2813 1220 enim
2838 1169 2957 1219 tam
2978 1165 3118 1220 leve.
3138 1167 3258 1216 tam
3278 1161 3449 1227 facile,
3465 1177 3614 1232 quam
3628 1162 3689 1217 ii-

2146 1257 2319 1311 sitare
2347 1256 2654 1322 inﬁrmum,
2681 1261 2741 1309 et
2766 1259 2959 1308 tamen
2977 1251 3109 1307 huic
3136 1257 3255 1305 tam
3271 1251 3460 1321 exiguo
3478 1250 3689 1321 operire-

2147 1344 2595 1400 munerationem
2627 1342 2979 1414 magniﬁcam
3009 1340 3232 1413 posuit?
3269 1345 3326 1394 et
3344 1338 3555 1407 iterum,
3581 1339 3687 1409 quid

2146 1440 2265 1489 tam
2286 1434 2464 1499 facile,
2485 1433 2619 1505 quid
2634 1438 2750 1487 tam
2766 1436 3012 1503 gratum,
3032 1445 3203 1501 quam
3213 1428 3473 1484 esurienti
3486 1426 3690 1499 praebere

2146 1522 2352 1590 cibum,
2375 1521 2589 1577 sitienti
2605 1526 2820 1593 potum,
2837 1520 2986 1575 nudo
3001 1517 3692 1581 indumentum,oonclusum

2147 1610 2206 1666 in
2226 1628 2449 1666 carcere
2477 1610 2806 1682 requirere?
2836 1614 2893 1664 et
2920 1609 3037 1663 haec
3056 1625 3181 1679 quae
3201 1613 3319 1661 tam
3345 1622 3505 1677 parva
3521 1609 3693 1659 suntet

2147 1705 2266 1754 tam
2295 1699 2531 1755 minima
2557 1700 2638 1754 ita
2666 1714 2874 1770 magna
2900 1698 3057 1753 ducit
3086 1702 3145 1752 et
3172 1712 3409 1761 summa,
3442 1700 3501 1750 ut
3524 1710 3582 1748 ea
3604 1710 3693 1749 non

2147 1789 2384 1855 homini,
2404 1789 2503 1843 sed
2522 1788 2628 1843 sibi
2648 1788 2754 1859 ipsi
2772 1788 2922 1842 Deus
2945 1787 3179 1857 deputet
3198 1785 3524 1849 ministrata,
3545 1790 3594 1837 et
3614 1797 3693 1853 pro

470 1851 795 1950 promptum
811 1880 1140 1946 certumque
1154 1851 1467 1930 subsidium
1488 1875 1641 1931 aliud
1653 1851 1875 1946 quoque
1888 1875 2072 1931 adhuc
2086 1851 2131 1910 B
2150 1878 2238 1932 his
2276 1851 2514 1948 regnum
2552 1851 2778 1932 cmleste
2806 1851 3150 1948 promiserit.
3203 1873 3516 1944 Aggredere
3538 1851 3692 1943 igitur,

471 1964 693 2022 facilius
720 1964 926 2036 largita
954 1964 1116 2019 nobis
1136 1969 1222 2019 est
1251 1964 1441 2019 divina
1475 1965 1746 2035 dignatio,
1777 1965 2070 2036 ipsamque

471 2053 708 2110 remedii
728 2069 891 2125 opem
907 2059 1099 2108 nostro
1114 2053 1397 2108 commisit
1408 2052 1663 2120 arbitrio,
1684 2058 1750 2108 ut
1769 2053 2071 2125 indulgen-

470 2142 612 2200 tiam
644 2149 964 2198 nostrorum
994 2143 1270 2197 scelerum
1300 2159 1402 2214 pro
1442 2147 1635 2198 nostro
1660 2158 2071 2215 praesumamus

472 2232 695 2299 affectu,
727 2232 978 2287 dicentes
999 2231 1052 2287 ei
1086 2249 1098 2286 :
1141 2251 1164 2284 ι
1190 2231 1424 2286 Dimitte
1451 2231 1611 2286 nobis
1647 2230 1837 2285 debita
1854 2235 2066 2299 nostra,

472 2320 619 2378 sicut
630 2326 689 2377 et
711 2336 814 2376 nos
833 2320 1171 2376 dimittimus
1182 2319 1530 2376 debitoribus
1538 2320 1745 2375 nostris
1753 2361 1765 2374 .
1773 2337 1800 2374 »
1808 2319 2071 2391 Quisquis

471 2409 649 2483 igitur
675 2410 747 2465 ad
765 2410 1177 2481 indulgentiam
1206 2426 1435 2467 suorum
1456 2409 1754 2464 criminum
1785 2408 2072 2465 desiderat

473 2499 783 2573 pervenire,
816 2499 942 2554 istis
979 2498 1343 2571 semetipsum
1373 2503 1568 2570 aptare
1605 2497 1831 2553 studeat
1857 2497 2070 2553 instru-

471 2586 700 2655 mentis,
730 2604 835 2643 nec
855 2587 1116 2643 obdurati
1137 2587 1320 2643 cordis
1338 2587 1649 2659 pervicacia
1670 2603 1705 2641 a
1722 2587 1972 2641 remedio
1985 2602 2072 2641 sa-

472 2676 645 2733 lutari
676 2676 887 2731 fontem
916 2680 1087 2731 tanta:
1129 2676 1356 2748 pietatis
1399 2680 1633 2731 avertat.
1683 2675 1817 2740 Quae
1848 2675 2072 2731 etiamsi

473 2764 593 2821 hac
611 2764 805 2820 omnia
824 2764 1140 2831 fecerimus,
1171 2781 1285 2820 non
1310 2765 1693 2821 eruntidonea
1706 2765 1777 2821 ad
1797 2764 2072 2836 expiatio-

472 2869 606 2910 nem
648 2853 923 2909 scelerum
951 2859 1295 2921 nostrorum,
1328 2854 1437 2910 nisi
1487 2870 1556 2909 ea
1601 2853 1822 2909 bonitas
1847 2852 2073 2909 Domini

474 2942 885 3015 clementiaque
913 2943 1201 3011 deleverit,
1232 2943 1343 3015 Tqui
1383 2960 1511 2998 cum
1556 2943 1805 3015 religiosi
1837 2948 2071 2999 conatus

474 3031 743 3103 obsequia
770 3031 1006 3103 supplici
1036 3036 1225 3087 mente
1245 3049 1278 3087 a
1306 3032 1469 3087 nobis
1497 3032 1684 3087 oblata
1704 3033 2067 3104 perspexerit,

476 3120 705 3191 exiguos
723 3135 1035 3193 parvosque
1051 3125 1287 3176 conatus
1305 3120 1583 3176 immensa
1592 3120 1929 3176 liberalitate
1945 3138 2071 3192 pro-

2149 1968 2328 2021 amice
2356 1966 2704 2031 charissime,
2740 1965 3047 2035 aggredere
3093 1963 3206 2018 iter
3260 1967 3476 2017 aeterna:
3505 1961 3628 2025 vitae,
3653 1966 3699 2014 et

2150 2072 2346 2112 rursus
2361 2055 2580 2127 suscipe
2591 2056 2795 2126 jugum
2808 2053 3016 2108 Christi
3035 2068 3209 2107 suave
3227 2056 3287 2106 et
3299 2066 3438 2105 onus
3463 2050 3572 2119 ejus
3587 2048 3697 2115 leve,

2149 2161 2421 2217 recupera
2450 2145 2510 2199 in
2536 2144 2834 2214 temetipso
2854 2142 3029 2198 animi
3054 2141 3297 2196 virtutes
3317 2145 3374 2193 et
3399 2136 3700 2193 ﬁnemredde

2149 2234 2326 2290 initiis
2371 2234 2631 2299 similem,
2693 2248 2797 2287 nec
2850 2230 3081 2303 patiaris
3123 2235 3349 2285 tantum
3379 2227 3476 2283 tibi
3502 2232 3555 2282 et
3574 2231 3702 2281 tanto

2149 2321 2342 2377 labore
2367 2321 2666 2392 quaesitum
2686 2319 3025 2391 spiritalium
3037 2316 3355 2388 gratiarum
3372 2315 3703 2386 diriperecen-

2151 2427 2277 2466 sum
2298 2429 2312 2478 ;
2336 2408 2545 2481 peribis
2567 2408 2716 2463 enim
2744 2407 2792 2462 si
2817 2406 3155 2479 persistasin
3174 2404 3436 2476 peccatis,
3449 2408 3504 2458 et
3521 2417 3703 2458 exacer-

2148 2499 2250 2554 bas
2279 2500 2459 2554 Deum
2487 2498 2543 2552 in
2574 2497 2790 2553 actibus
2809 2497 2956 2563 tuis;
2988 2496 3037 2550 si
3053 2511 3184 2550 vero
3202 2495 3522 2567 priusquam
3538 2507 3703 2546 census

2150 2589 2233 2645 tui
2264 2591 2365 2643 ﬁat
2392 2588 2571 2642 multa
2585 2588 2827 2657 jactura,
2850 2591 2906 2639 et
2918 2585 3251 2656 priusquam
3277 2589 3429 2638 terra
3452 2589 3543 2638 tua
3557 2579 3704 2636 noxiis

2149 2676 2611 2733 inundationibus
2637 2677 2940 2747 repleatur,
2969 2668 3707 2745 exclusasirruptionumfau-

2151 2781 2244 2821 ces
2294 2771 2353 2821 et
2404 2766 2723 2837 ingressum
2779 2764 3074 2836 perhibeas
3143 2761 3533 2818 inundantium
3580 2757 3706 2812 vitio-

2150 2871 2299 2922 rum,
2327 2855 2538 2927 poteris
2566 2871 2792 2909 rursum
2824 2853 3120 2926 pristinam
3151 2867 3419 2922 reparare
3446 2850 3705 2912 culturam,

2152 2948 2210 2998 et
2247 2944 2317 2998 ad
2371 2945 2587 2999 fructus
2640 2943 2834 2997 solitos
2880 2941 3031 2997 ruris
3077 2941 3281 3013 optimi
3336 2938 3600 3011 quondam
3624 2934 3706 2989 tibi

2152 3049 2410 3088 exercere
2460 3033 2699 3088 novalia.
2780 3032 3029 3103 Exsurge
3081 3047 3238 3100 ergo,
3288 3044 3541 3099 exsurge,
3592 3025 3711 3079 sicut

2151 3122 2435 3194 Propheta
2470 3122 2624 3189 dicit,
2652 3127 2710 3177 et
2747 3144 2763 3170 ι
2797 3125 2993 3175 excute
3013 3120 3308 3191 pulverem
3336 3124 3494 3173 tuum
3520 3114 3706 3187 (Matth.

474 3209 734 3282 sequitur
759 3209 951 3265 dicens
983 3227 996 3263 :
1050 3226 1079 3263 ε
1110 3209 1227 3280 Ego
1270 3226 1418 3277 sum,
1468 3226 1572 3281 ego
1623 3225 1749 3265 sum
1777 3210 1874 3282 qui
1910 3210 2069 3265 deleo
2088 3198 2132 3258 C
2151 3228 2202 3278 x,
2222 3210 2308 3281 14)
2335 3230 2348 3279 ;
2377 3230 2400 3264 ι
2452 3227 2689 3281 exsurge
2725 3210 2795 3264 de
2845 3214 3017 3274 terra,
3068 3214 3125 3263 et
3152 3208 3371 3273 statim,
3399 3204 3532 3261 mihi
3558 3202 3708 3267 crede,

472 3296 800 3371 iniquitates
826 3303 956 3353 tuas
992 3303 1223 3371 propter
1250 3314 1361 3366 me,
1383 3303 1442 3354 et
1459 3304 1815 3371 peccatorum
1842 3304 2069 3356 tuorum

468 3387 592 3459 jam
620 3402 735 3442 non
775 3386 1113 3443 recordabar
1154 3388 1280 3459 (Isa.
1320 3390 1473 3455 XLlil,
1518 3387 1631 3458 25»).
1667 3408 1690 3440 ι
1732 3388 1818 3444 Tu
1854 3393 2063 3456 autem,

474 3493 509 3532 o
536 3474 724 3544 homo,
746 3476 865 3532 haec
892 3476 1253 3532 considerans
1281 3476 1446 3533 stude
1460 3477 1823 3549 temetipsum
1844 3494 1945 3549 per
1957 3494 2070 3549 pce-

472 3564 772 3622 nitentiam
797 3581 1131 3638 recuperare
1154 3571 1212 3620 et
1240 3566 1405 3637 longe
1447 3582 1483 3621 a
1520 3565 1670 3621 vitiis
1697 3571 1755 3621 te
1783 3583 2063 3637 separare,

475 3654 665 3727 sicque
689 3652 855 3710 bonis
876 3654 1140 3728 operibus
1158 3654 1425 3711 insistens
1437 3656 1646 3727 poteris
1667 3656 1783 3711 Deo
1803 3662 1860 3710 te
1877 3656 2067 3728 proxi-

473 3759 633 3799 mum
660 3743 864 3811 facere,
898 3743 1169 3816 quidquid
1200 3743 1333 3799 boni
1360 3744 1539 3815 possis
1565 3745 1702 3800 dum
1730 3750 1952 3816 tempus
1973 3745 2070 3798 ha-

472 3831 573 3889 bes
598 3831 879 3889 instanter
927 3830 1182 3905 operare.
1232 3833 1454 3888 Etenim
1492 3833 1637 3889 sicut
1663 3833 1870 3888 divitiae
1899 3834 2068 3904 hujus

472 3921 661 3979 saculi
692 3926 828 3977 tunc
857 3922 1101 3978 maxime
1129 3926 1410 3993 augentur
1431 3922 1478 3977 si
1499 3922 1656 3977 nulla
1674 3939 1902 3995 prorsus
1912 3923 2070 3977 lucra

473 4026 577 4066 nec
601 4010 838 4065 minima
879 4010 1327 4066 condemnentur
1355 4011 1552 4082 [Forte,
1582 4011 2060 4082 contemnantur],

474 4099 624 4155 itaet
646 4098 994 4171 spiritalibus
1015 4099 1225 4154 divitiis
1249 4115 1352 4154 nec
1362 4099 1658 4155 minimum
1676 4100 1809 4171 quid
1832 4105 1918 4155 est
1933 4099 2064 4155 boni

474 4188 659 4260 operis
686 4187 1160 4243 contemnendum
1173 4192 1261 4243 est
1281 4207 1295 4256 ;
1316 4188 1566 4261 alioquin
1584 4189 1741 4244 valde
1759 4187 1963 4243 absurd
1971 4205 2065 4244 um

472 4276 713 4344 videtur,
743 4293 870 4332 cum
903 4277 1080 4347 judex
1107 4282 1298 4333 noster
1322 4293 1392 4333 ne
1420 4277 1609 4332 calicis
1651 4276 1878 4349 quidem
1905 4293 2066 4350 aqua:

470 4360 688 4436 frigidae
737 4365 1055 4421 mercedem
1098 4382 1158 4422 se
1207 4366 1526 4439 promiserit
1570 4371 1929 4438 negaturum,
1961 4382 2065 4421 nos

2149 3300 2456 3356 terrebitur
2478 3299 2829 3354 adversarius
2859 3304 2992 3353 tuus
3036 3315 3047 3351 :
3092 3297 3186 3352 ille
3228 3297 3381 3351 enim
3429 3296 3506 3350 ita
3529 3301 3581 3348 te
3607 3290 3710 3361 qui-

2149 3391 2279 3444 dem
2312 3388 2537 3460 dejecit,
2579 3387 2740 3461 quasi
2760 3388 2909 3443 ultra
2929 3403 3042 3442 non
3079 3391 3544 3449 resurrecturum,
3569 3382 3611 3437 si
3634 3395 3710 3435 au-

2150 3483 2265 3534 tem
2294 3478 2481 3533 videat
2508 3484 2565 3532 te
2594 3477 2900 3532 surrexisse
2915 3477 2985 3531 de
3005 3481 3177 3541 terra,
3211 3480 3270 3530 et
3302 3475 3524 3529 brachia
3547 3485 3709 3526 rursus

2150 3567 2444 3621 certamini
2473 3565 2921 3638 protendentem,
2955 3565 3078 3636 ipsa
3095 3564 3181 3618 tui
3194 3562 3435 3619 audacia
3448 3556 3711 3616 deterrebi-

2148 3660 2261 3720 tur,
2297 3661 2355 3711 et
2371 3660 2581 3727 quanto
2608 3661 2672 3709 tu
2701 3653 3012 3726 promptior
3036 3658 3196 3707 tanto
3228 3653 3326 3707 ille
3341 3646 3709 3707 formidolosior

2150 3745 2265 3811 ﬁet,
2300 3750 2356 3800 et
2376 3749 2585 3816 quanto
2623 3744 2842 3814 majora
2862 3742 3151 3815 praesumis
3172 3746 3336 3796 tanto
3353 3741 3445 3795 ille
3463 3735 3710 3800 inﬁrmior

2147 3834 2510 3906 fragiliorque
2543 3832 2816 3887 redditur.
2858 3831 2967 3887 Sed
2993 3837 3050 3885 et
3076 3830 3216 3884 illud
3239 3830 3426 3900 cogita
3467 3826 3602 3898 quod
3627 3822 3709 3877 tibi

2149 3916 2379 3977 audenti
2409 3922 2591 3977 aderit
2617 3922 2786 3987 Deus,
2830 3921 2911 3975 illi
2948 3936 3076 3974 vero
3103 3920 3382 3974 scelerum
3406 3912 3710 3972 conscientia

2146 4016 2204 4066 et
2253 4011 2489 4067 audacia
2542 4009 2897 4065 labefactabit
2956 4014 3015 4064 et
3082 4008 3249 4075 vires,
3300 4008 3489 4079 sicque
3545 4002 3704 4058 divina

2144 4100 2329 4171 gratia
2374 4100 2653 4171 largiente
2700 4099 2759 4154 in
2805 4097 3065 4153 omnibus
3114 4097 3265 4153 hosti
3332 4101 3431 4151 tuo
3483 4090 3706 4164 superior

2147 4191 2408 4258 existens,
2436 4190 2556 4260 jam
2588 4189 2763 4244 victor
2785 4187 2948 4243 fortis
2976 4204 3082 4259 ope
3109 4187 3383 4243 virtutum
3412 4185 3563 4240 valde
3582 4181 3706 4236 dita-

2146 4284 2257 4348 tus,
2290 4280 2361 4334 ad
2390 4279 2630 4334 caelestis
2653 4278 2813 4348 regni
2835 4277 3070 4349 gloriam
3094 4276 3511 4349 percipiendam
3532 4271 3706 4340 migra-

2144 4368 2248 4435 bis,
2274 4367 2369 4423 ubi
2398 4384 2527 4423 cum
2556 4367 2778 4424 Christo
2797 4372 2856 4422 et
2886 4366 3092 4422 sanctis
3130 4366 3350 4437 angelis
3391 4366 3450 4420 in
3466 4369 3705 4419 aeternum

473 4453 703 4525 quidem
731 4454 918 4512 dicere
947 4455 1083 4529 quia
1108 4455 1218 4513 nisi
1247 4472 1455 4528 magna
1480 4472 1604 4528 quae
1619 4454 1867 4528 gerimus
1890 4456 2064 4528 [Forte
2080 4456 2430 4536 Dgaudebis.
