3982 6158
324 277 465 338 1333

1449 280 1673 337 PRIEF.
1714 279 1794 337 IN
1829 278 1966 335 LIB.
2008 279 2173 335 CAN.
2213 277 2473 337 P(ENIT.

3457 276 3595 337 i334

1545 544 1656 606 DE
1705 521 2377 620 QUIESTIONIBUS

997 684 1634 765 CANONUM
1703 682 2920 762 POENITENTIALIUM

1715 872 1932 931 LIBRI
1969 872 2185 930 TRES.

331 1007 495 1077 (Vide
523 1007 673 1061 inter
694 1004 867 1079 Opera
896 1004 1209 1077 Halitgariz‘
1234 1004 1558 1081 Patrologz'a
1587 1007 1717 1081 tpm.
1765 1001 1805 1057 0
1815 1002 1867 1068 V,
1903 1004 2008 1055 vol.
2042 996 2303 1081 ﬁ77—_ﬁ9_4_;
2348 1000 2438 1055 hic
2478 999 2706 1081 Ιέαὸςιῃί⁵
2723 1006 2946 1058 tantum
2978 1001 3361 1081 praefationem
3392 999 3591 1067 damus

1200 1091 1371 1152 quam
1401 1076 1561 1130 libris
1590 1074 1879 1129 (Iunonum
1904 1073 2377 1143 pwm'tentialium
2402 1073 2716 1149 premam.)

1749 1232 2139 1253 μή

1426 1315 1842 1390 RABANI
1898 1314 2516 1390 PRIEFATIO.

1756 1454 2108 1474 ἡ

392 1562 631 1633 Oportet
659 1562 944 1619 hominem
975 1563 1220 1635 primum
1249 1580 1352 1638 per
1375 1563 1755 1619 humilitatem
1783 1580 1919 1622 con-
1936 1566 1985 1626 Α
2004 1564 2186 1620 cultus
2218 1567 2304 1619 est
2327 1563 2512 1631 alteri,
2535 1566 2687 1620 recte
2705 1563 3124 1621 constituuntur
3140 1568 3397 1637 tempora
3420 1526 3621 1638 paeni;

319 1648 579 1705 fessionis
602 1651 840 1723 prodere
860 1650 1050 1707 debita
1068 1670 1169 1708 sua
1190 1670 1379 1709 coram
1399 1653 1518 1709 Deo
1534 1658 1592 1709 et
1609 1654 1917 1721 sacerdote,

319 1742 382 1793 et
404 1739 486 1793 sic
506 1740 849 1811 pmnitentiae
876 1743 1105 1798 modum
1136 1742 1206 1798 ab
1236 1759 1301 1798 eo
1322 1743 1595 1798 indictum
1622 1742 1924 1814 diligenter

318 1828 572 1899 exsequi,
601 1845 704 1885 nec
720 1831 923 1885 reverti
951 1832 1021 1886 ad
1040 1831 1230 1904 priora
1248 1832 1403 1898 vitia,
1421 1832 1519 1888 sed
1549 1848 1772 1904 semper
1798 1838 1919 1888 stu-

316 1914 455 1971 dere
492 1933 594 1989 per
612 1918 848 1988 justitiae
878 1920 1077 1975 callem
1105 1921 1396 1993 pervenire
1426 1920 1493 1975 ad
1528 1921 1797 1976 virtutum
1826 1937 1918 1976 ar-

301 2021 439 2070 _cem
465 2023 477 2059 :
499 2007 833 2062 humilitatis
848 2009 1055 2081 quippe
1074 2010 1397 2065 testimonia
1409 2016 1543 2065 sunt
1562 2010 1917 2082 iniquitatem

311 2111 476 2150 suam
505 2112 785 2169 quemque
818 2114 1171 2169 cognoscere,
1207 2104 1264 2154 et
1293 2100 1576 2171 Cognitam
1613 2115 1745 2154 voce
1783 2116 1916 2156 con-

312 2182 573 2239 fessionis
593 2186 830 2257 aperire,
846 2188 1109 2258 quoniam
1138 2188 1408 2244 usitatum
1438 2188 1671 2243 humani
1695 2189 1919 2259 generis

310 2271 517 2328 vitium
545 2279 631 2328 est
656 2279 713 2328 et
730 2274 969 2330 labendo
992 2282 1281 2348 peccatum
1302 2277 1673 2344 committere,
1694 2282 1752 2331 et
1770 2293 1920 2332 com-

313 2361 556 2416 missum
585 2379 698 2418 non
728 2365 1045 2420 conﬁtendo
1091 2367 1346 2438 prodere,
1392 2366 1489 2421 sed
1526 2366 1784 2437 negando
1824 2365 1919 2420 de-

314 2450 565 2526 fendere,
599 2458 768 2523 atque
796 2455 1111 2510 convictum
1141 2456 1490 2511 defendendo
1518 2456 1913 2528 multiplicare.

318 2538 403 2594 Ex
429 2540 525 2594 illo
556 2540 760 2612 quippe
806 2542 966 2615 lapsu
996 2543 1162 2616 primi
1193 2545 1437 2599 hominis
1471 2546 1585 2600 haec
1612 2550 1918 2616 augmenta

317 2628 583 2699 nequitia
611 2629 888 2698 ducimus,
922 2648 986 2686 ex
1017 2649 1127 2704 quo
1155 2633 1337 2705 ipsam
1367 2634 1611 2689 radicem
1640 2635 1916 2689 traximus

315 2716 514 2788 culpae.
546 2717 797 2790 Denique
824 2720 895 2774 ad
924 2721 1029 2775 hoc
1047 2722 1263 2793 primus
1281 2722 1451 2778 homo
1471 2722 1775 2795 requisitus
1801 2722 1919 2778 fue-

315 2811 426 2871 rat,
465 2806 558 2878 qui
585 2808 1048 2879 transgrediendo
1066 2817 1355 2882 peccatum
1379 2812 1756 2881 commiserat,
1790 2829 1917 2868 con-

2002 1654 2193 1709 tentiae
2243 1653 2314 1708 ab
2354 1653 2442 1708 his
2488 1654 2585 1726 qui
2634 1659 2886 1725 praesunt
2923 1653 3201 1722 Ecclesiis,
3244 1659 3311 1711 ut
3356 1655 3600 1711 satisﬁat

2001 1744 2171 1798 etiam
2203 1742 2457 1798 Ecclesiae
2503 1743 2563 1797 in
2602 1759 2715 1814 qua
2751 1742 3119 1798 remittuntur
3156 1748 3401 1816 peccata.
3450 1743 3596 1817 Ergo

1999 1847 2128 1887 cum
2158 1837 2318 1887 tanta
2340 1838 2427 1888 est
2446 1832 2613 1904 plaga
2621 1832 2872 1904 .peccati,
2888 1837 2953 1887 ut
2970 1832 3381 1888 medicamenta
3397 1849 3599 1905 corpo-

1999 1921 2078 1976 ris
2108 1927 2165 1976 et
2192 1920 2484 1993 sanguinis
2513 1920 2738 1976 Domini
2765 1921 2881 1976 sint
2905 1920 3234 1990 diﬁ‘erenda,
3261 1920 3603 1979 auctoritate

1999 2011 2270 2066 antistitis
2310 2009 2478 2066 debet
2514 2026 2572 2065 se
2602 2011 2840 2083 quisque
2867 2008 2938 2064 ab
2977 2010 3179 2065 altario
3208 2026 3495 2066 removere
3522 2009 3596 2067 ad

1999 2101 2274 2172 agendam
2304 2099 2711 2171 paenitentiam,
2732 2104 2789 2154 et
2816 2100 3013 2155 eadem
3043 2099 3375 2156 auctoritate
3404 2114 3596 2169 recon:

1997 2188 2203 2243 ciliari:
2229 2208 2252 2240 ι
2279 2188 2398 2243 Hoc
2415 2194 2501 2243 est
2527 2188 2678 2245 enim
2707 2204 2908 2261 corpus
2930 2193 2989 2243 et
3014 2188 3345 2260 sanguinem
3367 2188 3596 2244 Domini

1998 2276 2226 2347 indigne
2255 2277 2506 2348 accipere
2536 2278 2589 2345 (Ι
2613 2276 2735 2333 Go-r.
2765 2278 2864 2347 χι),
2903 2298 2926 2326 υ
2964 2276 3013 2332 si
3057 2293 3123 2331 eo
3165 2281 3419 2347 tempore
3447 2275 3595 2332 acci-

1996 2365 2117 2437 piat
2143 2383 2252 2437 quo
2278 2365 2668 2437 paenitentiam
2690 2364 2858 2420 debet
2884 2381 3088 2437 agere;
3113 2381 3243 2421 nam
3269 2366 3393 2437 ipsa
3419 2364 3595 2436 paeni-

1996 2454 2192 2521 tentia,
2216 2454 2440 2525 quando
2464 2453 2636 2525 digna
2664 2459 2750 2509 est
2767 2469 2940 2509 causa
2965 2460 3031 2510 ut
3049 2454 3356 2509 secundum
3375 2469 3592 2509 morem

1997 2543 2253 2609 Ecclesiae
2281 2548 2500 2615 agatur,
2531 2543 2866 2616 plerumque
2894 2543 3224 2599 inﬁrmitate
3244 2559 3357 2599 non
3378 2543 3588 2614 agitur,

1997 2633 2132 2705 quia
2145 2632 2325 2705 pudor
2343 2638 2401 2688 et
2418 2633 2590 2689 timor
2602 2637 2695 2701 est
2713 2631 3042 2704 displicendi
3062 2651 3073 2686 :
3093 2633 3340 2704 dumque
3354 2633 3481 2704 plus
3499 2632 3595 2687 de-

1998 2722 2169 2778 lectat
2203 2722 2490 2777 hominem
2535 2720 2877 2780 existimatio
2914 2737 3082 2794 quam
3114 2721 3340 2793 justitia
3374 2735 3487 2792 qua
3530 2736 3591 2776 se

2000 2812 2238 2884 quisque
2288 2810 2546 2866 humiliat
2586 2810 2927 2883 paenitendo,
2960 2809 3281 2866 meminerit
3317 2808 3431 2877 ille,
3465 2809 3591 2882 qui-

314 2894 527 2949 ﬁtendo
554 2894 692 2951 illud
719 2897 949 2965 deleret,
979 2905 1036 2954 et
1062 2899 1442 2972 interrogatus
1470 2900 1566 2957 ubi
1596 2906 1744 2956 esset
1759 2902 1910 2970 (Gen.
1941 2911 1979 2967 1;
1997 2915 2217 2971 cunque
2236 2905 2340 2967 est,
2364 2899 2515 2971 quod
2540 2919 2563 2952 ι
2584 2900 2734 2956 Deus
2759 2899 3014 2972 superbis
3035 2898 3265 2965 resistit,
3284 2898 3592 2953 humilibus

310 2984 413 3052 ω),
461 2990 841 3055 perpetratam
887 2988 1109 3059 culpam
1161 2989 1466 3061 respiceret
1497 2995 1555 3044 et
1597 2991 1913 3046 conﬁtendo

311 3080 676 3142 cognosceret
693 3092 862 3147 quam
878 3075 1043 3149 longe
1059 3095 1091 3132 a
1101 3078 1406 3133 conditoris
1415 3080 1503 3134 sui
1519 3078 1658 3134 facie
1670 3079 1911 3135 abesset.

310 3160 531 3217 Indicia
560 3180 701 3219 verae
729 3165 1091 3221 confessionis
1114 3156 1252 3222 sunt
1281 3174 1345 3222 ut
1371 3184 1498 3223 cum
1527 3170 1913 3241 unusquisque

309 3267 375 3305 se
399 3257 746 3322 peccatorem
766 3254 918 3322 dicit,
942 3255 1090 3322 id.de
1111 3273 1170 3310 se
1188 3256 1394 3311 dicenti
1420 3258 1590 3313 etiam
1617 3258 1778 3312 alteri
1800 3275 1913 3314 non

310 3340 677 3397 contradicat.
699 3343 1022 3399 Curandum
1042 3361 1174 3416 ergo
1193 3363 1547 3418 summopere
1573 3351 1660 3401 est
1680 3352 1747 3401 ut
1764 3347 1912 3402 mala

313 3444 440 3499 quae
470 3429 702 3487 fecimus
728 3437 787 3487 et
821 3439 1017 3505 sponte
1063 3433 1360 3500 fateamur,
1400 3440 1458 3490 et
1496 3436 1614 3492 haec
1656 3434 1779 3490 aliis
1818 3453 1912 3490 ar-

311 3518 614 3590 guentibus
644 3536 755 3574 non
792 3537 1080 3592 negemus.
1120 3524 1405 3595 Superbia
1442 3541 1684 3595 namque
1712 3524 1911 3579 vitium

315 3610 405 3661 est
432 3610 496 3660 ut
518 3608 667 3678 quod
687 3607 848 3663 fateri
885 3611 1119 3683 quisque
1147 3629 1252 3668 sua
1278 3619 1475 3684 sponte
1495 3614 1780 3685 dignatur,
1806 3612 1912 3667 hoc

313 3694 423 3750 sibi
451 3693 559 3749 dici
595 3696 666 3751 ab
701 3698 826 3752 aliis
867 3699 1221 3772 dedignetur.
1267 3702 1476 3773 Pignus
1515 3702 1782 3757 debitoris
1827 3708 1913 3757 est

312 3784 588 3840 confessio
627 3788 950 3857 peccatoris.
987 3791 1036 3844 A
1063 3789 1314 3845 debitore
1352 3792 1503 3845 enim
1532 3791 1736 3862 pignus
1764 3794 1910 3847 acci-

304 3872 480 3944 pitur,
500 3889 629 3927 cum
656 3891 689 3928 a
717 3881 976 3946 pecatore
994 3878 1115 3947 jam
1137 3878 1348 3948 peccati
1373 3878 1646 3933 confessio
1661 3886 1904 3947 tenetur,

305 3965 365 4015 et
384 3962 650 4031 quoniam
676 3963 777 4017 ﬁlii
804 3964 903 4019 Dei
928 3966 1178 4037 quandiu
1206 3966 1522 4022 mortaliter
1544 3967 1757 4035 vivunt,
1781 3986 1909 4024 cum

306 4054 489 4105 morte
536 4052 864 4123 conﬂigunt,
912 4054 1052 4108 sicut
1102 4055 1304 4127 spiritu
1340 4055 1440 4110 Dei
1481 4056 1812 4125 excitantur,
1846 4064 1912 4113 ut

303 4144 579 4209 tanquam
609 4140 709 4195 ﬁlii
737 4142 840 4196 Dei
860 4144 1156 4214 proﬁciant
1184 4145 1253 4198 ad
1274 4144 1453 4199 Deum
1476 4165 1487 4199 :
1514 4145 1594 4200 ita
1622 4147 1793 4201 etiam
1814 4164 1911 4219 ag-

303 4234 577 4299 gravante
591 4246 821 4302 corpore
835 4233 1186 4304 corruptibili
1206 4239 1471 4305 tanquam
1491 4235 1591 4289 ﬁlii
1614 4235 1905 4291 hominum
1926 4220 1967 4278 (ἶ

306 4317 366 4372 in
395 4317 733 4389 quibusdam
784 4321 1047 4376 humanis
1084 4322 1333 4378 moribus
1363 4323 1651 4391 deﬁciunt,
1685 4332 1741 4379 et
1770 4326 1909 4380 rela-

196 4426 215 4435 λ
307 4405 523 4461 buntur
542 4406 612 4461 ad
642 4409 873 4480 seipsos,
903 4410 1139 4482 ideoque
1172 4417 1438 4483 peccant;
1464 4413 1699 4468 interest
1715 4420 1908 4470 tamen

305 4501 603 4568 quantum,
635 4514 818 4569 neque
864 4500 1014 4553 enim
1047 4516 1211 4554 omne
1240 4506 1529 4572 peccatum
1560 4502 1769 4557 crimen
1800 4509 1903 4569 est,

306 4584 406 4639 sed
439 4602 605 4640 omne
640 4587 852 4641 crimen
885 4594 971 4642 est
1002 4594 1290 4660 peccatum
1322 4608 1333 4643 :
1367 4597 1688 4646 sanctorum
1717 4592 1907 4663 itaque

309 4672 605 4729 hominum
633 4675 803 4730 vitam
841 4694 953 4749 qua
971 4678 1031 4732 in
1056 4679 1163 4732 hac
1190 4684 1370 4734 morte
1398 4680 1618 4747 vivitur,
1649 4681 1769 4734 sine
1798 4681 1905 4734 cri-

308 4762 463 4817 mine
491 4763 729 4818 inveniri
759 4782 938 4836 posse,
972 4767 1094 4821 sine
1124 4774 1348 4838 peccato
1376 4774 1564 4823 autem
1596 4786 1903 4841 nunquam,

310 4857 376 4905 ut
403 4851 485 4906 ait
511 4854 797 4923 apostolus
823 4856 1067 4911 Joannes
1098 4873 1109 4910 :
1140 4883 1156 4905 ι
1196 4856 1254 4911 Si
1282 4857 1588 4911 dixerimus
1619 4858 1751 4929 quia
1778 4875 1907 4929 pec-

308 4946 497 4994 catum
524 4958 639 4996 non
660 4942 1215 5016 habemus,nosipsos
1244 4945 1583 5011 seducimus,
1618 4953 1675 5000 et
1702 4947 1906 5001 veritas

309 5027 368 5083 in
407 5028 569 5083 nobis
608 5046 722 5084 non
766 5035 849 5084 est
896 5034 949 5099 (1
984 5036 1147 5087 Joan.
1193 5039 1249 5104 ι),
1288 5054 1314 5085 ι
1350 5050 1529 5089 unum
1574 5041 1763 5090 tamen
1808 5052 1907 5108 pro

310 5116 489 5172 altero
509 5119 801 5173 consuevit
824 5138 1032 5191 ponere
1054 5122 1363 5194 Scriptura.
1388 5124 1452 5178 In
1481 5125 1698 5179 actione
1717 5129 1906 5178 autem

311 5207 675 5277 poenitentia},
704 5207 799 5262 ubi
830 5209 941 5265 tale
969 5212 1329 5267 commissum
1359 5219 1441 5265 est
1467 5212 1677 5267 crimen
1705 5220 1770 5267 ut
1798 5213 1845 5266 is
1875 5228 1909 5266 a

315 5294 527 5350 Christi
572 5312 802 5367 corpore
848 5299 941 5369 qui
986 5301 1268 5354 commisit
1297 5306 1607 5371 separetur,
1650 5318 1761 5355 non
1791 5306 1919 5355 tam‘

314 5383 724 5440 consideranda
759 5393 844 5440 est
883 5404 1151 5443 mensura
1180 5390 1452 5461 temporis
1481 5406 1651 5461 quam
1679 5390 1905 5456 doloris,

320 5492 347 5527 ι
381 5474 700 5529 Contritum
733 5482 789 5529 et
816 5477 1172 5533 humiliatum
1198 5479 1346 5533 Deus
1374 5494 1485 5532 non
1507 5477 1722 5549 spernit
1743 5481 1907 5540 (Psal.

315 5569 377 5632 ι).
417 5582 440 5614 ι
472 5562 621 5618 Sane
651 5564 783 5637 quia
804 5565 1134 5643 plerumque
1164 5567 1325 5623 dolor
1351 5567 1582 5624 alterius
1610 5562 1794 5625 cordis
1826 5583 1913 5624 oc-

1993 2995 2185 3044 autem
2205 2989 2305 3044 dat
2327 2990 2571 3061 gratiam
2585 2989 2635 3057 (1
2644 2991 2789 3044 Patr.
2807 3005 2857 3056 v,
2874 2990 2990 3044 Jac.
3005 2989 3104 3059 Iv).
3121 3006 3148 3043 »
3163 2987 3308 3054 Quid
3334 2987 3485 3043 enim
3506 2992 3594 3043 est

1992 3078 2328 3152 perversius,
2360 3078 2561 3150 quidve
2584 3077 2879 3146 infelicius,
2905 3093 3074 3149 quam
3104 3076 3173 3132 de
3209 3077 3329 3150 ipso
3362 3076 3591 3131 vulnere

1995 3168 2143 3240 quod
2174 3169 2348 3223 latere
2366 3184 2479 3222 non
2507 3171 2693 3240 potest
2715 3183 2828 3223 non
2853 3165 3217 3222 erubescere?
3237 3166 3417 3221 Nemo
3437 3165 3590 3221 enim

1991 3256 2298 3312 arbitretur
2319 3261 2619 3329 propterea
2645 3273 2706 3311 se
2734 3256 3029 3311 consilium
3052 3254 3274 3311 salubre
3287 3254 3456 3326 hujus
3469 3270 3590 3326 pce-

1993 3346 2244 3401 nitentiae
2272 3345 2475 3401 debere
2506 3350 2885 3411 contemnere,
2905 3344 3038 3414 quia
3066 3343 3306 3398 advertit
3321 3342 3467 3398 forte
3494 3359 3592 3398 no-

1991 3435 2182 3507 vitque
2211 3434 2501 3496 adaltaris
2538 3438 2891 3488 sacramenta
2915 3431 3177 3487 accedere
3202 3446 3443 3501 quorum
3475 3447 3590 3486 non

1991 3521 2215 3593 ignorat
2241 3522 2380 3577 talia
2405 3521 2643 3576 crimina
2670 3521 2819 3593 apud
2846 3537 2907 3576 se
2932 3520 3195 3575 retinere.
3219 3518 3592 3590 Corriguntur

1993 3612 2143 3667 enim
2174 3611 2337 3667 multi
2374 3616 2438 3666 ut
2464 3612 2681 3677 Petrus,
2715 3609 2879 3664 multi
2925 3609 3241 3664 tolerantur
3285 3613 3351 3663 ut
3389 3607 3584 3675 Iudas,

1992 3700 2155 3754 multi
2177 3700 2507 3755 nesciuntur
2532 3699 2710 3755 donec
2735 3697 2924 3753 veniat
2944 3698 3217 3752 Dominus
3236 3702 3292 3753 et
3306 3696 3591 3753 illuminet

1992 3787 2317 3843 abscondita
2359 3788 2721 3843 tenebrarum
2771 3792 2828 3842 et
2863 3786 3184 3842 manifestat
3220 3784 3590 3858 cogitationes

1991 3877 2264 3932 cordium.
2288 3878 2403 3933 Nos
2417 3894 2547 3933 vero
2571 3892 2914 3950 quamquam
2931 3893 2964 3931 a
2983 3891 3375 3931 communione
3400 3874 3589 3947 prohi-

1991 3965 2123 4020 bere
2138 3982 2248 4020 non
2272 3981 2585 4038 possumus,
2604 3964 2858 4038 quamvis
2875 3964 2994 4020 haec
3013 3963 3315 4036 prohibitio
3336 3963 3588 4019 nondum

1991 4056 2067 4110 sit
2084 4056 2354 4122 mortalis,
2379 4056 2476 4110 sed
2501 4054 2867 4121 medicinalis,
2892 4053 3003 4109 nisi
3022 4059 3122 4108 aut
3141 4058 3339 4125 sponte
3367 4051 3586 4108 confes-

1991 4160 2106 4212 sus,
2147 4150 2248 4199 aut
2293 4145 2351 4198 in
2380 4143 2568 4217 aliquo
2608 4144 2723 4200 sive
2763 4144 3015 4199 saeculari
3044 4143 3161 4198 sive
3209 4141 3587 4197 ecclesiastico

1986 4234 2199 4305 judicio
2227 4238 2520 4289 accusatus
2551 4237 2721 4305 atque
2737 4233 3040 4288 convictus.
3057 4232 3290 4304 Oportet
3322 4231 3497 4302 igitur
3514 4230 3587 4285 ad

1988 4323 2377 4396 paenitentiam
2405 4322 2670 4378 accedere
2694 4337 2822 4377 cum
2861 4321 3016 4376 omni
3045 4320 3268 4385 ﬁducia,
3299 4323 3358 4374 et
3384 4336 3451 4374 ex
3476 4319 3587 4374 fide

1988 4412 2373 4467 indubitanter
2398 4412 2626 4466 credere
2654 4409 2987 4482 poenitentia
3021 4408 3233 4464 aboleri
3263 4424 3424 4480 posse
3454 4423 3586 4480 pec-

1989 4508 2133 4569 cata,
2150 4501 2368 4557 etiamsi
2400 4501 2458 4555 in
2484 4501 2686 4556 ultimo
2711 4501 2841 4555 vitae
2859 4499 3062 4571 spiritu
3091 4499 3389 4553 commissa
3412 4499 3589 4570 paeni-

1986 4596 2105 4645 teat
2136 4608 2147 4644 :
2192 4597 2249 4645 et
2274 4589 2495 4662 publica
2523 4589 2929 4644 lamentatione
2973 4592 3203 4660 peccata
3249 4587 3582 4658 prodantur,

1989 4678 2123 4751 quia
2166 4678 2512 4750 propositum
2560 4677 2663 4732 Dei
2719 4693 2830 4749 quo
2876 4675 3123 4731 decrevit
3168 4676 3383 4729 salvere
3437 4675 3585 4745 quod

1985 4768 2249 4839 perierat,
2283 4773 2395 4822 stat
2424 4766 2710 4822 immobile
2734 4785 2747 4833 ;
2772 4771 2829 4820 et
2855 4766 2982 4820 ideo
3021 4765 3156 4836 quia
3178 4764 3437 4819 voluntas
3465 4764 3588 4834 ejus

1988 4873 2100 4912 non
2130 4862 2400 4918 mutatur.
2430 4857 2545 4912 sive
2566 4855 2958 4910 emendatione
2977 4854 3103 4909 vitae
3131 4853 3180 4908 si
3209 4858 3434 4925 tempus
3461 4870 3590 4910 con-

1988 4946 2224 5012 ceditur,
2262 4946 2375 5001 sive
2424 4945 2662 5017 supplici
2697 4944 3044 4999 confessione
3080 4943 3128 4996 si
3167 4943 3433 4997 continuo
3474 4942 3592 4995 vita

1988 5036 2290 5100 exceditur,
2306 5036 2465 5089 venia
2479 5038 2837 5106 peccatorum
2859 5033 3100 5088 ﬁdeliter
3124 5034 3498 5101 praesumetur
3518 5028 3590 5082 ab

1989 5123 2083 5177 illo
2114 5123 2207 5195 qui
2238 5139 2348 5177 non
2380 5124 2495 5176 vult
2515 5126 2753 5177 mortem
2785 5120 3111 5192 peccatoris,
3145 5117 3240 5171 sed
3272 5122 3337 5173 ut
3356 5132 3587 5170 conver-

1988 5217 2142 5265 tatur
2160 5228 2191 5264 a
2211 5211 2521 5281 perditione
2540 5210 2883 5281 paenitendo,
2898 5216 2956 5264 et
2966 5210 3209 5263 salvatus
3224 5205 3588 5261 miseratione

1992 5301 2090 5355 Dei
2116 5301 2279 5353 vivat.
2303 5299 2640 5354 Certissima:
2667 5305 2800 5353 sunt
2830 5305 2883 5353 et
2917 5297 3255 5353 ﬁdelissima,-
3284 5296 3465 5349 claves
3486 5296 3588 5350 Ec-

1993 5387 2190 5453 clesiae,
2219 5386 2463 5458 quibus:
2481 5386 2850 5458 quodcunque
2879 5386 2940 5440 in
2965 5392 3118 5439 terra
3136 5384 3388 5452 solvitur,
3419 5384 3589 5439 etiam

1993 5476 2052 5530 in
2079 5476 2214 5530 ccelo
2245 5476 2491 5532 solutum
2513 5474 2864 5548 promittitur
2893 5477 3072 5543 (Joan.
3096 5478 3205 5543 xx).
3238 5493 3263 5526 ››
3292 5475 3424 5529 Haec
3442 5474 3593 5528 dicta

1994 5573 2128 5623 sunt
2146 5567 2215 5622 de
2234 5566 2443 5641 duplici
2461 5564 2840 5623 satisfactione
2859 5580 2972 5639 qua
2994 5563 3229 5637 quisque
3246 5564 3513 5621 humiliat
3530 5580 3591 5618 se
