3982 6158
452 236 590 292 1335
1034 235 1098 292 Β.
1138 233 1410 294 RABANI
1448 229 1680 293 MAURI
1725 235 2061 294 ARCHIEP.
2102 235 2427 294 MOGUNT.
2470 233 2768 294 OPERUM
2803 235 2986 293 PARS
3023 236 3122 294 IIl.
3540 239 3653 298 1336

450 376 564 416 non
597 361 781 419 solum
819 374 1010 418 coram
1047 361 1184 430 Deo,
1215 361 1314 418 sed
1343 363 1512 418 etiam
1543 379 1731 418 coram
1771 363 2033 430 Ecclesia,
2057 366 2106 426 A
2124 362 2428 419 vendendis
2455 365 2514 418 et
2553 361 2806 418 emendis
2833 362 3000 418 rebus
3033 362 3317 418 charitatis
3353 367 3408 417 et
3429 364 3657 421 utilitatis

451 467 575 523 qum
600 446 772 506 habet
785 449 997 506 clavem
1010 451 1168 522 regni
1187 451 1474 520 caelorum,
1497 453 1556 508 in
1576 470 1688 524 qua
1705 453 1771 508 fit
1789 453 2042 508 remissio
2122 459 2252 508 vota
2263 451 2563 525 perversa?
2584 452 2730 508 Sunt
2747 458 2806 507 et
2824 452 2936 507 alia
2947 451 3545 524 hujuscemodipeccata
3561 471 3663 526 quae

449 544 828 614 peccatorum.
856 540 1084 596 Secreta
1101 557 1323 614 quoque
1339 542 1717 598 satisfactione
1735 543 1872 599 solvi
1897 559 2044 598 mor-
2125 543 2270 598 ﬁunt
2279 541 2574 596 verborum
2592 541 2992 597 offensionibus
3006 547 3064 596 et
3073 541 3662 613 cogitaﬁonum,1aeobo

449 629 590 686 talia
619 629 855 684 crimina
885 647 997 686 non
1026 647 1318 703 negamus,
1348 636 1568 687 mutato
1601 631 1757 704 prius
1789 632 2042 690 saeculari
2123 631 2343 687 dicente
2399 631 2652 703 apostolo
2693 649 2706 683 :
2767 649 2794 683 α
2851 631 2916 686 In
2947 631 3140 685 multis
3183 630 3332 685 enim
3373 630 3665 690 offendimus

451 718 648 775 habitu
678 724 736 776 et
769 719 1047 776 indefesso
1088 719 1378 792 religionis
1417 720 1623 788 studio,
1647 739 1748 794 per
1774 721 1900 778 vitae
1925 739 2043 777 cor-
2123 737 2338 776 omnes.
2373 737 2402 774 ι
2434 719 2672 792 Oportet
2689 719 2940 792 quotidie
2965 719 3270 792 crebroque
3295 722 3667 778 exoremnsDo-

449 809 755 866 rectionem
776 816 834 866 et
846 810 971 882 jugi
983 809 1097 866 imo
1113 815 1385 882 perpetuo
1404 810 1559 866 luctu
1581 811 1882 867 miserante
1901 811 2036 880 Deo,
2123 811 2360 879 minum,
2378 815 2548 882 atqiie
2575 809 2828 864 dicamus
2860 826 2872 862 :
2908 827 2934 863 α
2964 809 3195 864 Dimitte
3213 807 3369 864 nobis
3395 808 3565 866 debita
3587 827 3667 867 no-

447 898 530 953 ita
548 898 821 954 duntaxat
847 903 911 954 ut
937 899 1221 954 contraria
1249 916 1351 972 pro
1379 900 1468 956 his
1488 917 1611 972 quae
1633 901 1869 974 poenitet
1887 907 2036 972 agat.
2123 906 2258 969 stra,
2286 919 2310 952 ι
2333 915 2405 955 ne
2433 900 2492 954 in
2521 915 2587 954 eo
2608 899 2757 970 quod
2781 898 3038 970 sequitur
3053 898 3408 966 mentiamur,
3428 917 3453 950 ιι
3473 900 3599 954 sicut
3620 906 3668 957 et

449 987 790 1053 Quotidiana
827 1004 957 1044 vero
995 988 1250 1060 lev1aque
1281 995 1510 1061 peccata
1537 991 1659 1045 sine
1694 990 1896 1062 quibus
1923 991 2042 1047 hac
2121 1007 2226 1046 nos
2274 989 2610 1044 dimittimus
2647 985 2992 1043 debitoribus
3020 987 3250 1042 nostris.
3302 1005 3328 1040 ι)
3361 987 3462 1043 Pro
3497 987 3667 1062 quibus

446 1077 566 1132 vita
617 1093 732 1132 non
785 1077 1028 1146 ducitur,
1075 1077 1367 1134 Dominica
1406 1079 1658 1134 oratione
1703 1086 2034 1152 purgantur,
2121 1081 2291 1136 etiam
2320 1077 2590 1134 sacrificia
2633 1078 3117 1148 eleemosynarum
3148 1081 3207 1131 et
3227 1077 3554 1148 jejuniorum
3585 1095 3667 1150 pro

449 1181 691 1239 quorum
715 1172 802 1223 est
818 1166 1004 1222 dicere
1037 1185 1048 1221 :
1083 1185 1111 1220 ι
1143 1167 1312 1222 Pater
1339 1172 1550 1237 noster,
1583 1169 1678 1241 qui
1709 1185 1768 1223 es
1798 1169 1857 1224 in
1887 1170 2039 1225 caelis
2121 1168 2238 1225 suis
2259 1167 2468 1223 viribus
2487 1167 2674 1222 offerri
2695 1182 2808 1221 non
2837 1171 3073 1222 cessent.
3094 1165 3204 1220 Pro
3231 1165 3342 1220 illis
3359 1182 3485 1238 ergo
3504 1181 3668 1239 peccac

451 1257 665 1325 (Matth.
700 1259 796 1327 v1),
821 1255 1062 1326 etc.,ubi
1081 1255 1322 1312 dicitur:
1359 1277 1382 1310 ε
1415 1257 1648 1314 Dimitte
1669 1257 1831 1313 nobis
1849 1259 2041 1316 debita
2119 1259 2194 1314 tis
2224 1273 2349 1330 quae
2377 1257 2518 1328 legis
2545 1256 2845 1327 decalogus
2871 1255 3140 1324 continet,
3164 1259 3224 1310 et
3247 1254 3316 1309 de
3345 1255 3531 1326 quibus
3549 1257 3669 1327 Apo-

446 1349 674 1415 nostra,
709 1364 738 1401 ιι
786 1347 920 1419 quia
961 1345 1087 1418 ipsa
1135 1346 1490 1419 eleemosyna
1531 1352 1636 1415 est,
1679 1363 1781 1418 per
1819 1349 2038 1404 veniam
2120 1349 2297 1404 stolus
2324 1347 2408 1402 ait
2437 1363 2449 1399 :
2485 1361 2513 1399 (
2543 1345 2823 1411 Quoniam
2851 1361 3033 1417 neque
3062 1344 3238 1412 avari,
3261 1359 3438 1416 neque
3455 1360 3666 1417 rapaces,

367 1489 381 1496 ,
447 1435 662 1492 homini
709 1435 1004 1508 pmnitenti
1037 1436 1342 1506 ignoscere.
1385 1435 1545 1492 Unde
1591 1437 1864 1492 Dominus
1910 1439 1992 1494 ait
2021 1457 2034 1494 :
2121 1451 2303 1508 neque
2331 1435 2591 1500 adulteri,
2621 1449 2802 1508 neque
2832 1433 3210 1488 masculorum
3247 1431 3618 1498 concubitores,
3646 1452 3665 1484 ι

446 1543 475 1581 α
504 1527 646 1582 Date
673 1526 1106 1598 eleemosynam,
1133 1531 1191 1580 et
1215 1525 1407 1582 omnia
1423 1527 1638 1582 munda
1660 1533 1793 1582 sunt
1810 1527 1983 1584 vobis.
2011 1548 2035 1582 ι
2121 1531 2180 1581 et
2205 1529 2426 1580 caetera.
2463 1543 2488 1577 α
2522 1523 2798 1589 Quoniam
2827 1523 2926 1596 qui
2952 1523 3092 1578 talia
3117 1526 3315 1593 agunt,
3347 1538 3566 1592 regnum
3589 1521 3671 1577 Dei

443 1615 622 1673 Multa
651 1616 844 1688 itaque
861 1630 1074 1687 genera
1091 1621 1226 1670 sunt
1249 1615 1750 1690 eleemosynarum,
1771 1633 1894 1689 quae
1911 1635 2089 1690 cum_
2120 1631 2234 1671 non
2261 1611 2628 1687 possidebunt
2659 1614 2708 1682 (I
2730 1614 2852 1668 Dor.
2885 1614 2984 1681 x1),
3019 1631 3046 1664 ι)
3079 1612 3178 1666 illa
3203 1611 3350 1667 actio
3375 1611 3670 1684 poenitentia

443 1705 698 1773 facimus,
727 1687 1066 1776 adjuvamur
1081 1707 1147 1760 ut
1165 1687 1524 1761 dimittantur
1549 1709 1744 1761 nostra
1771 1687 1998 1778 peccata
2023 1687 2100 1762 :B
2118 1703 2410 1761 subeunda
2440 1707 2526 1758 est
2551 1703 2610 1757 in
2639 1719 2752 1774 qua
2769 1702 3045 1774 majorem
3071 1701 3130 1756 in
3159 1717 3222 1756 se
3246 1700 3475 1773 quisque
3500 1701 3672 1756 severi-

443 1793 546 1850 sed
593 1810 660 1848 ea
707 1793 850 1849 nihil
890 1799 978 1850 est
1013 1795 1197 1865 majus
1236 1810 1350 1866 qua
1385 1809 1451 1850 ex
1489 1795 1656 1850 corde
1702 1795 2039 1852 dimittimus
2119 1799 2296 1849 tatem
2331 1792 2534 1849 debeat
2565 1808 2843 1857 exercere,
2875 1797 2941 1846 ut
2979 1807 3014 1846 a
3050 1791 3238 1863 seipso
3277 1790 3545 1862 judicatus
3579 1806 3670 1846 non

443 1883 594 1956 quod
622 1883 683 1939 in
709 1899 811 1939 nos
839 1883 1076 1955 quisque
1102 1883 1368 1958 peccavit.
1402 1884 1546 1940 Sunt
1564 1889 1753 1939 autem
1783 1885 2039 1956 quaedam
2115 1883 2400 1956 judicetur
2429 1899 2465 1938 a
2489 1881 2748 1938 Domino.
2780 1881 3104 1937 Mensuram
3131 1887 3325 1936 autem
3351 1879 3597 1952 temporis
3624 1880 3672 1935 in

443 1976 672 2045 peccata
707 1989 830 2044 quae
858 1977 1131 2045 putantur
1166 1972 1467 2041 levissima,
1499 1973 1616 2029 nisi
1645 1973 1701 2027 in
1733 1974 2038 2047 Scripturis
2119 1973 2340 2046 agenda
2367 1971 2700 2045 poenitentia
2729 1970 2936 2026 idcirco
2964 1987 3080 2026 non
3107 1971 3248 2025 satis
3277 1973 3484 2026 attente
3518 1969 3670 2041 praeﬁ-
3711 2017 3717 2024 .

442 2061 966 2118 demonstrarentur
1002 2062 1268 2135 opinione
1293 2063 1572 2133 graviora.
1603 2062 1742 2128 Quis
1768 2063 1920 2118 enim
1949 2065 2036 2120 di-
2115 2066 2262 2134 gunt
2288 2077 2530 2117 canones
2558 2051 2658 2133 pro
2677 2076 3017 2133 unoquoque
3045 2059 3304 2128 crimine,
3329 2059 3426 2115 sed
3445 2059 3604 2130 magis
3624 2059 3672 2112 in

445 2154 666 2206 cantem
708 2150 867 2206 fratri
905 2167 1028 2220 suo,
1068 2151 1264 2219 Fatue,
1296 2168 1456 2208 reum
1489 2152 1760 2223 gehennae
1789 2157 2032 2226 putaret,
2119 2151 2351 2208 arbitrio
2392 2150 2664 2207 antistitis
2713 2150 3145 2223 relinquendum
3203 2153 3456 2206 statuunt
3502 2165 3513 2202 :
3566 2149 3674 2220 quia

441 2237 553 2294 nisi
563 2238 786 2294 Veritas
799 2239 1168 2295 diceret?Aut
1177 2241 1302 2312 quis
1316 2240 1748 2296 aestimarettam
1771 2258 2040 2314 magnum
2123 2242 2272 2314 apud
2297 2242 2479 2296 Deum
2503 2256 2617 2296 non
2644 2246 2762 2294 tam
2790 2241 2938 2295 valet
2962 2256 3233 2296 mensura
3252 2239 3510 2312 temporis
3535 2253 3675 2310 quam

445 2342 568 2385 esse
593 2333 884 2401 peccatum
923 2329 1042 2384 dies
1084 2328 1398 2398 observare,
1430 2347 1652 2386 menses
1679 2335 1737 2386 et
1777 2347 1954 2387 annos
1985 2337 2043 2388 et
2123 2331 2352 2398 doloris,
2384 2346 2488 2386 nec
2515 2329 2858 2384 abstinentia
2884 2333 3108 2384 tantum
3136 2328 3410 2397 ciborum,
3439 2327 3528 2384 sed
3551 2342 3676 2382 mor-

439 2421 717 2490 tempora,
768 2418 914 2474 sicut
959 2417 1256 2474 observant
1300 2419 1397 2491 qui
1440 2419 1607 2475 certis
1658 2419 1874 2488 diebus,
1927 2421 2043 2476 sive
2122 2419 2354 2476 tiﬁcatio
2407 2419 2596 2492 potius
2643 2419 2906 2474 vitiorum
2942 2437 2953 2473 :
3003 2424 3239 2491 propter
3286 2417 3431 2490 quod
3463 2421 3678 2489 tempore

444 2506 732 2564 mensibus
771 2506 885 2564 sive
912 2507 1078 2563 annis
1106 2509 1302 2564 volunt
1341 2510 1426 2564 vel
1463 2509 1663 2564 nolunt
1699 2509 1910 2582 aliquid
1947 2511 2038 2566 in-
2120 2509 2482 2582 pmnitentiae,
2503 2510 2612 2564 ﬁde
2628 2514 2685 2564 et
2696 2509 3117 2564 conversatione
3126 2507 3506 2580 paenitendum
3519 2505 3679 2561 abbre-

445 2595 668 2663 choare,
697 2595 808 2652 nisi
835 2595 1135 2668 Apostolus
1161 2597 1372 2654 diceret
1399 2613 1414 2651 :
1443 2598 1638 2654 Timeo
1667 2615 1784 2668 vos,
1817 2615 1888 2655 ne
1918 2600 2040 2655 sine
2121 2599 2322 2654 viando
2344 2599 2748 2671 praecipiuntur
2774 2604 2832 2653 et
2859 2597 3206 2669 negligentia
3235 2594 3566 2669 protelanda.
3599 2594 3680 2648 Ex-

445 2697 616 2740 causa
641 2685 1010 2742 laboraverim
1041 2687 1102 2742 in
1131 2687 1325 2744 vobis?
1357 2688 1538 2754 Quam
1565 2689 1744 2744 multa
1770 2694 1904 2745 sunt
1930 2689 2043 2745 alia
2123 2693 2276 2744 stant
2305 2693 2500 2743 tamen
2536 2705 2639 2759 pro
2668 2687 3000 2760 quibusdam
3039 2687 3223 2758 culpis
3255 2685 3405 2742 modi
3441 2684 3678 2757 pceniten-
3729 2742 3734 2750 ,

445 2779 676 2846 peccata
696 2775 809 2830 sive
825 2775 884 2830 in
911 2775 1189 2847 loquendo
1202 2777 1271 2832 de
1291 2776 1462 2832 rebus
1479 2773 1536 2833 et
1561 2779 1798 2848 negotiis
1819 2779 2038 2847 alienis,
2123 2777 2215 2833 tiae
2249 2777 2308 2832 in
2337 2777 2645 2832 canonibus
2672 2775 2946 2849 impositi,
2970 2777 3133 2848 juxta
3168 2793 3312 2848 quos
3352 2780 3550 2831 caetera:
3574 2788 3679 2846 per-

446 2875 570 2936 quaa
599 2863 668 2919 ad
698 2869 754 2920 te
791 2881 904 2921 non
947 2865 1267 2938 pertinent;
1307 2866 1423 2922 sive
1464 2865 1522 2922 in
1559 2883 1700 2922 vano
1749 2868 2038 2935 cachinno,
2123 2867 2431 2940 pendendaz
2470 2872 2604 2922 sunt
2638 2867 2832 2938 culpae,
2875 2882 3002 2920 cum
3038 2865 3112 2920 sit
3148 2865 3316 2920 facile
3360 2880 3456 2938 per
3491 2862 3680 2918 eosdem

445 2953 562 3008 sive
589 2952 650 3009 in
679 2953 814 3026 ipsis
849 2955 990 3011 escis
1020 2973 1142 3027 quae
1171 2957 1242 3011 ad
1288 2956 1679 3012 necessitatem
1692 2958 1878 3028 hujus
1915 2958 2042 3012 vitae
2124 2957 2319 3013 modos
2354 2956 2660 3012 vindictam
2701 2960 2759 3011 et
2785 2971 3080 3011 censuram
3103 2971 3386 3012 canonum
3413 2953 3673 3010 aestimare.

451 3049 742 3114 parantur,
775 3044 836 3100 in
865 3044 1068 3118 quibus
1109 3051 1196 3102 est
1223 3046 1437 3101 avidior
1481 3046 1801 3118 appetitus;
1831 3047 1946 3101 sive
1982 3047 2042 3101 in
2061 3034 2111 3098 C
3554 3035 3560 3042 ’

447 3170 3666 3200 W

876 3292 1522 3391 BEATI
1606 3293 2448 3394 RABANI

1709 3293 2460 3394 {ABANI
2543 3292 3281 3395 MAURI

1123 3475 1524 3534 FULDENSIS
1561 3476 1866 3534 ABBATIS
1905 3479 1994 3536 ET
2030 3477 2443 3534 MOGUNTINI
2480 3476 3034 3534 ARCHIEPISCOPI

579 3641 850 3772 DE
983 3640 1697 3774 VlTlIS
1823 3641 2084 3772 ET
2205 3631 3588 3772 VIBTUTIBUS

2041 3887 2117 3932 ΕΤ

1357 4003 2010 4079 PECCATORUM
2067 4003 2836 4082 SATISFACTIONE.

1773 4271 2388 4346 ΡΒΑΞΕΑΤΙΟ.

1921 4418 2249 4429 ————-——

515 4518 780 4590 Cogitans
794 4532 928 4587 ergo
939 4526 965 4556 α
981 4531 1200 4571 mecum
1217 4513 1496 4586 quomodo
1506 4515 1824 4570 Christiano
1834 4516 2040 4587 populo
2052 4517 2100 4576 D
2120 4516 2360 4571 scribere
2379 4517 2750 4584 decernimus,
2767 4523 2825 4572 et
2842 4517 2920 4572 sic
2939 4517 3009 4572 ad
3032 4533 3221 4572 veram
3235 4514 3576 4573 confessionis
3590 4512 3672 4564 hu-

445 4608 674 4680 aliquod
692 4606 954 4662 solatium
972 4603 1297 4677 praeberem,
1316 4620 1426 4674 quo
1447 4605 1650 4660 melius
1671 4609 1868 4659 contra
1887 4605 2036 4660 anti-
2120 4605 2438 4672 militatem,
2452 4611 2510 4660 et
2518 4606 2587 4660 ad
2599 4606 2940 4678 poenitentia:
2953 4607 3268 4662 remedium
3277 4607 3478 4678 stylum
3487 4605 3672 4657 vertere

445 4713 620 4770 quum
663 4697 884 4752 hostem
928 4695 1226 4766 conﬂigere
1276 4699 1482 4765 posset,
1514 4699 1572 4749 et
1605 4693 1792 4764 gratia
1831 4694 2037 4749 Christi
2120 4695 2448 4765 cogitamus.
2482 4696 2746 4762 Quamvis
2775 4697 2925 4752 enim
2952 4696 3252 4768 originalia
3274 4697 3332 4752 in
3360 4687 3672 4766 baptismatis

443 4788 689 4844 donante
717 4785 789 4840 ad
811 4783 1099 4840 victoriam
1126 4800 1314 4838 veram
1338 4783 1672 4854 perveniret,
1697 4784 1944 4855 excerpsi
1968 4783 2038 4838 de
2121 4799 2354 4839 munere
2379 4785 2565 4856 gratia
2599 4786 2924 4842 Mediatoris
2960 4793 3164 4844 cuncta
3198 4785 3404 4842 aboleri
3437 4779 3672 4837 veraciter

443 4881 765 4934 sanctorum
797 4880 856 4930 et
891 4873 1293 4929 catholicorum
1329 4873 1563 4926 Patrum
1592 4871 1813 4944 scriptis
1850 4873 2041 4944 aliqua
2121 4873 2424 4928 credantur
2450 4882 2695 4946 peccata,
2744 4876 2878 4947 quia
2907 4877 3114 4932 sufﬁcit
3152 4877 3250 4932 illa
3287 4876 3404 4931 sola
3437 4866 3670 4944 spiritalis

443 4965 768 5024 testimonia
790 4963 940 5018 unde
969 4961 1065 5034 qui
1091 4961 1299 5016 vellent
1325 4961 1593 5032 opuscula
1611 4966 1804 5015 nostra
1829 4962 2034 5032 legere,
2117 4963 2407 5033 generatio
2444 4981 2455 5016 :
2489 4969 2738 5020 attamen
2775 4982 2903 5020 cum
2941 4972 3171 5022 ventum
3200 4965 3366 5020 fuerit
3389 4963 3458 5018 ad
3479 4963 3668 5016 etatem

443 5061 502 5112 et
527 5072 717 5112 coram
747 5053 950 5126 quibus
973 5051 1132 5106 labor
1152 5056 1340 5106 noster
1359 5051 1652 5122 despectus
1678 5066 1791 5105 non
1811 5058 1915 5118 est,
1942 5051 2041 5105 ali—
2121 5069 2246 5124 quae
2276 5057 2616 5125 praeceptum
2638 5055 2758 5125 jam
2787 5055 2937 5126 capit
2959 5061 3018 5110 et
3043 5056 3205 5110 subdi
3232 5051 3412 5127 potest
3437 5049 3562 5120 legis
3578 5046 3668 5099 im-

443 5147 588 5217 quod
607 5143 948 5216 adjutorium
964 5141 1282 5214 acciperent
1301 5140 1371 5194 ad
1390 5140 1696 5210 regendum
1709 5141 2038 5212 semctipsos
2120 5143 2294 5214 perio,
2318 5143 2732 5214 suscipiendum
2751 5145 3054 5199 estbellum
3069 5152 3263 5200 contra
3277 5143 3421 5206 vitia,
3442 5145 3667 5208 etgeren-

442 5241 499 5289 et
532 5236 670 5288 alios
713 5235 784 5288 ad
822 5235 1114 5288 meliorem
1159 5232 1332 5286 vitam
1369 5231 1744 5300 corrigendos.
1783 5231 2035 5284 Primum
2119 5232 2254 5285 dum
2275 5232 2497 5298 acriter,
2515 5250 2584 5286 ne
2603 5234 2805 5288 iterum
2823 5235 3127 5290 reducatur
3141 5236 3210 5288 ad
3231 5228 3663 5295 damnabiliapec-

440 5324 510 5378 de
541 5329 662 5377 octo
683 5323 1081 5394 principalibus
1108 5322 1258 5376 vitiis
1279 5326 1336 5374 et
1363 5320 1623 5374 remediis
1643 5325 1839 5374 contra
1857 5337 1924 5374 ea
1943 5337 2036 5391 op—
2117 5327 2258 5376 cata.
2298 5323 2622 5377 Paucissnmi
2651 5329 2842 5378 autem
2867 5330 3002 5380 sunt
3025 5329 3197 5380 tanta:
3221 5319 3502 5383 felicitatis,
3525 5317 3580 5369 ut
3600 5308 3658 5364 ab

441 5411 731 5484 ponendis.
764 5412 978 5466 Deinde
1007 5411 1306 5466 virtutibus
1334 5410 1507 5466 sacris
1543 5415 1601 5464 et
1631 5409 1796 5464 laude
1838 5425 2034 5464 earum
2117 5411 2239 5482 ipsa
2271 5411 2500 5468 ineunte
2530 5413 2905 5470 adolescentia
2927 5414 3084 5470 nulla
3109 5410 3437 5472 damnabilis
3464 5405 3655 5480 ρεαδιί

512 5546 537 5575 ³
563 5537 703 5604 Ergo
725 5532 823 5591 vox
844 5537 1141 5609 peculiaris
1157 5539 1372 5594 auctori
1391 5538 1448 5593 in
1465 5538 1733 5592 librorum
1755 5537 2040 5608 auspiciis.
