3892 6150
183 246 320 306 1337

1112 250 1206 305 DE
1244 250 1461 307 VITIIS
1499 251 1589 307 El‘
1623 251 2073 308 VIRTUTIBUS.
2117 283 2180 294 —
2221 253 2356 308 LIB.
2399 255 2500 310 III.

3310 257 3453 320 1338

169 375 547 441 committant,
579 374 667 430 vel
692 374 750 430 in
782 373 1029 445 ﬂagitiis,
1078 375 1164 430 vel
1193 375 1252 430 in
1301 375 1656 444 facinoribus,
1685 377 1770 431 vel
1787 378 1941 439 Aest
1961 392 2132 448 super
2147 376 2290 432 ﬁlios
2315 378 2495 432 Adam
2527 395 2562 433 a
2592 379 2684 433 die
2715 379 2897 434 exitus
2925 379 2995 435 de
3017 386 3208 436 ventre
3255 385 3454 439 matris

169 465 230 520 in
249 463 586 530 homicidiis,
615 465 703 518 vel
732 463 790 519 in
839 464 1054 518 nefario
1097 465 1430 536 cujusquam
1461 464 1772 536 impietatis

169 569 382 619 errore,
400 553 500 606 sed
511 568 719 623 magna
737 552 980 624 Spiritus
998 553 1260 624 largitate
1288 554 1665 608 necessarium
1687 559 1772 608 est

167 641 489 714 opprimere
505 641 778 714 quidquid
808 641 868 696 in
886 641 966 696 eis
987 647 1174 713 potest
1193 647 1292 697 aut
1319 643 1504 714 potuit
1530 643 1769 697 carnalis

167 729 468 785 delectatio
495 728 794 784 dominari.
809 729 964 784 Tunc
983 729 1175 802 itaque
1189 730 1339 786 dicta
1349 729 1772 803 vitia‘deputan-

169 818 243 874 da
272 823 426 885 Sunt,
449 833 580 873 cum
599 817 702 873 Dei
731 835 922 874 amore
951 819 1268 885 vincuntur,
1295 836 1461 892 quem
1479 820 1588 875 nisi
1619 819 1770 876 Deus

171 907 290 978 ipse
322 923 439 961 non
468 906 662 973 donat,
684 923 787 962 nec
815 907 982 962 aliter
1005 908 1112 962 nisi
1143 925 1244 980 per
1277 896 1645 964 mediatorém
1666 909 1769 964 Dei

171 999 229 1050 et
242 995 545 1050 hominum
561 995 590 1051 Ι
595 1011 753 1050 esum
768 995 1073 1064 Christum,
1082 998 1178 1068 qui
1191 997 1372 1052 factus
1392 1002 1478 1052 est
1490 999 1766 1070 particeps

171 1084 537 1140 mortalitatis
549 1089 771 1150 nostra},
780 1090 843 1140 ut
861 1101 963 1140 nos
973 1087 1273 1158 participes
1283 1086 1492 1142 faceret
1511 1087 1768 1142 divinita-

171 1173 242 1228 tis
265 1191 404 1230 suae.
438 1173 828 1230 Verumtatem
882 1175 942 1230 in
985 1175 1142 1246 gravi
1165 1176 1302 1248 jugo
1341 1175 1489 1248 quod
1523 1176 1769 1248 positum

1851 481 2044 520 eorum
2067 481 2244 537 usque
2264 465 2322 520 in
2336 465 2486 522 diem
2507 469 2809 540 sepulturae
2829 467 2887 523 in
2909 474 3145 524 matrem
3173 472 3446 541 omnium,

1851 553 2022 608 etiam
2050 553 2156 608 hoc
2201 554 2415 609 malum
2451 555 2848 612 miserabiliter
2879 556 3176 629 reperitur.
3205 551 3450 634 Ideoque

1851 641 2024 698 sobrii
2057 642 2252 708 simus,
2307 649 2476 717 atque
2530 645 2912 718 intelligamus
2959 647 3105 702 hanc
3161 649 3334 704 vitam
3377 649 3448 705 de

1852 737 2079 804 peccato
2094 732 2188 786 illo
2219 732 2386 788 nimis
2431 734 2644 789 nefario
2674 735 2822 807 quod
2852 735 2911 790 in
2941 736 3201 808 paradiso
3251 754 3448 812 perpe-

1849 826 2064 876 tratum
2087 828 2190 888 est,
2222 823 2426 878 factam
2460 823 2621 878 nobis
2659 840 2779 879 esse
2825 825 3103 897 poenalem
3125 811 3448 906 ;totumque

1852 911 2000 981 quod
2020 909 2311 965 nobiscum
2332 913 2518 983 agitur
2565 929 2677 968 non
2723 912 3008 985 pertinere
3047 913 3159 968 nisi
3188 913 3257 970 ad
3285 907 3292 920 ’
3321 915 3448 972 novi

1850 999 2042 1054 saeculi
2055 999 2436 1056 haereditatem
2454 1017 2672 1069 novam,
2695 1009 2760 1058 ut
2777 1002 2869 1058 hic
2887 1003 3124 1075 pignore
3135 1010 3362 1076 accepto
3382 1005 3452 1060 il-

1850 1089 1949 1144 lud
1981 1091 2143 1160 cujus
2173 1089 2376 1161 pignus
2405 1095 2492 1146 est
2518 1107 2620 1146 suo
2647 1096 2900 1164 tempore
2937 1109 3371 1166 consequamur.

1446 1433 1732 1508 LIBER
1787 1435 2178 1510 PRIMUS.

885 1584 1035 1652 (Vide
1063 1585 1213 1640 inter
1241 1584 1416 1655 Opera
1440 1585 1770 1654 Halitgarii,
1803 1584 2135 1654 Patrologia
2167 1591 2309 1640 torno
2336 1586 2438 1648 ον,
2470 1589 2570 1642 col.
2590 1583 2740 1659 657.)

1380 1871 1667 1946 LIBER
1721 1871 2246 1948 SECUNDUS.

1506 2027 1657 2096 (Vide
1684 2029 1819 2084 ibid.
1852 2030 1952 2084 col.
1977 2025 2124 2097 669.)

1435 2326 1728 2401 LIBER
1777 2325 2206 2402 TERTIUS.

777 2592 1156 2650 PREFATIO

219 2685 309 2740 De
325 2681 659 2738 mortalibus
669 2683 912 2756 peccatis
923 2699 988 2739 ac
1000 2683 1330 2740 criminibus
1343 2700 1650 2756 eorumque
1661 2700 1774 2756 pae-

149 2772 426 2829 nitudine
473 2777 530 2828 et
551 2771 948 2840 satisfactione,
1006 2789 1106 2828 seu
1127 2773 1196 2828 de
1233 2779 1358 2828 octo
1379 2773 1770 2845 principalium

151 2862 436 2918 vitiorum
456 2861 690 2932 origine,
724 2861 1033 2929 vexatione,
1061 2861 1307 2933 judiciis,
1338 2861 1763 2934 objectionibus,

157 2951 570 3022 remediisque,
601 2967 706 3006 nec
734 2966 848 3006 non
875 2955 934 3005 et
959 2951 1030 3006 de
1055 2967 1245 3023 pugna
1271 2951 1544 3006 virtutum
1575 2957 1772 3007 contra

155 3039 436 3097 vitiorum
465 3038 966 3112 impugnationem,
997 3041 1083 3095 vel
1115 3039 1317 3112 quibus
1345 3039 1527 3096 modis
1556 3040 1769 3111 cogita-

150 3131 339 3197 tione,
363 3129 646 3184 locutione
663 3133 721 3184 et
731 3145 898 3201 opere
908 3133 1308 3201 perpetrantur
1318 3129 1772 3201 peccata,tertius

152 3220 265 3286 hic,
303 3218 590 3290 largiente
605 3217 864 3286 Domino,
889 3235 954 3274 ex
979 3217 1142 3274 dictis
1161 3223 1485 3274 sanctorum
1537 3219 1770 3275 Patrum

144 3309 489 3374 deﬂoratus,
519 3313 582 3362 ut
633 3307 692 3362 in
746 3307 976 3379 prologo
1017 3308 1186 3380 hujus
1258 3307 1509 3380 opusculi
1556 3307 1770 3380 praefati

143 3411 376 3464 sumus,
405 3396 634 3452 inchoat
679 3395 924 3452 libellus.
964 3397 1098 3453 Tuis
1133 3397 1307 3469 igitur
1340 3397 1559 3453 meritis
1587 3397 1768 3470 preci-

143 3487 377 3560 busque
417 3485 722 3553 animatus,
754 3485 1163 3542 studiosissime
1211 3487 1397 3554 Pater,
1431 3487 1538 3542 etsi
1566 3503 1679 3542 non
1705 3491 1770 3543 ut

147 3577 364 3642 debeo,
385 3579 579 3630 tamen
610 3580 780 3647 prout
804 3580 1020 3648 potero,
1048 3575 1165 3631 Deo
1212 3576 1450 3642 favente,
1479 3575 1768 3649 praeceptis

145 3667 264 3722 tuis
287 3664 624 3720 satisfacere
658 3664 949 3720 humiliter
976 3664 1228 3720 studebo.

1785 2595 1831 2655 B
1852 2610 1983 2650 nem
2002 2595 2360 2666 dignissimos
2369 2611 2492 2653 esse
2513 2599 2712 2662 morte,
2739 2594 2796 2651 id
2815 2601 2920 2662 est,
2943 2599 3215 2668 perpetua
3246 2599 3449 2665 morte,

1854 2683 1976 2740 sine
2003 2684 2272 2752 remedio,
2297 2691 2477 2741 morte
2505 2686 2624 2742 sine
2651 2685 2782 2740 line.
2813 2685 2958 2740 Nam
2981 2689 3038 2740 et
3080 2685 3150 2740 de
3195 2683 3451 2740 mortali-

1851 2772 1958 2828 bus
1967 2771 2296 2829 criminibus
2315 2774 2465 2830 idem
2481 2774 2780 2847 Apostolus
2788 2773 2849 2828 in
2870 2773 3120 2846 Epistola
3132 2775 3202 2828 ad
3221 2773 3451 2830 Galatas

1851 2863 2131 2934 loquitur:
2157 2883 2180 2916 «
2203 2862 2502 2920 Manifesta
2523 2869 2710 2919 autem
2751 2868 2886 2919 sunt
2909 2879 3082 2935 Opera
3099 2863 3303 2931 carnis,
3327 2879 3450 2934 quae

1849 2957 1984 3008 sunt
2007 2951 2347 3020 :fornicatio,
2374 2951 2752 3019 immunditia,
2777 2953 3020 3019 luxuria,
3043 2952 3320 3008 idolorum
3339 2967 3454 3008 ser-

1851 3040 2018 3108 vitus,
2034 3042 2318 3110 veneﬁcia,
2345 3041 2670 3110 inimicitiae,
2703 3041 3109 3110 contentiones,
3143 3040 3454 3097 aemulatio-

1851 3147 1972 3198 nes,
2015 3131 2132 3198 irae,
2165 3130 2315 3198 rixae,
2339 3131 2736 3198 dissensiones,
2768 3136 2950 3199 sectas,
2989 3130 3216 3198 invidia,
3273 3129 3450 3186 ebrie-

1853 3223 2019 3286 tates,
2066 3221 2500 3276 comessationes
2548 3225 2606 3276 et
2645 3219 2737 3275 his
2787 3219 3012 3288 similia,
3055 3237 3178 3291 quae
3207 3219 3447 3292 praedico

1851 3308 2026 3376 vobis,
2060 3309 2202 3363 sicut
2240 3309 2492 3380 praedixi,
2525 3310 2792 3383 quoniam
2829 3307 2925 3381 qui
2941 3308 3080 3364 talia
3120 3314 3298 3380 agunt
3355 3325 3446 3363 re-

1848 3413 2026 3469 gnum
2063 3397 2165 3453 Dei
2188 3414 2301 3453 non
2353 3403 2769 3470 consequentur
2829 3397 2964 3465 (Gal.
3025 3413 3078 3464 v,
3115 3395 3202 3468 19)
3234 3416 3248 3464 ;
3277 3416 3299 3448 ι
3333 3413 3449 3452 non

1849 3486 2000 3542 enim
2015 3486 2172 3554 dixit,
2209 3487 2303 3558 qui
2331 3487 2467 3542 talia
2492 3491 2746 3558 egerunt,
2780 3501 3020 3556 regnum
3047 3485 3149 3541 Dei
3181 3501 3294 3541 non
3323 3502 3451 3541 con-

1848 3576 2024 3630 secuti
2053 3580 2202 3641 sunt,
2237 3575 2335 3630 sed
2366 3578 2465 3646 qui
2493 3579 2631 3630 talia
2657 3579 2852 3644 agunt,
2886 3575 2972 3630 vel
3013 3575 3111 3646 qui
3139 3573 3199 3630 in
3225 3575 3312 3630 his
3325 3591 3450 3648 per-

1851 3671 2113 3720 severant
2140 3663 2486 3731 criminibus,
2520 3680 2756 3732 regnum
2767 3665 2865 3719 Dei
2892 3680 3005 3718 non
3032 3669 3446 3733 consequentur.

1849 3755 2018 3812 Multi
2036 3755 2280 3827 denique
2298 3771 2470 3828 supra
2487 3753 2696 3828 scripta
2705 3757 2762 3808 et
2773 3751 2981 3808 similia
2989 3757 3452 3826 perpetraverunt

153 3811 369 3916 0“"?
1845 3809 2097 3911 crimina,
2110 3809 2121 3810 ί
2132 3809 2208 3900 et;
2367 3809 2636 3899 ‘mortem
2673 3860 2775 3916 per
2789 3809 3178 3916 paenitentiam
3215 3845 3274 3897 et
3299 3841 3449 3898 elec-

213 3897 573 3955 criminibus
604 3911 901 3965 eorumque
917 3897 1261 3966 pamitudine
1289 3901 1337 3950 et
1365 3897 1764 3966 satisfactione.
1789 3897 2114 4005 Cinosyﬁa's
2140 3897 2363 3989 'ét";1'i;1
2401 3897 2748 4004 δόηέορένέ
2789 3897 3242 4004 ‘expurgavemnt
3275 3946 3360 3997 ea,
3393 3897 3452 3986 ει

211 4024 363 4090 Quae
416 4026 551 4078 sunt
569 4026 759 4077 autem
785 4021 980 4093 gravia
999 4026 1057 4076 et
1072 4021 1335 4076 mortalia
1363 4028 1590 4094 peccata
1623 4023 1766 4078 Pau-
1845 4023 2210 4095 postmodum
2228 4022 2298 4078 ad
2315 4037 2552 4094 regnum
2567 4022 2671 4078 Dei
2698 4025 3092 4094 pervenerunt,
3117 4025 3174 4076 et
3202 4019 3452 4092 quotidie

145 4115 234 4170 lus
247 4111 597 4186 praedicator
615 4109 1203 4183 egregiusinEpistola
1218 4110 1288 4165 ad
1325 4111 1610 4166 Romanos
1637 4127 1768 4168 cum
1847 4111 2137 4185 pervenire
2183 4117 2492 4168 merentur.
2544 4111 2614 4167 Et
2655 4111 2714 4166 in
2768 4110 3017 4183 Epistola
3063 4109 3135 4166 ad
3181 4110 3450 4182 Ephesios

143 4201 568 4260 n‘éfandissima
579 4200 1050 4256 notaretcrimina
1065 4199 1354 4256 subdendo
1368 4200 1763 4269 manifestavit,
1848 4201 2000 4258 idem
2016 4203 2316 4274 Apostolus
2343 4202 2412 4258 de
2459 4201 2702 4274 peccatis
2743 4199 3128 4256 criminalibus
3165 4199 3314 4256 inter
3341 4216 3448 4255 caa-

144 4292 353 4347 dicens
386 4308 400 4345 :
440 4309 464 4342 ι
490 4290 753 4362 Repletos
797 4289 950 4346 omni
979 4289 1296 4362 iniquitate,
1322 4291 1558 4359 malitia,
1591 4291 1768 4346 forni-
1849 4297 1973 4347 tera
2002 4291 2108 4347 ait:
2132 4310 2158 4344 α
2175 4291 2492 4348 Fornicatio
2513 4296 2703 4347 autem
2733 4296 2832 4346 aut
2861 4289 3040 4345 omnis
3068 4288 3446 4356 immunditia,

143 4381 408 4447 catione,
431 4380 680 4448 avaritia,
722 4377 998 4452 nequitia,
1049 4380 1246 4452 plenos
1273 4381 1502 4448 invidia,
1533 4381 1768 4436 homici-
1851 4386 1952 4438 aut
1999 4381 2252 4448 avaritia,
2298 4398 2402 4436 nec
2443 4381 2766 4436 nominetur
2802 4379 2861 4434 in
2897 4378 3070 4445 vobis,
3117 4377 3264 4434 sicut
3289 4379 3451 4446 decet

143 4470 266 4538 dio,
305 4469 689 4538 contentione,
719 4469 866 4537 dolo,
897 4469 1268 4541 malignitate,
1299 4487 1653 4538 susurrones,
1677 4471 1771 4527 de-
1849 4475 2070 4526 sanctos
2093 4471 2295 4541 (Ephes.
2328 4487 2382 4535 v,
2417 4468 2492 4540 3).
2531 4489 2556 4522 »
2590 4469 2660 4525 Et
2713 4468 2880 4540 paulo
2909 4473 3036 4540 post
3066 4484 3078 4521 :
3122 4465 3254 4524 Haec
3293 4467 3447 4522 enim

144 4565 519 4626 trectatores,
550 4559 666 4614 Deo
706 4558 958 4626 odibiles,
992 4561 1442 4627 contumeliosos,
1475 4559 1764 4633 superbos,
1851 4561 2066 4626 scitote,
2103 4559 2250 4632 quod
2277 4558 2459 4614 omnis
2480 4557 2784 4613 fornicator
2824 4562 2924 4612 aut
2970 4556 3318 4624 immundus,
3349 4561 3451 4613 aut

143 4651 362 4715 elatos,
383 4648 702 4703 inventores
719 4648 1015 4715 malorum,
1033 4649 1360 4721 parentibus
1372 4666 1485 4705 non
1507 4649 1769 4706 obedien-
1850 4666 2069 4717 avarus,
2108 4649 2256 4720 quod
2277 4653 2363 4704 est
2392 4647 2670 4704 idolorum
2699 4646 2957 4714 servitus,
2989 4662 3102 4700 non
3143 4643 3315 4702 habet
3338 4646 3450 4702 hae-

141 4748 258 4806 tes,
292 4737 649 4810 insipientes,
680 4737 1098 4810 incompositos,
1142 4738 1262 4794 sine
1285 4739 1606 4808 allectione,
1638 4739 1768 4794 abs-
1849 4739 2147 4794 reditatem
2165 4739 2223 4793 in
2251 4753 2426 4810 regno
2449 4735 2658 4794 Christi
2684 4739 2743 4792 et
2770 4735 2873 4791 Dei
2904 4735 3062 4804 (Ibid.
3089 4738 3162 4804 v).
3190 4753 3216 4788 ι
3247 4735 3327 4790 De
3341 4735 3447 4790 hoc

143 4847 264 4901 que
297 4827 531 4895 foedere,
564 4827 684 4882 sine
714 4826 1115 4895 misericordia,
1163 4829 1258 4900 qui
1313 4845 1440 4884 cum
1487 4829 1766 4901 justitiam
1849 4834 1908 4884 et
1956 4829 2014 4884 in
2068 4827 2317 4900 Epistola
2363 4827 2434 4883 ad
2483 4826 2840 4882 Colossenses
2878 4822 3142 4896 praecepit
3213 4822 3442 4878 dicens:

142 4919 256 4976 Dei
279 4917 698 4989 cognovissent,
753 4933 867 4972 non
907 4916 1303 4973 intellexerunt
1359 4918 1623 4990 quoniam
1670 4919 1766 4990 qui
1853 4939 1876 4972 ι
1913 4918 2245 4974 Mortiﬁcate
2277 4916 2531 4972 membra
2554 4919 2758 4982 vestra,
2789 4930 2912 4986 qua:
2943 4917 3077 4968 sunt
3119 4927 3290 4984 super
3329 4917 3446 4968 ter-

143 5009 298 5065 talia
321 5006 666 5079 aguntdigni
687 5011 1032 5073 suntmorte,
1065 5023 1177 5061 non
1205 5007 1386 5062 solum
1425 5008 1522 5079 qui
1558 5007 1771 5063 faciunt
1851 5001 1972 5062 ram
1993 5007 2438 5074 fornicationem,
2495 5003 2933 5071 immunditiam,
2965 5001 3277 5070 libidinem,
3311 5017 3448 5058 con-

141 5116 238 5165 ca,
275 5097 382 5152 sed
436 5097 606 5150 etiam
665 5097 762 5169 qui
819 5096 1176 5152 consentiunt
1206 5095 1554 5170 facientibus
1589 5097 1764 5166 (Rom.
1849 5095 2251 5170 cupiscentiam
2290 5096 2498 5150 malam
2523 5099 2580 5150 et
2607 5093 2918 5158 avaritiam,
2953 5108 3078 5164 quas
3107 5097 3193 5148 est
3220 5090 3448 5146 simula-

143 5208 182 5256 ι,
223 5187 350 5257 29).
385 5206 407 5235 ι
446 5167 808 5242 Considerate
829 5186 1004 5258 igitur
1031 5203 1158 5240 cum
1191 5167 1342 5240 omni
1391 5185 1594 5241 timore
1637 5186 1828 5259 quia“
1849 5167 2073 5242 crorum
2105 5185 2366 5250 servitus,
2393 5190 2758 5257 propterque
2777 5181 2930 5237 venit
2945 5181 3034 5238 ira
3047 5181 3150 5236 Dei
3197 5197 3368 5252 super
3386 5179 3450 5236 fi-

139 5243 252 5352 qui
285 5243 466 5348 supra
481 5274 690 5346 scripta
716 5281 774 5330 et
790 5243 884 5330 hi;
915 5276 1123 5332 similia
1151 5281 1494 5348 perpetrant,
1528 5275 1612 5330 vel
1640 5243 1953 5331 con-Dlios
1980 5243 2414 5330 incredulitatis‘
2437 5243 2670 5340 (σξηοενε.⁸
2699 5285 2775 5337 m,
2813 5272 2882 5342 5).
2920 5291 2942 5322 ο
2977 5268 3030 5326 Is
3074 5243 3286 5324 etenim
3313 5285 3444 5342 apo-

139 5366 438 5432 sentiunt,
469 5363 726 5430 crimina,
770 5364 879 5419 nisi
911 5369 1040 5419 ante
1070 5364 1278 5420 exitum
1312 5365 1436 5419 vitae
1474 5381 1574 5438 per
1593 5363 1766 5437 pmni-
1846 5365 2022 5420 stolus
2043 5365 2244 5420 dilecto
2273 5363 2544 5435 discipulo
2573 5379 2674 5417 suo
2692 5359 2986 5417 Timotheo
3021 5357 3090 5415 ab
3119 5357 3445 5415 hominibus

139 5455 404 5513 tentiam
424 5460 481 5510 et
500 5456 886 5528 eleemosynas
903 5459 1216 5526 caeterr‘zque
1249 5471 1420 5527 opera
1447 5454 1594 5508 bona
1621 5453 1764 5509 redi-
1847 5453 1942 5526 qui
1995 5453 2259 5526 gravibus
2309 5458 2472 5506 erant
2519 5451 2668 5506 vitiis
2724 5449 2946 5518 irretiti,
2972 5449 3030 5504 in
3081 5449 3326 5504 secunda
3373 5450 3442 5505 ad

139 5545 376 5605 merint
405 5561 472 5602 ea
498 5545 808 5603 secundum
827 5543 976 5603 beati
1007 5543 1168 5604 Pauli
1213 5543 1451 5619 apostoli
1487 5543 1764 5602 deﬁnitio-
1847 5544 2109 5600 eumdem
2140 5543 2473 5618 discipulum
2493 5541 2744 5619 Epistola
2773 5539 3038 5622 praecepit
3063 5539 3348 5599 declinare
3364 5535 3446 5598 di.
