3982 6158
522 379 659 442 i339
1112 380 1178 440 B.
1217 380 1492 440 RABANI
1531 377 1764 440 MAURI
1801 371 2140 439 ARCHIEP.
2179 377 2506 439 MOGUNT.
2546 377 2844 436 OPERUM
2885 377 3070 435 PARS
3103 377 3200 434 III.
3593 380 3696 440 i340

517 521 690 563 cens:
721 521 750 560 α
775 505 894 562 Hoc
915 511 1108 562 autem
1138 507 1300 575 scito,
1331 505 1480 580 quod
1511 506 1570 562 in
1615 503 1934 562 novissimis
1995 505 2117 560 die-
2133 505 2180 568 Α
2193 505 2452 574 crimina,
2473 503 2666 576 qualia
2692 503 2789 578 qui
2816 507 2996 576 agunt
3021 517 3250 574 regnum
3292 502 3387 560 Dei
3425 518 3524 560 non
3559 507 3698 578 possi-

515 592 644 664 bns,
673 594 964 651 instabunt
990 601 1246 668 tempora
1257 595 1570 668 periculosa
1597 600 1653 650 et
1671 601 1839 651 erunt
1863 596 2120 652 homines
2199 591 2430 660 debunt,
2462 594 2713 666 quotidie
2742 582 3070 648 redimenda
3121 592 3180 646 in
3203 591 3406 656 melius,
3436 599 3510 648 est
3544 593 3700 666 quippe

517 684 735 756 seipsos
763 689 1038 752 amantes,
1072 684 1278 756 cupidi,
1308 684 1460 751 elati,
1507 683 1752 756 superbi,
1784 683 2115 758 blasphemi,
2198 680 2317 738 vita
2341 683 2614 738 mutanda
2643 688 2701 738 et
2719 697 2820 754 per
2839 683 3219 754 eleemosynas
3239 680 3304 738 de
3346 681 3554 754 peccatis
3594 699 3702 754 pra»

516 771 846 847 parentibus
876 789 990 842 non
1038 771 1383 840 obedientes,
1436 773 1663 844 ingrati,
1715 774 1957 842 scelesti,
1997 775 2116 830 sine
2201 771 2454 827 sentibus
2475 778 2563 828 est
2588 771 2985 845 propitiandus
3007 771 3174 828 Deus.
3223 771 3340 826 Non
3363 771 3431 825 ad
3452 770 3542 828 hoc
3565 787 3707 826 emen-

518 861 831 930 aﬂ'ectione,
881 862 1003 918 sine
1049 878 1203 934 pace,
1235 861 1642 930 criminatores,
1683 862 2115 933 incontinentes,
2201 858 2421 916 dandus
2441 860 2875 934 quodammodo,
2905 866 3061 936 utea
3111 876 3326 933 semper
3362 859 3510 915 liceat
3530 860 3707 932 impune

516 951 787 1018 immites,
813 951 934 1006 sine
963 949 1326 1022 benignitate,
1361 951 1698 1024 proditores,
1731 953 1998 1025 protervi,
2032 959 2120 1009 tu-
2199 950 2569 1007 committere.
2612 949 2838 1006 Nemini
2862 951 3015 1006 enim
3042 950 3196 1005 dedit
3234 951 3575 1005 laxamentum
3611 966 3709 1021 pec-

517 1040 678 1110 midi,
708 1040 1060 1112 voluptatum
1109 1046 1388 1096 amatores
1443 1041 1625 1112 magis
1669 1058 1839 1113 quam
1870 1041 1990 1110 Dei,
2023 1042 2121 1097 ha-
2200 1040 2388 1108 candi,
2417 1039 2641 1113 quando
2673 1039 2992 1095 miserando
3013 1039 3198 1095 deleat
3210 1040 3325 1110 jam
3349 1039 3480 1094 facta
3517 1043 3708 1111 peccata.

517 1129 716 1186 bentes
732 1129 978 1202 speciem
997 1129 1224 1202 quidem
1243 1129 1488 1201 pietatis,
1511 1129 1778 1185 virtutem
1807 1131 1930 1202 ejus
1955 1130 2123 1187 abne—
2201 1128 2394 1186 Factio
2419 1143 2666 1201 congrua
2688 1127 3009 1201 negligatur
3042 1147 3056 1183 :
3081 1143 3216 1183 sane
3247 1127 3340 1201 qui
3366 1127 3712 1184 sceleratissime

514 1225 735 1292 gantes,
761 1225 821 1274 et
844 1219 948 1274 hos
987 1219 1175 1274 devita
1203 1220 1290 1291 (II
1312 1220 1453 1274 Tim.
1476 1235 1554 1287 ιιι,
1595 1217 1673 1289 2).
1710 1238 1740 1273 ι
1769 1219 1916 1275 Nam
1945 1225 2003 1276 et
2031 1237 2123 1276 se-
2201 1219 2412 1288 vivunt,
2444 1235 2549 1274 nec
2576 1224 2779 1276 curant
2813 1219 2988 1274 talem
3025 1219 3216 1286 vitam,
3274 1233 3543 1292 moresque
3582 1217 3713 1274 coni-

3877 444 3882 734 l

516 1308 766 1364 cundum
794 1323 1074 1364 canonum
1108 1307 1512 1373 deﬁnitionem,
1545 1307 1663 1363 haec
1702 1314 1836 1364 sunt
1861 1309 2126 1382 capitalia

518 1395 774 1454 crimina.
789 1397 982 1454 Primo
999 1415 1022 1448 ι
1054 1396 1321 1468 superbia
1354 1417 1380 1449 »
1409 1413 1533 1468 quae
1561 1402 1647 1452 est
1666 1403 1916 1453 materet
1929 1399 2126 1470 regina

519 1487 774 1544 omnium
801 1485 1086 1552 vitiorum,
1118 1485 1233 1540 sive
1293 1485 1498 1541 levium
1538 1486 1652 1542 sive
1705 1487 2119 1560 principalium,

520 1575 758 1648 (Prosp.)
785 1579 1029 1630 testante
1058 1591 1218 1630 sacra
1247 1575 1533 1646 Scriptura
1557 1590 1571 1631 :
1608 1594 1637 1628 α
1675 1571 1910 1631 Initium
1940 1577 2126 1633 omnis

519 1664 733 1738 peccati
773 1663 1038 1736 superbia
1093 1664 1282 1731 (Eccli.
1341 1666 1416 1735 x).
1472 1682 1500 1718 ι
1559 1665 1689 1736 Ipsa
1725 1665 1875 1720 enim
1927 1682 2126 1738 pecca-

520 1757 712 1809 torum
744 1751 998 1807 omnium
1009 1769 1196 1818 causa,
1223 1752 1490 1824 quoniam
1501 1769 1614 1808 non
1639 1754 1820 1809 solum
1834 1760 2124 1827 peccatum

2203 1324 2358 1380 gere,
2391 1312 2450 1363 et
2475 1309 2625 1363 inter
2651 1309 2777 1380 ipsa
2804 1306 3054 1364 facinora
3095 1314 3154 1364 et
3193 1307 3400 1379 ﬂagitia
3425 1323 3518 1363 sua
3535 1307 3716 1364 eleemo-

2205 1414 2376 1471 synas
2386 1397 2744 1470 frequentare
2777 1414 2892 1453 non
2917 1404 3158 1466 cessant,
3190 1397 3307 1452 sine
3352 1413 3504 1451 causa
3545 1395 3602 1452 de
3641 1396 3715 1452 tali

2205 1502 2374 1560 opere
2398 1485 2504 1542 sibi
2526 1485 2910 1542 blandiuntur.
2935 1487 3044 1552 Qui
3063 1486 3215 1542 enim
3242 1485 3357 1541 vult
3373 1485 3593 1541 ordinate
3618 1484 3717 1541 dm

2207 1576 2643 1650 eleemosynam,
2676 1594 2710 1631 a
2738 1577 2924 1649 seipso
2951 1575 3120 1633 debet
3147 1576 3402 1648 incipere,
3431 1581 3483 1630 et
3522 1589 3624 1630 eam
3643 1572 3718 1629 sibi

2205 1666 2454 1740 primum
2469 1667 2625 1733 dare,
2659 1671 2747 1722 est
2764 1667 2916 1722 enim
2943 1666 3301 1738 eleemosyna
3325 1681 3456 1738 Opus
3481 1663 3722 1720 misericor-

2205 1755 2331 1822 diae,
2363 1755 2763 1828 verissimeque
2804 1754 3018 1810 dictum
3049 1773 3062 1810 :
3113 1773 3141 1808 α
3207 1755 3403 1812 Misere
3433 1753 3604 1810 animae
3642 1758 3738 1815 tua

518 1846 609 1898 est
627 1841 768 1914 ipsa,
799 1841 899 1896 sed
931 1841 1103 1896 etiam
1133 1841 1352 1897 nullum
1407 1847 1698 1914 peccatum
1745 1825 1867 1899 fieri
1917 1844 2121 1916 potuit,
2140 1825 2188 1887 Β
2208 1845 2437 1917 placens
2462 1843 2580 1900 Deo
2614 1825 2800 1912 (Ecclt'.
2832 1860 2954 1910 xxx,
2985 1842 3099 1914 24).
3129 1863 3158 1897 ι
3191 1843 3314 1900 Non
3359 1857 3482 1913 ergo
3506 1858 3559 1896 se
3580 1840 3724 1895 fallant

521 1935 710 2003 potest
732 1936 832 1986 aut
856 1935 1065 2002 poterit
1119 1929 1240 1985 sine
1284 1930 1424 2002 ipsa,
1467 1931 1748 2003 siquidem
1789 1932 1932 1988 nihil
1974 1932 2127 1988 aliud

520 2033 692 2076 omne
720 2025 1011 2092 peccatum
1035 2018 1143 2074 nisi
1169 2019 1270 2073 Dei
1300 2024 1673 2092 contemptus,
1707 2037 1818 2092 quo
1850 2022 1973 2093 ejus
1991 2039 2130 2094 prae-

2210 1933 2306 2005 qui
2317 1949 2421 2005 per
2447 1931 2832 2005 eleemosynas
2845 1931 3493 2004 quamlibetlargissimas
3509 1929 3724 1984 fructuum

2209 2035 2442 2076 suorum
2479 2021 2752 2091 cujusque
2799 2019 3048 2091 pecuniae
3087 2018 3468 2092 impunitatem
3507 2033 3560 2073 se
3589 2033 3727 2074 emere

520 2114 688 2180 cepta
713 2108 1020 2175 calcantur,
1047 2124 1216 2180 quem
1253 2113 1641 2180 contemptum
1693 2109 1795 2164 Dei
1839 2111 1999 2165 nulla
2040 2127 2131 2166 res
2211 2108 2534 2165 existiment
2559 2109 2618 2164 in
2631 2109 2941 2166 facinorum
2963 2110 3321 2165 immanitate
3372 2125 3434 2163 ac
3457 2107 3728 2178 ﬂagitiorum

523 2197 635 2254 alia
680 2197 984 2270 persuadet
1037 2196 1361 2252 hominibus
1415 2197 1524 2252 nisi
1570 2197 1854 2270 superbia.
1911 2198 2128 2254 Deinde

527 2305 554 2340 ι
585 2286 863 2359 cupiditas
891 2285 1061 2353 mala,
1089 2305 1114 2339 ι
1149 2286 1218 2341 de
1247 2302 1359 2358 qua
1397 2285 1609 2342 Paulus
1654 2286 1942 2358 apostolus
1997 2287 2080 2344 ait
2109 2307 2121 2342 :

525 2392 556 2430 α
581 2375 762 2431 Radix
783 2375 1036 2432 omnium
1067 2375 1346 2430 malorum
1375 2379 1464 2430 est
1495 2375 1775 2446 cupiditas
1803 2377 1852 2444 (Ι
1885 2379 2026 2432 Tim.
2046 2394 2120 2444 γι,

523 2463 634 2535 10).
661 2483 686 2516 ι
721 2464 863 2520 Cum
889 2463 1040 2519 enim
1091 2463 1334 2535 Spiritus
1379 2469 1606 2518 sanctus
1643 2481 1744 2536 per
1793 2465 2125 2536 prophetam

523 2553 753 2610 initium
782 2552 964 2608 omnis
978 2553 1190 2624 peccati
1204 2551 1526 2624 superbiam
1537 2570 1660 2608 esse
1689 2553 2033 2625 pronuntiet,
2068 2560 2126 2610 et

525 2659 630 2716 per
654 2643 985 2714 Apostolum
1017 2642 1265 2698 radicem
1277 2641 1528 2698 omnium
1550 2642 1830 2698 malorum
1847 2643 2124 2716 cupidita-

523 2714 641 2788 tém
668 2730 932 2797 afﬁrmet,
965 2747 1140 2785 unum
1171 2730 1432 2802 idemque
1491 2747 1612 2788 esse
1661 2714 1959 2802 signiﬁcat,
1993 2732 2128 2804 quia

524 2818 804 2892 cupiditas
834 2824 889 2876 et
918 2818 1182 2891 superbia
1209 2818 1267 2874 in
1296 2824 1519 2874 tantum
1549 2826 1636 2876 est
1669 2820 1900 2887 malum,
1934 2825 1999 2876 ut
2025 2837 2128 2876 nec

529 2905 808 2981 superbus
837 2907 960 2964 sine
1003 2907 1328 2980 cupiditate,
1362 2923 1466 2964 nec
1493 2908 1615 2964 sine
1654 2908 1922 2982 superbia
1951 2910 2131 2982 possit

526 2996 768 3056 inveniri
795 2997 1050 3068 cupidus,
1094 2997 1332 3052 solerter
1375 2997 1734 3052 considerare
1789 2997 1997 3054 debent
2033 2999 2129 3071 qui

527 3087 598 3142 de
624 3086 866 3158 peccatis
892 3090 950 3140 et
977 3084 1126 3140 vitiis
1154 3091 1414 3152 tractant,
1448 3085 1581 3156 quia
1613 3085 1876 3158 superbia
1903 3088 2127 3144 initium

526 3179 616 3231 est
631 3175 817 3230 omnis
836 3174 1350 3246 peccati,cupiditas
1401 3191 1530 3229 vero
1560 3175 1812 3230 omnium
1835 3176 1996 3231 radix
2014 3193 2132 3231 ma-

527 3263 712 3321 lorum
741 3283 754 3332 ;
780 3269 948 3318 antea
969 3263 1121 3318 enim
1149 3279 1500 3335 unaquaeque
1542 3281 1632 3318 res
1661 3264 1886 3320 initium
1935 3265 2124 3333 habet,

527 3357 725 3428 postea
757 3353 1001 3408 radicem
1031 3351 1258 3419 emittit,
1290 3357 1348 3407 et
1378 3357 1568 3407 tamen
1612 3353 1758 3408 sicut
1811 3354 2036 3410 initium
2067 3360 2125 3410 et

527 3442 686 3498 radix
703 3458 820 3498 una
837 3441 1146 3513 eademque
1181 3457 1272 3496 res
1300 3447 1386 3496 est
1413 3442 1734 3510 etmateria,
1765 3443 1846 3498 ita
1862 3443 2124 3516 superbia

527 3536 586 3588 et
611 3530 911 3602 cupiditas,
957 3530 1086 3585 licet
1112 3546 1288 3585 unum
1323 3529 1500 3601 prius,
1530 3530 1771 3585 alterum
1823 3532 2122 3604 posterius,

527 3634 706 3676 unum
734 3625 927 3674 tamen
946 3623 1034 3674 est
1059 3619 1291 3674 malum.
1317 3619 1394 3673 Ac
1416 3617 1617 3674 deinde
1645 3620 1704 3674 in
1731 3635 1966 3675 numero
1977 3621 2128 3693 prin-

525 3709 793 3781 cipalium
829 3708 1092 3764 vitiorum
1134 3707 1373 3780 ponitur
1418 3707 1629 3762 invidia
1656 3708 2130 3780 perniciosissima

527 3797 719 3870 pestis,
752 3815 874 3870 quae
897 3813 1120 3869 semper
1139 3797 1324 3852 aliena
1339 3801 1634 3868 torquetur
1655 3797 1937 3853 felicitate.
1963 3799 2126 3855 Post-

528 3888 762 3942 modum
794 3907 816 3938 ι
850 3885 1123 3958 ingluvies
1145 3885 1373 3949 ventris,
1396 3884 1712 3953 fornicatio,
1739 3886 1844 3953 ira,
1895 3887 2130 3943 tristitia

525 3975 734 4043 saeculi,
771 3997 798 4024 υ
825 3991 948 4046 quae
977 3979 1217 4030 mortem
1276 3980 1560 4046 operatur,
1607 3994 1632 4027 «
1683 3974 1868 4030 inanis
1922 3975 2124 4045 gloria,

527 4063 1164 4134 avaritia,sacrilegium,
1194 4083 1216 4114 ι
1251 4063 1308 4118 id
1337 4069 1442 4131 est,
1460 4082 1482 4116 ι
1504 4062 1716 4118 furtum
1746 4080 2129 4120 sacrarumre—

523 4169 674 4220 rum,
697 4150 1056 4218 adulterium,
1080 4150 1312 4219 furtum,
1346 4152 1563 4223 rapina,
1623 4151 1827 4208 falsum
1876 4153 2128 4209 testimo-

526 4239 1042 4314 nium,perjurium,
1094 4239 1433 4307 idololatria,
1461 4240 1724 4308 ebrietas,
1760 4241 1977 4308 molles,
2012 4257 2130 4297 ma-

527 4331 812 4386 sculorum
836 4327 1242 4397 concubitores,
1299 4329 1609 4397 sodomitae,
1643 4329 1918 4396 maledici,
1951 4330 2131 4386 homi-

2208 2198 2463 2271 nequitia
2491 2199 2880 2270 permanendi.
2898 2201 3024 2254 Non
3053 2199 3238 2254 solum
3255 2198 3398 2254 enim
3424 2198 3530 2252 hac
3552 2195 3727 2262 faciunt,

2208 2287 2308 2342 sed
2338 2287 2419 2341 ita
2448 2286 2694 2358 diligunt
2720 2292 2785 2342 ut
2808 2287 2867 2340 in
2905 2287 2989 2342 eis
3015 2303 3241 2358 semper
3274 2291 3475 2358 optent,
3505 2283 3729 2339 tantumsi

2209 2375 2426 2447 possint
2441 2375 2692 2448 impune,
2724 2375 2952 2430 versari.
2987 2375 3094 2440 Qui
3117 2380 3311 2430 autem
3331 2374 3502 2445 diligit
3523 2372 3728 2444 iniquita-

2206 2468 2341 2531 tem,
2373 2463 2491 2520 odit
2520 2463 2768 2518 animam
2796 2479 2958 2520 suam
2983 2483 2996 2533 ;
3029 2469 3088 2520 et
3117 2463 3216 2536 qui
3229 2463 3576 2519 oditanimam
3591 2477 3727 2526 suam,

2205 2566 2319 2606 non
2375 2555 2463 2606 est
2508 2551 2824 2607 misericors
2869 2552 2970 2606 sed
3023 2552 3288 2607 crudelis.
3340 2549 3602 2622 Diligendo
3638 2563 3728 2603 eam

2206 2640 2414 2714 quippe
2459 2641 2767 2696 secundum
2812 2641 3098 2709 saeculum,
3159 2641 3282 2697 odit
3333 2657 3453 2696 eam
3490 2639 3732 2694 secundum

2207 2729 2387 2785 Deum
2403 2747 2416 2798 ;
2434 2729 2480 2784 si
2496 2746 2631 2802 ergo
2660 2731 2827 2786 vellet
2843 2731 2896 2786 ei
2921 2731 3056 2786 dare
3067 2731 3585 2802 eleemosynam,per
3607 2740 3734 2797 quam

2209 2818 2291 2874 illi
2312 2825 2502 2874 essent
2521 2819 2732 2874 munda
2761 2819 2970 2886 omnia,
2994 2819 3208 2876 odisset
3235 2834 3360 2874 eam
3378 2816 3647 2872 secundum
3660 2830 3734 2867 ste-

2209 2908 2418 2974 culum,
2444 2913 2501 2964 et
2541 2907 2801 2979 diligeret
2827 2908 3136 2964 secundum
3170 2908 3368 2964 Deum.
3394 2907 3557 2962 Nemo
3592 2908 3736 2958 autem

2210 2997 2310 3052 dat
2335 2997 2750 3070 eleemosynam
2765 2997 3146 3069 qualemlibet,
3166 2998 3276 3052 nisi
3295 2997 3438 3054 unde
3463 2995 3564 3060 det,
3589 2992 3647 3048 ab
3669 2989 3738 3044 illo

2211 3086 2467 3159 accipiat,
2501 3086 2597 3158 qui
2625 3103 2738 3142 non
2792 3093 2940 3158 eget.
2974 3087 3178 3158 (Beda.)
3232 3087 3362 3144 Ideo
3413 3085 3600 3139 dictum
3640 3087 3736 3134 est:

2215 3193 2242 3228 α
2272 3175 2657 3231 Misericordia
2677 3177 2798 3247 ejus
2809 3175 3111 3249 praeveniet
3137 3193 3231 3230 me
3261 3174 3418 3248 (Psal.
3448 3185 3586 3236 tvm,
3613 3168 3698 3236 il).
3720 3184 3739 3219 ι

2209 3263 2446 3321 Peccata
2465 3265 2617 3320 enim
2647 3265 2927 3332 mortalia,
2960 3270 3025 3319 ut
3063 3265 3187 3337 jam
3217 3265 3425 3320 dictum
3451 3268 3545 3327 est,
3572 3263 3741 3314 tanaim

2204 3353 2274 3408 ab
2295 3354 2448 3408 omni
2481 3354 2718 3425 justitiae
2747 3358 2897 3408 sorte
2939 3352 3283 3418 discordant,
3308 3358 3464 3408 tanta
3504 3346 3742 3421 iniquitate

2204 3448 2518 3516 patrantur,
2554 3449 2620 3498 ut
2646 3442 2854 3514 absque
2899 3443 3014 3498 ulla
3063 3443 3498 3498 contradictione
3516 3439 3744 3492 factorem-

2205 3548 2393 3600 suum,
2443 3531 2553 3587 nisi
2597 3533 2967 3604 corrigantur,
3010 3539 3281 3588 aeternam
3329 3533 3570 3602 mergant
3591 3527 3640 3582 in
3661 3537 3742 3598 por

2207 3635 2341 3676 nam
2375 3637 2386 3673 :
2410 3619 2480 3674 de
2508 3619 2768 3691 qualibus
2795 3621 3066 3693 scriptum
3094 3626 3182 3676 est
3214 3640 3226 3675 :
3253 3639 3280 3674 ι
3318 3621 3512 3676 Anima
3531 3629 3743 3690 quaepat-

2207 3708 2434 3775 caverit,
2467 3709 2589 3780 ipsa
2627 3709 2902 3765 morietur
2931 3709 3142 3776 (Ezech.
3191 3726 3339 3775 χχιιι,
3365 3706 3417 3774 4,
3448 3707 3549 3773 20:,
3574 3723 3594 3756 ο
3613 3707 3660 3758 et
3691 3697 3742 3753 de

2209 3796 2469 3871 qualibus
2498 3798 2782 3870 apostolus
2801 3797 2940 3852 dicit
2954 3797 3161 3852 Paulus
3192 3797 3459 3870 quoniam
3482 3815 3505 3846 (ι
3535 3793 3620 3866 qui
3641 3787 3740 3844 talin

2209 3891 2387 3956 agunt
2405 3901 2642 3957 regnum
2660 3885 2764 3942 Dei
2804 3902 2913 3940 non
2933 3893 3352 3958 consequentur
3380 3885 3508 3954 (Gal.
3535 3900 3582 3944 v,
3607 3879 3698 3947 2i).
3717 3895 3738 3927 I

2209 3974 2369 4032 Unde
2398 3979 2456 4030 et
2481 3975 2726 4029 Joannes
2755 3974 3041 4046 apostolus
3075 3991 3088 4030 :
3126 3995 3148 4025 ι
3184 3974 3383 4031 Omnis
3414 3973 3504 4045 qui
3531 3968 3746 4025 natusest

2209 4081 2277 4119 ex
2297 4064 2414 4120 Deo
2433 4079 2544 4118 non
2583 4067 2776 4135 peccat
2805 4064 2859 4132 (Ι
2879 4065 3042 4118 Joan.
3104 4079 3158 4131 v,
3212 4061 3321 4134 i8).
3358 4083 3382 4115 »
3407 4061 3518 4118 Hoc
3544 4059 3606 4114 de
3631 4050 3746 4110 omni

2208 4151 2442 4207 crimine
2462 4150 2689 4222 capitali
2739 4167 3038 4223 possumus
3074 4152 3410 4224 intelligere,
3441 4149 3548 4204 sive
3575 4145 3656 4218 qui
3677 4155 3749 4196 na-

2207 4246 2302 4297 tus
2331 4246 2417 4296 est
2462 4257 2530 4296 ex
2573 4239 2691 4296 Deo
2746 4255 2860 4295 non
2896 4245 3110 4312 peccat,
3159 4240 3219 4294 id
3267 4245 3371 4308 est,
3419 4241 3674 4311 peccatum
3695 4225 3750 4283 ad

2211 4336 2449 4386 mortem
2477 4345 2591 4384 non
2631 4334 2948 4402 perpetrat:
2996 4334 3288 4400 peccatum
3345 4327 3415 4383 ad
3454 4330 3664 4381 mortem
3686 4321 3752 4372 est

526 4419 685 4475 cidae.
723 4439 749 4472 »
783 4419 855 4474 Et
881 4418 1031 4474 inter
1067 4424 1268 4474 caetera
1324 4417 1532 4474 Paulus
1563 4419 1848 4498 apostolus
1878 4419 1938 4473 in
1994 4419 2499 4503 Epi-Dpeccatum
2530 4435 2708 4491 usque
2759 4418 2830 4473 ad
2883 4423 3141 4490 tempora
3179 4418 3380 4474 mortis
3440 4415 3748 4503 protractum

528 4506 1102 4563 stolaadCorinthios
1140 4505 1326 4578 prima
1380 4505 1643 4579 capitalia
1675 4506 1912 4561 crimina
1949 4507 2129 4562 mani-

527 4595 714 4663 festat,
749 4595 940 4652 dicens
972 4615 983 4650 :
1022 4614 1049 4650 c
1079 4595 1285 4663 Nolite,
1319 4595 1520 4667 inquit,
1552 4611 1740 4651 errare
1772 4614 1783 4650 :
1818 4601 2002 4668 neque
2018 4595 2128 4651 for-

527 4683 826 4752 nicatores,
858 4701 1042 4757 neque
1087 4685 1250 4740 idolis
1280 4685 1603 4752 servientes,
1627 4700 1810 4756 neque
1860 4684 2124 4754 adulteri,

527 4790 712 4848 neque
744 4773 958 4841 molles,
972 4790 1156 4846 neque
1192 4773 1571 4828 masculorum
1589 4772 1996 4842 concubitores,
2026 4791 2128 4830 ne-

527 4861 818 4938 qucfures,
841 4878 1024 4935 neque
1069 4861 1241 4929 avari,
1278 4878 1462 4934 neque
1499 4861 1722 4928 ebriosi,
1748 4879 1930 4934 neque
1958 4863 2129 4918 male-

526 4947 656 5022 dici,
689 4968 871 5026 neque
885 4967 1114 5024 rapaces
1129 4966 1364 5022 regnum
1383 4950 1488 5007 Dei
1514 4949 1880 5023 possidebunt
1911 4952 1978 5020 (Ι
2002 4953 2126 5008 Cor.

527 5061 564 5099 ι.
596 5041 674 5114 9),
712 5061 735 5094 ι
769 5041 829 5097 id
859 5045 964 5109 est,
997 5040 1046 5095 si
1087 5040 1146 5096 in
1190 5039 1313 5096 istis
1365 5040 1844 5112 perseveraverint
1883 5039 2134 5095 crimini-

529 5131 653 5188 bus.
687 5131 967 5188 Caeterum
997 5129 1094 5202 qui
1119 5133 1250 5184 ante
1279 5128 1541 5184 ultimum
1595 5129 1764 5202 hujus
1812 5129 1938 5184 vitae
1980 5129 2130 5185 diem

528 5220 857 5278 deleverunt
885 5235 954 5276 ea
981 5218 1323 5292 paenitendo,
1357 5223 1414 5274 et
1453 5218 1827 5292 eleemosynis
1872 5218 2126 5274 redeme-

530 5314 683 5377 runt,
706 5310 842 5365 etin
871 5308 1031 5364 bonis
1059 5307 1323 5380 operibus
1343 5312 1853 5379 perseveraverunt,
1891 5323 2129 5378 regnum

529 5397 632 5455 Dei
681 5398 964 5470 possidere
1009 5413 1174 5470 posse
1219 5397 1518 5465 credimus,
1558 5402 1617 5452 et
1634 5397 2000 5464 aﬂirmamus,
2043 5396 2126 5452 di-

2207 4507 2356 4580 quod
2403 4512 2695 4580 peccatum
2750 4507 2953 4574 omnis,
2991 4507 3090 4578 qui
3131 4512 3302 4562 natus
3329 4511 3418 4562 est
3442 4520 3505 4561 ex
3521 4502 3640 4564 Deo,
3665 4507 3751 4550 non

2207 4601 2418 4669 peccat.
2448 4594 2701 4668 Denique
2727 4595 2902 4651 David
2935 4611 3050 4663 rex,
3073 4597 3312 4651 mortale
3331 4595 3535 4650 crimen
3545 4583 3749 4645 admisit.

2208 4685 2266 4740 id
2293 4691 2381 4741 est
2406 4684 2746 4740 adulterium
2775 4689 2834 4740 et
2851 4683 3240 4751 homicidium,
3265 4683 3361 4740 sed
3385 4687 3562 4738 tamam
3579 4673 3751 4746 quian

2207 4773 2325 4830 Deo
2353 4777 2522 4828 natus
2551 4775 2691 4838 erat,
2723 4775 2782 4827 et
2800 4771 2869 4825 ad
2901 4771 3145 4826 filiorum
3175 4773 3277 4828 Dei
3333 4770 3633 4826 societatem
3655 4773 3750 4832 per-

2207 4861 2443 4928 tinebat,
2493 4877 2604 4916 non
2649 4861 2897 4933 peccavit
2941 4877 3121 4932 usque
3163 4861 3235 4916 ad
3281 4865 3532 4922 mortem,
3553 4852 3667 4926 quia
3681 4845 3748 4903 sui

2209 4957 2402 5008 reatus
2429 4950 2652 5006 veniam
2670 4966 2796 5006 mox
2807 4950 3130 5023 paenitendo
3143 4948 3606 5022 promeruit.Sunt
3627 4937 3746 5023 enim

2211 5039 2470 5113 quedam
2500 5044 2730 5110 peccata
2760 5022 2885 5111 quae
2913 5037 3198 5093 levissima
3235 5039 3574 5110 putarentur,
3601 5024 3688 5082 nisi
3704 5022 3748 5076 in

2213 5127 2516 5189 Scripturis
2526 5127 2947 5183 demonstraren
2955 5130 3050 5182 tur
3061 5125 3326 5198 opinione
3334 5121 3589 5196 graviora
3602 5119 3650 5185 (-1
3661 5113 3746 5180 "9.)

2211 5217 2348 5283 Quis
2387 5216 2540 5270 enim
2585 5215 2861 5272 dicentem
2913 5213 3077 5270 fratri
3104 5230 3230 5282 suo,
3271 5213 3462 5278 Fatue,
3491 5222 3632 5264 reum
3677 5215 3747 5270 89'

2209 5307 2409 5362 hennaa
2438 5309 2667 5378 putaret
2692 5304 2908 5374 (Matth.
2941 5321 2994 5373 v,
3027 5303 3138 5374 22),
3171 5303 3278 5359 nisi
3304 5301 3518 5358 Veritas
3543 5285 3750 5352 diceret?

2206 5397 2321 5452 Aut
2339 5394 2465 5466 quis
2482 5393 2788 5449 aestimaret
2803 5410 2971 5466 quam
2994 5409 3262 5466 magnum
3277 5395 3552 5465 peccatum
3578 5383 3639 5437 sit
3656 5378 3749 5466 dies

530 5463 949 5543 cente-Domino
971 5463 1182 5556 (Afatth.
1207 5503 1260 5555 x,
1293 5487 1384 5556 2‘2)
1407 5505 1420 5542 :
1445 5503 1473 5540 ι
1504 5463 1614 5551 Qui
1650 5491 1839 5540 autem
1873 5503 2131 5558 pcrseve-
2213 5463 2508 5540 observare
2537 5488 2595 5536 et
2615 5463 2837 5537 menses
2865 5487 2923 5538 et
2953 5463 3211 5554 tempora
3237 5463 3296 5537 et
3313 5493 3501 5540 annos,
3524 5474 3648 5528 sicut
3670 5463 3748 5561 οῑξ·

528 5573 740 5632 raverit
764 5590 941 5646 usque
962 5575 1020 5630 in
1033 5577 1222 5641 tinem,
1243 5574 1666 5630 hicsalvuserit.
1703 5593 1726 5626 ι
1763 5575 1950 5645 (Αιιθ.)
1985 5575 2133 5632 Sane
2211 5577 2456 5638 servant,
2488 5571 2585 5643 qui
2601 5571 2768 5625 certis
2805 5570 3004 5627 diebus
3038 5571 3154 5626 sive
3175 5567 3468 5630 mensibus,
3491 5563 3594 5618 sive
3617 5565 3744 5611 annis

530 5661 840 5722 cavendum
863 5667 951 5718 est
985 5677 1059 5719 ne
1075 5663 1374 5737 quisquam
1405 5663 1688 5721 existimet
1723 5664 1993 5722 nefanda
2035 5663 2134 5720 illa
2211 5663 2408 5721 volunt
2434 5660 2521 5718 vel
2540 5659 2741 5718 nolunt
2788 5658 3003 5735 aliquid
3029 5661 3311 5726 inchoare,
3340 5671 3406 5713 eo
3429 5649 3564 5728 quod
3581 5656 3741 5704 secun'
