3892 6150
143 362 298 420 1341

1105 363 1200 418 DE
1236 363 1454 419 VITIIS
1491 362 1580 419 ET
1618 362 2067 420 VIRTUTIBUS.
2107 394 2170 405 —
2208 364 2344 420 LIB.
2378 363 2477 421 ΠΙ.

3300 359 3437 420 1342

142 489 298 544 dum
327 503 497 542 vanas
530 487 814 542 doctrinas
842 487 1136 543 hominum
1168 487 1352 542 fausta
1379 487 1464 542 vel
1512 487 1818 548 infaustaA
1842 493 1938 542 tur
1963 504 2085 543 esse
2113 487 2436 559 injuriosus,
2465 489 2769 544 maledicus
2797 495 2902 556 est,
2935 495 3001 546 ut
3027 487 3165 544 illud
3193 488 3264 544 de
3293 503 3436 542 caeco

141 578 443 632 aestiment
486 582 762 646 tempora,
810 577 918 630 nisi
959 576 1404 646 magnitudinem
1437 593 1504 630 ex
1559 577 1760 631 timore

137 665 410 738 Apostoli
444 681 809 736 pensaremus
843 666 1066 736 quando
1087 665 1168 718 ait
1200 684 1210 718 :
1257 684 1283 715 α
1307 665 1499 719 Timeo
1533 682 1648 732 vos,
1690 681 1760 720 ne

139 755 300 809 forte
322 755 444 808 sine
467 770 635 808 causa
654 754 1023 808 laboraverim
1038 753 1417 820 invobis(Gal.
1452 771 1519 820 Iv,
1563 753 1688 822 1|)?
1731 773 1755 805 »

141 843 317 915 Saepe
350 844 498 898 enim
532 844 786 914 quaedam
805 849 1034 914 peccata
1052 859 1256 913 magna
1267 849 1325 896 et
1344 843 1624 897 horrenda
1633 860 1759 899 cum

138 933 205 988 in
239 933 708 987 consuetudinem
739 937 1014 986 venerunt
1032 937 1131 986 aut
1153 949 1322 1004 parva
1343 937 1442 986 aut
1458 933 1614 986 nulla
1639 950 1760 988 esse

138 1023 483 1087 creduntur,
513 1039 692 1092 usque
725 1023 864 1075 adeo
893 1039 1006 1076 non
1033 1022 1212 1076 solum
1255 1038 1367 1075 non
1409 1023 1756 1089 occultanda,

139 1128 352 1166 verum
391 1111 563 1165 etiam
612 1111 986 1181 praedicanda,
1047 1111 1391 1166 diffamanda
1441 1111 1754 1177 videantur,

141 1200 400 1271 quando,
438 1199 583 1254 sicut
613 1200 884 1271 scriptum
915 1205 1017 1264 est,
1057 1217 1084 1252 ι
1111 1200 1403 1254 Laudatur
1423 1206 1680 1270 peccator
1700 1200 1756 1254 in

139 1289 452 1360 desideriis
477 1289 678 1343 animae
708 1306 841 1354 suae,
868 1295 925 1342 et
972 1289 1067 1360 qui
1098 1289 1294 1360 iniqua
1340 1289 1488 1358 gerit
1531 1288 1756 1343 benedi-

139 1378 497 1450 cetur(Psal.
522 1392 576 1443 Χ,
601 1377 672 1449 2).
710 1396 735 1430 ι
775 1378 924 1432 Talis
959 1378 1017 1430 in
1064 1377 1266 1431 divinis
1308 1377 1608 1448 Scripturis
1647 1378 1754 1432 ini-

141 1468 343 1538 quitas
373 1468 585 1521 clamor
617 1473 861 1520 vocatur.
894 1467 1054 1522 Unde
1083 1472 1168 1520 est
1205 1466 1342 1520 illud
1385 1467 1445 1520 in
1491 1466 1695 1522 Genesi
1739 1485 1750 1520 :

144 1575 174 1609 ι
210 1557 450 1611 Clamor
478 1556 848 1611 Sodomorum
883 1562 939 1609 et
981 1556 1306 1610 Gomorrhm
1353 1557 1759 1626 multiplicatus

141 1651 234 1700 est
259 1646 419 1712 (Gen.
443 1660 586 1710 xvm,
616 1644 728 1714 20),
759 1664 783 1697 »
811 1645 944 1716 quia
973 1661 1085 1699 non
1115 1645 1297 1698 solum
1319 1646 1439 1716 jam
1470 1646 1618 1716 apud
1666 1663 1761 1700 eos

142 1751 262 1789 non
292 1734 679 1805 puniebantur
699 1735 794 1787 illa
823 1734 1055 1804 ﬂagitia,
1092 1751 1284 1788 verum
1331 1739 1388 1788 et
1418 1734 1635 1805 publice
1667 1753 1760 1789 ve-

1846 578 2021 647 (Joan.
2048 580 2124 647 xx)
2149 595 2159 629 :
2189 595 2214 628 «
2237 577 2645 633 Maledixerunt
2684 580 2843 634 illum
2870 578 3066 644 Judaei,
3091 583 3150 632 et
3176 576 3440 648 dixerunt

1843 665 1892 719 ei
1927 683 1937 718 :
1971 665 2054 720 Tu
2084 665 2390 737 discipulus
2416 666 2566 722 illius
2594 667 2688 722 sis.
2729 687 2755 721 »
2793 670 3097 737 (Basilius)
3149 669 3264 722 Aut
3311 667 3438 736 quis

1842 754 2096 808 crederet
2127 755 2413 809 tristitiam
2458 758 2645 810 saeculi
2689 757 3039 811 mortiferum
3091 773 3210 811 esse
3251 772 3439 826 pecca-

1841 847 1984 909 tum,
2015 843 2123 897 nisi
2151 844 2357 898 Paulus
2389 846 2674 916 apostolus
2706 846 2918 900 diceret
2950 864 2961 899 :
2995 866 3018 899 ι
3049 845 3305 900 Tristitia
3331 862 3438 899 sae-

1842 932 1951 986 culi
1998 939 2238 986 mortem
2288 939 2552 1004 operatur
2582 936 2661 1002 (Il
2689 937 2809 989 Cor.
2845 936 2895 1002 7,
2933 934 3064 1001 ‘10)?
3116 952 3143 988 ι
3188 933 3440 990 Tristitia

1842 1021 2027 1076 saeculi
2059 1028 2144 1074 est
2163 1038 2288 1075 cum
2317 1022 2528 1092 aliquid
2561 1023 2630 1077 de
2677 1023 2843 1078 rebus
2889 1023 3151 1078 humanis
3198 1023 3285 1077 vel
3315 1040 3438 1093 qua

1841 1111 1911 1164 ad
1943 1111 2208 1165 saeculum
2239 1110 2524 1181 pertinent
2552 1113 2969 1167 contristamur.
3009 1113 3264 1168 Tristitia
3308 1127 3438 1167 vero

1840 1200 2147 1255 secundum
2180 1201 2358 1255 Deum
2390 1207 2492 1266 est,
2525 1218 2650 1255 cum
2673 1219 2772 1273 pro
2801 1201 3007 1257 nostris
3033 1202 3440 1274 proximorum-

1837 1305 1946 1360 que
1993 1289 2271 1343 erratibus
2313 1289 2626 1356 tristamur,
2658 1291 2728 1344 de
2759 1308 2870 1362 qua
2915 1291 3066 1345 idem
3116 1290 3255 1345 dicit
3280 1291 3433 1361 Apo-

1838 1379 2015 1433 stolus
2062 1398 2072 1432 :
2128 1399 2147 1428 ο
2179 1379 2433 1433 Tristitia
2461 1379 2767 1434 secundum
2797 1381 2976 1434 Deum
3002 1381 3239 1434 salutem
3269 1379 3439 1433 stabi-

1838 1467 1949 1522 lem
1979 1473 2245 1538 operatur
2277 1469 2486 1537 (lbz’d.).
2526 1489 2550 1519 »
2584 1469 2728 1522 Sunt
2757 1474 2815 1523 et
2839 1469 2952 1522 alia
2990 1468 3181 1538 gravia
3211 1472 3440 1539 peccata

1843 1557 2086 1626 plurima
2115 1557 2183 1610 de
2212 1556 2414 1626 quibus
2446 1574 2546 1628 per
2572 1557 2822 1612 diversas
2850 1562 3170 1612 sanctarum
3196 1557 3442 1628 Scriptu-

1841 1662 2034 1704 rarum
2083 1645 2315 1716 paginas
2363 1647 2645 1702 studiosus
2681 1648 2874 1714 lector,
2921 1647 3056 1700 licet
3101 1646 3356 1717 sparsim,
3391 1646 3441 1700 si

1843 1735 2015 1805 cupit,
2049 1734 2295 1788 inveniet
2325 1736 2518 1802 multa,
2553 1753 2674 1806 quae
2705 1753 2832 1790 cum
2869 1736 2928 1790 in
2977 1734 3442 1790 consuetudinem

143 1824 254 1878 luti
284 1825 414 1893 lege
445 1823 964 1895 frequentabantur,
992 1823 1142 1877 unde
1170 1824 1439 1894 scriptum
1471 1829 1557 1878 est
1589 1844 1599 1877 :
1642 1843 1665 1874 «
1693 1810 1819 1879 EtB
1843 1824 2091 1890 veniunt,
2122 1829 2186 1878 ut
2212 1841 2383 1895 supra
2406 1825 2673 1895 scriptum
2705 1829 2808 1891 est,
2843 1830 2943 1879 aut
2961 1842 3130 1896 parva
3159 1830 3258 1879 aut
3286 1823 3444 1878 nulla

144 1919 453 1985 peccatum
485 1929 648 1967 suum
680 1912 838 1983 quasi
889 1913 1129 1966 Sodoma
1166 1913 1624 1982 praedicaverunt,
1659 1929 1762 1967 nec

147 2002 581 2057 absconderunt
619 2002 756 2056 illud
792 2003 925 2072 (Isa.
975 2019 1048 2067 IlI,
1098 2000 1175 2070 9).
1211 2021 1236 2053 )›
1299 2003 1395 2055 Est
1450 2002 1600 2056 enim
1657 2003 1761 2057 hoc

142 2098 450 2163 peccatum
477 2091 891 2162 gravissimum,
928 2091 1076 2162 quod
1107 2107 1219 2144 non
1259 2091 1441 2144 solum
1483 2107 1614 2145 suos
1657 2108 1759 2145 au-

143 2186 358 2247 ctores,
391 2197 587 2234 verum
618 2180 786 2234 etiam
817 2185 873 2234 et
902 2197 996 2234 eos
1030 2196 1168 2251 quos
1199 2179 1502 2234 mortiferis
1543 2197 1758 2234 sermo-

141 2269 316 2324 nibus
365 2276 424 2324 et
471 2269 687 2323 actibus
729 2269 798 2322 ad
848 2269 1192 2340 peccandum
1234 2269 1531 2339 pertrahit,
1565 2286 1759 2340 perpe-

138 2366 308 2414 tuam
342 2359 597 2430 perducit
629 2359 698 2412 ad
724 2374 966 2429 poenam.
1002 2357 1142 2412 Cum
1174 2357 1323 2411 enim
1373 2358 1476 2412 hoc
1527 2364 1584 2411 et
1627 2358 1757 2412 huic

137 2449 336 2503 simile
365 2449 604 2520 quisque
647 2452 950 2520 perpetrat,
983 2452 1068 2527 tot
1105 2447 1377 2502 mortibus
1423 2447 1625 2518 dignus
1673 2453 1757 2502 est

137 2544 286 2608 quot
333 2537 402 2591 ad
451 2543 680 2592 caeteros
727 2536 1056 2607 perditionis
1109 2537 1362 2608 exempla
1403 2537 1753 2592 transmittit.

138 2627 335 2683 Nemo
351 2627 559 2680 etenim
579 2631 696 2681 tam
715 2641 982 2696 magnum
1002 2629 1228 2696 putaret
1248 2625 1755 2696 concupiscentiam

141 2716 407 2770 libidinis
449 2731 570 2769 esse
624 2720 933 2786 peccatum,
990 2713 1096 2768 nisi
1151 2714 1423 2768 Dominus
1479 2714 1691 2769 diceret
1739 2733 1750 2770 :

146 2825 170 2858 ι
205 2804 332 2868 Qui
377 2804 579 2858 viderit
615 2803 908 2857 mulierem
953 2803 1022 2856 ad
1069 2803 1571 2874 concupiscendum
1610 2821 1752 2869 eam,

136 2894 260 2964 jam
281 2894 602 2947 moechatus
620 2897 841 2947 esteam
854 2893 911 2946 in
923 2892 1089 2946 corde
1110 2898 1210 2946 Suo
1231 2893 1444 2960 (Matth.
1488 2909 1541 2958 v,
1575 2891 1686 2968 ς28).
1727 2911 1752 2943 »

143 2982 288 3048 Quis
325 2983 533 3036 etenim
561 2987 679 3036 tam
705 2981 918 3051 grande
948 2985 1173 3052 putaret
1199 2997 1320 3034 esse
1346 2985 1634 3051 peccatum
1665 2981 1753 3034 in-

145 3071 376 3126 utiliter
406 3086 690 3124 reservare
715 3068 954 3135 divitias,
985 3068 1094 3122 nisi
1109 3067 1348 3122 Jacobus
1378 3068 1588 3122 diceret
1615 3085 1753 3139 apo-

1844 1930 1964 1968 esse
1993 1913 2318 1967 creduntur.
2353 1913 2510 1968 Unde
2541 1913 2885 1967 clarissimus
2915 1914 3110 1968 doctor
3154 1914 3210 1968 S.
3244 1915 3441 1984 Augu-

1843 2003 2024 2056 stinus
2066 2002 2359 2074 episcopus
2408 2002 2481 2076 in.
2509 2003 2852 2073 expositione
2882 2002 3141 2073 Epistolze
3188 2003 3244 2057 S.
3279 2002 3441 2056 Pauli

1842 2092 1912 2145 ad
1933 2091 2180 2158 Galatas,
2211 2108 2339 2145 cum
2367 2092 2557 2145 dolore
2588 2091 2760 2145 nimio
2785 2091 3098 2145 exclamare
3119 2079 3441 2161 compulsus

1840 2187 1946 2246 est,
1997 2180 2186 2235 dicens
2233 2199 2244 2234 :
2305 2180 2401 2236 Vae
2459 2180 2699 2252 peccatis
2753 2180 3064 2246 hominum,
3124 2197 3246 2250 quae
3321 2180 3442 2234 sola

1840 2269 2112 2324 inusitata
2151 2270 2616 2335 exhorrescimus,
2657 2269 2869 2323 usitata
2909 2285 3038 2323 vero
3089 2285 3189 2340 pro
3237 2268 3440 2339 quibus

1841 2358 2132 2414 abluendis
2180 2358 2306 2413 Filii
2352 2359 2454 2413 Dei
2502 2357 2730 2428 sanguis
2786 2358 2995 2412 effusus
3041 2362 3143 2424 est,
3187 2357 3442 2428 quamvis

1841 2453 1958 2501 tam
2015 2464 2222 2518 magna
2265 2447 2379 2501 sint
2424 2453 2487 2501 ut
2529 2447 2758 2516 omnino
2809 2446 2990 2501 claudi
3021 2451 3210 2501 contra
3257 2464 3317 2500 se
3356 2445 3440 2500 fa-

1839 2536 1992 2590 ciant
2037 2552 2276 2606 regnum
2325 2536 2446 2602 Dei,
2493 2553 2638 2606 szepe
2683 2536 2915 2589 vivendo
2947 2535 3136 2590 omnia
3176 2535 3439 2602 tolerare,

1840 2641 1985 2695 saepe
2034 2625 2328 2679 tolerando
2376 2625 2649 2679 nonnulla
2691 2624 2861 2679 etiam
2904 2625 3086 2680 facere
3132 2623 3386 2694 cogimur
3424 2642 3438 2692 ;

1839 2720 2007 2785 atque
2072 2714 2318 2779 utinam,
2381 2731 2413 2768 ο
2467 2714 2724 2782 Domine,
2771 2730 2883 2768 non
2929 2713 3120 2768 omnia
3171 2731 3292 2783 quae
3348 2730 3442 2783 po-

1841 2803 2118 2857 tuerimus
2170 2803 2471 2874 prohibere
2537 2802 2849 2858 faciamus?
2905 2803 3239 2857 Nullatenus
3289 2801 3443 2857 enim

1843 2891 1912 2946 de
1957 2891 2091 2962 ipsis
2135 2891 2486 2957 criminibus,
2521 2892 2830 2963 quamlibet
2871 2892 3110 2961 magnis,
3143 2891 3202 2945 in
3248 2897 3442 2945 sancta

1844 2981 2088 3034 Ecclesia
2133 2981 2488 3034 remittendis
2527 2981 2628 3034 Dei
2665 2980 3048 3034 misericordia
3094 2980 3446 3050 desperanda

1839 3075 1926 3123 est
1956 3069 2252 3140 agentibus
2305 3070 2694 3141 ptenitentiam
2736 3069 3042 3124 secundum
3074 3070 3304 3124 modum
3343 3087 3444 3124 cu-

145 3160 338 3216 stolus
389 3160 525 3226 (Jac.
568 3174 620 3224 v,
670 3157 712 3225 i)
748 3176 759 3211 :
799 3176 822 3209 ε
872 3157 1038 3228 Agite
1069 3174 1235 3222 nunc,
1287 3157 1505 3222 divites,
1540 3137 1814 3227 pler—ateC
1837 3137 2045 3229 jusque
2093 3137 2325 3229 peccati:
2361 3159 2426 3214 In
2475 3159 2694 3212 actione
2741 3163 2929 3212 autem
2977 3158 3318 3228 paenitentiae
3346 3158 3441 3212 ubi

146 3249 444 3305 ululantes
473 3248 531 3301 in
557 3247 796 3302 miseriis
825 3263 949 3318 quae
978 3247 1276 3300 advenient
1311 3245 1506 3300 vobis?
1539 3247 1754 3301 Aurum

145 3325 202 3393 et
231 3343 546 3407 argentum
577 3342 822 3390 vestrum
853 3335 1201 3405 aeruginavit,
1235 3340 1291 3388 et
1326 3351 1514 3405 aerugo
1561 3351 1755 3389 eorum

145 3426 203 3481 in
246 3425 648 3480 testimonium
691 3425 845 3478 vobis
893 3425 1016 3489 erit,
1052 3431 1107 3478 et
1159 3423 1519 3477 manducabit
1565 3440 1761 3477 carnes

144 3520 373 3570 vestras
405 3514 548 3568 sicut
575 3514 740 3584 ignis.
779 3533 802 3564 ι
836 3510 1038 3583 (G-reg.)
1067 3512 1240 3566 Valde
1271 3513 1476 3566 etenim
1507 3519 1758 3584 peccant,

151 3606 248 3676 qui
308 3602 542 3657 verbum
593 3619 760 3656 sacrae
807 3602 1216 3673 praedicationis
1259 3601 1475 3655 utiliter
1515 3602 1762 3672 proferre

149 3697 416 3765 possunt,
450 3698 507 3746 et
543 3697 731 3746 tamen
775 3691 878 3745 sub
926 3691 1148 3745 silentio
1197 3690 1565 3744 abscondunt.
1604 3691 1763 3746 Unde

151 3798 254 3854 per
289 3781 653 3836 Salomonem
683 3781 890 3835 dicitur
921 3799 937 3834 :
973 3798 999 3831 (ι
1031 3779 1138 3844 Qui
1167 3778 1457 3833 abscondit
1481 3779 1766 3836 frumenta

137 3869 522 3932 ,maledicitur
559 3869 616 3922 in
661 3869 881 3940 p0pulis
913 3869 1090 3936 (Prov.
1127 3885 1197 3928 x1,
1249 3866 1337 3929 26)
1375 3886 1385 3920 :
1423 3887 1448 3919 »
1479 3869 1762 3923 frumenta

153 3962 372 4032 quippe
405 3957 742 4012 abscondere
785 3964 869 4011 est
908 3956 1317 4028 praedicationis
1362 3962 1566 4011 sancta:
1611 3958 1762 4028 apud

151 4065 211 4104 se
241 4047 426 4104 verba
455 4047 714 4101 retinere.
748 4047 812 4102 In
863 4046 1082 4117 populis
1122 4051 1312 4100 autem
1356 4046 1484 4100 talis
1524 4046 1763 4117 quisque

151 4137 542 4202 maledicitur,
577 4136 710 4206 quia
738 4136 795 4188 in
825 4135 996 4189 solius
1025 4135 1191 4204 culpa
1219 4135 1427 4188 silentii
1452 4136 1762 4204 permulto-

153 4243 308 4292 rum,
337 4243 482 4297 quos
510 4225 787 4295 corrigere
809 4225 1008 4295 potuit,
1042 4239 1208 4294 poena
1233 4225 1553 4279 damnatur.
1585 4224 1763 4280 Nemo

154 4318 309 4372 enim
341 4330 661 4369 sermonem
693 4313 1100 4368 maledictionis
1136 4313 1370 4367 forsitan
1400 4312 1604 4383 aliquis
1645 4318 1763 4367 tam

157 4406 492 4460 horrificum
528 4408 754 4475 putaret
781 4418 903 4456 esse
950 4407 1260 4472 peccatum,
1293 4402 1545 4472 quamvis
1591 4407 1765 4456 secta-

1838 3248 1953 3301 tale
1998 3247 2360 3301 commissum
2405 3253 2490 3301 est
2527 3255 2591 3302 ut
2638 3247 2685 3300 is
2716 3248 2811 3318 qui
2843 3247 3126 3301 commisit
3151 3265 3186 3300 a
3232 3247 3441 3302 Christi

1841 3337 2012 3391 etiam
2043 3353 2274 3407 corpore
2305 3341 2614 3407 separetur,
2651 3352 2761 3390 non
2791 3342 2908 3390 tam
2929 3335 3334 3391 consideranda
3354 3342 3442 3391 est

1844 3442 2107 3479 mensura
2138 3426 2408 3495 temporis
2439 3441 2608 3494 quam
2629 3424 2856 3491 doloris,
2893 3441 2918 3475 ((
2951 3423 3061 3478 Cor
3113 3425 3264 3479 enim
3311 3441 3440 3478 con-

1844 3514 2043 3568 tritum
2067 3519 2124 3566 et
2137 3512 2496 3567 humiliatum
2517 3513 2665 3566 Deus
2678 3529 2790 3566 non
2802 3511 3018 3582 spernit
3043 3514 3188 3576 (Psal
3197 3553 3208 3565 .
3226 3512 3438 3582 1419).)

1845 3602 2053 3656 Verum
2085 3603 2233 3672 quod
2253 3602 2583 3672 plerumque
2614 3601 2772 3654 dolor
2787 3601 3018 3654 alterius
3053 3601 3235 3655 cordis
3263 3602 3443 3656 occul—

1846 3697 1936 3746 tus
1963 3696 2048 3744 est
2076 3690 2256 3753 alteri,
2292 3706 2392 3744 nec
2416 3691 2473 3743 in
2501 3689 2739 3742 aliorum
2769 3689 3028 3743 notitiam
3050 3706 3150 3759 per
3169 3689 3336 3744 verba
3355 3689 3440 3746 vel

1847 3796 2192 3851 quaecunque
2221 3779 2334 3832 alia
2367 3779 2530 3849 signa
2560 3778 2826 3848 procedit,
2859 3794 2986 3831 cum
3025 3778 3098 3832 sit
3125 3794 3312 3832 coram
3344 3779 3441 3833 illo

1845 3870 1933 3923 cui
1966 3868 2172 3923 dicitur
2206 3886 2217 3922 :
2257 3887 2278 3919 ι
2309 3867 2565 3922 Gemitus
2596 3883 2754 3921 meus
2780 3884 2813 3920 a
2840 3872 2897 3920 te
2917 3883 3027 3920 non
3049 3872 3135 3920 est
3151 3867 3441 3922 abscondi-

1843 3963 1935 4011 tus
1955 3959 2119 4025 (Psal.
2146 3973 2348 4020 xxxv“,
2374 3957 2482 4024 10),
2512 3975 2533 4006 ι
2558 3960 2709 4009 recte
2730 3955 3228 4010 constituunturab
3245 3957 3331 4010 his
3343 3957 3447 4030 qui.

1844 4045 2103 4102 Ecclesiis
2134 4051 2383 4116 praesunt
2413 4051 2670 4117 tempora
2699 4045 3057 4116 poenitentiae,
3092 4051 3156 4100 ut
3203 4045 3462 4102 satisfiat

1845 4135 2017 4190 etiam
2046 4135 2321 4199 Ecclesiae,
2353 4134 2411 4188 in
2435 4151 2546 4204 qua
2575 4134 2941 4189 remittuntur
2958 4135 3080 4205 ipsa
3101 4142 3442 4206 peccata,ex-

1845 4229 1934 4278 tra
1961 4240 2084 4278 eam
2116 4223 2321 4294 quippe
2352 4240 2461 4278 non
2485 4224 2854 4278 remittuntur
2885 4223 3002 4278 :cui
3027 4240 3159 4293 ergo
3179 4230 3337 4277 tanta
3357 4229 3444 4278 est

1844 4313 2003 4384 lepra
2021 4313 2292 4383 gravioris
2316 4313 2546 4384 peccati,
2579 4319 2642 4367 ut
2671 4330 2704 4366 a
2732 4312 3098 4367 saluberrimo
3119 4313 3367 4383 corporis
3383 4317 3442 4367 et

1846 4402 2138 4472 sanguinis
2153 4401 2375 4456 Domini
2396 4402 2804 4455 medicamento
2825 4418 2937 4455 non
2958 4401 3165 4467 animo,
3191 4401 3288 4455 sed
3315 4418 3440 4456 cor-

154 4501 312 4549 tores
340 4510 475 4548 suos
504 4509 538 4547 a
571 4493 673 4546 Dei
699 4495 923 4562 separat
949 4507 1141 4560 regno,
1175 4490 1284 4543 nisi
1313 4491 1520 4544 Paulus
1550 4491 1823 4552 diceretD
1842 4507 1976 4562 pore
1990 4495 2303 4561 separetur,
2326 4490 2556 4543 consilio
2570 4494 2628 4542 et
2645 4489 2976 4543 auctoritate
2989 4489 3257 4544 antistitis
3273 4489 3440 4545 debet
3469 4564 3472 4566 η

156 4582 451 4654 apostolus
485 4599 496 4634 :
530 4599 555 4632 α
585 4581 782 4651 Neque
811 4579 1069 4634 maledici
1099 4595 1335 4649 regnum
1366 4579 1469 4634 Dei
1514 4580 1763 4650 posside-

153 4671 304 4726 bunt
328 4673 384 4740 (Ι
410 4672 532 4728 σον.
565 4671 658 4740 v1).
697 4689 720 4720 ι
773 4669 870 4724 Est
918 4668 1068 4723 enim
1107 4684 1278 4723 causa
1317 4667 1559 4723 levitatis
1595 4669 1766 4723 usita-

154 4759 445 4818 ﬁssimum
473 4765 530 4814 et
556 4758 948 4829 gravissimum
979 4762 1289 4829 peccatum,
1323 4762 1380 4811 et
1411 4773 1552 4828 pene
1575 4757 1764 4812 nullus

158 4856 246 4906 est
275 4850 377 4921 qui
402 4853 560 4904 tanto
589 4847 996 4902 immanissimo
1025 4847 1234 4901 scelere
1262 4845 1514 4917 linguam
1535 4846 1763 4900 restrin-

157 4946 258 5010 gat
306 4955 492 5005 suam,
523 4953 706 5008 neque
749 4936 921 5004 dives,
956 4952 1139 5007 neque
1169 4951 1401 5006 pauper,
1431 4952 1612 5007 neque
1659 4952 1762 4990 no-

159 5028 312 5093 bilis,
347 5043 528 5099 neque
557 5026 797 5098 sapiens,
832 5042 1014 5096 neque
1047 5024 1338 5096 insipiens,
1372 5041 1553 5096 neque
1598 5026 1762 5080 cleri-

157 5132 278 5183 cus,
312 5132 498 5188 neque
528 5115 724 5182 laicus,
757 5130 941 5186 neque
969 5130 1155 5181 senex,
1179 5131 1361 5186 neque
1400 5115 1637 5184 juvenis,
1670 5130 1765 5171 ne-

159 5223 271 5280 que
325 5205 628 5271 masculus,
660 5220 844 5276 neque
887 5203 1113 5270 femina,
1162 5220 1344 5275 neque
1383 5204 1543 5270 liber,
1585 5221 1766 5276 neque

158 5311 359 5352 servus
383 5313 397 5362 ;
429 5299 487 5349 et
512 5310 626 5349 non
656 5295 837 5350 solum
867 5299 954 5349 est
980 5292 1287 5348 maledicus
1316 5310 1502 5348 sermo
1533 5293 1628 5364 qui
1677 5293 1765 5347 di-

159 5385 309 5441 citur
339 5404 351 5439 :
384 5383 684 5440 Maledicat
710 5383 868 5438 illum
896 5381 1189 5448 Dominus,
1222 5387 1321 5438 aut
1358 5382 1653 5437 maledicte
1681 5382 1767 5438 fac

160 5475 268 5531 hoc
294 5478 396 5530 aut
421 5473 580 5539 illud,
613 5477 712 5527 aut
739 5471 1072 5527 maledictus
1097 5471 1203 5536 sit;
1247 5472 1345 5528 sed
1373 5471 1545 5527 etiam
1578 5471 1762 5526 omnis

163 5579 351 5619 sermo
374 5563 469 5636 qui
485 5561 556 5616 ab
578 5562 681 5616 hoc
713 5561 995 5632 profertur
1014 5566 1079 5617 ut
1105 5560 1341 5616 infamet
1368 5561 1631 5631 aliquem,
1663 5565 1765 5616 aut

165 5653 400 5725 deroget
413 5639 526 5707 'aut
551 5651 698 5708 male
721 5651 1096 5708 commendet.
1127 5649 1393 5715 Quamvis
1432 5666 1543 5706 non
1573 5649 1760 5708 videa-

1846 4596 1907 4634 se
1934 4578 2003 4633 ab
2033 4577 2231 4632 altario
2260 4585 2317 4632 et
2342 4577 2733 4632 communione
2759 4594 2964 4633 mensae
2989 4578 3296 4633 Dominicze
3325 4595 3439 4634 non

1844 4667 2233 4739 desperatione
2262 4667 2359 4720 sed
2387 4667 2704 4721 humilitate
2734 4683 3018 4721 removere
3048 4667 3119 4721 ad
3163 4668 3440 4738 agendam

1845 4755 2236 4812 satisfactionis
2263 4755 2736 4826 poenitentiam,et
2757 4756 3114 4826 postmodum
3132 4757 3439 4811 secundum

1843 4845 2170 4901 canonicam
2193 4845 2607 4899 institutionem
2637 4844 2971 4900 auctoritate
2989 4851 3046 4899 et
3065 4846 3318 4900 oratione
3345 4861 3438 4900 sap

1843 4935 2082 4990 cerdotis
2110 4933 2479 4989 reconciliari.
2514 4933 2678 4988 Prius
2709 4933 2861 4988 enim
2891 4934 3108 5004 agenda
3137 4939 3224 4988 est
3259 4933 3439 5004 poeni-

1843 5024 2040 5090 tentia,
2071 5041 2136 5079 ac
2162 5024 2241 5079 sic
2268 5023 2470 5078 deinde
2499 5023 2603 5078 hoc
2632 5021 2980 5077 salutiferum
3024 5028 3439 5078 sacramentum

1845 5113 2263 5184 suscipiendum
2297 5131 2309 5167 :
2350 5134 2378 5166 ι
2403 5112 2511 5176 Qui
2543 5112 2694 5168 enim
2721 5111 3143 5167 manducaverit
3186 5111 3436 5182 indigne,

1841 5203 2116 5275 judicium
2144 5201 2252 5258 sibi
2279 5202 2584 5256 manducet
2613 5207 2670 5256 et
2708 5200 2848 5255 bibit
2890 5203 2942 5269 (Ι
2975 5201 3096 5256 Cor.
3136 5215 3210 5267 xl,
3259 5199 3371 5269 29),
3409 5221 3434 5254 ι

1848 5293 1952 5348 hoc
1981 5296 2068 5347 est
2090 5291 2239 5348 enim
2282 5291 2512 5361 indigne
2538 5290 2806 5362 accipere,
2837 5289 2885 5344 si
2931 5305 2997 5344 eo
3030 5293 3283 5360 tempore
3311 5290 3439 5362 quis

1848 5382 2102 5454 accipiat,
2137 5397 2246 5451 quo
2279 5380 2444 5435 debet
2474 5395 2640 5450 agere
2665 5379 3076 5450 paenitentiam.
3105 5377 3341 5449 (Prosp.)
3367 5380 3442 5434 At

1844 5471 1890 5526 si
1920 5471 2017 5542 qui
2041 5470 2097 5524 in
2120 5469 2309 5542 aliquo
2321 5468 2500 5540 gradu
2514 5467 2887 5522 ecclesiastico
2908 5467 3200 5522 constituti
3215 5468 3440 5540 aliquod

1845 5561 2055 5617 occulte
2084 5560 2296 5615 crimen
2324 5557 2650 5623 admittunt,
2685 5558 2794 5629 ipsi
2820 5575 2878 5611 se
2909 5573 3050 5612 vana
3079 5558 3441 5629 persuasione

1845 5649 2149 5722 decipiunt,
2183 5649 2229 5702 si
2263 5647 2342 5703 eis
2366 5646 2588 5703 videtur
2615 5642 2915 5719 preptere'a
2942 5647 3356 5704 communicare
3384 5653 3440 5705 et
3479 5639 3484 5644 ’
