3982 6158
503 260 639 318 1343
1093 265 1158 322 Β.
1200 265 1472 322 RABANI
1509 263 1742 321 MAURI
1789 263 2126 320 ARCIIIEP.
2165 263 2491 322 MOGUNT.
2533 262 2830 320 OPERUM
2866 262 3050 320 PARS
3085 265 3180 322 III.
3585 269 3694 328 1344

499 385 747 444 officium
773 403 943 444 suum
962 389 1195 460 implere
1215 387 1436 455 debere,
1466 387 1615 462 quod
1636 388 1892 444 homines
1911 389 2090 444 occul-
2110 391 2158 450 A
2171 389 2426 461 urgentis
2445 388 2717 444 instantia
2733 387 3055 460 praesidium
3077 389 3404 460 poenitentiae
3426 397 3598 449 etmox
3625 411 3697 451 re-

501 476 715 532 tatione
742 465 833 532 sui
859 477 1111 532 criminis
1129 477 1366 549 ’fallunt;
1401 479 1498 550 qui
1520 483 1708 533 autem
1729 479 2096 534 eacommise-
2176 477 2914 550 conciliationisimplorant,
2941 493 3043 533 nec
3061 477 3354 535 satisfactio
3372 479 3699 538 interdicenda

497 564 630 632 rint,
659 569 718 621 et
745 565 868 621 ideo
901 566 1138 638 prodere
1167 572 1444 634 metuunt,
1476 583 1548 621 ne
1575 567 1911 622 sententiam
1928 569 2097 638 justaa
2177 573 2264 623 est
2291 584 2394 623 nec
2418 567 2796 622 reconciliatio
2823 567 3170 638 deneganda,
3203 569 3332 640 quia
3365 570 3702 629 misericordia

498 655 1092 711 excommunicationis
1120 656 1416 728 accipiant,
1449 656 1570 711 sine
1592 672 1761 711 causa
1789 656 2098 712 communi—
2177 655 2278 713 Dei
2299 672 2402 712 nec
2422 672 2716 711 mensuras
2727 673 3026 728 possumus
3038 660 3702 730 ponerenectemporadeﬁ-

498 747 648 810 cant,
675 743 790 799 imo
819 761 950 800 vero
979 745 1278 817 dupliciter
1303 750 1499 800 contra
1524 761 1584 800 se
1611 745 1754 800 iram
1779 745 1978 800 divinae
2002 746 2091 800 in-
2178 745 2320 813 nire,
2335 745 2485 818 apud
2501 761 2671 818 quem
2682 745 2867 802 nullas
2889 746 3105 817 patitur
3123 746 3311 800 venire
3334 763 3502 801 moras
3524 764 3704 805 conver-

499 831 840 902 dignationis
873 825 1231 906 exaggerant,
1263 835 1410 907 quod
1430 839 1488 889 et
1505 835 1812 892 honoribus
1838 835 2098 890 innocen-
2177 835 2280 890 sio.
2306 835 2558 905 (ϐοήσει.)
2583 833 2899 890 Clementia
2915 834 3066 890 enim
3091 834 3192 890 Dei
3221 835 3292 890 ad
3326 834 3702 893 subveniendum

499 919 640 977 tiam
671 922 910 994 ﬁngunt,
945 928 1002 978 et
1029 928 1350 996 contempto
1378 923 1480 978 Dei
1503 923 1716 994 judicio
1737 923 2020 978 abstinere
2036 939 2097 978 se
2178 923 2443 980 morienti
2462 923 2718 979 sufﬁcere
2733 925 2818 978 vel
2839 929 3124 978 momento
3145 941 3306 996 posse
3319 925 3595 980 certissime
3611 942 3704 982 cm-

500 1009 572 1066 ab
597 1010 765 1066 altari
793 1016 1022 1084 propter
1049 1012 1304 1068 homines
1343 1012 1712 1079 erubescunt;
1757 1017 2100 1086 quapropter
2177 1013 2386 1069 dimus.
2414 1013 2760 1069 Perdidisset
2775 1013 2994 1068 latroin
3013 1029 3176 1068 cruce
3198 1013 3475 1086 praemium
3501 1015 3560 1070 ad
3584 1015 3706 1071 Chri-

500 1098 721 1156 facilius
763 1100 869 1156 sibi
902 1101 1080 1156 Deum
1121 1100 1423 1174 placabunt
1455 1102 1538 1156 illi
1569 1102 1664 1174 qui
1707 1117 1821 1156 non
1851 1102 2098 1156 humano
2179 1102 2253 1158 sti
2273 1103 2561 1162 dexteram
2581 1103 2851 1174 pendens,
2868 1103 2916 1158 si
2935 1103 3095 1158 illum
3125 1103 3294 1158 unius
3323 1104 3464 1159 horae
3488 1109 3707 1175 poeniten-

501 1189 739 1246 convicti
761 1188 992 1261 judicio,
1033 1189 1131 1245 sed
1171 1191 1321 1246 ultro
1351 1191 1559 1247 crimen
1606 1195 1934 1262 agnoscunt,
1968 1190 2101 1263 quia
2179 1192 2262 1246 tia
2280 1207 2390 1246 non
2406 1192 2676 1263 juvisset:
2701 1209 2828 1248 cum
2849 1197 2996 1248 esset
3017 1192 3074 1246 in
3087 1208 3257 1264 pinna
3273 1191 3532 1264 paenituit,
3561 1198 3608 1248 et
3631 1209 3708 1266 per

501 1283 694 1335 autem
720 1279 963 1352 propriis
990 1279 1129 1336 illud
1157 1280 1596 1336 confessionibus
1615 1281 1880 1352 produnt,
1895 1285 2100 1336 autne-
2179 1281 2349 1338 unius
2379 1281 2655 1337 sermonis
2670 1281 3100 1354 professionem,
3118 1281 3705 1354 habitaculumparadisi,

501 1355 806 1424 scientibus
831 1369 956 1425 aliis
986 1371 1180 1441 quales
1207 1359 1410 1426 occulti
1433 1377 1584 1437 sunt,
1609 1369 1716 1442 ipsi
1739 1370 1797 1426 in
1821 1386 1881 1425 se
1907 1369 2101 1425 volun-
2179 1370 2297 1426 Deo
2332 1371 2717 1443 promittente,
2757 1371 3088 1443 promeruit.
3124 1370 3275 1426 Vera
3319 1387 3444 1442 ergo
3472 1371 3534 1426 ad
3567 1371 3706 1426 Deum

499 1457 660 1514 taliae
685 1457 1273 1515 excommunicationis
1301 1459 1642 1514 sententiam
1685 1459 1894 1526 ferunt,
1925 1464 1984 1514 et
2029 1459 2100 1514 ab
2181 1459 2466 1516 conversio
2504 1460 2563 1515 in
2607 1459 2822 1515 ultimis
2870 1461 3184 1532 positorum
3231 1466 3416 1516 mente
3451 1460 3610 1534 potius
3644 1465 3708 1516 est

503 1547 672 1603 altari
697 1546 785 1604 cui
808 1546 1206 1604 ministrabant
1229 1565 1343 1604 non
1371 1549 1580 1616 animo,
1615 1549 1713 1604 sed
1743 1549 1925 1604 officio
1944 1565 2103 1620 sepa-
2181 1549 2514 1604 aestimanda
2541 1566 2712 1622 quam
2741 1554 3014 1622 tempore,
3048 1550 3324 1622 propheta
3351 1549 3451 1604 hoc
3471 1549 3710 1604 taliteras-

501 1636 632 1704 rati,
663 1636 838 1691 vitam
865 1653 1027 1692 suam
1053 1643 1324 1710 tanquam
1353 1643 1638 1694 mortuam
1666 1643 1899 1709 agentes
1918 1638 2098 1711 poeni-
2179 1643 2401 1695 serente
2426 1655 2438 1692 :
2477 1657 2500 1690 ‹
2538 1639 2682 1694 Cum
2705 1654 3004 1694 conversus
3031 1639 3392 1710 ingemueris,
3418 1643 3538 1693 tunc
3569 1638 3710 1692 salvus

501 1725 741 1782 tentiam
765 1725 1342 1798 plangunt.(August.)
1377 1727 1524 1782 Nam
1549 1731 1606 1782 et
1624 1727 1747 1799 ipsa
1767 1727 2101 1800 poenitentia
2121 1711 2168 1773 Β
2186 1727 2298 1783 eris
2322 1727 2536 1798 (Ezech.
2574 1743 2764 1796 xxxm,
2793 1727 2880 1798 l2)
2905 1746 2921 1798 ;
2967 1747 2990 1779 ι
3024 1734 3084 1783 et
3111 1727 3256 1784 illud
3288 1746 3300 1781 :
3337 1749 3358 1776 α
3409 1727 3640 1782 Peccator
3668 1726 3710 1782 in

503 1815 730 1890 quando
759 1815 932 1886 digna
959 1829 1130 1871 causa
1144 1821 1248 1883 est,
1269 1821 1334 1872 ut
1353 1817 1660 1872 secundum
1684 1832 1902 1872 morem
1925 1817 2106 1872 Eccle-
2185 1831 2517 1889 quacunque
2543 1815 2634 1872 die
2665 1833 2966 1874 conversus
3001 1817 3194 1884 fuerit,
3237 1821 3459 1889 peccata
3497 1817 3600 1888 ejus
3627 1831 3712 1870 non

502 1905 600 1962 sine
625 1909 846 1977 agatur,
875 1905 1207 1978 plerumque
1230 1905 1560 1961 inﬁrmitate
1594 1922 1707 1962 non
1737 1906 1942 1978 agitur,
1973 1905 2106 1978 quia
2186 1903 2602 1978 reputabuntur
2621 1906 2673 1961 ei
2700 1907 2866 1978 (Ibid.
2889 1923 2942 1973 v,
2969 1905 3055 1974 ll)
3084 1924 3097 1974 ;
3131 1925 3162 1958 ιο
3191 1912 3250 1961 et
3273 1906 3470 1961 iterum
3502 1921 3513 1958 :
3544 1925 3566 1958 ε
3608 1903 3715 1960 Nolo

503 1998 563 2050 et
590 1993 772 2066 pudor
803 1993 976 2050 timor
1001 1999 1089 2050 est
1126 1995 1479 2067 displicendi,
1513 1995 1650 2050 dum
1689 1996 1817 2068 plus
1864 1995 2108 2051 delectat
2183 1997 2425 2050 mortem
2455 1994 2782 2068 peccatoris,
2813 1994 2912 2050 sed
2937 1999 3004 2049 ut
3029 1999 3388 2050 convertatur
3411 1997 3465 2050 et
3485 1993 3610 2048 vivat
3634 2011 3645 2060 ;
3696 2010 3714 2043 ι

502 2083 799 2140 hominum
822 2083 1180 2152 existimatio,
1211 2101 1380 2156 quam
1395 2085 1638 2156 justitia,
1654 2101 1767 2157 qua
1785 2099 1844 2140 se
1869 2084 2134 2156 quisque’
2185 2088 2244 2139 et
2269 2082 2409 2138 illud
2437 2099 2450 2135 :
2487 2101 2513 2136 α
2545 2083 2644 2138 Dic
2669 2088 2734 2138 tu
2763 2082 3092 2155 iniquitates
3109 2087 3240 2139 tuas
3256 2083 3424 2156 prior,
3441 2079 3717 2154 utjustiﬁce-

502 2172 766 2230 humiliat
792 2173 1135 2245 paenitendo.
1173 2173 1333 2230 Unde
1364 2190 1475 2228 non
1516 2174 1700 2229 solum
1747 2190 1872 2229 cum
1917 2174 2108 2245 agitur
2185 2172 2266 2228 ris
2295 2173 2426 2240 (lca.
2459 2187 2608 2240 mn,
2631 2169 2746 2245 26).
2783 2191 2811 2227 ι
2842 2173 2984 2228 Item
3017 2191 3030 2227 :
3069 2193 3092 2226 ι
3125 2173 3266 2244 quia
3291 2171 3436 2245 apud
3475 2171 3718 2228 Dominum

502 2262 852 2336 pmnitentia,
876 2246 1071 2318 verum
1101 2262 1292 2330 etiam,
1326 2268 1392 2319 ut
1419 2268 1640 2334 agatur,
1659 2263 1764 2319 Dei
1790 2263 2106 2319 misericor-
2187 2261 2574 2317 misericordia
2603 2266 2707 2327 est,
2735 2267 2792 2318 et
2826 2261 3052 2334 copiosa
3097 2261 3250 2335 apud
3296 2277 3424 2318 eum
3467 2258 3720 2331 redemptio

503 2353 600 2409 dia
619 2352 936 2408 necessaria
951 2356 1056 2419 est,
1076 2351 1326 2424 alioquin
1347 2367 1460 2408 non
1477 2352 1691 2408 diceret
1701 2353 2004 2424 Apostolus
2034 2352 2106 2407 de
2189 2351 2292 2422 (Ps.
2313 2365 2498 2417 cxxix,
2521 2351 2600 2420 7).
2618 2351 2684 2408 In
2702 2350 3093 2424 dispensandis
3109 2351 3307 2424 itaque
3336 2350 3436 2407 Dei
3461 2349 3602 2405 donis
3634 2364 3720 2404 non

504 2441 842 2515 quibusdam
874 2459 888 2496 :
923 2459 949 2494 α
979 2442 1064 2497 Ne
1091 2441 1236 2497 forte
1263 2441 1362 2497 det
1387 2441 1500 2496 illis
1529 2441 1684 2497 Deus
1713 2441 2104 2514 paenitentiam
2185 2437 2458 2495 debemus
2485 2455 2606 2496 esse
2629 2439 2904 2507 difﬁciles,
2949 2456 3055 2496 nec
3101 2439 3486 2496 accusantium
3505 2437 3716 2508 gemitus.

507 2533 590 2602 (11
610 2533 818 2598 Tim.n,
836 2529 948 2600 25),
975 2548 1002 2584 ι
1027 2535 1085 2586 et
1098 2535 1163 2586 ut
1189 2531 1390 2586 Petrus
1410 2547 1602 2585 amare
1631 2531 1812 2599 ﬂeret,
1835 2530 2107 2603 praemisit
2185 2526 2577 2602 lacrymasque
2606 2529 2910 2602 negligere,
2943 2545 3071 2586 cum
3099 2529 3284 2602 ipsam
3313 2525 3592 2602 pcenitendi
3614 2523 3718 2580 adeo

505 2619 917 2690 evangelistaet
929 2619 1038 2674 ait:
1071 2639 1095 2672 ι
1123 2619 1392 2691 Respexit
1419 2634 1550 2674 eum
1573 2617 1845 2674 Dominus
1885 2619 2100 2687 (Matth.
2186 2617 2432 2673 ctionem
2461 2617 2563 2674 Dei
2591 2617 2887 2674 credamus
2913 2618 3288 2691 inspiratione
3327 2622 3635 2690 conceptam,
3660 2611 3718 2667 di-

505 2724 654 2775 xxvx,
680 2707 786 2773 75).
817 2727 841 2759 ι
863 2707 1096 2780 [Prosp.]
1137 2709 1311 2763 Porro
1354 2707 1437 2762 illi
1471 2723 1712 2779 quorum
1745 2711 1974 2780 peccata
1996 2707 2104 2763 hu-
2185 2713 2348 2762 cente
2377 2707 2644 2779 Apostolo
2675 2725 2686 2761 :
2717 2726 2742 2760 α
2773 2708 2859 2763 Ne
2880 2707 3023 2763 forte
3051 2707 3150 2763 det
3175 2707 3292 2762 illis
3321 2708 3464 2762 Deus
3497 2703 3718 2780 poeniten-

505 2812 732 2853 manam
759 2795 1020 2852 notitiam
1050 2796 1246 2864 latent,
1295 2812 1399 2852 nec
1419 2795 1490 2851 ab
1520 2797 1658 2868 ipsis
1699 2796 1968 2863 confessa,
2001 2812 2104 2852 nec
2184 2796 2326 2853 tiam
2339 2802 2406 2852 ut
2421 2795 2802 2869 resipiscanta
2821 2796 3028 2852 diaboli
3041 2797 3260 2868 laqueis
3275 2798 3350 2866 (II
3363 2797 3494 2850 Tim.
3513 2812 3562 2861 η,
3579 2791 3672 2861 26),
3699 2810 3718 2841 ι

506 2885 578 2943 ab
605 2885 730 2941 aliis
753 2884 1054 2957 publicata,
1085 2885 1132 2940 si
1163 2902 1230 2940 ea
1257 2886 1514 2940 conﬁteri
1548 2886 1634 2940 vel
1679 2886 1978 2940 emendare
2007 2902 2104 2940 no-
2184 2901 2220 2941 a
2246 2901 2358 2958 quo
2386 2885 2534 2958 capti
2560 2891 2828 2942 tenentur
2851 2885 2924 2940 ad
2975 2885 3153 2958 ipsius
3178 2886 3532 2942 voluntatem.
3559 2882 3720 2938 Eorum

505 2974 735 3042 iuerint,
752 2975 952 3042 Deum,
973 2991 1142 3046 quem
1171 2975 1382 3030 habent
1407 2979 1630 3042 testem,
1655 2975 1840 3046 ipsum
1856 2974 2102 3030 habituri
2117 3019 2164 3085 Ο
2185 2979 2394 3042 autem,
2409 2981 2474 3030 ut
2493 2975 2877 3031 sanctissimus
2887 2980 3104 3048 martyr
3121 2976 3436 3050 Cyprianus
3461 2974 3514 3028 in
3537 2969 3723 3043 epistola

506 3069 642 3121 sunt
665 3069 723 3119 et
749 3063 1012 3130 ultorem,
1045 3068 1102 3118 et
1130 3063 1265 3136 quid
1294 3064 1373 3119 eis
1401 3063 1633 3137 prodest
1667 3064 1980 3120 humanum
2027 3062 2164 3120 vi-“
2187 3080 2355 3137 quam
2401 3064 2623 3136 scripsit
2669 3064 2741 3119 ad
2785 3064 3070 3120 Romanos
3108 3065 3208 3132 ait,
3253 3080 3484 3138 quorum
3508 3062 3616 3116 vitae
3637 3074 3723 3114 sua

505 3159 631 3210 tare
653 3153 949 3224 judicium,
989 3169 1115 3207 cum
1154 3152 1199 3207 si
1250 3153 1307 3207 in
1353 3153 1501 3207 malo
1544 3169 1645 3208 suo
1692 3154 2108 3224 permanserint
2185 3154 2298 3208 ﬁne
2326 3170 2534 3224 urgens
2555 3153 2736 3210 exitus
2759 3153 3086 3210 dilationem
3117 3171 3232 3210 non
3275 3157 3457 3227 potest
3479 3153 3606 3206 ferre
3629 3152 3724 3203 acta

509 3243 644 3299 ituri
672 3249 806 3298 sunt
833 3242 892 3297 in
920 3247 1194 3298 aeternum
1223 3243 1339 3297 Deo
1359 3241 1704 3298 retribuente
1722 3241 2057 3314 supplicium
2081 3245 2106 3298 ?
2185 3243 2518 3315 poenitentia
2545 3248 2603 3298 et
2625 3243 2890 3315 professa,
2913 3243 3243 3316 frequenter
3273 3257 3496 3298 suorum
3521 3240 3582 3294 de
3603 3235 3724 3293 festi-

509 3331 730 3398 Quodsi
746 3331 853 3404 ipsi
877 3331 982 3388 sibi
1000 3331 1219 3404 judices
1240 3332 1396 3400 ﬁant,
1423 3337 1480 3387 et
1511 3330 1680 3386 veluti
1704 3348 1818 3387 suae
1841 3331 2107 3404 iniquita-
2186 3332 2413 3388 natione
2440 3332 2736 3400 factorum,
2771 3333 2820 3388 si
2846 3332 3130 3404 lacrymis,
3161 3332 3210 3386 si
3240 3331 3547 3404 gemitibus,
3563 3328 3604 3384 si
3616 3325 3721 3382 ﬂeti-

507 3421 582 3477 tis
607 3422 838 3488 ultores,
869 3421 961 3476 hic
998 3422 1058 3476 in
1095 3437 1156 3476 se
1192 3421 1566 3476 voluntariam
1605 3437 1830 3492 poenam
1877 3422 2108 3477 severis-
2184 3420 2290 3476 bus
2319 3421 2572 3476 dolentes
2602 3437 2668 3476 ac
2707 3437 2835 3476 vere
2877 3421 3218 3494 pmnitentes
3249 3419 3504 3492 [dolentis
3544 3433 3601 3472 ac
3623 3428 3720 3468 vere

507 3511 665 3567 simas
691 3509 1196 3566 animadversionis
1225 3515 1538 3579 exerceant,
1558 3510 1964 3586 temporalibus
1993 3528 2107 3584 poe—
2185 3509 2533 3582 paenitentis]
2547 3510 2723 3564 animi
2737 3510 2900 3582 signa
2915 3507 3608 3582 proderint[prodiderint],
3624 3517 3722 3558 cum

508 3600 596 3658 nis
618 3599 986 3656 mutabantur
998 3605 1210 3656 aeterna
1221 3600 1510 3672 supplicia,
1529 3605 1588 3655 et
1602 3600 1868 3672 lacrymis
1889 3617 1954 3655 ex
1975 3615 2107 3655 vera
2184 3617 2310 3672 spes
2333 3599 2551 3654 vivendi
2581 3598 2891 3654 secundum
2917 3599 3204 3654 hominem
3239 3598 3392 3653 nulla
3438 3592 3718 3654 substiterit,

509 3676 694 3745 cordis
721 3689 1148 3762 compunctione
1177 3689 1482 3744 ﬂuentibus
1511 3689 1858 3760 restringent
1897 3695 2108 3744 aeterna
2184 3689 2267 3745 ita
2294 3689 2521 3744 demum
2547 3693 2710 3743 caute
2739 3693 2798 3744 et
2827 3688 3064 3742 sollicite
3101 3687 3446 3752 subvenitur,
3475 3685 3579 3740 Deo
3613 3681 3719 3753 ipso.

509 3777 656 3852 ignis
683 3777 960 3834 incendia.
985 3778 1336 3850 Quicumque
1365 3783 1556 3835 autem
1583 3779 1810 3834 mortali
1846 3778 2100 3845 crimine,
2187 3777 2322 3849 quid
2351 3777 2421 3832 de
2447 3771 2840 3833 talibusTaciat
2852 3780 2910 3832 et
2928 3777 3172 3848 qualiter
3179 3775 3406 3847 judiciis
3423 3773 3530 3828 suis
3555 3765 3722 3826 exami-
3765 3828 3774 3838 ,

509 3869 625 3944 sive
653 3868 868 3924 occulto
880 3869 994 3924 sive
1021 3868 1259 3940 publico,
1281 3869 1362 3924 ita
1377 3867 1966 3940 suntirretiti,quibus
1995 3867 2104 3923 dif-
2184 3871 2283 3922 net
2309 3865 2558 3938 pondera
2582 3884 2594 3934 ;
2627 3863 2788 3920 nobis
2815 3871 3006 3920 tamen
3033 3864 3214 3919 anxiis
3243 3869 3303 3919 et
3341 3858 3636 3918 curantibus
3677 3859 3724 3944 ut

508 3943 740 4013 ferenda
756 3962 891 4013 sunt
917 3957 1286 4012 saluberrima
1303 3957 1550 4029 corporis
1581 3962 1638 4012 et
1673 3957 1964 4028 sanguinis
1991 3958 2104 4012 Do-
2185 3971 2288 4010 nec
2315 3971 2552 4028 pronam
2578 3959 2830 4010 nostram
2860 3953 3100 4026 improbi
3126 3953 3383 4008 homines
3400 3949 3608 4006 laudent
3623 3943 3723 4000 facio

510 4045 650 4102 mini
677 4047 1104 4113 medicamenta,
1137 4046 1263 4100 ideo
1289 4047 1683 4119 praesumptive
1726 4047 1849 4102 sine
1881 4046 2104 4102 satisfa-
2184 4043 2421 4113 litatem,
2453 4059 2556 4099 nec
2582 4059 2710 4099 vere
2721 4043 3057 4115 pcenitentes
3077 4047 3342 4098 accusent
3355 4031 3721 4107 nostramquasi

509 4133 694 4192 ctione
718 4141 775 4190 et
804 4135 1256 4190 reconciliatione
1275 4135 1364 4190 sui
1384 4135 1733 4192 antistitisad
1747 4135 2106 4208 percipienda
2184 4133 2384 4189 duram
2410 4133 2801 4188 crudelitatem
2823 4151 2834 4186 :
2855 4133 2962 4205 ipsi
2979 4136 3168 4187 autem
3183 4131 3722 4202 poenitentes,quorum

509 4221 706 4281 altaris
725 4231 1078 4280 sacramenta
1106 4225 1395 4292 accedunt,
1429 4225 1561 4298 quia
1605 4225 1811 4280 multos
1844 4224 1987 4280 forte
2028 4225 2106 4280 vi-
2185 4223 2300 4278 vita
2314 4223 2610 4278 incolumis
2622 4238 2744 4278 esse
2764 4217 3580 4292 constat,tamgrandiadeﬂeat
3591 4223 3724 4285 quam

388 4355 397 4372 .
509 4315 647 4370 dent
686 4313 868 4387 ipsam
911 4313 1262 4370 Dominicam
1299 4314 1584 4387 percipere
1629 4313 2424 4414 communionem,Dgrandia
2450 4311 2873 4378 commiserunt,
2897 4315 2955 4366 et
2971 4315 3088 4365 tam
3106 4309 3320 4382 grande
3331 4297 3725 4414 expetaqtqonsi-

509 4411 748 4477 quorum
777 4405 916 4460 talia
938 4403 1176 4459 crimina
1203 4421 1315 4458 non
1329 4405 1611 4474 ignorant,
1627 4408 1686 4458 et
1711 4419 1824 4458 non
1855 4391 2169 4458 conside-"
2187 4401 2326 4456 lium
2351 4416 2520 4473 quam
2549 4400 2662 4459 late
2688 4403 3062 4472 propagatum
3092 4397 3316 4454 videtur
3335 4411 3454 4453 esse
3471 4391 3722 4477 delictum:

509 4475 640 4549 rant
663 4495 812 4566 quod
849 4493 1013 4548 multi
1044 4493 1404 4565 corriguntur
1431 4499 1497 4548 ut
1523 4494 1744 4561 Petrus,
1777 4491 1942 4548 multi
1969 4493 2106 4549 tole-
2189 4506 2302 4547 non
2323 4489 2400 4546 sit
2426 4490 2614 4545 minor
2643 4489 2926 4545 medicina
2955 4504 3126 4560 quam
3153 4487 3355 4542 vulnus
3385 4489 3482 4551 est,
3510 4497 3608 4538 non
3638 4475 3728 4531 sint

509 4587 711 4639 rantur
753 4587 818 4638 ut
854 4583 1048 4652 Judas,
1093 4583 1257 4638 multi
1315 4582 1646 4638 nesciuntur
1697 4581 1874 4638 donec
1925 4581 2110 4638 veniat
2189 4580 2412 4636 minora
2442 4579 2694 4636 remedia
2707 4595 2878 4651 quam
2909 4578 3134 4644 funera;
3167 4581 3226 4632 et
3243 4581 3307 4632 ut
3329 4573 3596 4648 prodictus
3613 4579 3728 4652 mar-

509 4670 801 4740 Dominus,
821 4677 879 4728 et
892 4650 1174 4728 illuminet
1191 4671 1518 4727 abscondita
1535 4671 1898 4728 tenebrarum
1917 4677 1976 4726 et
1994 4687 2109 4727 ma-
2189 4673 2283 4744 tyr
2310 4669 2626 4743 Cyprianus
2655 4650 2886 4724 inlibro
2915 4667 2984 4722 de
3010 4667 3184 4739 lapsis
3213 4665 3312 4733 ait,
3355 4664 3518 4720 Orare
3543 4650 3724 4752 θρύπτει

509 4761 1114 4834 nifestetcogitationes
1131 4761 1332 4817 cordis.
1357 4761 1631 4818 Hiautem
1643 4761 1737 4834 qui
1751 4761 1936 4833 aliquo
1964 4778 2109 4816 mor-
2189 4758 2526 4830 pmnitentes
2547 4757 2855 4830 impensius
2883 4762 2938 4812 et
2968 4772 3186 4827 rogare,
3219 4754 3367 4809 diem
3395 4752 3535 4807 luctu
3561 4751 3726 4800 transi-

508 4849 610 4920 tali
631 4845 866 4908 crimine
887 4856 1085 4924 sponte
1105 4851 1363 4918 confessi,
1393 4856 1492 4906 aut
1511 4851 1698 4922 aliquo
1718 4851 1831 4906 sive
1856 4851 2109 4906 saeculari
2187 4864 2338 4921 gere,
2356 4848 2560 4920 vigiliis
2589 4852 2782 4902 noctes
2806 4863 2870 4902 ac
2897 4844 3124 4901 ﬂetibus
3141 4845 3362 4910 ducere,
3383 4845 3584 4911 tempus
3597 4845 3728 4924 omne

509 4932 624 5000 sive
653 4942 1025 4998 ecclesiastico
1049 4941 1262 5014 judicio
1291 4940 1535 4996 accusati
1562 4945 1694 4994 sunt
1709 4945 1877 5012 atque
1920 4941 2109 4996 convi-
2189 4937 2518 5010 lacrymosis
2535 4935 3030 4993 lamentationibus
3049 4949 3337 5006 occupare,
3355 4935 3520 4986 strato
3531 4925 3631 4980 solo
3647 4917 3725 5014 ads

509 5027 760 5099 cti,etob
773 5032 877 5088 hoc
891 5029 1206 5086 medicinali
1219 5025 1592 5102 prohibitione
1613 5030 1950 5102 sequestrati
1978 5035 2112 5085 sunt
2192 5027 2404 5081 haerere
2425 5025 2620 5094 cineri,
2647 5025 2707 5080 in
2739 5023 2918 5078 cilicio
2953 5028 3008 5078 et
3038 5023 3296 5078 sordibus
3336 5014 3556 5074 volutani
3577 5009 3726 5102 ipost

511 5121 875 5179 a'Dominica
903 5099 1313 5187 communione,
1345 5119 1393 5174 si
1422 5099 1773 5174 necessitatis
1804 5118 2003 5174 mortis
2033 5119 2111 5173 vi-
2192 5115 2594 5172 indumentum
2625 5113 2832 5171 Christi
2851 5107 3508 5200 perditum,nullum-jam
3525 5099 3724 5200 vellet:

507 5203 676 5284 gente
707 5212 971 5268 viaticum
999 5215 1199 5284 petunt
1227 5186 1846 5276 etreconciliationem,
1876 5210 2113 5265 nullate-
2194 5197 2531 5264 stim'entum
2559 5200 2930 5276 ;postdiaboli
2943 5199 3129 5256 cibum
3141 5199 3305 5255 malle
3314 5186 3724 5284 jejunium,jll:°»tis

509 5273 619 5370 nus
648 5301 729 5356 eis
748 5299 876 5356 talis
905 5273 1100 5374 petitio
1125 5298 1454 5371 denegetur.
1487 5300 1648 5367 (Leo.)
1679 5273 1921 5355 Multum
1961 5299 2113 5354 enim
2195 5293 2458 5369 operibus
2476 5273 2818 5366 incumbere,
2837 5289 3038 5362 quibus
3056 5294 3280 5362 peccata
3291 5273 3723 5374 purgantufielef‘

508 5387 650 5455 utile
675 5403 739 5445 ac
768 5371 1144 5446 necessarium
1176 5395 1262 5445 est
1276 5395 1341 5445 ut
1374 5389 1731 5462 peccatorum
1764 5393 1952 5444 reatus
1981 5394 2112 5443 ante
2194 5383 2446 5458 mosynis
2473 5383 2796 5454 frequenter
2824 5378 3166 5444 incumbere,
3191 5376 3431 5450 quibusa
3451 5371 3608 5462 morte
3625 5375 3720 5462 ani:

511 5453 777 5533 ultimum
799 5479 946 5534 diem
964 5479 1295 5534 sacerdotali
1315 5451 1720 5550 supplicatione
1741 5477 2112 5532 solvatur.His
2196 5493 2300 5532 mae
2318 5451 2649 5530 liberantur.
2674 5473 2819 5528 Sunt
2837 5473 3066 5536 etenim,
3082 5475 3146 5525 ut
3157 5465 3456 5556 jaindictus
3479 5451 3716 5556 dirimit

509 5571 701 5650 autem
747 5567 843 5645 qui
893 5568 950 5624 in
985 5574 1239 5646 tempore
1287 5567 1636 5650 necessitatis
1676 5573 1734 5624 et
1779 5567 1838 5622 in
1885 5566 2118 5642 periculi
2197 5565 2256 5622 in
2286 5563 2524 5640 epistola
2553 5563 2626 5621 ad
2656 5560 2979 5621 Cornelium
2998 5557 3263 5618 Romane
3285 5551 3429 5615 urbis
3451 5551 3714 5621 θΡίεοοΡαω
