3982 6158
301 266 431 324 1345

1263 265 1354 319 DE
1393 264 1607 319 VITIIS
1648 262 1735 319 ET
1773 259 2225 317 VIRTUTIBUS.
2263 291 2326 300 —
2367 261 2502 316 LIB.
2547 261 2650 321 ΙΙΙ.

3422 255 3560 317 1346

297 392 478 458 tertia,
505 392 602 464 qui
629 393 858 464 propria
891 408 1003 448 non
1036 391 1360 461 intelligunt
1390 390 1610 456 delicta,
1647 389 1946 460 quorumA
1964 386 2176 442 duritia
2195 386 2379 441 cordis
2406 386 2832 458 impaenitentis,
2871 402 2993 458 quae
3015 390 3100 441 est
3130 385 3481 458 blasphemia
3499 387 3556 441 in

299 499 452 536 mens
474 489 557 536 est
585 499 870 553 percussa,
905 481 1126 536 animus
1151 498 1344 534 amens
1357 486 1625 534 etsensus
1641 479 1877 542 alienus,

299 571 495 642 quibus
510 572 597 624 ira
611 577 697 625 est
710 572 811 626 Dei
827 587 938 626 non
952 570 1265 641 intelligere
1277 570 1483 624 delicta
1493 586 1563 624 ne
1575 574 1884 639 sequantur

297 661 714 732 penitentiam;
765 661 909 714 sicut
939 660 1209 732 scriptum
1239 666 1326 714 est
1364 678 1374 711 :
1412 677 1438 713 ‹
1473 660 1542 714 Et
1576 658 1729 712 dedit
1772 658 1883 711 illis

297 751 440 805 Deus
458 750 720 821 spiritum
740 749 1236 821 transpunctionis,
1273 766 1344 804 ne
1375 753 1730 802 revertantur
1741 746 1885 801 scili-

294 845 396 905 cet,
435 861 456 889 ι
486 844 543 892 et
560 845 828 894 curentur
855 845 910 892 et
939 839 1425 910 deprecationibus
1456 855 1520 893 ac
1549 836 1885 892 satisfactio-

294 927 633 999 nibusjustis
655 935 781 999 post
801 935 1031 999 peccata
1049 933 1340 983 sanentur.
1367 927 1576 982 Paulus
1601 926 1886 998 apostolus

296 1017 355 1072 in
391 1017 639 1088 Epistola
667 1034 772 1072 sua
800 1018 1026 1089 exponit
1047 1023 1104 1072 et
1129 1018 1264 1071 dicit
1287 1036 1298 1071 :
1335 1035 1361 1070 (ι
1386 1017 1662 1072 Delictum
1684 1016 1888 1070 verita-

296 1100 366 1157 tis
393 1118 506 1156 non
520 1101 840 1155 habuerunt
857 1107 921 1156 ut
938 1102 1076 1156 salvi
1103 1104 1323 1168 ﬁerent,
1347 1118 1412 1157 ac
1437 1106 1735 1173 propterea
1754 1101 1886 1154 mit-

296 1195 376 1245 tet
404 1190 514 1244 illis
542 1191 691 1246 Deus
721 1191 1103 1263 operationem
1135 1191 1369 1246 errroris
1398 1197 1464 1246 ut
1489 1191 1722 1245 credant
1735 1206 1888 1244 men-

295 1279 474 1346 dacio,
491 1285 555 1334 ut
572 1280 897 1351 judicentur
915 1297 1109 1335 omnes
1140 1281 1236 1351 qui
1253 1297 1365 1336 non
1384 1279 1724 1335 crediderint
1749 1279 1890 1334 veri-

295 1368 419 1435 tati,
439 1369 654 1424 sedsibi
669 1371 894 1442 placent
921 1370 979 1425 in
1013 1371 1294 1441 injustitia
1332 1372 1407 1439 (11
1452 1371 1599 1426 Thes.
1621 1387 1681 1437 ιι,
1715 1369 1823 1439 10).
1859 1387 1885 1421 »

294 1457 516 1514 Primus
545 1458 825 1514 felicitatis
853 1460 1063 1530 gradus
1079 1465 1164 1514 est
1193 1475 1304 1514 non
1325 1460 1671 1530 delinquere,
1696 1474 1891 1514 secun-

296 1547 403 1602 dus
413 1548 613 1603 delicta
631 1565 964 1620 cognoscere
979 1568 992 1616 ;
1023 1549 1137 1604 illic
1147 1549 1325 1603 currit
1336 1548 1656 1604 innocentia
1672 1549 1893 1620 integra

297 1644 353 1692 et
378 1637 612 1706 illibata,
629 1654 752 1709 quae
781 1645 992 1706 servet;
1024 1640 1116 1693 hic
1131 1639 1382 1693 succedit
1395 1639 1631 1706 medela,
1651 1656 1774 1710 quae
1799 1655 1892 1693 sa-

1969 476 2239 547 Spiritum
2253 481 2528 541 sanctum,
2545 481 2608 530 ut
2622 477 2742 546 jam
2766 476 2978 530 dictum
2992 481 3094 544 est,
3122 476 3428 532 secundum
3454 477 3561 531 Do-

1967 564 2104 618 mini
2137 565 2438 620 Salvatoris
2477 566 2818 620 sententiam
2849 566 3168 632 damnatus,
3206 565 3416 637 absque
3445 565 3561 620 ulla

1966 655 2296 708 remissione
2317 655 2540 710 existat.
2566 657 2806 723 (cm-ys.)
2834 655 3068 709 Nullum
3097 661 3183 710 est
3210 655 3364 712 enim
3379 655 3560 710 scelus

1967 749 2024 797 et
2040 744 2196 798 nulla
2207 743 2494 816 iniquitas,
2512 761 2637 815 quae
2657 760 2771 799 non
2790 744 3199 799 medicamento
3219 745 3562 816 poenitentiae

1966 839 2217 899 sanetur,
2241 833 2287 888 si
2313 834 2706 888 tantummodo
2731 834 2971 889 contrito
3009 839 3066 889 et
3080 834 3376 889 humiliato
3395 834 3563 890 corde

1967 938 2096 976 cum
2115 923 2398 994 lacrymis,
2427 922 2748 995 gemitibus,
2776 923 2998 994 vigiliis,
3019 923 3390 992 orationibus,
3409 924 3564 996 jeju-

1967 1011 2098 1078 niis,
2116 1012 2616 1084 eleemosynisque,
2639 1013 2947 1068 secundum
2974 1014 3179 1069 virium
3193 1029 3426 1070 suarum
3439 1029 3566 1086 pos-

1967 1100 2294 1158 sibilitatem
2322 1102 2391 1156 ad
2422 1103 2622 1168 Deum,
2657 1119 2692 1156 a
2722 1119 2831 1174 quo
2862 1103 3141 1174 peccando
3162 1103 3436 1172 discessit,
3471 1117 3564 1160 re-

1967 1190 2133 1246 deat:
2167 1191 2391 1261 scripsit
2417 1191 2565 1245 enim
2593 1191 3051 1262 praeclarissimus
3076 1192 3272 1248 doctor
3297 1194 3558 1259 Joannes,

1971 1279 2599 1350 ConstantinOpolitanae
2645 1281 2900 1336 Ecclesiae
2949 1282 3261 1354 episcopus,
3286 1283 3563 1354 optimum

1969 1369 2130 1424 valde
2147 1369 2351 1424 librum
2369 1369 2438 1424 de
2477 1371 2829 1440 reparatione
2860 1372 3000 1441 lapsi
3030 1387 3132 1443 per
3174 1371 3564 1443 paenitentiam

1973 1475 2140 1530 quem
2171 1458 2489 1530 quicunque
2514 1465 2773 1529 peccator
2808 1460 3026 1532 legerit,
3056 1467 3191 1536 puto
3223 1461 3371 1532 quod
3393 1461 3564 1530 ultra,

1973 1547 2221 1604 donante
2245 1549 2379 1614 Deo,
2409 1565 2510 1619 pro
2534 1549 2938 1604 numerositate
2965 1555 3318 1620 pectatorum
3333 1566 3566 1606 suorum

1974 1636 2274 1709 desperare
2303 1654 2417 1692 non
2441 1638 2667 1709 poterit.
2701 1639 2810 1694 Sed
2841 1643 2898 1694 et
2926 1639 3313 1694 sanctissimus
3350 1644 3570 1710 martyr

297 1726 592 1781 net.Porro
604 1733 736 1781 sunt
756 1727 986 1798 quidam
999 1728 1094 1799 qui
1109 1727 1558 1798 magnitudinem
1572 1733 1624 1781 et
1637 1727 1894 1782 innume-
1909 1741 1956 1801 Β
1975 1727 2289 1798 Cyprianus
2315 1727 2386 1782 de
2406 1727 2577 1798 lapsis
2597 1727 3077 1798 elegantissimum
3097 1728 3319 1801 scripsit
3339 1728 3565 1796 librum;

296 1815 591 1869 rositatem
620 1831 851 1869 suorum
864 1816 1609 1887 considerantpeccatorum,
1631 1822 1688 1870 et
1705 1815 1774 1870 ob
1791 1816 1894 1870 hoc

294 1903 658 1976 desperantes
688 1905 757 1958 de
778 1904 1044 1959 ineffabili
1064 1911 1121 1960 et
1148 1904 1697 1976 incomprehensibili
1717 1905 1894 1968 omni-

294 1994 543 2064 potentis
567 1994 668 2049 Dei
700 1994 1088 2048 misericordia
1102 1994 1382 2062 difﬁdunt,
1400 2001 1457 2048 et
1478 1994 1681 2048 idcirco
1692 1995 1896 2050 nolunt

291 2098 462 2153 agere
473 2100 577 2153 pro
587 2083 830 2154 peccatis
851 2088 908 2137 et
921 2083 1222 2138 sceleribus
1235 2084 1351 2138 suis
1363 2083 1772 2154 paenitentiam,
1794 2083 1891 2138 sed

291 2172 712 2242 impcenitentes
756 2173 921 2226 corde
953 2173 1011 2227 in
1042 2173 1205 2227 malis
1235 2173 1350 2227 suis
1380 2173 1639 2228 obdurati
1666 2189 1888 2243 perma-

289 2266 450 2324 nent,
484 2267 542 2313 et
571 2259 805 2314 rebelles
831 2267 1028 2316 contra
1047 2261 1288 2332 Spiritus
1318 2262 1494 2316 sancti
1519 2261 1759 2332 gratiam
1799 2262 1889 2315 in-

289 2349 532 2404 feliciter
563 2349 828 2415 existunt,
853 2350 922 2404 de
942 2351 1144 2422 quibus
1168 2351 1250 2404 ait
1269 2350 1569 2421 Apostolus
1594 2369 1604 2403 :
1642 2371 1663 2400 σ
1696 2350 1890 2404 Nescis

285 2438 428 2510 quia
448 2438 722 2509 patientia
745 2439 846 2493 Dei
865 2440 936 2493 ad
957 2440 1345 2510 paenitentiam
1354 2446 1411 2494 te
1431 2439 1660 2496 adducit
1678 2439 1774 2493 ?tu
1794 2455 1890 2494 au-

283 2531 408 2582 tem
437 2527 742 2582 secundum
773 2527 1042 2582 duritiam
1073 2533 1230 2582 tuam
1285 2533 1342 2582 et
1383 2545 1479 2582 cor
1506 2528 1884 2598 impaenitens,

287 2614 642 2687 thesaurizas
681 2615 783 2670 tibi
804 2615 948 2670 iram
976 2616 1034 2670 in
1064 2617 1154 2670 die
1169 2617 1266 2671 ira:
1296 2622 1352 2670 et
1380 2615 1735 2670 revelationis
1747 2605 1888 2686 justi

281 2703 490 2774 judicii
509 2703 610 2758 Dei
652 2705 816 2773 (Rom.
849 2722 903 2772 ιι,
940 2704 1014 2774 5).
1035 2725 1058 2757 ›)
1093 2707 1224 2761 Haec
1266 2711 1456 2760 autem
1478 2705 1687 2760 duritia
1709 2705 1890 2760 cordis

284 2793 702 2865 impaenitentis
726 2793 1074 2865 blasphemia
1086 2800 1174 2850 est
1192 2795 1251 2850 in
1273 2795 1485 2866 Spiritu
1514 2799 1726 2860 sancto,
1767 2811 1890 2866 quae

285 2898 415 2936 non
443 2882 763 2937 remittetur
779 2883 878 2937 ulli
899 2883 1133 2939 homini.
1168 2883 1328 2938 Unde
1345 2883 1618 2938 Dominus
1636 2884 1694 2938 in
1711 2884 1893 2939 Evan-

287 2971 446 3044 gelio
471 2971 551 3026 ait
581 2989 592 3023 :
634 2992 660 3024 α
691 2972 798 3037 Qui
842 2972 1047 3026 dixerit
1073 2970 1479 3043 blasphemiam
1508 2973 1567 3028 in
1621 2972 1894 3044 Spiritum

287 3065 572 3133 sanctum,
590 3077 702 3114 non
721 3060 1044 3116 remittetur
1067 3061 1118 3115 ei
1151 3063 1340 3130 (Marc.
1377 3079 1454 3128 in,
1478 3060 1590 3130 29).
1627 3082 1648 3112 ι
1682 3063 1762 3116 De
1785 3077 1895 3132 qua

287 3147 647 3219 blasphemia
658 3150 1014 3205 cautissimus
1030 3167 1094 3205 ac
1105 3150 1564 3221 pmclarissimus
1582 3150 1775 3208 doctor
1784 3151 1896 3205 Au-

287 3237 715 3307 gustinus,cum
725 3239 794 3294 de
810 3239 1177 3294 irremissibili
1193 3239 1608 3312 blasphemiam
1622 3240 1894 3311 Spiritum

288 3333 556 3381 sanctum
568 3344 886 3382 sermonem
916 3329 1123 3384 faceret
1138 3329 1208 3383 ad
1219 3330 1509 3401 populum,
1527 3330 1676 3385 inter
1695 3334 1897 3384 caetera

287 3416 406 3469 ait:
449 3416 577 3469 Haec
598 3416 1249 3490 omninoimpoenitentia
1277 3435 1390 3474 non
1420 3417 1588 3473 habet
1614 3419 1894 3473 remissio-

288 3521 453 3570 nem,
485 3522 668 3577 neque
699 3507 774 3568 in
822 3507 926 3562 hoc
970 3509 1190 3575 saeculo,
1223 3524 1406 3578 neque
1433 3509 1493 3562 in
1521 3508 1729 3575 futuro,
1763 3507 1898 3580 quia

288 3593 912 3668 poenitentiaimpetrat
923 3597 1380 3653 remissionemin
1408 3598 1513 3652 hoc
1531 3598 1750 3663 saeculo,
1774 3614 1896 3668 quae

288 3685 486 3737 valeat
511 3683 806 3752 infuturo;
840 3686 936 3741 sed
986 3687 1095 3741 ista
1131 3686 1542 3758 imposnitentia
1569 3687 1654 3742 vel
1680 3703 1774 3741 cor
1797 3685 1899 3740 im-

283 3772 597 3844 pcenitens,
621 3775 889 3844 quamdiu
919 3777 1156 3847 quisque
1188 3776 1247 3831 in
1275 3777 1380 3832 hac
1407 3792 1572 3832 carne
1604 3776 1752 3841 vivit,
1788 3794 1897 3829 non

1975 1832 2214 1888 quorum
2232 1816 2471 1871 duorum
2490 1821 2782 1872 auctorum
2806 1817 3060 1888 quisquis
3071 1817 3388 1872 animarum
3396 1816 3572 1874 medi-

1974 1921 2072 1959 cus
2102 1904 2380 1970 habuerit,
2415 1910 2473 1960 et
2509 1904 2848 1960 intellexerit
2876 1905 3046 1960 libros
3069 1923 3333 1977 congrue,
3367 1907 3426 1961 in
3453 1923 3571 1962 om-

1975 1993 2139 2050 nibus
2186 1995 2504 2048 animarum
2550 1993 2889 2061 vulneribus,
2915 1995 3148 2064 juvante
3196 1995 3331 2061 Deo,
3358 1996 3455 2066 qui
3485 2002 3571 2052 est

1974 2083 2222 2138 medicus
2234 2082 2578 2140 medicorum
2596 2083 2940 2138 salutiferam
2950 2084 3447 2155 poteritapponere
3457 2099 3571 2140 mc-

1973 2172 2360 2228 dicinam.Nec
2391 2172 2528 2227 illud
2557 2173 2617 2227 in
2638 2173 2899 2243 praesenti
2916 2173 3270 2245 excerptione
3290 2179 3426 2244 puto
3447 2189 3569 2228 esse

1973 2261 2344 2328 reticendum,
2378 2261 2524 2332 quod
2558 2260 2752 2316 beatus
2774 2262 3120 2332 Augustinus
3147 2262 3207 2316 in
3227 2261 3371 2317 libro
3389 2261 3458 2316 de
3475 2262 3570 2316 Ci-

1971 2351 2146 2406 vitate
2175 2351 2276 2405 Dei
2305 2355 2508 2422 quarto
2551 2349 2766 2404 decimo
2806 2350 2876 2406 de
2920 2349 3175 2422 superbis
3224 2351 3308 2404 vel
3355 2350 3569 2406 occulte

1971 2439 2351 2511 peccantibus,
2367 2439 2550 2512 inquit
2570 2457 2582 2494 :
2599 2439 2747 2494 Utile
2759 2445 2844 2494 est
2864 2440 2922 2494 in
2931 2440 3156 2510 aliquod
3183 2445 3440 2512 apertum
3457 2455 3573 2494 ma-

1971 2529 2347 2602 nifestumque
2372 2534 2664 2600 peccatum
2692 2529 2891 2584 cadere
2920 2529 3069 2584 unde
3098 2529 3206 2584 sibi
3239 2529 3572 2600 displiceant

1973 2619 2069 2690 qui
2114 2619 2235 2689 jam
2282 2618 2385 2672 sibi
2435 2618 2704 2688 placendo
2730 2617 3067 2673 ceciderant.
3092 2617 3381 2673 Salubrius
3411 2617 3563 2672 enim

1973 2707 2174 2762 Petrus
2204 2706 2310 2764 sibi
2338 2707 2626 2779 displicuit
2652 2707 2878 2778 quando
2910 2707 3080 2774 ﬂevit,
3114 2723 3283 2778 quam
3301 2706 3407 2761 sibi
3438 2706 3572 2778 pla-

1973 2796 2089 2852 cuit
2116 2797 2340 2868 quando
2369 2796 2726 2868 praesumpsit
2758 2813 2770 2848 :
2833 2796 2938 2850 hoc
2984 2796 3120 2850 dicit
3145 2801 3203 2850 et
3231 2812 3389 2850 sacer
3415 2795 3569 2862 Psal-

1976 2901 2103 2942 mus
2138 2903 2148 2938 :
2187 2905 2209 2937 ι
2244 2885 2422 2958 Imple
2444 2884 2614 2940 facies
2644 2901 2840 2942 eorum
2870 2884 3200 2955 ignominia,
3234 2890 3293 2940 et
3319 2889 3575 2956 quarent

1979 2991 2185 3030 nomen
2214 2980 2394 3041 tuum,
2429 2975 2667 3030 Domine
2690 2975 2876 3044 ((Psal.
2899 2975 3237 3043 Lxxxu,'l7),
3273 2992 3299 3027 ι»
3321 2973 3378 3028 id
3400 2977 3575 3040 est,ut

1975 3072 2039 3122 tu
2068 3064 2149 3119 eis
2178 3065 2400 3135 placeas
2432 3063 2811 3136 quaerentibus
2833 3077 3038 3118 nomen
3067 3070 3249 3129 tuum,
3273 3063 3422 3134 quod
3467 3061 3573 3117 sibi

1976 3153 2306 3225 placuerant
2349 3153 2651 3225 quaerendo
2687 3169 2872 3207 suum.
2907 3153 3016 3206 Sed
3045 3158 3132 3206 est
3159 3154 3316 3223 pejor
3345 3153 3576 3206 damna-

1976 3240 2251 3312 biliorque
2267 3241 2528 3313 superbia
2551 3241 2921 3312 quaerentium
2941 3241 2998 3294 in
3011 3241 3250 3312 peccatis
3265 3241 3576 3296 manifestis

1977 3331 2306 3402 suffragium
2339 3331 2734 3397 excusationis,
2755 3331 3107 3403 inquirentes
3135 3330 3282 3384 sicut
3307 3330 3387 3384 illi
3406 3329 3575 3401 primi

1977 3419 2254 3482 homines,
2291 3435 2530 3489 quorum
2583 3424 2640 3472 et
2668 3418 2766 3472 illa
2794 3418 2936 3472 dixit
2968 3437 2979 3471 :
3019 3437 3044 3470 α
3076 3419 3318 3488 Serpens
3355 3417 3577 3472 seduxit

1977 3525 2086 3575 me,
2121 3515 2177 3562 et
2205 3507 2533 3562 manducavi
2566 3508 2717 3573 (Gen.
2749 3524 2804 3571 ιι,
2835 3505 2948 3572 12),
2986 3513 3043 3560 et
3060 3506 3153 3560 ille
3181 3506 3356 3560 dixit:
3394 3524 3417 3557 ι
3449 3506 3575 3561 Mu-

1980 3597 2085 3652 lier
2110 3613 2278 3669 quam
2309 3597 2511 3651 dedisti
2542 3596 2768 3661 sociam,
2795 3595 2914 3665 ipsa
2934 3594 3072 3648 mihi
3092 3594 3248 3649 dedit
3260 3595 3330 3649 de
3350 3594 3501 3664 ligno
3519 3599 3578 3650 et

1982 3686 2216 3740 comedi.
2257 3706 2278 3735 ιε
2324 3687 2614 3756 Nusquam
2651 3685 2738 3738 hic
2788 3690 2952 3738 sonat
2982 3683 3180 3754 petitio
3205 3683 3398 3750 veniae,
3440 3699 3577 3738 nus-

1985 3793 2152 3846 quam
2181 3775 2501 3845 imploratio
2519 3773 2942 3828 medicinaSed
2969 3778 3028 3827 et
3053 3772 3189 3826 illud
3205 3789 3315 3826 non
3338 3778 3422 3825 est
3442 3787 3579 3843 pre-

284 3866 492 3932 potest
508 3861 767 3931 judicari,
780 3862 848 3916 de
869 3864 1022 3918 nullo
1043 3863 1194 3918 enim
1207 3864 1618 3935 desperandum
1629 3869 1714 3920 est
1729 3879 1904 3935 quan-
1983 3864 2339 3931 tereundum,
2358 3863 2502 3933 quo-:1
2536 3862 2682 3917 idem
2707 3868 2935 3916 sanctus
2961 3862 3308 3932 Augustinus
3327 3861 3407 3915 ait
3426 3861 3485 3916 in
3514 3861 3580 3917 li-

284 3950 393 4005 diu
423 3950 699 4021 patientia
727 3951 827 4005 Dei
849 3952 920 4006 ad
967 3953 1357 4023 paenitentiam
1407 3953 1579 4008 ducit.
1606 3955 1748 4009 Item
1776 3956 1904 4024 post
1981 3952 2083 4009 bro
2113 3953 2182 4008 de
2209 3953 2344 4008 Fide
2374 3960 2432 4008 et
2461 3952 2756 4024 Operibus,
2790 3953 2861 4006 de
2903 3952 2993 4007 his
3024 3952 3119 4023 qui
3150 3952 3405 4007 homines
3433 3952 3579 4007 male

283 4055 483 4110 pauca
507 4039 588 4094 ait
619 4056 631 4092 :
668 4040 847 4094 Omne
877 4058 1108 4114 prorsus
1151 4047 1441 4114 peccatum
1469 4048 1527 4096 et
1554 4042 1904 4114 blasphemia
1983 4059 2210 4099 securos
2229 4042 2456 4108 faciunt,
2490 4049 2556 4096 ut
2586 4048 2816 4114 propter
2846 4047 3060 4097 rectam
3081 4042 3251 4097 ﬁdem
3271 4041 3490 4097 etiamsi
3519 4041 3580 4097 in

281 4128 626 4183 remittetur
654 4128 993 4198 hominibus,
1015 4130 1110 4185 ubi
1139 4132 1243 4185 hoc
1270 4138 1561 4203 peccatum
1593 4148 1705 4186 non
1734 4131 1905 4186 fuerit
1982 4131 2310 4189 criminibus
2327 4131 2743 4204 permanserint
2755 4148 2866 4187 non
2881 4132 3576 4199 damnentur.Caveamus,

284 4217 487 4273 cordis
517 4217 924 4289 impoenitentis
954 4225 1150 4274 contra
1181 4221 1453 4291 Spiritum
1482 4227 1758 4286 sanctum,
1793 4237 1901 4292 quo
1983 4222 2187 4294 inquit,
2207 4221 2508 4292 diligenter
2529 4221 2587 4276 in
2609 4221 2892 4291 adjutorio
2908 4221 3133 4276 Domini
3147 4220 3245 4276 Dei
3269 4220 3447 4276 nostri
3466 4236 3582 4276 non

284 4307 353 4372 in
384 4305 634 4361 Ecclesia
652 4317 881 4377 peccata
903 4309 1212 4376 solvuntur,
1248 4315 1450 4365 cuncta
1477 4311 1590 4366 alia
1613 4309 1903 4365 dimittun-
1983 4311 2167 4366 facere
2195 4311 2451 4368 homines
2500 4310 2646 4365 male
2691 4327 2933 4371 securos,
2968 4310 3216 4364 dicentes
3243 4309 3325 4364 eis
3355 4309 3504 4379 quod
3532 4307 3582 4363 si

281 4402 396 4451 tur
424 4413 437 4447 :
474 4397 750 4467 quomodo
783 4402 972 4454 autem
1017 4399 1122 4452 hoc
1172 4399 1511 4466 remittetur,
1542 4400 1690 4470 quod
1729 4399 1900 4454 etiam
1919 4383 2195 4456 Dfuerint
2213 4400 2270 4454 in
2300 4401 2525 4456 Christo
2555 4399 2839 4470 baptizati,
2874 4397 3293 4470 quomodolibet
3309 4396 3367 4452 in
3388 4413 3457 4452 ea
3471 4397 3582 4452 ﬁde

280 4483 695 4540 remissionnzn
713 4485 948 4557 impedit
972 4487 1443 4543 aliorum.0mnia
1461 4505 1594 4558 ergo
1614 4489 1906 4544 dimittun-

281 4581 397 4630 tur
421 4573 503 4627 eis
531 4573 589 4628 in
619 4574 821 4645 quibus
851 4576 956 4630 hoc
1001 4593 1115 4632 non
1155 4583 1240 4632 est
1274 4578 1422 4648 quod
1484 4595 1773 4648 nunquam
1818 4578 1904 4632 di-

284 4663 584 4719 mittetur.
631 4665 694 4719 In
715 4664 916 4736 quibus
949 4671 1140 4721 autem
1178 4672 1282 4733 est,
1314 4667 1578 4739 quoniam
1609 4667 1713 4723 hoc
1759 4685 1905 4722 nun-

284 4768 478 4825 quam
509 4752 844 4822 dimittetur,
860 4771 964 4809 nec
987 4755 1098 4809 alia
1115 4755 1484 4811 dimittuntur
1503 4758 1636 4827 quia
1654 4757 1906 4812 omnium

284 4841 563 4897 remissio
575 4842 792 4911 vinculo
803 4844 968 4898 istius
980 4844 1392 4916 impeditur.De
1410 4862 1522 4917 qua
1538 4845 1903 4917 blasphemia,

282 4929 356 4986 id
382 4936 489 4998 est,
505 4930 919 5002 impuanitentia
930 4934 1015 4988 vel
1037 4934 1520 5006 corimpoenitens,
1553 4937 1909 5007 supradictus

283 5023 472 5092 pater
487 5018 836 5090 Augustinus
859 5022 1310 5078 enucleatissinie
1323 5023 1592 5095 valdeque
1613 5024 1826 5096 prolixe
1850 5024 1908 5079 in

284 5109 668 5176 sermonead
690 5111 958 5181 populum
987 5128 1144 5166 more
1172 5112 1336 5167 solito
1366 5113 1674 5168 secundum
1696 5119 1912 5168 sancta-

285 5213 437 5252 rum
471 5197 890 5268 Scripturarum
927 5200 1364 5256 aﬁirmationem
1394 5201 1677 5258 disseruit.
1732 5203 1910 5258 Nemo

287 5301 447 5357 ergo
467 5302 570 5358 pro
597 5279 960 5344 multitudine
976 5294 1032 5344 et
1050 5291 1387 5346 enormitate
1401 5307 1633 5345 suorum
1653 5291 1914 5362 desperet

246 5376 254 5383 ”
285 5380 691 5450 peccatorum,
725 5378 822 5432 sed
849 5379 1038 5450 potius
1078 5380 1366 5436 conﬁdens
1411 5381 1479 5434 de
1529 5381 1913 5436 misericordia

286 5462 420 5536 Dei
448 5469 689 5536 agatpro
720 5468 980 5538 peccatis,
1007 5468 1142 5524 dum
1171 5470 1234 5529 in
1246 5469 1358 5530 hoc
1385 5469 1780 5540 corporevivit,
1801 5487 1914 5543 pue-

294 5551 639 5625 nitentiam,
672 5571 742 5610 ne
759 5555 818 5611 in
838 5557 1027 5613 futuro
1058 5558 1253 5614 aeterni
1287 5559 1493 5629 judicis
1529 5559 1783 5614 examine
1813 5576 1913 5631 pro

1989 4491 2223 4545 vixerint
2253 4507 2346 4544 eos
2369 4490 2439 4544 ad
2469 4489 2710 4542 salutem
2736 4494 3004 4543 aeternam
3031 4503 3152 4542 esse
3181 4492 3465 4542 venturos.
3493 4486 3584 4541 Jac

1987 4579 2157 4635 cobus
2183 4579 2331 4634 enim
2357 4579 2644 4650 apostolus
2674 4577 2753 4632 ait
2779 4593 2791 4628 :
2828 4597 2849 4628 ι
2869 4576 2926 4630 Si
2951 4576 3076 4648 quis
3104 4575 3272 4631 ﬁdem
3299 4575 3506 4632 dixerit
3522 4593 3584 4632 se

1990 4669 2220 4735 habere,
2235 4684 2407 4739 Opera
2434 4673 2623 4722 autem
2655 4682 2767 4723 non
2798 4665 3019 4731 habeat,
3039 4665 3292 4736 nunquid
3311 4663 3451 4721 ﬁdes
3478 4665 3585 4721 sal-

1988 4774 2119 4812 vare
2147 4757 2357 4830 poterit
2377 4756 2549 4822 eum?
2576 4755 2740 4810 Fides
2760 4754 2913 4809 enim
2942 4753 3063 4810 sine
3077 4752 3342 4827 operibus
3361 4759 3585 4811 mortua

1988 4852 2076 4902 est
2097 4850 2231 4912 (Jac.
2249 4861 2310 4912 Il,
2340 4846 2446 4915 l-i).
2471 4867 2493 4896 ι
2529 4845 2686 4900 Sicut
2705 4844 2858 4900 enim
2876 4844 3016 4899 ﬁdes
3031 4849 3184 4899 recta
3194 4843 3405 4916 absque
3423 4841 3584 4898 bonis

1989 4935 2252 5008 operibus
2270 4935 2410 4990 nihil
2437 4933 2700 5007 cuiquam
2730 4934 2976 5006 prodest,
3011 4934 3092 4988 ita
3112 4949 3284 5005 opera
3298 4933 3443 4988 bona
3461 4929 3584 4987 sine

1989 5025 2100 5080 ﬁde
2129 5024 2394 5096 prodesse
2437 5025 2605 5080 alicui
2659 5039 2770 5079 non
2817 5028 3074 5096 possunt,
3121 5025 3366 5077 testante
3390 5025 3586 5077 sancta

1993 5113 2282 5187 Scriptura
2313 5131 2325 5166 :
2357 5130 2384 5166 α
2417 5113 2549 5168 Sine
2579 5113 2689 5166 ﬁde
2709 5112 2860 5167 enim
2892 5110 3238 5184 impossibile
3259 5115 3346 5166 est
3364 5109 3584 5182 placere

1992 5203 2107 5258 Deo
2139 5205 2287 5271 (ch.
2311 5219 2385 5268 x1,
2417 5202 2492 5271 6).
2528 5221 2552 5254 ιι
2585 5203 2661 5257 Ut
2687 5201 2836 5256 enim
2853 5201 2991 5255 ﬁdes
3006 5205 3160 5254 recta
3183 5200 3303 5255 sine
3323 5198 3585 5270 operibus

1991 5291 2153 5348 bonis
2172 5291 2387 5347 salvare
2407 5307 2744 5362 quemquam
2766 5296 3028 5361 nequeat,
3071 5289 3221 5343 idem
3241 5287 3584 5344 clarissimus

1994 5382 2189 5437 doctor
2217 5381 2566 5452 Augustinus
2595 5381 2651 5435 in
2682 5379 2824 5434 libro
2855 5379 2924 5432 de
2954 5379 3244 5450 Baptismo
3270 5383 3470 5449 quarto
3497 5377 3585 5433 di-

1994 5470 2137 5529 vinis
2151 5487 2215 5526 ex
2229 5470 2566 5525 testimoniis
2582 5467 2945 5524 contestando
2953 5467 3400 5524 amrmatdicens
3414 5486 3426 5522 :
3448 5469 3590 5524 Con-

1995 5561 2296 5617 stituamus
2315 5559 2562 5632 aliquem
2591 5558 3004 5628 fornicatorem,
3028 5558 3405 5630 immundum,
3430 5558 3588 5618 luxu-
