  <div class='ocr_page' id='page_1' title='image "/cluster/home/n/w/nwhite01/storage/ocr_20150623/112/hvd.32044054759774/679.png"; bbox 0 0 3982 6158; ppageno 0'>
   <div class='ocr_carea' id='block_1_1' title="bbox 589 242 2161 331">
    <p class='ocr_par' dir='ltr' id='par_1_1' title="bbox 589 252 2161 314">
     <span class='ocr_line' id='line_1_1' title="bbox 589 252 2161 314; baseline -0.003 -1"><span class='ocrx_word' id='word_1_1' title='bbox 589 255 728 314; x_wconf 75' lang='grc'><strong>1347</strong></span> <span class='ocrx_word' id='word_1_2' title='bbox 1172 255 1234 310; x_wconf 89' lang='grc' dir='ltr'><strong>Β.</strong></span> <span class='ocrx_word' id='word_1_3' title='bbox 1275 252 1547 309; x_wconf 81' lang='lat' dir='ltr'><strong>RABANI</strong></span> <span class='ocrx_word' id='word_1_4' title='bbox 1585 252 1817 310; x_wconf 82' lang='lat' dir='ltr'><strong>MAURI</strong></span> <span class='ocrx_word' id='word_1_5' title='bbox 1854 252 2161 309; x_wconf 76' lang='lat' dir='ltr'><strong>ARCHIEP</strong></span> 
     </span>
    </p>
   </div>
   <div class='ocr_carea' id='block_1_2' title="bbox 2184 242 3756 331">
    <p class='ocr_par' dir='ltr' id='par_1_2' title="bbox 2184 242 3756 331">
     <span class='ocr_line' id='line_1_2' title="bbox 2184 242 3756 331; baseline 0.004 -22"><span class='ocrx_word' id='word_1_6' title='bbox 2184 293 2194 309; x_wconf 91' lang='lat'><strong>.</strong></span> <span class='ocrx_word' id='word_1_7' title='bbox 2234 242 2559 310; x_wconf 76' lang='lat' dir='ltr'><strong>MOGUNT.</strong></span> <span class='ocrx_word' id='word_1_8' title='bbox 2604 253 2902 312; x_wconf 82' lang='lat' dir='ltr'><strong>OPERUM</strong></span> <span class='ocrx_word' id='word_1_9' title='bbox 2939 254 3125 311; x_wconf 80' lang='lat' dir='ltr'><strong>PARS</strong></span> <span class='ocrx_word' id='word_1_10' title='bbox 3158 254 3253 311; x_wconf 89' lang='lat' dir='ltr'><strong>III.</strong></span> <span class='ocrx_word' id='word_1_11' title='bbox 3650 259 3756 331; x_wconf 61' lang='grc'><strong>1348</strong></span> 
     </span>
    </p>
   </div>
   <div class='ocr_carea' id='block_1_3' title="bbox 583 365 3760 454">
    <p class='ocr_par' dir='ltr' id='par_1_3' title="bbox 583 365 3760 454">
     <span class='ocr_line' id='line_1_3' title="bbox 583 365 3760 454; baseline 0.002 -18"><span class='ocrx_word' id='word_1_12' title='bbox 583 382 816 449; x_wconf 89' lang='lat' dir='ltr'><strong>riosum,</strong></span> <span class='ocrx_word' id='word_1_13' title='bbox 847 396 1098 447; x_wconf 84' lang='lat' dir='ltr'><strong>avarum,</strong></span> <span class='ocrx_word' id='word_1_14' title='bbox 1127 365 1473 445; x_wconf 54' lang='lat' dir='ltr'><strong>veneficum:</strong></span> <span class='ocrx_word' id='word_1_15' title='bbox 1492 376 1916 447; x_wconf 88' lang='lat' dir='ltr'><strong>discordiosum,</strong></span> <span class='ocrx_word' id='word_1_16' title='bbox 1951 382 2235 440; x_wconf 81' lang='lat' dir='ltr'><strong>conten-A</strong></span> <span class='ocrx_word' id='word_1_17' title='bbox 2259 383 2345 436; x_wconf 90' lang='lat' dir='ltr'><strong>tes</strong></span> <span class='ocrx_word' id='word_1_18' title='bbox 2374 380 2552 435; x_wconf 89' lang='lat' dir='ltr'><strong>multo</strong></span> <span class='ocrx_word' id='word_1_19' title='bbox 2569 380 2815 450; x_wconf 82' lang='lat' dir='ltr'><strong>majores</strong></span> <span class='ocrx_word' id='word_1_20' title='bbox 2833 379 3056 436; x_wconf 90' lang='lat' dir='ltr'><strong>numeri</strong></span> <span class='ocrx_word' id='word_1_21' title='bbox 3079 394 3243 451; x_wconf 88' lang='lat' dir='ltr'><strong>quam</strong></span> <span class='ocrx_word' id='word_1_22' title='bbox 3255 384 3317 434; x_wconf 90' lang='lat' dir='ltr'><strong>tu</strong></span> <span class='ocrx_word' id='word_1_23' title='bbox 3331 394 3388 434; x_wconf 85' lang='lat' dir='ltr'><strong>es</strong></span> <span class='ocrx_word' id='word_1_24' title='bbox 3406 384 3459 434; x_wconf 89' lang='lat' dir='ltr'><strong>et</strong></span> <span class='ocrx_word' id='word_1_25' title='bbox 3475 379 3760 454; x_wconf 67' lang='lat' dir='ltr'><strong>robustioris,</strong></span> 
     </span>
    </p>
   </div>
   <div class='ocr_carea' id='block_1_4' title="bbox 580 464 3763 546">
    <p class='ocr_par' dir='ltr' id='par_1_4' title="bbox 580 464 3763 546">
     <span class='ocr_line' id='line_1_4' title="bbox 580 464 3763 546; baseline 0 -19"><span class='ocrx_word' id='word_1_26' title='bbox 580 470 810 538; x_wconf 84' lang='lat' dir='ltr'><strong>tiosum,</strong></span> <span class='ocrx_word' id='word_1_27' title='bbox 846 468 1199 535; x_wconf 89' lang='lat' dir='ltr'><strong>seditiosum,</strong></span> <span class='ocrx_word' id='word_1_28' title='bbox 1231 464 1822 534; x_wconf 87' lang='lat' dir='ltr'><strong>invidum,ebriosum,</strong></span> <span class='ocrx_word' id='word_1_29' title='bbox 1851 474 2187 523; x_wconf 88' lang='lat' dir='ltr'><strong>comessato-</strong></span> <span class='ocrx_word' id='word_1_30' title='bbox 2264 469 2674 541; x_wconf 83' lang='lat' dir='ltr'><strong>tradideritque</strong></span> <span class='ocrx_word' id='word_1_31' title='bbox 2706 486 2801 525; x_wconf 88' lang='lat' dir='ltr'><strong>eos</strong></span> <span class='ocrx_word' id='word_1_32' title='bbox 2840 468 3117 525; x_wconf 85' lang='lat' dir='ltr'><strong>Dominus</strong></span> <span class='ocrx_word' id='word_1_33' title='bbox 3156 468 3255 524; x_wconf 87' lang='lat' dir='ltr'><strong>tibi</strong></span> <span class='ocrx_word' id='word_1_34' title='bbox 3306 470 3501 540; x_wconf 84' lang='lat' dir='ltr'><strong>percuti</strong></span> <span class='ocrx_word' id='word_1_35' title='bbox 3524 487 3605 525; x_wconf 86' lang='lat' dir='ltr'><strong>eos</strong></span> <span class='ocrx_word' id='word_1_36' title='bbox 3626 488 3763 546; x_wconf 83' lang='lat' dir='ltr'><strong>usque</strong></span> 
     </span>
    </p>
   </div>
   <div class='ocr_carea' id='block_1_5' title="bbox 546 556 3765 630">
    <p class='ocr_par' dir='ltr' id='par_1_5' title="bbox 546 556 3765 630">
     <span class='ocr_line' id='line_1_5' title="bbox 546 556 3765 630; baseline 0.002 -17"><span class='ocrx_word' id='word_1_37' title='bbox 546 580 551 587; x_wconf 63' lang='grc' dir='ltr'><strong><em>ι</em></strong></span> <span class='ocrx_word' id='word_1_38' title='bbox 581 575 723 626; x_wconf 88' lang='lat' dir='ltr'><strong>rem,</strong></span> <span class='ocrx_word' id='word_1_39' title='bbox 754 559 1094 614; x_wconf 86' lang='lat' dir='ltr'><strong>catholicum</strong></span> <span class='ocrx_word' id='word_1_40' title='bbox 1126 576 1138 612; x_wconf 91' lang='lat'><strong>:</strong></span> <span class='ocrx_word' id='word_1_41' title='bbox 1173 556 1429 628; x_wconf 85' lang='lat' dir='ltr'><strong>nunquid</strong></span> <span class='ocrx_word' id='word_1_42' title='bbox 1454 560 1685 628; x_wconf 76' lang='lat' dir='ltr'><strong>propter</strong></span> <span class='ocrx_word' id='word_1_43' title='bbox 1704 556 1811 612; x_wconf 88' lang='lat' dir='ltr'><strong>hoc</strong></span> <span class='ocrx_word' id='word_1_44' title='bbox 1830 556 2015 611; x_wconf 88' lang='lat' dir='ltr'><strong>solum</strong></span> <span class='ocrx_word' id='word_1_45' title='bbox 2034 557 2181 629; x_wconf 90' lang='lat' dir='ltr'><strong>quod</strong></span> <span class='ocrx_word' id='word_1_46' title='bbox 2264 559 2336 613; x_wconf 90' lang='lat' dir='ltr'><strong>ad</strong></span> <span class='ocrx_word' id='word_1_47' title='bbox 2356 558 2819 614; x_wconf 83' lang='lat' dir='ltr'><strong>internecionem.</strong></span> <span class='ocrx_word' id='word_1_48' title='bbox 2863 580 2885 607; x_wconf 79' lang='grc' dir='ltr'>ι</span> <span class='ocrx_word' id='word_1_49' title='bbox 2924 560 3117 627; x_wconf 63' lang='lat' dir='ltr'><strong>(Casa)</strong></span> <span class='ocrx_word' id='word_1_50' title='bbox 3146 558 3362 629; x_wconf 85' lang='lat' dir='ltr'><strong>Septem</strong></span> <span class='ocrx_word' id='word_1_51' title='bbox 3390 558 3498 613; x_wconf 69' lang='lat' dir='ltr'><strong>ista:</strong></span> <span class='ocrx_word' id='word_1_52' title='bbox 3519 566 3681 630; x_wconf 80' lang='lat' dir='ltr'><strong>gentes</strong></span> <span class='ocrx_word' id='word_1_53' title='bbox 3702 580 3765 618; x_wconf 84' lang='lat' dir='ltr'><strong>se-</strong></span> 
     </span>
    </p>
   </div>
   <div class='ocr_carea' id='block_1_6' title="bbox 578 644 3764 720">
    <p class='ocr_par' dir='ltr' id='par_1_6' title="bbox 578 644 3764 720">
     <span class='ocr_line' id='line_1_6' title="bbox 578 644 3764 720; baseline 0.001 -17"><span class='ocrx_word' id='word_1_54' title='bbox 578 647 887 703; x_wconf 85' lang='lat' dir='ltr'><strong>catholicus</strong></span> <span class='ocrx_word' id='word_1_55' title='bbox 914 652 1017 714; x_wconf 88' lang='lat' dir='ltr'><strong>est,</strong></span> <span class='ocrx_word' id='word_1_56' title='bbox 1041 662 1279 718; x_wconf 83' lang='lat' dir='ltr'><strong>regnum</strong></span> <span class='ocrx_word' id='word_1_57' title='bbox 1300 645 1401 700; x_wconf 89' lang='lat' dir='ltr'><strong>Dei</strong></span> <span class='ocrx_word' id='word_1_58' title='bbox 1426 644 2079 716; x_wconf 85' lang='lat' dir='ltr'><strong>possidebit,agenstalia</strong></span> <span class='ocrx_word' id='word_1_59' title='bbox 2108 646 2179 701; x_wconf 90' lang='lat' dir='ltr'><strong>de</strong></span> <span class='ocrx_word' id='word_1_60' title='bbox 2264 653 2416 720; x_wconf 82' lang='lat' dir='ltr'><strong>ptem</strong></span> <span class='ocrx_word' id='word_1_61' title='bbox 2445 653 2580 702; x_wconf 90' lang='lat' dir='ltr'><strong>sunt</strong></span> <span class='ocrx_word' id='word_1_62' title='bbox 2615 646 2944 719; x_wconf 84' lang='lat' dir='ltr'><strong>principalia</strong></span> <span class='ocrx_word' id='word_1_63' title='bbox 3002 646 3156 713; x_wconf 88' lang='lat' dir='ltr'><strong>vitia,</strong></span> <span class='ocrx_word' id='word_1_64' title='bbox 3188 663 3306 718; x_wconf 69' lang='lat' dir='ltr'><strong>quas</strong></span> <span class='ocrx_word' id='word_1_65' title='bbox 3348 663 3440 718; x_wconf 90' lang='lat' dir='ltr'><strong>per</strong></span> <span class='ocrx_word' id='word_1_66' title='bbox 3464 649 3669 718; x_wconf 78' lang='lat' dir='ltr'><strong>gratiam</strong></span> <span class='ocrx_word' id='word_1_67' title='bbox 3687 650 3764 707; x_wconf 83' lang='lat' dir='ltr'><strong>Dei</strong></span> 
     </span>
    </p>
   </div>
   <div class='ocr_carea' id='block_1_7' title="bbox 579 730 3764 810">
    <p class='ocr_par' dir='ltr' id='par_1_7' title="bbox 579 730 3764 810">
     <span class='ocr_line' id='line_1_7' title="bbox 579 730 3764 810; baseline 0.001 -17"><span class='ocrx_word' id='word_1_68' title='bbox 579 734 783 810; x_wconf 81' lang='lat' dir='ltr'><strong>quibus</strong></span> <span class='ocrx_word' id='word_1_69' title='bbox 809 737 890 793; x_wconf 86' lang='lat' dir='ltr'><strong>sic</strong></span> <span class='ocrx_word' id='word_1_70' title='bbox 911 735 1194 792; x_wconf 83' lang='lat' dir='ltr'><strong>concludit</strong></span> <span class='ocrx_word' id='word_1_71' title='bbox 1210 730 1514 806; x_wconf 73' lang='lat' dir='ltr'><strong>Apostolus</strong></span> <span class='ocrx_word' id='word_1_72' title='bbox 1542 752 1554 787; x_wconf 92' lang='lat'><strong>:</strong></span> <span class='ocrx_word' id='word_1_73' title='bbox 1590 751 1619 786; x_wconf 76' lang='grc' dir='ltr'><strong>σι</strong></span> <span class='ocrx_word' id='word_1_74' title='bbox 1652 733 1787 798; x_wconf 55' lang='lat' dir='ltr'><strong>Quae</strong></span> <span class='ocrx_word' id='word_1_75' title='bbox 1816 734 2057 805; x_wconf 67' lang='lat' dir='ltr'><strong>praedico</strong></span> <span class='ocrx_word' id='word_1_76' title='bbox 2087 751 2179 790; x_wconf 92' lang='lat' dir='ltr'><strong>vo-</strong></span> <span class='ocrx_word' id='word_1_77' title='bbox 2258 737 2645 809; x_wconf 88' lang='lat' dir='ltr'><strong>unusquisque</strong></span> <span class='ocrx_word' id='word_1_78' title='bbox 2669 736 2940 807; x_wconf 84' lang='lat' dir='ltr'><strong>spiritalis</strong></span> <span class='ocrx_word' id='word_1_79' title='bbox 2957 736 3118 791; x_wconf 86' lang='lat' dir='ltr'><strong>miles</strong></span> <span class='ocrx_word' id='word_1_80' title='bbox 3130 737 3764 806; x_wconf 79' lang='lat' dir='ltr'><strong>exsuperansexterminare</strong></span> 
     </span>
    </p>
   </div>
   <div class='ocr_carea' id='block_1_8' title="bbox 577 822 3764 898">
    <p class='ocr_par' dir='ltr' id='par_1_8' title="bbox 577 822 3764 898">
     <span class='ocr_line' id='line_1_8' title="bbox 577 822 3764 898; baseline 0 -16"><span class='ocrx_word' id='word_1_81' title='bbox 577 825 681 893; x_wconf 84' lang='lat' dir='ltr'><strong>bis,</strong></span> <span class='ocrx_word' id='word_1_82' title='bbox 706 826 853 881; x_wconf 86' lang='lat' dir='ltr'><strong>sicut</strong></span> <span class='ocrx_word' id='word_1_83' title='bbox 870 825 1119 898; x_wconf 74' lang='lat' dir='ltr'><strong>pmdixi,</strong></span> <span class='ocrx_word' id='word_1_84' title='bbox 1143 823 1412 897; x_wconf 88' lang='lat' dir='ltr'><strong>quoniam</strong></span> <span class='ocrx_word' id='word_1_85' title='bbox 1431 822 1528 894; x_wconf 87' lang='lat' dir='ltr'><strong>qui</strong></span> <span class='ocrx_word' id='word_1_86' title='bbox 1557 822 1696 877; x_wconf 88' lang='lat' dir='ltr'><strong>talia</strong></span> <span class='ocrx_word' id='word_1_87' title='bbox 1712 828 1907 894; x_wconf 88' lang='lat' dir='ltr'><strong>agunt,</strong></span> <span class='ocrx_word' id='word_1_88' title='bbox 1937 839 2175 895; x_wconf 77' lang='lat' dir='ltr'><strong>regnum</strong></span> <span class='ocrx_word' id='word_1_89' title='bbox 2257 826 2482 898; x_wconf 87' lang='lat' dir='ltr'><strong>penitus</strong></span> <span class='ocrx_word' id='word_1_90' title='bbox 2541 825 2879 881; x_wconf 90' lang='lat' dir='ltr'><strong>admonetur</strong></span> <span class='ocrx_word' id='word_1_91' title='bbox 2910 844 2923 894; x_wconf 91' lang='lat'><strong>;</strong></span> <span class='ocrx_word' id='word_1_92' title='bbox 2984 825 3133 898; x_wconf 90' lang='lat' dir='ltr'><strong>quod</strong></span> <span class='ocrx_word' id='word_1_93' title='bbox 3184 839 3312 879; x_wconf 86' lang='lat' dir='ltr'><strong>vero</strong></span> <span class='ocrx_word' id='word_1_94' title='bbox 3355 825 3572 894; x_wconf 77' lang='lat' dir='ltr'><strong>majores</strong></span> <span class='ocrx_word' id='word_1_95' title='bbox 3594 828 3764 882; x_wconf 86' lang='lat' dir='ltr'><strong>numeri</strong></span> 
     </span>
    </p>
   </div>
   <div class='ocr_carea' id='block_1_9' title="bbox 549 910 3765 986">
    <p class='ocr_par' dir='ltr' id='par_1_9' title="bbox 549 910 3765 986">
     <span class='ocr_line' id='line_1_9' title="bbox 549 910 3765 986; baseline -0.001 -14"><span class='ocrx_word' id='word_1_96' title='bbox 708 930 822 971; x_wconf 87' lang='lat' dir='ltr'><strong>non</strong></span> <span class='ocrx_word' id='word_1_97' title='bbox 847 919 1263 986; x_wconf 79' lang='lat' dir='ltr'><strong>consequentur</strong></span> <span class='ocrx_word' id='word_1_98' title='bbox 1285 911 1432 985; x_wconf 81' lang='lat' dir='ltr'><strong>(Gal.</strong></span> <span class='ocrx_word' id='word_1_99' title='bbox 1465 928 1518 978; x_wconf 85' lang='lat' dir='ltr'><strong>v,</strong></span> <span class='ocrx_word' id='word_1_100' title='bbox 1541 910 1655 981; x_wconf 77' lang='lat' dir='ltr'><strong>2i);</strong></span> <span class='ocrx_word' id='word_1_101' title='bbox 1684 931 1706 962; x_wconf 76' lang='grc' dir='ltr'><strong>ι</strong></span> <span class='ocrx_word' id='word_1_102' title='bbox 1740 917 1798 966; x_wconf 91' lang='lat' dir='ltr'><strong>et</strong></span> <span class='ocrx_word' id='word_1_103' title='bbox 1827 911 1961 967; x_wconf 85' lang='lat' dir='ltr'><strong>alibi</strong></span> <span class='ocrx_word' id='word_1_104' title='bbox 1989 912 2127 968; x_wconf 89' lang='lat' dir='ltr'><strong>dicit</strong></span> <span class='ocrx_word' id='word_1_105' title='bbox 2159 931 2171 966; x_wconf 93' lang='lat'><strong>:</strong></span> <span class='ocrx_word' id='word_1_106' title='bbox 2258 930 2379 969; x_wconf 89' lang='lat' dir='ltr'><strong>esse</strong></span> <span class='ocrx_word' id='word_1_107' title='bbox 2403 914 2686 982; x_wconf 90' lang='lat' dir='ltr'><strong>dicuntur,</strong></span> <span class='ocrx_word' id='word_1_108' title='bbox 2740 915 2859 970; x_wconf 65' lang='lat' dir='ltr'><strong>haec</strong></span> <span class='ocrx_word' id='word_1_109' title='bbox 2904 914 3052 969; x_wconf 82' lang='lat' dir='ltr'><strong>ratio</strong></span> <span class='ocrx_word' id='word_1_110' title='bbox 3096 918 3199 980; x_wconf 89' lang='lat' dir='ltr'><strong>est,</strong></span> <span class='ocrx_word' id='word_1_111' title='bbox 3250 912 3378 984; x_wconf 85' lang='lat' dir='ltr'><strong>quia</strong></span> <span class='ocrx_word' id='word_1_112' title='bbox 3403 912 3551 985; x_wconf 86' lang='lat' dir='ltr'><strong>plura</strong></span> <span class='ocrx_word' id='word_1_113' title='bbox 3580 918 3688 970; x_wconf 87' lang='lat' dir='ltr'><strong>sunt</strong></span> <span class='ocrx_word' id='word_1_114' title='bbox 3704 915 3765 970; x_wconf 81' lang='lat' dir='ltr'><strong>vi-</strong></span> 
     </span>
    </p>
   </div>
   <div class='ocr_carea' id='block_1_10' title="bbox 546 1001 3767 1075">
    <p class='ocr_par' dir='ltr' id='par_1_10' title="bbox 546 1001 3767 1075">
     <span class='ocr_line' id='line_1_10' title="bbox 546 1001 3767 1075; baseline -0 -15"><span class='ocrx_word' id='word_1_115' title='bbox 546 1003 699 1060; x_wconf 79' lang='lat' dir='ltr'><strong>-Hoc</strong></span> <span class='ocrx_word' id='word_1_116' title='bbox 740 1009 933 1060; x_wconf 79' lang='lat' dir='ltr'><strong>autem</strong></span> <span class='ocrx_word' id='word_1_117' title='bbox 978 1003 1180 1059; x_wconf 86' lang='lat' dir='ltr'><strong>scitote</strong></span> <span class='ocrx_word' id='word_1_118' title='bbox 1233 1005 1634 1074; x_wconf 82' lang='lat' dir='ltr'><strong>cognoscentes</strong></span> <span class='ocrx_word' id='word_1_119' title='bbox 1683 1001 1950 1072; x_wconf 87' lang='lat' dir='ltr'><strong>quoniam</strong></span> <span class='ocrx_word' id='word_1_120' title='bbox 1990 1001 2174 1057; x_wconf 91' lang='lat' dir='ltr'><strong>omnis</strong></span> <span class='ocrx_word' id='word_1_121' title='bbox 2255 1004 2338 1059; x_wconf 91' lang='lat' dir='ltr'><strong>tia</strong></span> <span class='ocrx_word' id='word_1_122' title='bbox 2358 1020 2526 1075; x_wconf 90' lang='lat' dir='ltr'><strong>quam</strong></span> <span class='ocrx_word' id='word_1_123' title='bbox 2555 1004 2808 1071; x_wconf 82' lang='lat' dir='ltr'><strong>virtutes,</strong></span> <span class='ocrx_word' id='word_1_124' title='bbox 2841 1008 2899 1060; x_wconf 89' lang='lat' dir='ltr'><strong>et</strong></span> <span class='ocrx_word' id='word_1_125' title='bbox 2922 1003 3048 1058; x_wconf 90' lang='lat' dir='ltr'><strong>ideo</strong></span> <span class='ocrx_word' id='word_1_126' title='bbox 3076 1004 3136 1058; x_wconf 90' lang='lat' dir='ltr'><strong>in</strong></span> <span class='ocrx_word' id='word_1_127' title='bbox 3155 1001 3401 1072; x_wconf 76' lang='lat' dir='ltr'><strong>catalogo</strong></span> <span class='ocrx_word' id='word_1_128' title='bbox 3427 1001 3624 1075; x_wconf 86' lang='lat' dir='ltr'><strong>quidem</strong></span> <span class='ocrx_word' id='word_1_129' title='bbox 3645 1003 3767 1059; x_wconf 85' lang='lat' dir='ltr'><strong>dinu-</strong></span> 
     </span>
    </p>
   </div>
   <div class='ocr_carea' id='block_1_11' title="bbox 544 1089 3765 1165">
    <p class='ocr_par' dir='ltr' id='par_1_11' title="bbox 544 1089 3765 1165">
     <span class='ocr_line' id='line_1_11' title="bbox 544 1089 3765 1165; baseline 0 -17"><span class='ocrx_word' id='word_1_130' title='bbox 544 1120 553 1126; x_wconf 69' lang='grc' dir='ltr'><strong>ο</strong></span> <span class='ocrx_word' id='word_1_131' title='bbox 575 1092 881 1148; x_wconf 80' lang='lat' dir='ltr'><strong>fornicator</strong></span> <span class='ocrx_word' id='word_1_132' title='bbox 905 1098 1007 1147; x_wconf 87' lang='lat' dir='ltr'><strong>aut</strong></span> <span class='ocrx_word' id='word_1_133' title='bbox 1034 1089 1360 1147; x_wconf 85' lang='lat' dir='ltr'><strong>immundus</strong></span> <span class='ocrx_word' id='word_1_134' title='bbox 1387 1094 1490 1145; x_wconf 86' lang='lat' dir='ltr'><strong>aut</strong></span> <span class='ocrx_word' id='word_1_135' title='bbox 1516 1105 1739 1157; x_wconf 85' lang='lat' dir='ltr'><strong>avarus,</strong></span> <span class='ocrx_word' id='word_1_136' title='bbox 1762 1090 1912 1162; x_wconf 89' lang='lat' dir='ltr'><strong>quod</strong></span> <span class='ocrx_word' id='word_1_137' title='bbox 1940 1095 2028 1145; x_wconf 87' lang='lat' dir='ltr'><strong>est</strong></span> <span class='ocrx_word' id='word_1_138' title='bbox 2052 1089 2175 1145; x_wconf 82' lang='lat' dir='ltr'><strong>ido-</strong></span> <span class='ocrx_word' id='word_1_139' title='bbox 2256 1097 2550 1148; x_wconf 75' lang='lat' dir='ltr'><strong>merentur</strong></span> <span class='ocrx_word' id='word_1_140' title='bbox 2578 1098 2795 1165; x_wconf 82' lang='lat' dir='ltr'><strong>septem</strong></span> <span class='ocrx_word' id='word_1_141' title='bbox 2848 1091 3123 1159; x_wconf 89' lang='lat' dir='ltr'><strong>nationes,</strong></span> <span class='ocrx_word' id='word_1_142' title='bbox 3179 1090 3238 1146; x_wconf 93' lang='lat' dir='ltr'><strong>in</strong></span> <span class='ocrx_word' id='word_1_143' title='bbox 3284 1091 3649 1163; x_wconf 85' lang='lat' dir='ltr'><strong>expugnatione</strong></span> <span class='ocrx_word' id='word_1_144' title='bbox 3668 1109 3765 1149; x_wconf 82' lang='lat' dir='ltr'><strong>vero</strong></span> 
     </span>
    </p>
   </div>
   <div class='ocr_carea' id='block_1_12' title="bbox 577 1178 3766 1254">
    <p class='ocr_par' dir='ltr' id='par_1_12' title="bbox 577 1178 3766 1254">
     <span class='ocr_line' id='line_1_12' title="bbox 577 1178 3766 1254; baseline 0 -18"><span class='ocrx_word' id='word_1_145' title='bbox 577 1180 762 1237; x_wconf 89' lang='lat' dir='ltr'><strong>lorum</strong></span> <span class='ocrx_word' id='word_1_146' title='bbox 810 1182 1068 1247; x_wconf 83' lang='lat' dir='ltr'><strong>servitus,</strong></span> <span class='ocrx_word' id='word_1_147' title='bbox 1121 1196 1237 1236; x_wconf 90' lang='lat' dir='ltr'><strong>non</strong></span> <span class='ocrx_word' id='word_1_148' title='bbox 1282 1178 1455 1234; x_wconf 89' lang='lat' dir='ltr'><strong>habet</strong></span> <span class='ocrx_word' id='word_1_149' title='bbox 1490 1178 1875 1235; x_wconf 68' lang='lat' dir='ltr'><strong>hereditatem</strong></span> <span class='ocrx_word' id='word_1_150' title='bbox 1911 1179 1971 1234; x_wconf 92' lang='lat' dir='ltr'><strong>in</strong></span> <span class='ocrx_word' id='word_1_151' title='bbox 2001 1195 2179 1251; x_wconf 85' lang='lat' dir='ltr'><strong>regno</strong></span> <span class='ocrx_word' id='word_1_152' title='bbox 2258 1197 2455 1238; x_wconf 78' lang='lat' dir='ltr'><strong>earum</strong></span> <span class='ocrx_word' id='word_1_153' title='bbox 2473 1182 2596 1238; x_wconf 84' lang='lat' dir='ltr'><strong>sine</strong></span> <span class='ocrx_word' id='word_1_154' title='bbox 2622 1182 2847 1238; x_wconf 90' lang='lat' dir='ltr'><strong>numeri</strong></span> <span class='ocrx_word' id='word_1_155' title='bbox 2871 1181 3211 1254; x_wconf 91' lang='lat' dir='ltr'><strong>ascriptione</strong></span> <span class='ocrx_word' id='word_1_156' title='bbox 3239 1184 3527 1252; x_wconf 90' lang='lat' dir='ltr'><strong>ponuntur.</strong></span> <span class='ocrx_word' id='word_1_157' title='bbox 3562 1181 3635 1236; x_wconf 85' lang='lat' dir='ltr'><strong>Ita</strong></span> <span class='ocrx_word' id='word_1_158' title='bbox 3654 1183 3766 1237; x_wconf 86' lang='lat' dir='ltr'><strong>enim</strong></span> 
     </span>
    </p>
   </div>
   <div class='ocr_carea' id='block_1_13' title="bbox 575 1253 3763 1341">
    <p class='ocr_par' dir='ltr' id='par_1_13' title="bbox 575 1253 3763 1341">
     <span class='ocr_line' id='line_1_13' title="bbox 575 1253 3763 1341; baseline -0.001 -16"><span class='ocrx_word' id='word_1_159' title='bbox 575 1270 790 1326; x_wconf 84' lang='lat' dir='ltr'><strong>Christi</strong></span> <span class='ocrx_word' id='word_1_160' title='bbox 820 1276 878 1325; x_wconf 88' lang='lat' dir='ltr'><strong>et</strong></span> <span class='ocrx_word' id='word_1_161' title='bbox 904 1269 1007 1325; x_wconf 91' lang='lat' dir='ltr'><strong>Dei</strong></span> <span class='ocrx_word' id='word_1_162' title='bbox 1038 1270 1192 1338; x_wconf 85' lang='lat' dir='ltr'><strong>(Eph.</strong></span> <span class='ocrx_word' id='word_1_163' title='bbox 1227 1285 1279 1335; x_wconf 89' lang='lat' dir='ltr'><strong>v,</strong></span> <span class='ocrx_word' id='word_1_164' title='bbox 1314 1267 1390 1337; x_wconf 84' lang='grc'><strong>5).</strong></span> <span class='ocrx_word' id='word_1_165' title='bbox 1426 1286 1452 1321; x_wconf 82' lang='grc'><strong>»</strong></span> <span class='ocrx_word' id='word_1_166' title='bbox 1494 1268 1678 1322; x_wconf 84' lang='lat' dir='ltr'><strong>Verax</strong></span> <span class='ocrx_word' id='word_1_167' title='bbox 1707 1272 1795 1323; x_wconf 89' lang='lat' dir='ltr'><strong>est</strong></span> <span class='ocrx_word' id='word_1_168' title='bbox 1823 1268 1975 1323; x_wconf 91' lang='lat' dir='ltr'><strong>enim</strong></span> <span class='ocrx_word' id='word_1_169' title='bbox 1996 1269 2177 1323; x_wconf 87' lang='lat' dir='ltr'><strong>sancti</strong></span> <span class='ocrx_word' id='word_1_170' title='bbox 2258 1271 2502 1328; x_wconf 87' lang='lat' dir='ltr'><strong>dicitur:</strong></span> <span class='ocrx_word' id='word_1_171' title='bbox 2555 1294 2581 1319; x_wconf 75' lang='grc' dir='ltr'><strong>ε</strong></span> <span class='ocrx_word' id='word_1_172' title='bbox 2627 1272 2697 1326; x_wconf 87' lang='lat' dir='ltr'><strong>Et</strong></span> <span class='ocrx_word' id='word_1_173' title='bbox 2724 1253 2993 1327; x_wconf 83' lang='lat' dir='ltr'><strong>deleverit</strong></span> <span class='ocrx_word' id='word_1_174' title='bbox 3018 1274 3218 1341; x_wconf 82' lang='lat' dir='ltr'><strong>gentes</strong></span> <span class='ocrx_word' id='word_1_175' title='bbox 3247 1269 3443 1324; x_wconf 88' lang='lat' dir='ltr'><strong>multas</strong></span> <span class='ocrx_word' id='word_1_176' title='bbox 3476 1284 3636 1324; x_wconf 86' lang='lat' dir='ltr'><strong>coram</strong></span> <span class='ocrx_word' id='word_1_177' title='bbox 3663 1276 3722 1325; x_wconf 90' lang='lat' dir='ltr'><strong>te.</strong></span> <span class='ocrx_word' id='word_1_178' title='bbox 3745 1289 3763 1323; x_wconf 77' lang='grc' dir='ltr'><strong><em>ι</em></strong></span> 
     </span>
    </p>
   </div>
   <div class='ocr_carea' id='block_1_14' title="bbox 564 1355 3771 1433">
    <p class='ocr_par' dir='ltr' id='par_1_14' title="bbox 564 1355 3771 1433">
     <span class='ocr_line' id='line_1_14' title="bbox 564 1355 3771 1433; baseline -0.001 -18"><span class='ocrx_word' id='word_1_179' title='bbox 564 1358 766 1415; x_wconf 80' lang='lat' dir='ltr'><strong>Jacobi</strong></span> <span class='ocrx_word' id='word_1_180' title='bbox 794 1357 1032 1432; x_wconf 84' lang='lat' dir='ltr'><strong>apostoli</strong></span> <span class='ocrx_word' id='word_1_181' title='bbox 1081 1357 1381 1423; x_wconf 86' lang='lat' dir='ltr'><strong>sententia,</strong></span> <span class='ocrx_word' id='word_1_182' title='bbox 1419 1372 1533 1428; x_wconf 90' lang='lat' dir='ltr'><strong>qua</strong></span> <span class='ocrx_word' id='word_1_183' title='bbox 1577 1355 1715 1412; x_wconf 86' lang='lat' dir='ltr'><strong>dicit</strong></span> <span class='ocrx_word' id='word_1_184' title='bbox 1744 1374 1755 1408; x_wconf 92' lang='lat'><strong>:</strong></span> <span class='ocrx_word' id='word_1_185' title='bbox 1803 1375 1830 1410; x_wconf 76' lang='grc' dir='ltr'><strong>α</strong></span> <span class='ocrx_word' id='word_1_186' title='bbox 1860 1357 2025 1413; x_wconf 89' lang='lat' dir='ltr'><strong>Fides</strong></span> <span class='ocrx_word' id='word_1_187' title='bbox 2055 1358 2179 1414; x_wconf 90' lang='lat' dir='ltr'><strong>sine</strong></span> <span class='ocrx_word' id='word_1_188' title='bbox 2260 1358 2628 1416; x_wconf 86' lang='lat' dir='ltr'><strong>Numerosior</strong></span> <span class='ocrx_word' id='word_1_189' title='bbox 2642 1365 2730 1416; x_wconf 89' lang='lat' dir='ltr'><strong>est</strong></span> <span class='ocrx_word' id='word_1_190' title='bbox 2750 1360 2902 1416; x_wconf 87' lang='lat' dir='ltr'><strong>enim</strong></span> <span class='ocrx_word' id='word_1_191' title='bbox 2932 1375 3101 1433; x_wconf 89' lang='lat' dir='ltr'><strong>quam</strong></span> <span class='ocrx_word' id='word_1_192' title='bbox 3122 1358 3295 1415; x_wconf 83' lang='lat' dir='ltr'><strong>Israel</strong></span> <span class='ocrx_word' id='word_1_193' title='bbox 3319 1356 3597 1413; x_wconf 84' lang='lat' dir='ltr'><strong>carnalium</strong></span> <span class='ocrx_word' id='word_1_194' title='bbox 3614 1359 3771 1430; x_wconf 82' lang='lat' dir='ltr'><strong>passio-</strong></span> 
     </span>
    </p>
   </div>
   <div class='ocr_carea' id='block_1_15' title="bbox 576 1438 3767 1521">
    <p class='ocr_par' dir='ltr' id='par_1_15' title="bbox 576 1438 3767 1521">
     <span class='ocr_line' id='line_1_15' title="bbox 576 1438 3767 1521; baseline -0.001 -16"><span class='ocrx_word' id='word_1_195' title='bbox 576 1448 842 1521; x_wconf 87' lang='lat' dir='ltr'><strong>operibus</strong></span> <span class='ocrx_word' id='word_1_196' title='bbox 884 1447 1066 1503; x_wconf 85' lang='lat' dir='ltr'><strong>otiosa</strong></span> <span class='ocrx_word' id='word_1_197' title='bbox 1103 1451 1190 1502; x_wconf 86' lang='lat' dir='ltr'><strong>est</strong></span> <span class='ocrx_word' id='word_1_198' title='bbox 1212 1446 1346 1515; x_wconf 86' lang='lat' dir='ltr'><strong>(Jac.</strong></span> <span class='ocrx_word' id='word_1_199' title='bbox 1378 1462 1438 1512; x_wconf 81' lang='lat' dir='ltr'><strong>ii,</strong></span> <span class='ocrx_word' id='word_1_200' title='bbox 1472 1442 1543 1502; x_wconf 80' lang='lat'><strong>20</strong></span> <span class='ocrx_word' id='word_1_201' title='bbox 1561 1451 1610 1500; x_wconf 79' lang='lat' dir='ltr'><strong>et</strong></span> <span class='ocrx_word' id='word_1_202' title='bbox 1642 1443 1754 1515; x_wconf 81' lang='lat'><strong>‘26).</strong></span> <span class='ocrx_word' id='word_1_203' title='bbox 1787 1464 1812 1498; x_wconf 84' lang='lat'>»</span> <span class='ocrx_word' id='word_1_204' title='bbox 1838 1446 2121 1510; x_wconf 74' lang='lat' dir='ltr'><strong>Quaeritur</strong></span> <span class='ocrx_word' id='word_1_205' title='bbox 2145 1462 2182 1502; x_wconf 84' lang='lat' dir='ltr'><strong>a</strong></span> <span class='ocrx_word' id='word_1_206' title='bbox 2260 1464 2399 1504; x_wconf 89' lang='lat' dir='ltr'><strong>num</strong></span> <span class='ocrx_word' id='word_1_207' title='bbox 2418 1448 2677 1520; x_wconf 89' lang='lat' dir='ltr'><strong>populus,</strong></span> <span class='ocrx_word' id='word_1_208' title='bbox 2702 1451 2800 1521; x_wconf 85' lang='lat' dir='ltr'><strong>qui</strong></span> <span class='ocrx_word' id='word_1_209' title='bbox 2821 1449 2890 1503; x_wconf 92' lang='lat' dir='ltr'><strong>de</strong></span> <span class='ocrx_word' id='word_1_210' title='bbox 2910 1438 3019 1504; x_wconf 76' lang='lat' dir='ltr'><strong>hoc</strong></span> <span class='ocrx_word' id='word_1_211' title='bbox 3038 1447 3358 1520; x_wconf 81' lang='lat' dir='ltr'><strong>septenario</strong></span> <span class='ocrx_word' id='word_1_212' title='bbox 3376 1446 3551 1501; x_wconf 83' lang='lat' dir='ltr'><strong>fomite</strong></span> <span class='ocrx_word' id='word_1_213' title='bbox 3564 1446 3767 1502; x_wconf 87' lang='lat' dir='ltr'><strong>vitiorum</strong></span> 
     </span>
    </p>
   </div>
   <div class='ocr_carea' id='block_1_16' title="bbox 552 1533 3770 1610">
    <p class='ocr_par' dir='ltr' id='par_1_16' title="bbox 552 1533 3770 1610">
     <span class='ocr_line' id='line_1_16' title="bbox 552 1533 3770 1610; baseline -0.001 -17"><span class='ocrx_word' id='word_1_214' title='bbox 552 1537 772 1600; x_wconf 55' lang='lat' dir='ltr'><strong>:multis</strong></span> <span class='ocrx_word' id='word_1_215' title='bbox 808 1542 999 1592; x_wconf 85' lang='lat' dir='ltr'><strong>utrum</strong></span> <span class='ocrx_word' id='word_1_216' title='bbox 1029 1540 1293 1608; x_wconf 89' lang='lat' dir='ltr'><strong>parentes</strong></span> <span class='ocrx_word' id='word_1_217' title='bbox 1328 1533 1628 1607; x_wconf 77' lang='lat' dir='ltr'><strong>baptizatis</strong></span> <span class='ocrx_word' id='word_1_218' title='bbox 1664 1535 1913 1606; x_wconf 85' lang='lat' dir='ltr'><strong>parvulis</strong></span> <span class='ocrx_word' id='word_1_219' title='bbox 1941 1541 2183 1591; x_wconf 86' lang='lat' dir='ltr'><strong>noceant</strong></span> <span class='ocrx_word' id='word_1_220' title='bbox 2261 1553 2326 1592; x_wconf 89' lang='lat' dir='ltr'><strong>ac</strong></span> <span class='ocrx_word' id='word_1_221' title='bbox 2350 1537 2537 1593; x_wconf 86' lang='lat' dir='ltr'><strong>radice</strong></span> <span class='ocrx_word' id='word_1_222' title='bbox 2565 1537 2923 1610; x_wconf 90' lang='lat' dir='ltr'><strong>procedit.De</strong></span> <span class='ocrx_word' id='word_1_223' title='bbox 2940 1536 3341 1609; x_wconf 78' lang='lat' dir='ltr'><strong>gastrimargia</strong></span> <span class='ocrx_word' id='word_1_224' title='bbox 3355 1550 3770 1607; x_wconf 79' lang='lat' dir='ltr'><strong>namqueuascuu-</strong></span> 
     </span>
    </p>
   </div>
   <div class='ocr_carea' id='block_1_17' title="bbox 579 1623 3770 1695">
    <p class='ocr_par' dir='ltr' id='par_1_17' title="bbox 579 1623 3770 1695">
     <span class='ocr_line' id='line_1_17' title="bbox 579 1623 3770 1695; baseline -0.001 -13"><span class='ocrx_word' id='word_1_225' title='bbox 579 1641 709 1682; x_wconf 86' lang='lat' dir='ltr'><strong>cum</strong></span> <span class='ocrx_word' id='word_1_226' title='bbox 735 1642 834 1681; x_wconf 84' lang='lat' dir='ltr'><strong>eos</strong></span> <span class='ocrx_word' id='word_1_227' title='bbox 861 1624 1268 1680; x_wconf 79' lang='lat' dir='ltr'><strong>daemoniorum</strong></span> <span class='ocrx_word' id='word_1_228' title='bbox 1317 1623 1606 1679; x_wconf 90' lang='lat' dir='ltr'><strong>sacriﬁciis</strong></span> <span class='ocrx_word' id='word_1_229' title='bbox 1634 1624 1848 1679; x_wconf 90' lang='lat' dir='ltr'><strong>sociare</strong></span> <span class='ocrx_word' id='word_1_230' title='bbox 1880 1629 2174 1692; x_wconf 88' lang='lat' dir='ltr'><strong>conantur,</strong></span> <span class='ocrx_word' id='word_1_231' title='bbox 2259 1632 2356 1683; x_wconf 92' lang='lat' dir='ltr'><strong>tur</strong></span> <span class='ocrx_word' id='word_1_232' title='bbox 2382 1627 2837 1695; x_wconf 87' lang='lat' dir='ltr'><strong>comessationes,</strong></span> <span class='ocrx_word' id='word_1_233' title='bbox 2870 1626 3192 1682; x_wconf 86' lang='lat' dir='ltr'><strong>ebrietates.</strong></span> <span class='ocrx_word' id='word_1_234' title='bbox 3223 1626 3305 1681; x_wconf 92' lang='lat' dir='ltr'><strong>De</strong></span> <span class='ocrx_word' id='word_1_235' title='bbox 3327 1624 3669 1691; x_wconf 80' lang='lat' dir='ltr'><strong>fornicatione,</strong></span> <span class='ocrx_word' id='word_1_236' title='bbox 3685 1630 3770 1680; x_wconf 84' lang='lat' dir='ltr'><strong>tur-</strong></span> 
     </span>
    </p>
   </div>
   <div class='ocr_carea' id='block_1_18' title="bbox 575 1701 3771 1789">
    <p class='ocr_par' dir='ltr' id='par_1_18' title="bbox 575 1701 3771 1789">
     <span class='ocr_line' id='line_1_18' title="bbox 575 1701 3771 1789; baseline 0 -21"><span class='ocrx_word' id='word_1_237' title='bbox 575 1714 664 1769; x_wconf 86' lang='lat' dir='ltr'><strong>vel</strong></span> <span class='ocrx_word' id='word_1_238' title='bbox 683 1720 958 1787; x_wconf 88' lang='lat' dir='ltr'><strong>quantum</strong></span> <span class='ocrx_word' id='word_1_239' title='bbox 979 1712 1038 1768; x_wconf 87' lang='lat' dir='ltr'><strong>in</strong></span> <span class='ocrx_word' id='word_1_240' title='bbox 1058 1713 1164 1768; x_wconf 89' lang='lat' dir='ltr'><strong>hoc</strong></span> <span class='ocrx_word' id='word_1_241' title='bbox 1192 1712 1298 1784; x_wconf 89' lang='lat' dir='ltr'><strong>ipsi</strong></span> <span class='ocrx_word' id='word_1_242' title='bbox 1311 1718 1573 1784; x_wconf 88' lang='lat' dir='ltr'><strong>parentes</strong></span> <span class='ocrx_word' id='word_1_243' title='bbox 1590 1711 2177 1786; x_wconf 84' lang='lat' dir='ltr'><strong>delinquant.Plenius</strong></span> <span class='ocrx_word' id='word_1_244' title='bbox 2196 1701 2241 1761; x_wconf 87' lang='grc' dir='ltr'>Β</span> <span class='ocrx_word' id='word_1_245' title='bbox 2257 1716 2526 1789; x_wconf 89' lang='lat' dir='ltr'><strong>piloquia,</strong></span> <span class='ocrx_word' id='word_1_246' title='bbox 2559 1715 2888 1783; x_wconf 86' lang='lat' dir='ltr'><strong>scurrilitas,</strong></span> <span class='ocrx_word' id='word_1_247' title='bbox 2922 1715 3138 1771; x_wconf 90' lang='lat' dir='ltr'><strong>ludicra</strong></span> <span class='ocrx_word' id='word_1_248' title='bbox 3166 1720 3337 1787; x_wconf 88' lang='lat' dir='ltr'><strong>atque</strong></span> <span class='ocrx_word' id='word_1_249' title='bbox 3373 1713 3689 1784; x_wconf 80' lang='lat' dir='ltr'><strong>stultiloquia.</strong></span> <span class='ocrx_word' id='word_1_250' title='bbox 3712 1713 3771 1769; x_wconf 88' lang='lat' dir='ltr'><strong>De</strong></span> 
     </span>
    </p>
   </div>
   <div class='ocr_carea' id='block_1_19' title="bbox 578 1800 3767 1877">
    <p class='ocr_par' dir='ltr' id='par_1_19' title="bbox 578 1800 3767 1877">
     <span class='ocr_line' id='line_1_19' title="bbox 578 1800 3767 1877; baseline 0 -19"><span class='ocrx_word' id='word_1_251' title='bbox 578 1802 651 1858; x_wconf 88' lang='lat' dir='ltr'><strong>de</strong></span> <span class='ocrx_word' id='word_1_252' title='bbox 676 1803 782 1857; x_wconf 91' lang='lat' dir='ltr'><strong>hac</strong></span> <span class='ocrx_word' id='word_1_253' title='bbox 802 1819 864 1858; x_wconf 91' lang='lat' dir='ltr'><strong>re</strong></span> <span class='ocrx_word' id='word_1_254' title='bbox 892 1808 1119 1858; x_wconf 89' lang='lat' dir='ltr'><strong>sanctus</strong></span> <span class='ocrx_word' id='word_1_255' title='bbox 1150 1801 1502 1872; x_wconf 81' lang='lat' dir='ltr'><strong>Augustinus</strong></span> <span class='ocrx_word' id='word_1_256' title='bbox 1518 1801 1578 1856; x_wconf 91' lang='lat' dir='ltr'><strong>in</strong></span> <span class='ocrx_word' id='word_1_257' title='bbox 1599 1801 1847 1873; x_wconf 90' lang='lat' dir='ltr'><strong>Epistola</strong></span> <span class='ocrx_word' id='word_1_258' title='bbox 1864 1802 1935 1857; x_wconf 91' lang='lat' dir='ltr'><strong>ad</strong></span> <span class='ocrx_word' id='word_1_259' title='bbox 1958 1800 2179 1857; x_wconf 85' lang='lat' dir='ltr'><strong>Bonifa-</strong></span> <span class='ocrx_word' id='word_1_260' title='bbox 2257 1804 2624 1877; x_wconf 84' lang='lat' dir='ltr'><strong>philargyria,</strong></span> <span class='ocrx_word' id='word_1_261' title='bbox 2658 1804 3031 1871; x_wconf 87' lang='lat' dir='ltr'><strong>mendacium,</strong></span> <span class='ocrx_word' id='word_1_262' title='bbox 3064 1803 3364 1870; x_wconf 86' lang='lat' dir='ltr'><strong>fraudatio,</strong></span> <span class='ocrx_word' id='word_1_263' title='bbox 3390 1803 3545 1869; x_wconf 78' lang='lat' dir='ltr'><strong>furta,</strong></span> <span class='ocrx_word' id='word_1_264' title='bbox 3563 1801 3767 1873; x_wconf 68' lang='lat' dir='ltr'><strong>periuria,</strong></span> 
     </span>
    </p>
   </div>
   <div class='ocr_carea' id='block_1_20' title="bbox 577 1888 3771 1965">
    <p class='ocr_par' dir='ltr' id='par_1_20' title="bbox 577 1888 3771 1965">
     <span class='ocr_line' id='line_1_20' title="bbox 577 1888 3771 1965; baseline -0 -18"><span class='ocrx_word' id='word_1_265' title='bbox 577 1891 729 1948; x_wconf 79' lang='lat' dir='ltr'><strong>cium</strong></span> <span class='ocrx_word' id='word_1_266' title='bbox 753 1892 1077 1964; x_wconf 89' lang='lat' dir='ltr'><strong>episcopum</strong></span> <span class='ocrx_word' id='word_1_267' title='bbox 1107 1890 1178 1945; x_wconf 92' lang='lat' dir='ltr'><strong>de</strong></span> <span class='ocrx_word' id='word_1_268' title='bbox 1205 1890 1843 1962; x_wconf 84' lang='lat' dir='ltr'><strong>parvulisrequirentem</strong></span> <span class='ocrx_word' id='word_1_269' title='bbox 1866 1892 2063 1946; x_wconf 89' lang='lat' dir='ltr'><strong>edocet</strong></span> <span class='ocrx_word' id='word_1_270' title='bbox 2074 1907 2178 1947; x_wconf 90' lang='lat' dir='ltr'><strong>nos</strong></span> <span class='ocrx_word' id='word_1_271' title='bbox 2259 1893 2441 1965; x_wconf 89' lang='lat' dir='ltr'><strong>turpis</strong></span> <span class='ocrx_word' id='word_1_272' title='bbox 2486 1892 2628 1948; x_wconf 90' lang='lat' dir='ltr'><strong>lucri</strong></span> <span class='ocrx_word' id='word_1_273' title='bbox 2658 1893 2959 1965; x_wconf 82' lang='lat' dir='ltr'><strong>appetitus,</strong></span> <span class='ocrx_word' id='word_1_274' title='bbox 3006 1893 3146 1947; x_wconf 90' lang='lat' dir='ltr'><strong>falsa</strong></span> <span class='ocrx_word' id='word_1_275' title='bbox 3174 1891 3505 1953; x_wconf 85' lang='lat' dir='ltr'><strong>testimonia,</strong></span> <span class='ocrx_word' id='word_1_276' title='bbox 3542 1888 3771 1957; x_wconf 68' lang='lat' dir='ltr'><strong>violentia,</strong></span> 
     </span>
    </p>
   </div>
   <div class='ocr_carea' id='block_1_21' title="bbox 578 1977 3772 2054">
    <p class='ocr_par' dir='ltr' id='par_1_21' title="bbox 578 1977 3772 2054">
     <span class='ocr_line' id='line_1_21' title="bbox 578 1977 3772 2054; baseline -0.002 -18"><span class='ocrx_word' id='word_1_277' title='bbox 578 1981 790 2049; x_wconf 82' lang='lat' dir='ltr'><strong>dicens,</strong></span> <span class='ocrx_word' id='word_1_278' title='bbox 818 1980 915 2053; x_wconf 88' lang='lat' dir='ltr'><strong>qui</strong></span> <span class='ocrx_word' id='word_1_279' title='bbox 942 1980 1117 2035; x_wconf 88' lang='lat' dir='ltr'><strong>semel</strong></span> <span class='ocrx_word' id='word_1_280' title='bbox 1145 1984 1449 2049; x_wconf 85' lang='lat' dir='ltr'><strong>generatus</strong></span> <span class='ocrx_word' id='word_1_281' title='bbox 1478 1979 1650 2035; x_wconf 90' lang='lat' dir='ltr'><strong>fuerit</strong></span> <span class='ocrx_word' id='word_1_282' title='bbox 1676 1996 1778 2051; x_wconf 90' lang='lat' dir='ltr'><strong>per</strong></span> <span class='ocrx_word' id='word_1_283' title='bbox 1801 1980 2042 2036; x_wconf 89' lang='lat' dir='ltr'><strong>aliorum</strong></span> <span class='ocrx_word' id='word_1_284' title='bbox 2062 1981 2178 2053; x_wconf 89' lang='lat' dir='ltr'><strong>spi-</strong></span> <span class='ocrx_word' id='word_1_285' title='bbox 2259 1981 2661 2047; x_wconf 78' lang='lat' dir='ltr'><strong>inhumanitas,</strong></span> <span class='ocrx_word' id='word_1_286' title='bbox 2699 1998 2765 2036; x_wconf 91' lang='lat' dir='ltr'><strong>ac</strong></span> <span class='ocrx_word' id='word_1_287' title='bbox 2794 1981 3093 2054; x_wconf 88' lang='lat' dir='ltr'><strong>rapacitas.</strong></span> <span class='ocrx_word' id='word_1_288' title='bbox 3126 1981 3209 2036; x_wconf 91' lang='lat' dir='ltr'><strong>De</strong></span> <span class='ocrx_word' id='word_1_289' title='bbox 3249 1981 3351 2048; x_wconf 90' lang='lat' dir='ltr'><strong>ira,</strong></span> <span class='ocrx_word' id='word_1_290' title='bbox 3388 1978 3663 2047; x_wconf 82' lang='lat' dir='ltr'><strong>homicidia,</strong></span> <span class='ocrx_word' id='word_1_291' title='bbox 3687 1977 3772 2032; x_wconf 84' lang='lat' dir='ltr'><strong>cla-</strong></span> 
     </span>
    </p>
   </div>
   <div class='ocr_carea' id='block_1_22' title="bbox 576 2067 3772 2142">
    <p class='ocr_par' dir='ltr' id='par_1_22' title="bbox 576 2067 3772 2142">
     <span class='ocr_line' id='line_1_22' title="bbox 576 2067 3772 2142; baseline -0.002 -16"><span class='ocrx_word' id='word_1_292' title='bbox 576 2069 803 2126; x_wconf 84' lang='lat' dir='ltr'><strong>ritalem</strong></span> <span class='ocrx_word' id='word_1_293' title='bbox 816 2069 1182 2135; x_wconf 78' lang='lat' dir='ltr'><strong>voluntatem,</strong></span> <span class='ocrx_word' id='word_1_294' title='bbox 1207 2068 1471 2140; x_wconf 88' lang='lat' dir='ltr'><strong>deinceps</strong></span> <span class='ocrx_word' id='word_1_295' title='bbox 1481 2083 1594 2124; x_wconf 91' lang='lat' dir='ltr'><strong>non</strong></span> <span class='ocrx_word' id='word_1_296' title='bbox 1613 2085 1777 2141; x_wconf 88' lang='lat' dir='ltr'><strong>posse</strong></span> <span class='ocrx_word' id='word_1_297' title='bbox 1799 2068 2021 2125; x_wconf 89' lang='lat' dir='ltr'><strong>vinculo</strong></span> <span class='ocrx_word' id='word_1_298' title='bbox 2041 2069 2178 2124; x_wconf 84' lang='lat' dir='ltr'><strong>alie-</strong></span> <span class='ocrx_word' id='word_1_299' title='bbox 2261 2076 2467 2138; x_wconf 89' lang='lat' dir='ltr'><strong>mor,et</strong></span> <span class='ocrx_word' id='word_1_300' title='bbox 2476 2070 2806 2142; x_wconf 88' lang='lat' dir='ltr'><strong>indignatio.</strong></span> <span class='ocrx_word' id='word_1_301' title='bbox 2824 2071 2905 2126; x_wconf 92' lang='lat' dir='ltr'><strong>De</strong></span> <span class='ocrx_word' id='word_1_302' title='bbox 2922 2070 3156 2126; x_wconf 71' lang='lat' dir='ltr'><strong>tristitia</strong></span> <span class='ocrx_word' id='word_1_303' title='bbox 3167 2085 3386 2136; x_wconf 86' lang='lat' dir='ltr'><strong>rancor,</strong></span> <span class='ocrx_word' id='word_1_304' title='bbox 3401 2067 3772 2141; x_wconf 75' lang='lat' dir='ltr'><strong>pusillanimitas,</strong></span> 
     </span>
    </p>
   </div>
   <div class='ocr_carea' id='block_1_23' title="bbox 546 2156 3775 2232">
    <p class='ocr_par' dir='ltr' id='par_1_23' title="bbox 546 2156 3775 2232">
     <span class='ocr_line' id='line_1_23' title="bbox 546 2156 3775 2232; baseline -0.002 -17"><span class='ocrx_word' id='word_1_305' title='bbox 546 2188 551 2193; x_wconf 86' lang='grc'><strong>·</strong></span> <span class='ocrx_word' id='word_1_306' title='bbox 578 2158 990 2231; x_wconf 69' lang='lat' dir='ltr'><strong>neiniquitatis</strong></span> <span class='ocrx_word' id='word_1_307' title='bbox 1004 2156 1299 2229; x_wconf 87' lang='lat' dir='ltr'><strong>obstringi,</strong></span> <span class='ocrx_word' id='word_1_308' title='bbox 1320 2158 1411 2214; x_wconf 90' lang='lat' dir='ltr'><strong>cui</strong></span> <span class='ocrx_word' id='word_1_309' title='bbox 1441 2158 1597 2212; x_wconf 89' lang='lat' dir='ltr'><strong>nulla</strong></span> <span class='ocrx_word' id='word_1_310' title='bbox 1614 2174 1720 2213; x_wconf 89' lang='lat' dir='ltr'><strong>sua</strong></span> <span class='ocrx_word' id='word_1_311' title='bbox 1740 2158 2027 2214; x_wconf 82' lang='lat' dir='ltr'><strong>voluntate</strong></span> <span class='ocrx_word' id='word_1_312' title='bbox 2044 2173 2179 2214; x_wconf 89' lang='lat' dir='ltr'><strong>con-</strong></span> <span class='ocrx_word' id='word_1_313' title='bbox 2260 2159 2598 2227; x_wconf 89' lang='lat' dir='ltr'><strong>amaritudo,</strong></span> <span class='ocrx_word' id='word_1_314' title='bbox 2622 2160 2959 2232; x_wconf 89' lang='lat' dir='ltr'><strong>desperatio.</strong></span> <span class='ocrx_word' id='word_1_315' title='bbox 2993 2159 3075 2215; x_wconf 92' lang='lat' dir='ltr'><strong>De</strong></span> <span class='ocrx_word' id='word_1_316' title='bbox 3103 2158 3319 2226; x_wconf 85' lang='lat' dir='ltr'><strong>acedia,</strong></span> <span class='ocrx_word' id='word_1_317' title='bbox 3344 2157 3592 2223; x_wconf 87' lang='lat' dir='ltr'><strong>otiositas,</strong></span> <span class='ocrx_word' id='word_1_318' title='bbox 3611 2170 3775 2211; x_wconf 87' lang='lat' dir='ltr'><strong>somno-</strong></span> 
     </span>
    </p>
   </div>
   <div class='ocr_carea' id='block_1_24' title="bbox 578 2244 3774 2321">
    <p class='ocr_par' dir='ltr' id='par_1_24' title="bbox 578 2244 3774 2321">
     <span class='ocr_line' id='line_1_24' title="bbox 578 2244 3774 2321; baseline -0.001 -19"><span class='ocrx_word' id='word_1_319' title='bbox 578 2246 770 2302; x_wconf 77' lang='lat' dir='ltr'><strong>sentit.</strong></span> <span class='ocrx_word' id='word_1_320' title='bbox 796 2247 1070 2302; x_wconf 81' lang='lat' dir='ltr'><strong>Parentes</strong></span> <span class='ocrx_word' id='word_1_321' title='bbox 1089 2249 1282 2301; x_wconf 88' lang='lat' dir='ltr'><strong>autem</strong></span> <span class='ocrx_word' id='word_1_322' title='bbox 1295 2245 1383 2299; x_wconf 90' lang='lat' dir='ltr'><strong>vel</strong></span> <span class='ocrx_word' id='word_1_323' title='bbox 1403 2244 1743 2316; x_wconf 89' lang='lat' dir='ltr'><strong>quicumque</strong></span> <span class='ocrx_word' id='word_1_324' title='bbox 1770 2246 2016 2317; x_wconf 86' lang='lat' dir='ltr'><strong>majores</strong></span> <span class='ocrx_word' id='word_1_325' title='bbox 2032 2245 2180 2302; x_wconf 89' lang='lat' dir='ltr'><strong>ﬁlios</strong></span> <span class='ocrx_word' id='word_1_326' title='bbox 2260 2248 2454 2313; x_wconf 88' lang='lat' dir='ltr'><strong>lentia,</strong></span> <span class='ocrx_word' id='word_1_327' title='bbox 2483 2248 2903 2320; x_wconf 85' lang='lat' dir='ltr'><strong>importunitas,</strong></span> <span class='ocrx_word' id='word_1_328' title='bbox 2936 2248 3294 2321; x_wconf 89' lang='lat' dir='ltr'><strong>inquietudo,</strong></span> <span class='ocrx_word' id='word_1_329' title='bbox 3317 2244 3774 2320; x_wconf 78' lang='lat' dir='ltr'><strong>pervagatio,insta-</strong></span> 
     </span>
    </p>
   </div>
   <div class='ocr_carea' id='block_1_25' title="bbox 550 2331 3774 2410">
    <p class='ocr_par' dir='ltr' id='par_1_25' title="bbox 550 2331 3774 2410">
     <span class='ocr_line' id='line_1_25' title="bbox 550 2331 3774 2410; baseline -0.002 -18"><span class='ocrx_word' id='word_1_330' title='bbox 550 2351 681 2392; x_wconf 58' lang='lat' dir='ltr'><strong>seu</strong></span> <span class='ocrx_word' id='word_1_331' title='bbox 712 2334 993 2408; x_wconf 87' lang='lat' dir='ltr'><strong>quoslibet</strong></span> <span class='ocrx_word' id='word_1_332' title='bbox 1021 2333 1284 2406; x_wconf 88' lang='lat' dir='ltr'><strong>parvulos</strong></span> <span class='ocrx_word' id='word_1_333' title='bbox 1310 2331 1621 2405; x_wconf 80' lang='lat' dir='ltr'><strong>baptizatos</strong></span> <span class='ocrx_word' id='word_1_334' title='bbox 1648 2334 2054 2390; x_wconf 77' lang='lat' dir='ltr'><strong>daemoniorum</strong></span> <span class='ocrx_word' id='word_1_335' title='bbox 2086 2352 2180 2390; x_wconf 88' lang='lat' dir='ltr'><strong>sa-</strong></span> <span class='ocrx_word' id='word_1_336' title='bbox 2262 2337 2447 2393; x_wconf 87' lang='lat' dir='ltr'><strong>bilitas</strong></span> <span class='ocrx_word' id='word_1_337' title='bbox 2475 2338 2680 2393; x_wconf 91' lang='lat' dir='ltr'><strong>mentis</strong></span> <span class='ocrx_word' id='word_1_338' title='bbox 2710 2342 2767 2394; x_wconf 91' lang='lat' dir='ltr'><strong>et</strong></span> <span class='ocrx_word' id='word_1_339' title='bbox 2793 2338 3060 2410; x_wconf 91' lang='lat' dir='ltr'><strong>corporis,</strong></span> <span class='ocrx_word' id='word_1_340' title='bbox 3101 2335 3411 2392; x_wconf 87' lang='lat' dir='ltr'><strong>verbositas</strong></span> <span class='ocrx_word' id='word_1_341' title='bbox 3438 2340 3492 2390; x_wconf 90' lang='lat' dir='ltr'><strong>et</strong></span> <span class='ocrx_word' id='word_1_342' title='bbox 3528 2332 3774 2389; x_wconf 77' lang='lat' dir='ltr'><strong>curiositas.</strong></span> 
     </span>
    </p>
   </div>
   <div class='ocr_carea' id='block_1_26' title="bbox 576 2421 3777 2496">
    <p class='ocr_par' dir='ltr' id='par_1_26' title="bbox 576 2421 3777 2496">
     <span class='ocr_line' id='line_1_26' title="bbox 576 2421 3777 2496; baseline -0.002 -15"><span class='ocrx_word' id='word_1_343' title='bbox 576 2424 808 2496; x_wconf 81' lang='lat' dir='ltr'><strong>crilegio</strong></span> <span class='ocrx_word' id='word_1_344' title='bbox 819 2422 1070 2495; x_wconf 85' lang='lat' dir='ltr'><strong>obligare</strong></span> <span class='ocrx_word' id='word_1_345' title='bbox 1080 2421 1709 2494; x_wconf 88' lang='lat' dir='ltr'><strong>conantur,spiritaliter</strong></span> <span class='ocrx_word' id='word_1_346' title='bbox 1719 2422 2013 2480; x_wconf 70' lang='lat' dir='ltr'><strong>homicidae</strong></span> <span class='ocrx_word' id='word_1_347' title='bbox 2027 2429 2178 2479; x_wconf 91' lang='lat' dir='ltr'><strong>sunt.</strong></span> <span class='ocrx_word' id='word_1_348' title='bbox 2264 2426 2346 2481; x_wconf 92' lang='lat' dir='ltr'><strong>De</strong></span> <span class='ocrx_word' id='word_1_349' title='bbox 2371 2426 2715 2496; x_wconf 68' lang='lat' dir='ltr'><strong>coenodoxia,</strong></span> <span class='ocrx_word' id='word_1_350' title='bbox 2744 2427 3152 2494; x_wconf 88' lang='lat' dir='ltr'><strong>contentiones,</strong></span> <span class='ocrx_word' id='word_1_351' title='bbox 3187 2425 3445 2492; x_wconf 69' lang='lat' dir='ltr'><strong>haereses,</strong></span> <span class='ocrx_word' id='word_1_352' title='bbox 3469 2421 3713 2496; x_wconf 85' lang='lat' dir='ltr'><strong>jactantia,</strong></span> <span class='ocrx_word' id='word_1_353' title='bbox 3730 2435 3777 2476; x_wconf 80' lang='lat' dir='ltr'><strong>ac</strong></span> 
     </span>
    </p>
   </div>
   <div class='ocr_carea' id='block_1_27' title="bbox 546 2510 3772 2589">
    <p class='ocr_par' dir='ltr' id='par_1_27' title="bbox 546 2510 3772 2589">
     <span class='ocr_line' id='line_1_27' title="bbox 546 2510 3772 2589; baseline -0.001 -20"><span class='ocrx_word' id='word_1_354' title='bbox 546 2547 550 2551; x_wconf 60' lang='grc' dir='ltr'><strong>η</strong></span> <span class='ocrx_word' id='word_1_355' title='bbox 580 2512 729 2569; x_wconf 85' lang='lat' dir='ltr'><strong>Nam</strong></span> <span class='ocrx_word' id='word_1_356' title='bbox 758 2512 945 2569; x_wconf 88' lang='lat' dir='ltr'><strong>inillis</strong></span> <span class='ocrx_word' id='word_1_357' title='bbox 964 2512 1192 2584; x_wconf 89' lang='lat' dir='ltr'><strong>quidem</strong></span> <span class='ocrx_word' id='word_1_358' title='bbox 1213 2510 1659 2566; x_wconf 87' lang='lat' dir='ltr'><strong>interfectionem</strong></span> <span class='ocrx_word' id='word_1_359' title='bbox 1684 2527 1798 2567; x_wconf 91' lang='lat' dir='ltr'><strong>non</strong></span> <span class='ocrx_word' id='word_1_360' title='bbox 1824 2511 2056 2581; x_wconf 88' lang='lat' dir='ltr'><strong>faciunt,</strong></span> <span class='ocrx_word' id='word_1_361' title='bbox 2081 2513 2180 2568; x_wconf 90' lang='lat' dir='ltr'><strong>sed</strong></span> <span class='ocrx_word' id='word_1_362' title='bbox 2259 2516 2624 2589; x_wconf 65' lang='lat' dir='ltr'><strong>praesumptio</strong></span> <span class='ocrx_word' id='word_1_363' title='bbox 2660 2516 2994 2572; x_wconf 85' lang='lat' dir='ltr'><strong>novitatum.</strong></span> <span class='ocrx_word' id='word_1_364' title='bbox 3052 2515 3135 2571; x_wconf 92' lang='lat' dir='ltr'><strong>De</strong></span> <span class='ocrx_word' id='word_1_365' title='bbox 3181 2514 3447 2588; x_wconf 87' lang='lat' dir='ltr'><strong>superbia</strong></span> <span class='ocrx_word' id='word_1_366' title='bbox 3472 2516 3772 2581; x_wconf 78' lang='lat' dir='ltr'><strong>contemptus,</strong></span> 
     </span>
    </p>
   </div>
   <div class='ocr_carea' id='block_1_28' title="bbox 586 2595 3778 2675">
    <p class='ocr_par' dir='ltr' id='par_1_28' title="bbox 586 2595 3778 2675">
     <span class='ocr_line' id='line_1_28' title="bbox 586 2595 3778 2675; baseline -0.002 -17"><span class='ocrx_word' id='word_1_367' title='bbox 586 2607 863 2675; x_wconf 86' lang='lat' dir='ltr'><strong>quantum</strong></span> <span class='ocrx_word' id='word_1_368' title='bbox 892 2601 952 2656; x_wconf 91' lang='lat' dir='ltr'><strong>in</strong></span> <span class='ocrx_word' id='word_1_369' title='bbox 981 2600 1119 2672; x_wconf 87' lang='lat' dir='ltr'><strong>ipsis</strong></span> <span class='ocrx_word' id='word_1_370' title='bbox 1146 2606 1249 2667; x_wconf 91' lang='lat' dir='ltr'><strong>est,</strong></span> <span class='ocrx_word' id='word_1_371' title='bbox 1281 2600 1668 2655; x_wconf 80' lang='lat' dir='ltr'><strong>interfectores</strong></span> <span class='ocrx_word' id='word_1_372' title='bbox 1695 2601 2043 2657; x_wconf 83' lang='lat' dir='ltr'><strong>ﬁunt.Multa</strong></span> <span class='ocrx_word' id='word_1_373' title='bbox 2069 2602 2182 2656; x_wconf 86' lang='lat' dir='ltr'><strong>alia</strong></span> <span class='ocrx_word' id='word_1_374' title='bbox 2261 2602 2491 2672; x_wconf 85' lang='lat' dir='ltr'><strong>invidia,</strong></span> <span class='ocrx_word' id='word_1_375' title='bbox 2519 2601 2918 2668; x_wconf 89' lang='lat' dir='ltr'><strong>inobedientia,</strong></span> <span class='ocrx_word' id='word_1_376' title='bbox 2951 2601 3322 2673; x_wconf 88' lang='lat' dir='ltr'><strong>blasphemia,</strong></span> <span class='ocrx_word' id='word_1_377' title='bbox 3340 2595 3778 2664; x_wconf 83' lang='lat' dir='ltr'><strong>murmuratio,de-</strong></span> 
     </span>
    </p>
   </div>
   <div class='ocr_carea' id='block_1_29' title="bbox 588 2685 3774 2764">
    <p class='ocr_par' dir='ltr' id='par_1_29' title="bbox 588 2685 3774 2764">
     <span class='ocr_line' id='line_1_29' title="bbox 588 2685 3774 2764; baseline -0.002 -18"><span class='ocrx_word' id='word_1_378' title='bbox 588 2694 650 2746; x_wconf 82' lang='lat' dir='ltr'><strong>et</strong></span> <span class='ocrx_word' id='word_1_379' title='bbox 684 2689 1121 2746; x_wconf 86' lang='lat' dir='ltr'><strong>innumerabilia</strong></span> <span class='ocrx_word' id='word_1_380' title='bbox 1138 2694 1273 2744; x_wconf 84' lang='lat' dir='ltr'><strong>sunt</strong></span> <span class='ocrx_word' id='word_1_381' title='bbox 1284 2687 1675 2746; x_wconf 86' lang='lat' dir='ltr'><strong>testimoniain</strong></span> <span class='ocrx_word' id='word_1_382' title='bbox 1693 2688 2009 2746; x_wconf 89' lang='lat' dir='ltr'><strong>divinarum</strong></span> <span class='ocrx_word' id='word_1_383' title='bbox 2038 2691 2182 2746; x_wconf 87' lang='lat' dir='ltr'><strong>Scri-</strong></span> <span class='ocrx_word' id='word_1_384' title='bbox 2260 2692 2481 2759; x_wconf 87' lang='lat' dir='ltr'><strong>tractio,</strong></span> <span class='ocrx_word' id='word_1_385' title='bbox 2515 2691 2736 2764; x_wconf 88' lang='lat' dir='ltr'><strong>aliaque</strong></span> <span class='ocrx_word' id='word_1_386' title='bbox 2780 2692 3113 2763; x_wconf 89' lang='lat' dir='ltr'><strong>quamplura</strong></span> <span class='ocrx_word' id='word_1_387' title='bbox 3142 2690 3371 2758; x_wconf 86' lang='lat' dir='ltr'><strong>similia,</strong></span> <span class='ocrx_word' id='word_1_388' title='bbox 3410 2705 3526 2762; x_wconf 70' lang='lat' dir='ltr'><strong>qua:</strong></span> <span class='ocrx_word' id='word_1_389' title='bbox 3551 2703 3657 2742; x_wconf 86' lang='lat' dir='ltr'><strong>cum</strong></span> <span class='ocrx_word' id='word_1_390' title='bbox 3678 2685 3774 2749; x_wconf 84' lang='lat' dir='ltr'><strong>sint,</strong></span> 
     </span>
    </p>
   </div>
   <div class='ocr_carea' id='block_1_30' title="bbox 583 2775 3777 2852">
    <p class='ocr_par' dir='ltr' id='par_1_30' title="bbox 583 2775 3777 2852">
     <span class='ocr_line' id='line_1_30' title="bbox 583 2775 3777 2852; baseline -0.002 -18"><span class='ocrx_word' id='word_1_391' title='bbox 583 2783 880 2852; x_wconf 81' lang='lat' dir='ltr'><strong>pturarum</strong></span> <span class='ocrx_word' id='word_1_392' title='bbox 909 2777 1244 2833; x_wconf 86' lang='lat' dir='ltr'><strong>auctoritate</strong></span> <span class='ocrx_word' id='word_1_393' title='bbox 1271 2777 1344 2833; x_wconf 89' lang='lat' dir='ltr'><strong>de</strong></span> <span class='ocrx_word' id='word_1_394' title='bbox 1384 2777 1710 2833; x_wconf 85' lang='lat' dir='ltr'><strong>criminibus</strong></span> <span class='ocrx_word' id='word_1_395' title='bbox 1735 2778 2179 2851; x_wconf 85' lang='lat' dir='ltr'><strong>mortalibusque</strong></span> <span class='ocrx_word' id='word_1_396' title='bbox 2261 2781 2440 2836; x_wconf 89' lang='lat' dir='ltr'><strong>multo</strong></span> <span class='ocrx_word' id='word_1_397' title='bbox 2455 2781 2687 2852; x_wconf 87' lang='lat' dir='ltr'><strong>majoris</strong></span> <span class='ocrx_word' id='word_1_398' title='bbox 2698 2780 2922 2835; x_wconf 89' lang='lat' dir='ltr'><strong>numeri</strong></span> <span class='ocrx_word' id='word_1_399' title='bbox 2940 2796 3112 2852; x_wconf 87' lang='lat' dir='ltr'><strong>quam</strong></span> <span class='ocrx_word' id='word_1_400' title='bbox 3135 2778 3389 2834; x_wconf 88' lang='lat' dir='ltr'><strong>virtutes.</strong></span> <span class='ocrx_word' id='word_1_401' title='bbox 3412 2775 3777 2833; x_wconf 82' lang='lat' dir='ltr'><strong>Devictistamen</strong></span> 
     </span>
    </p>
   </div>
   <div class='ocr_carea' id='block_1_31' title="bbox 582 2866 3776 2942">
    <p class='ocr_par' dir='ltr' id='par_1_31' title="bbox 582 2866 3776 2942">
     <span class='ocr_line' id='line_1_31' title="bbox 582 2866 3776 2942; baseline -0.002 -18"><span class='ocrx_word' id='word_1_402' title='bbox 582 2866 850 2941; x_wconf 84' lang='lat' dir='ltr'><strong>peccatis,</strong></span> <span class='ocrx_word' id='word_1_403' title='bbox 873 2883 998 2939; x_wconf 67' lang='lat' dir='ltr'><strong>qua</strong></span> <span class='ocrx_word' id='word_1_404' title='bbox 1018 2866 1079 2921; x_wconf 91' lang='lat' dir='ltr'><strong>in</strong></span> <span class='ocrx_word' id='word_1_405' title='bbox 1116 2867 1381 2939; x_wconf 66' lang='lat' dir='ltr'><strong>presenti</strong></span> <span class='ocrx_word' id='word_1_406' title='bbox 1426 2866 1780 2939; x_wconf 88' lang='lat' dir='ltr'><strong>excerptione</strong></span> <span class='ocrx_word' id='word_1_407' title='bbox 1823 2872 2016 2924; x_wconf 88' lang='lat' dir='ltr'><strong>noster</strong></span> <span class='ocrx_word' id='word_1_408' title='bbox 2044 2883 2179 2940; x_wconf 86' lang='lat' dir='ltr'><strong>pau—</strong></span> <span class='ocrx_word' id='word_1_409' title='bbox 2260 2869 2373 2924; x_wconf 92' lang='lat' dir='ltr'><strong>illis</strong></span> <span class='ocrx_word' id='word_1_410' title='bbox 2414 2875 2629 2941; x_wconf 89' lang='lat' dir='ltr'><strong>septem</strong></span> <span class='ocrx_word' id='word_1_411' title='bbox 2657 2867 3059 2942; x_wconf 87' lang='lat' dir='ltr'><strong>principalibus</strong></span> <span class='ocrx_word' id='word_1_412' title='bbox 3086 2867 3261 2935; x_wconf 86' lang='lat' dir='ltr'><strong>vitiis,</strong></span> <span class='ocrx_word' id='word_1_413' title='bbox 3295 2884 3361 2924; x_wconf 87' lang='lat' dir='ltr'><strong>ex</strong></span> <span class='ocrx_word' id='word_1_414' title='bbox 3380 2881 3602 2940; x_wconf 88' lang='lat' dir='ltr'><strong>quorum</strong></span> <span class='ocrx_word' id='word_1_415' title='bbox 3624 2870 3776 2918; x_wconf 78' lang='lat' dir='ltr'><strong>natura</strong></span> 
     </span>
    </p>
   </div>
   <div class='ocr_carea' id='block_1_32' title="bbox 579 2954 3778 3030">
    <p class='ocr_par' dir='ltr' id='par_1_32' title="bbox 579 2954 3778 3030">
     <span class='ocr_line' id='line_1_32' title="bbox 579 2954 3778 3030; baseline -0.003 -18"><span class='ocrx_word' id='word_1_416' title='bbox 579 2956 842 3030; x_wconf 74' lang='lat' dir='ltr'><strong>permlus</strong></span> <span class='ocrx_word' id='word_1_417' title='bbox 868 2970 982 3011; x_wconf 88' lang='lat' dir='ltr'><strong>non</strong></span> <span class='ocrx_word' id='word_1_418' title='bbox 1005 2955 1192 3029; x_wconf 88' lang='lat' dir='ltr'><strong>potuit</strong></span> <span class='ocrx_word' id='word_1_419' title='bbox 1206 2956 1469 3027; x_wconf 89' lang='lat' dir='ltr'><strong>colligere</strong></span> <span class='ocrx_word' id='word_1_420' title='bbox 1490 2956 1877 3028; x_wconf 84' lang='lat' dir='ltr'><strong>stylus.Nimis</strong></span> <span class='ocrx_word' id='word_1_421' title='bbox 1897 2957 2047 3013; x_wconf 89' lang='lat' dir='ltr'><strong>enim</strong></span> <span class='ocrx_word' id='word_1_422' title='bbox 2062 2958 2178 3013; x_wconf 90' lang='lat' dir='ltr'><strong>lon-</strong></span> <span class='ocrx_word' id='word_1_423' title='bbox 2258 2957 2370 3013; x_wconf 86' lang='lat' dir='ltr'><strong>ista</strong></span> <span class='ocrx_word' id='word_1_424' title='bbox 2420 2958 2752 3030; x_wconf 89' lang='lat' dir='ltr'><strong>procedunt,</strong></span> <span class='ocrx_word' id='word_1_425' title='bbox 2783 2974 2979 3014; x_wconf 91' lang='lat' dir='ltr'><strong>omnes</strong></span> <span class='ocrx_word' id='word_1_426' title='bbox 3032 2957 3294 3029; x_wconf 87' lang='lat' dir='ltr'><strong>protinus</strong></span> <span class='ocrx_word' id='word_1_427' title='bbox 3345 2954 3702 3028; x_wconf 88' lang='lat' dir='ltr'><strong>conquiescunt</strong></span> <span class='ocrx_word' id='word_1_428' title='bbox 3732 2964 3778 3004; x_wconf 77' lang='lat' dir='ltr'><strong>ac</strong></span> 
     </span>
    </p>
   </div>
   <div class='ocr_carea' id='block_1_33' title="bbox 577 3039 3777 3120">
    <p class='ocr_par' dir='ltr' id='par_1_33' title="bbox 577 3039 3777 3120">
     <span class='ocr_line' id='line_1_33' title="bbox 577 3039 3777 3120; baseline -0.003 -20"><span class='ocrx_word' id='word_1_429' title='bbox 577 3061 716 3117; x_wconf 89' lang='lat' dir='ltr'><strong>gum</strong></span> <span class='ocrx_word' id='word_1_430' title='bbox 757 3049 816 3099; x_wconf 91' lang='lat' dir='ltr'><strong>et</strong></span> <span class='ocrx_word' id='word_1_431' title='bbox 842 3044 1082 3101; x_wconf 78' lang='lat' dir='ltr'><strong>arduum</strong></span> <span class='ocrx_word' id='word_1_432' title='bbox 1124 3049 1210 3100; x_wconf 88' lang='lat' dir='ltr'><strong>est</strong></span> <span class='ocrx_word' id='word_1_433' title='bbox 1237 3044 1410 3100; x_wconf 89' lang='lat' dir='ltr'><strong>etiam</strong></span> <span class='ocrx_word' id='word_1_434' title='bbox 1437 3044 1787 3116; x_wconf 87' lang='lat' dir='ltr'><strong>sapientibus</strong></span> <span class='ocrx_word' id='word_1_435' title='bbox 1825 3051 1882 3101; x_wconf 89' lang='lat' dir='ltr'><strong>et</strong></span> <span class='ocrx_word' id='word_1_436' title='bbox 1926 3046 2180 3119; x_wconf 88' lang='lat' dir='ltr'><strong>apprime</strong></span> <span class='ocrx_word' id='word_1_437' title='bbox 2201 3039 2244 3098; x_wconf 86' lang='lat' dir='ltr'>C</span> <span class='ocrx_word' id='word_1_438' title='bbox 2259 3052 2533 3120; x_wconf 89' lang='lat' dir='ltr'><strong>perpetua</strong></span> <span class='ocrx_word' id='word_1_439' title='bbox 2558 3047 2773 3119; x_wconf 87' lang='lat' dir='ltr'><strong>pariter</strong></span> <span class='ocrx_word' id='word_1_440' title='bbox 2824 3063 2951 3103; x_wconf 91' lang='lat' dir='ltr'><strong>cum</strong></span> <span class='ocrx_word' id='word_1_441' title='bbox 2999 3046 3088 3100; x_wconf 87' lang='lat' dir='ltr'><strong>his</strong></span> <span class='ocrx_word' id='word_1_442' title='bbox 3134 3045 3511 3101; x_wconf 87' lang='lat' dir='ltr'><strong>internecione</strong></span> <span class='ocrx_word' id='word_1_443' title='bbox 3562 3042 3777 3097; x_wconf 85' lang='lat' dir='ltr'><strong>delentur.</strong></span> 
     </span>
    </p>
   </div>
   <div class='ocr_carea' id='block_1_34' title="bbox 578 3132 3776 3207">
    <p class='ocr_par' dir='ltr' id='par_1_34' title="bbox 578 3132 3776 3207">
     <span class='ocr_line' id='line_1_34' title="bbox 578 3132 3776 3207; baseline -0.002 -19"><span class='ocrx_word' id='word_1_444' title='bbox 578 3132 974 3189; x_wconf 81' lang='lat' dir='ltr'><strong>eruditissimis</strong></span> <span class='ocrx_word' id='word_1_445' title='bbox 1023 3133 1156 3188; x_wconf 89' lang='lat' dir='ltr'><strong>viris</strong></span> <span class='ocrx_word' id='word_1_446' title='bbox 1206 3137 1410 3187; x_wconf 87' lang='lat' dir='ltr'><strong>cuncta</strong></span> <span class='ocrx_word' id='word_1_447' title='bbox 1449 3133 1669 3189; x_wconf 84' lang='lat' dir='ltr'><strong>Veteris</strong></span> <span class='ocrx_word' id='word_1_448' title='bbox 1695 3134 1949 3205; x_wconf 89' lang='lat' dir='ltr'><strong>Novique</strong></span> <span class='ocrx_word' id='word_1_449' title='bbox 1987 3135 2179 3190; x_wconf 83' lang='lat' dir='ltr'><strong>Testa-</strong></span> <span class='ocrx_word' id='word_1_450' title='bbox 2259 3136 2420 3200; x_wconf 89' lang='lat' dir='ltr'><strong>Quod</strong></span> <span class='ocrx_word' id='word_1_451' title='bbox 2447 3141 2638 3192; x_wconf 89' lang='lat' dir='ltr'><strong>autem</strong></span> <span class='ocrx_word' id='word_1_452' title='bbox 2666 3137 2752 3191; x_wconf 68' lang='lat' dir='ltr'><strong>hae</strong></span> <span class='ocrx_word' id='word_1_453' title='bbox 2781 3141 2966 3207; x_wconf 90' lang='lat' dir='ltr'><strong>pestes</strong></span> <span class='ocrx_word' id='word_1_454' title='bbox 2995 3135 3165 3190; x_wconf 89' lang='lat' dir='ltr'><strong>etiam</strong></span> <span class='ocrx_word' id='word_1_455' title='bbox 3195 3134 3533 3190; x_wconf 86' lang='lat' dir='ltr'><strong>robustiores</strong></span> <span class='ocrx_word' id='word_1_456' title='bbox 3558 3132 3672 3197; x_wconf 89' lang='lat' dir='ltr'><strong>sint,</strong></span> <span class='ocrx_word' id='word_1_457' title='bbox 3690 3143 3776 3182; x_wconf 81' lang='lat' dir='ltr'><strong>ma-</strong></span> 
     </span>
    </p>
   </div>
   <div class='ocr_carea' id='block_1_35' title="bbox 578 3217 3780 3297">
    <p class='ocr_par' dir='ltr' id='par_1_35' title="bbox 578 3217 3780 3297">
     <span class='ocr_line' id='line_1_35' title="bbox 578 3217 3780 3297; baseline -0.002 -19"><span class='ocrx_word' id='word_1_458' title='bbox 578 3223 777 3289; x_wconf 88' lang='lat' dir='ltr'><strong>menti,</strong></span> <span class='ocrx_word' id='word_1_459' title='bbox 820 3220 1332 3293; x_wconf 87' lang='lat' dir='ltr'><strong>catholicorumque</strong></span> <span class='ocrx_word' id='word_1_460' title='bbox 1353 3221 1742 3279; x_wconf 86' lang='lat' dir='ltr'><strong>universorum</strong></span> <span class='ocrx_word' id='word_1_461' title='bbox 1769 3221 1840 3277; x_wconf 91' lang='lat' dir='ltr'><strong>de</strong></span> <span class='ocrx_word' id='word_1_462' title='bbox 1873 3223 1979 3278; x_wconf 90' lang='lat' dir='ltr'><strong>hac</strong></span> <span class='ocrx_word' id='word_1_463' title='bbox 2005 3227 2180 3279; x_wconf 85' lang='lat' dir='ltr'><strong>mate-</strong></span> <span class='ocrx_word' id='word_1_464' title='bbox 2259 3223 2459 3279; x_wconf 79' lang='lat' dir='ltr'><strong>nifeste</strong></span> <span class='ocrx_word' id='word_1_465' title='bbox 2477 3229 2693 3280; x_wconf 60' lang='lat' dir='ltr'><strong>natura</strong></span> <span class='ocrx_word' id='word_1_466' title='bbox 2703 3224 2879 3297; x_wconf 89' lang='lat' dir='ltr'><strong>ipsius</strong></span> <span class='ocrx_word' id='word_1_467' title='bbox 2897 3224 3327 3296; x_wconf 90' lang='lat' dir='ltr'><strong>impugnatione</strong></span> <span class='ocrx_word' id='word_1_468' title='bbox 3336 3222 3617 3289; x_wconf 86' lang='lat' dir='ltr'><strong>sentimus;</strong></span> <span class='ocrx_word' id='word_1_469' title='bbox 3634 3217 3780 3273; x_wconf 71' lang='lat' dir='ltr'><strong>fortius</strong></span> 
     </span>
    </p>
   </div>
   <div class='ocr_carea' id='block_1_36' title="bbox 578 3305 3781 3385">
    <p class='ocr_par' dir='ltr' id='par_1_36' title="bbox 578 3305 3781 3385">
     <span class='ocr_line' id='line_1_36' title="bbox 578 3305 3781 3385; baseline -0.001 -20"><span class='ocrx_word' id='word_1_470' title='bbox 578 3311 665 3367; x_wconf 88' lang='lat' dir='ltr'><strong>ria</strong></span> <span class='ocrx_word' id='word_1_471' title='bbox 691 3310 955 3381; x_wconf 87' lang='lat' dir='ltr'><strong>colligere</strong></span> <span class='ocrx_word' id='word_1_472' title='bbox 965 3309 1150 3366; x_wconf 86' lang='lat' dir='ltr'><strong>dicta:</strong></span> <span class='ocrx_word' id='word_1_473' title='bbox 1178 3315 1388 3383; x_wconf 86' lang='lat' dir='ltr'><strong>quanto</strong></span> <span class='ocrx_word' id='word_1_474' title='bbox 1407 3311 1588 3381; x_wconf 86' lang='lat' dir='ltr'><strong>magis</strong></span> <span class='ocrx_word' id='word_1_475' title='bbox 1612 3310 1753 3366; x_wconf 90' lang='lat' dir='ltr'><strong>mihi</strong></span> <span class='ocrx_word' id='word_1_476' title='bbox 1771 3311 1925 3367; x_wconf 90' lang='lat' dir='ltr'><strong>omni</strong></span> <span class='ocrx_word' id='word_1_477' title='bbox 1937 3327 2003 3367; x_wconf 86' lang='lat' dir='ltr'><strong>ex</strong></span> <span class='ocrx_word' id='word_1_478' title='bbox 2018 3318 2178 3385; x_wconf 82' lang='lat' dir='ltr'><strong>parte</strong></span> <span class='ocrx_word' id='word_1_479' title='bbox 2261 3313 2413 3369; x_wconf 90' lang='lat' dir='ltr'><strong>enim</strong></span> <span class='ocrx_word' id='word_1_480' title='bbox 2463 3313 2672 3369; x_wconf 88' lang='lat' dir='ltr'><strong>militat</strong></span> <span class='ocrx_word' id='word_1_481' title='bbox 2700 3313 2760 3368; x_wconf 91' lang='lat' dir='ltr'><strong>in</strong></span> <span class='ocrx_word' id='word_1_482' title='bbox 2787 3312 3057 3369; x_wconf 88' lang='lat' dir='ltr'><strong>membris</strong></span> <span class='ocrx_word' id='word_1_483' title='bbox 3084 3312 3297 3368; x_wconf 88' lang='lat' dir='ltr'><strong>nostris</strong></span> <span class='ocrx_word' id='word_1_484' title='bbox 3325 3309 3603 3367; x_wconf 88' lang='lat' dir='ltr'><strong>oblectatio</strong></span> <span class='ocrx_word' id='word_1_485' title='bbox 3628 3305 3781 3380; x_wconf 62' lang='lat' dir='ltr'><strong>pssie-</strong></span> 
     </span>
    </p>
   </div>
   <div class='ocr_carea' id='block_1_37' title="bbox 579 3391 3781 3474">
    <p class='ocr_par' dir='ltr' id='par_1_37' title="bbox 579 3391 3781 3474">
     <span class='ocr_line' id='line_1_37' title="bbox 579 3391 3781 3474; baseline -0.002 -18"><span class='ocrx_word' id='word_1_486' title='bbox 579 3416 842 3456; x_wconf 90' lang='lat' dir='ltr'><strong>sermone</strong></span> <span class='ocrx_word' id='word_1_487' title='bbox 856 3406 916 3455; x_wconf 89' lang='lat' dir='ltr'><strong>et</strong></span> <span class='ocrx_word' id='word_1_488' title='bbox 931 3400 1047 3454; x_wconf 80' lang='lat' dir='ltr'><strong>vita</strong></span> <span class='ocrx_word' id='word_1_489' title='bbox 1056 3399 1520 3456; x_wconf 89' lang='lat' dir='ltr'><strong>ineruditissimo.</strong></span> <span class='ocrx_word' id='word_1_490' title='bbox 1545 3400 1652 3455; x_wconf 90' lang='lat' dir='ltr'><strong>Sed</strong></span> <span class='ocrx_word' id='word_1_491' title='bbox 1674 3400 1808 3473; x_wconf 89' lang='lat' dir='ltr'><strong>quia</strong></span> <span class='ocrx_word' id='word_1_492' title='bbox 1818 3406 2025 3456; x_wconf 68' lang='lat' dir='ltr'><strong>sanctae</strong></span> <span class='ocrx_word' id='word_1_493' title='bbox 2043 3402 2177 3456; x_wconf 87' lang='lat' dir='ltr'><strong>cha-</strong></span> <span class='ocrx_word' id='word_1_494' title='bbox 2258 3418 2395 3458; x_wconf 90' lang='lat' dir='ltr'><strong>num</strong></span> <span class='ocrx_word' id='word_1_495' title='bbox 2423 3403 2737 3458; x_wconf 89' lang='lat' dir='ltr'><strong>carnalium</strong></span> <span class='ocrx_word' id='word_1_496' title='bbox 2767 3417 2937 3474; x_wconf 88' lang='lat' dir='ltr'><strong>quam</strong></span> <span class='ocrx_word' id='word_1_497' title='bbox 2966 3402 3156 3456; x_wconf 90' lang='lat' dir='ltr'><strong>studia</strong></span> <span class='ocrx_word' id='word_1_498' title='bbox 3183 3402 3475 3466; x_wconf 88' lang='lat' dir='ltr'><strong>virtutum,</strong></span> <span class='ocrx_word' id='word_1_499' title='bbox 3488 3391 3781 3470; x_wconf 67' lang='lat' dir='ltr'><strong>quainonnisi</strong></span> 
     </span>
    </p>
   </div>
   <div class='ocr_carea' id='block_1_38' title="bbox 577 3487 3777 3564">
    <p class='ocr_par' dir='ltr' id='par_1_38' title="bbox 577 3487 3777 3564">
     <span class='ocr_line' id='line_1_38' title="bbox 577 3487 3777 3564; baseline -0.001 -18"><span class='ocrx_word' id='word_1_500' title='bbox 577 3488 735 3545; x_wconf 82' lang='lat' dir='ltr'><strong>ritati</strong></span> <span class='ocrx_word' id='word_1_501' title='bbox 753 3495 866 3546; x_wconf 62' lang='lat' dir='ltr'><strong>tua</strong></span> <span class='ocrx_word' id='word_1_502' title='bbox 884 3487 1232 3556; x_wconf 88' lang='lat' dir='ltr'><strong>inobediens,</strong></span> <span class='ocrx_word' id='word_1_503' title='bbox 1256 3494 1324 3544; x_wconf 90' lang='lat' dir='ltr'><strong>ut</strong></span> <span class='ocrx_word' id='word_1_504' title='bbox 1349 3488 1534 3556; x_wconf 88' lang='lat' dir='ltr'><strong>credo,</strong></span> <span class='ocrx_word' id='word_1_505' title='bbox 1559 3505 1832 3563; x_wconf 87' lang='lat' dir='ltr'><strong>apparere</strong></span> <span class='ocrx_word' id='word_1_506' title='bbox 1851 3506 1965 3545; x_wconf 92' lang='lat' dir='ltr'><strong>non</strong></span> <span class='ocrx_word' id='word_1_507' title='bbox 1980 3489 2171 3558; x_wconf 90' lang='lat' dir='ltr'><strong>debui,</strong></span> <span class='ocrx_word' id='word_1_508' title='bbox 2254 3508 2480 3548; x_wconf 90' lang='lat' dir='ltr'><strong>summa</strong></span> <span class='ocrx_word' id='word_1_509' title='bbox 2507 3491 2844 3547; x_wconf 88' lang='lat' dir='ltr'><strong>contritione</strong></span> <span class='ocrx_word' id='word_1_510' title='bbox 2873 3488 3056 3547; x_wconf 89' lang='lat' dir='ltr'><strong>cordis</strong></span> <span class='ocrx_word' id='word_1_511' title='bbox 3097 3496 3155 3546; x_wconf 91' lang='lat' dir='ltr'><strong>et</strong></span> <span class='ocrx_word' id='word_1_512' title='bbox 3180 3491 3435 3564; x_wconf 88' lang='lat' dir='ltr'><strong>corporis</strong></span> <span class='ocrx_word' id='word_1_513' title='bbox 3462 3488 3777 3560; x_wconf 69' lang='lat' dir='ltr'><strong>acquiruntur.</strong></span> 
     </span>
    </p>
   </div>
   <div class='ocr_carea' id='block_1_39' title="bbox 579 3574 3779 3653">
    <p class='ocr_par' dir='ltr' id='par_1_39' title="bbox 579 3574 3779 3653">
     <span class='ocr_line' id='line_1_39' title="bbox 579 3574 3779 3653; baseline -0.002 -19"><span class='ocrx_word' id='word_1_514' title='bbox 579 3577 912 3652; x_wconf 68' lang='lat' dir='ltr'><strong>praesumpsi</strong></span> <span class='ocrx_word' id='word_1_515' title='bbox 969 3577 1121 3634; x_wconf 87' lang='lat' dir='ltr'><strong>ultra</strong></span> <span class='ocrx_word' id='word_1_516' title='bbox 1156 3577 1300 3634; x_wconf 90' lang='lat' dir='ltr'><strong>vires</strong></span> <span class='ocrx_word' id='word_1_517' title='bbox 1356 3593 1512 3633; x_wconf 87' lang='lat' dir='ltr'><strong>meas</strong></span> <span class='ocrx_word' id='word_1_518' title='bbox 1539 3577 1721 3633; x_wconf 87' lang='lat' dir='ltr'><strong>facere</strong></span> <span class='ocrx_word' id='word_1_519' title='bbox 1776 3578 1925 3650; x_wconf 91' lang='lat' dir='ltr'><strong>quod</strong></span> <span class='ocrx_word' id='word_1_520' title='bbox 1970 3578 2176 3651; x_wconf 88' lang='lat' dir='ltr'><strong>peritia</strong></span> <span class='ocrx_word' id='word_1_521' title='bbox 2254 3581 2415 3647; x_wconf 85' lang='lat' dir='ltr'><strong>Quod</strong></span> <span class='ocrx_word' id='word_1_522' title='bbox 2442 3597 2574 3636; x_wconf 90' lang='lat' dir='ltr'><strong>vero</strong></span> <span class='ocrx_word' id='word_1_523' title='bbox 2596 3581 2834 3637; x_wconf 89' lang='lat' dir='ltr'><strong>istarum</strong></span> <span class='ocrx_word' id='word_1_524' title='bbox 2850 3580 3298 3653; x_wconf 88' lang='lat' dir='ltr'><strong>perniciosarum</strong></span> <span class='ocrx_word' id='word_1_525' title='bbox 3329 3577 3571 3650; x_wconf 90' lang='lat' dir='ltr'><strong>gentium</strong></span> <span class='ocrx_word' id='word_1_526' title='bbox 3583 3574 3779 3646; x_wconf 80' lang='lat' dir='ltr'><strong>regiones</strong></span> 
     </span>
    </p>
   </div>
   <div class='ocr_carea' id='block_1_40' title="bbox 576 3662 3774 3743">
    <p class='ocr_par' dir='ltr' id='par_1_40' title="bbox 576 3662 3774 3743">
     <span class='ocr_line' id='line_1_40' title="bbox 576 3662 3774 3743; baseline -0.002 -20"><span class='ocrx_word' id='word_1_527' title='bbox 576 3667 718 3724; x_wconf 83' lang='lat' dir='ltr'><strong>mihi</strong></span> <span class='ocrx_word' id='word_1_528' title='bbox 743 3683 856 3723; x_wconf 88' lang='lat' dir='ltr'><strong>non</strong></span> <span class='ocrx_word' id='word_1_529' title='bbox 895 3665 1201 3735; x_wconf 82' lang='lat' dir='ltr'><strong>ministrat,</strong></span> <span class='ocrx_word' id='word_1_530' title='bbox 1232 3683 1336 3722; x_wconf 90' lang='lat' dir='ltr'><strong>nec</strong></span> <span class='ocrx_word' id='word_1_531' title='bbox 1377 3666 1613 3722; x_wconf 84' lang='lat' dir='ltr'><strong>facultas</strong></span> <span class='ocrx_word' id='word_1_532' title='bbox 1642 3667 1859 3736; x_wconf 87' lang='lat' dir='ltr'><strong>tribuit,</strong></span> <span class='ocrx_word' id='word_1_533' title='bbox 1881 3684 1985 3722; x_wconf 89' lang='lat' dir='ltr'><strong>nec</strong></span> <span class='ocrx_word' id='word_1_534' title='bbox 2011 3667 2171 3723; x_wconf 87' lang='lat' dir='ltr'><strong>inﬁr-</strong></span> <span class='ocrx_word' id='word_1_535' title='bbox 2252 3669 2554 3725; x_wconf 83' lang='lat' dir='ltr'><strong>salubriter</strong></span> <span class='ocrx_word' id='word_1_536' title='bbox 2597 3670 2885 3743; x_wconf 89' lang='lat' dir='ltr'><strong>possidere</strong></span> <span class='ocrx_word' id='word_1_537' title='bbox 2921 3668 3301 3742; x_wconf 81' lang='lat' dir='ltr'><strong>praecipimur,</strong></span> <span class='ocrx_word' id='word_1_538' title='bbox 3344 3668 3425 3723; x_wconf 88' lang='lat' dir='ltr'><strong>ita</strong></span> <span class='ocrx_word' id='word_1_539' title='bbox 3471 3662 3774 3734; x_wconf 83' lang='lat' dir='ltr'><strong>intelligitur:</strong></span> 
     </span>
    </p>
   </div>
   <div class='ocr_carea' id='block_1_41' title="bbox 574 3753 3777 3830">
    <p class='ocr_par' dir='ltr' id='par_1_41' title="bbox 574 3753 3777 3830">
     <span class='ocr_line' id='line_1_41' title="bbox 574 3753 3777 3830; baseline -0.003 -16"><span class='ocrx_word' id='word_1_540' title='bbox 574 3756 748 3815; x_wconf 84' lang='lat' dir='ltr'><strong>mitas</strong></span> <span class='ocrx_word' id='word_1_541' title='bbox 794 3755 1089 3829; x_wconf 85' lang='lat' dir='ltr'><strong>permittit.</strong></span> <span class='ocrx_word' id='word_1_542' title='bbox 1124 3756 1246 3811; x_wconf 86' lang='lat' dir='ltr'><strong>Huc</strong></span> <span class='ocrx_word' id='word_1_543' title='bbox 1288 3772 1467 3828; x_wconf 88' lang='lat' dir='ltr'><strong>usque</strong></span> <span class='ocrx_word' id='word_1_544' title='bbox 1514 3755 1585 3810; x_wconf 89' lang='lat' dir='ltr'><strong>de</strong></span> <span class='ocrx_word' id='word_1_545' title='bbox 1620 3755 1886 3826; x_wconf 85' lang='lat' dir='ltr'><strong>gravibus</strong></span> <span class='ocrx_word' id='word_1_546' title='bbox 1916 3757 2171 3812; x_wconf 86' lang='lat' dir='ltr'><strong>mortali-</strong></span> <span class='ocrx_word' id='word_1_547' title='bbox 2256 3757 2427 3815; x_wconf 87' lang='lat' dir='ltr'><strong>habet</strong></span> <span class='ocrx_word' id='word_1_548' title='bbox 2453 3759 2603 3813; x_wconf 90' lang='lat' dir='ltr'><strong>enim</strong></span> <span class='ocrx_word' id='word_1_549' title='bbox 2653 3758 3095 3830; x_wconf 87' lang='lat' dir='ltr'><strong>unumquodque</strong></span> <span class='ocrx_word' id='word_1_550' title='bbox 3130 3756 3336 3812; x_wconf 90' lang='lat' dir='ltr'><strong>vitium</strong></span> <span class='ocrx_word' id='word_1_551' title='bbox 3365 3757 3423 3811; x_wconf 89' lang='lat' dir='ltr'><strong>in</strong></span> <span class='ocrx_word' id='word_1_552' title='bbox 3451 3753 3604 3810; x_wconf 88' lang='lat' dir='ltr'><strong>corde</strong></span> <span class='ocrx_word' id='word_1_553' title='bbox 3634 3753 3777 3807; x_wconf 76' lang='lat' dir='ltr'><strong>nostm</strong></span> 
     </span>
    </p>
   </div>
   <div class='ocr_carea' id='block_1_42' title="bbox 575 3835 3776 3919">
    <p class='ocr_par' dir='ltr' id='par_1_42' title="bbox 575 3835 3776 3919">
     <span class='ocr_line' id='line_1_42' title="bbox 575 3835 3776 3919; baseline -0.003 -18"><span class='ocrx_word' id='word_1_554' title='bbox 575 3843 790 3917; x_wconf 85' lang='lat' dir='ltr'><strong>busque</strong></span> <span class='ocrx_word' id='word_1_555' title='bbox 817 3843 1060 3918; x_wconf 88' lang='lat' dir='ltr'><strong>peccatis</strong></span> <span class='ocrx_word' id='word_1_556' title='bbox 1088 3860 1155 3900; x_wconf 90' lang='lat' dir='ltr'><strong>ex</strong></span> <span class='ocrx_word' id='word_1_557' title='bbox 1181 3845 1375 3900; x_wconf 91' lang='lat' dir='ltr'><strong>multis</strong></span> <span class='ocrx_word' id='word_1_558' title='bbox 1400 3849 1726 3899; x_wconf 87' lang='lat' dir='ltr'><strong>sanctarum</strong></span> <span class='ocrx_word' id='word_1_559' title='bbox 1754 3844 2171 3916; x_wconf 88' lang='lat' dir='ltr'><strong>Scripturarum</strong></span> <span class='ocrx_word' id='word_1_560' title='bbox 2251 3847 2536 3919; x_wconf 91' lang='lat' dir='ltr'><strong>propriam</strong></span> <span class='ocrx_word' id='word_1_561' title='bbox 2567 3847 2903 3915; x_wconf 87' lang='lat' dir='ltr'><strong>stationem;</strong></span> <span class='ocrx_word' id='word_1_562' title='bbox 2937 3846 3036 3901; x_wconf 91' lang='lat' dir='ltr'><strong>sed</strong></span> <span class='ocrx_word' id='word_1_563' title='bbox 3050 3846 3099 3901; x_wconf 90' lang='lat' dir='ltr'><strong>si</strong></span> <span class='ocrx_word' id='word_1_564' title='bbox 3118 3862 3250 3901; x_wconf 88' lang='lat' dir='ltr'><strong>cum</strong></span> <span class='ocrx_word' id='word_1_565' title='bbox 3272 3844 3495 3901; x_wconf 88' lang='lat' dir='ltr'><strong>Israelis</strong></span> <span class='ocrx_word' id='word_1_566' title='bbox 3522 3840 3716 3915; x_wconf 82' lang='lat' dir='ltr'><strong>papula,</strong></span> <span class='ocrx_word' id='word_1_567' title='bbox 3736 3835 3776 3890; x_wconf 88' lang='lat' dir='ltr'><strong>id</strong></span> 
     </span>
    </p>
   </div>
   <div class='ocr_carea' id='block_1_43' title="bbox 552 3923 3779 4006">
    <p class='ocr_par' dir='ltr' id='par_1_43' title="bbox 552 3923 3779 4006">
     <span class='ocr_line' id='line_1_43' title="bbox 552 3923 3779 4006; baseline -0.002 -16"><span class='ocrx_word' id='word_1_568' title='bbox 552 3932 899 3990; x_wconf 73' lang='lat' dir='ltr'><strong>auctoribus</strong></span> <span class='ocrx_word' id='word_1_569' title='bbox 948 3948 1130 4006; x_wconf 85' lang='lat' dir='ltr'><strong>pauca</strong></span> <span class='ocrx_word' id='word_1_570' title='bbox 1174 3938 1454 4005; x_wconf 82' lang='lat' dir='ltr'><strong>excerpta,</strong></span> <span class='ocrx_word' id='word_1_571' title='bbox 1513 3932 1561 3987; x_wconf 87' lang='lat' dir='ltr'><strong>si</strong></span> <span class='ocrx_word' id='word_1_572' title='bbox 1612 3932 1816 4005; x_wconf 90' lang='lat' dir='ltr'><strong>placet,</strong></span> <span class='ocrx_word' id='word_1_573' title='bbox 1865 3932 2165 3989; x_wconf 79' lang='lat' dir='ltr'><strong>sufficiant.</strong></span> <span class='ocrx_word' id='word_1_574' title='bbox 2226 3942 2355 4002; x_wconf 76' lang='lat' dir='ltr'><strong>est,</strong></span> <span class='ocrx_word' id='word_1_575' title='bbox 2392 3935 2689 3993; x_wconf 87' lang='lat' dir='ltr'><strong>virtutibus</strong></span> <span class='ocrx_word' id='word_1_576' title='bbox 2717 3943 2914 3991; x_wconf 91' lang='lat' dir='ltr'><strong>contra</strong></span> <span class='ocrx_word' id='word_1_577' title='bbox 2958 3951 3020 3990; x_wconf 91' lang='lat' dir='ltr'><strong>se</strong></span> <span class='ocrx_word' id='word_1_578' title='bbox 3047 3933 3448 3989; x_wconf 86' lang='lat' dir='ltr'><strong>dimicantibus</strong></span> <span class='ocrx_word' id='word_1_579' title='bbox 3472 3930 3662 3987; x_wconf 85' lang='lat' dir='ltr'><strong>fuerint</strong></span> <span class='ocrx_word' id='word_1_580' title='bbox 3680 3923 3779 3981; x_wconf 64' lang='lat' dir='ltr'><strong>vitis</strong></span> 
     </span>
    </p>
   </div>
   <div class='ocr_carea' id='block_1_44' title="bbox 573 4021 3777 4097">
    <p class='ocr_par' dir='ltr' id='par_1_44' title="bbox 573 4021 3777 4097">
     <span class='ocr_line' id='line_1_44' title="bbox 573 4021 3777 4097; baseline -0.003 -18"><span class='ocrx_word' id='word_1_581' title='bbox 573 4023 738 4079; x_wconf 86' lang='lat' dir='ltr'><strong>Nunc</strong></span> <span class='ocrx_word' id='word_1_582' title='bbox 753 4026 943 4077; x_wconf 70' lang='lat' dir='ltr'><strong>autem</strong></span> <span class='ocrx_word' id='word_1_583' title='bbox 975 4021 1046 4076; x_wconf 91' lang='lat' dir='ltr'><strong>de</strong></span> <span class='ocrx_word' id='word_1_584' title='bbox 1075 4026 1200 4075; x_wconf 91' lang='lat' dir='ltr'><strong>octo</strong></span> <span class='ocrx_word' id='word_1_585' title='bbox 1229 4021 1625 4094; x_wconf 89' lang='lat' dir='ltr'><strong>principalium</strong></span> <span class='ocrx_word' id='word_1_586' title='bbox 1656 4021 1920 4076; x_wconf 90' lang='lat' dir='ltr'><strong>vitiorum</strong></span> <span class='ocrx_word' id='word_1_587' title='bbox 1952 4022 2170 4095; x_wconf 72' lang='lat' dir='ltr'><strong>origine</strong></span> <span class='ocrx_word' id='word_1_588' title='bbox 2250 4030 2532 4097; x_wconf 83' lang='lat' dir='ltr'><strong>superata,</strong></span> <span class='ocrx_word' id='word_1_589' title='bbox 2562 4025 2742 4080; x_wconf 89' lang='lat' dir='ltr'><strong>locum</strong></span> <span class='ocrx_word' id='word_1_590' title='bbox 2785 4039 2953 4096; x_wconf 90' lang='lat' dir='ltr'><strong>quem</strong></span> <span class='ocrx_word' id='word_1_591' title='bbox 2982 4023 3087 4078; x_wconf 89' lang='lat' dir='ltr'><strong>sibi</strong></span> <span class='ocrx_word' id='word_1_592' title='bbox 3117 4024 3178 4077; x_wconf 91' lang='lat' dir='ltr'><strong>in</strong></span> <span class='ocrx_word' id='word_1_593' title='bbox 3210 4023 3384 4078; x_wconf 89' lang='lat' dir='ltr'><strong>corde</strong></span> <span class='ocrx_word' id='word_1_594' title='bbox 3422 4024 3600 4077; x_wconf 85' lang='lat' dir='ltr'><strong>nostro</strong></span> <span class='ocrx_word' id='word_1_595' title='bbox 3624 4029 3777 4073; x_wconf 84' lang='lat' dir='ltr'><strong>concu-</strong></span> 
     </span>
    </p>
   </div>
   <div class='ocr_carea' id='block_1_45' title="bbox 572 4102 3775 4185">
    <p class='ocr_par' dir='ltr' id='par_1_45' title="bbox 572 4102 3775 4185">
     <span class='ocr_line' id='line_1_45' title="bbox 572 4102 3775 4185; baseline 0 -18"><span class='ocrx_word' id='word_1_596' title='bbox 572 4125 883 4183; x_wconf 82' lang='lat' dir='ltr'><strong>oorumque</strong></span> <span class='ocrx_word' id='word_1_597' title='bbox 911 4109 1176 4165; x_wconf 86' lang='lat' dir='ltr'><strong>remediis</strong></span> <span class='ocrx_word' id='word_1_598' title='bbox 1206 4114 1377 4181; x_wconf 90' lang='lat' dir='ltr'><strong>prout</strong></span> <span class='ocrx_word' id='word_1_599' title='bbox 1402 4114 1599 4165; x_wconf 89' lang='lat' dir='ltr'><strong>auctor</strong></span> <span class='ocrx_word' id='word_1_600' title='bbox 1627 4109 1768 4165; x_wconf 89' lang='lat' dir='ltr'><strong>lucis</strong></span> <span class='ocrx_word' id='word_1_601' title='bbox 1795 4115 2018 4166; x_wconf 62' lang='lat' dir='ltr'><strong>aeternae</strong></span> <span class='ocrx_word' id='word_1_602' title='bbox 2055 4111 2169 4168; x_wconf 86' lang='lat' dir='ltr'><strong>tuis</strong></span> <span class='ocrx_word' id='word_1_603' title='bbox 2248 4113 2533 4185; x_wconf 61' lang='lat' dir='ltr'><strong>piscantis;</strong></span> <span class='ocrx_word' id='word_1_604' title='bbox 2605 4114 2692 4168; x_wconf 91' lang='lat' dir='ltr'><strong>vel</strong></span> <span class='ocrx_word' id='word_1_605' title='bbox 2749 4111 3136 4168; x_wconf 87' lang='lat' dir='ltr'><strong>fornicationis</strong></span> <span class='ocrx_word' id='word_1_606' title='bbox 3198 4112 3431 4184; x_wconf 87' lang='lat' dir='ltr'><strong>spiritus</strong></span> <span class='ocrx_word' id='word_1_607' title='bbox 3501 4102 3775 4167; x_wconf 67' lang='grc' dir='ltr'><strong>τοωηιδωι.</strong></span> 
     </span>
    </p>
   </div>
   <div class='ocr_carea' id='block_1_46' title="bbox 575 4194 3781 4275">
    <p class='ocr_par' dir='ltr' id='par_1_46' title="bbox 575 4194 3781 4275">
     <span class='ocr_line' id='line_1_46' title="bbox 575 4194 3781 4275; baseline -0.001 -21"><span class='ocrx_word' id='word_1_608' title='bbox 575 4215 678 4274; x_wconf 89' lang='lat' dir='ltr'><strong>pro</strong></span> <span class='ocrx_word' id='word_1_609' title='bbox 707 4198 925 4255; x_wconf 87' lang='lat' dir='ltr'><strong>meritis</strong></span> <span class='ocrx_word' id='word_1_610' title='bbox 954 4198 1164 4253; x_wconf 89' lang='lat' dir='ltr'><strong>donare</strong></span> <span class='ocrx_word' id='word_1_611' title='bbox 1193 4197 1537 4269; x_wconf 88' lang='lat' dir='ltr'><strong>dignabitur,</strong></span> <span class='ocrx_word' id='word_1_612' title='bbox 1549 4198 1858 4255; x_wconf 90' lang='lat' dir='ltr'><strong>secundum</strong></span> <span class='ocrx_word' id='word_1_613' title='bbox 1890 4199 2167 4255; x_wconf 88' lang='lat' dir='ltr'><strong>modicam</strong></span> <span class='ocrx_word' id='word_1_614' title='bbox 2250 4202 2513 4275; x_wconf 90' lang='lat' dir='ltr'><strong>deinceps</strong></span> <span class='ocrx_word' id='word_1_615' title='bbox 2552 4202 2781 4258; x_wconf 83' lang='lat' dir='ltr'><strong>castitas</strong></span> <span class='ocrx_word' id='word_1_616' title='bbox 2822 4200 3098 4257; x_wconf 86' lang='lat' dir='ltr'><strong>obtinebit</strong></span> <span class='ocrx_word' id='word_1_617' title='bbox 3128 4219 3143 4270; x_wconf 90' lang='lat'><strong>;</strong></span> <span class='ocrx_word' id='word_1_618' title='bbox 3199 4217 3373 4274; x_wconf 88' lang='lat' dir='ltr'><strong>quem</strong></span> <span class='ocrx_word' id='word_1_619' title='bbox 3419 4199 3569 4255; x_wconf 81' lang='lat' dir='ltr'><strong>furor</strong></span> <span class='ocrx_word' id='word_1_620' title='bbox 3606 4194 3781 4266; x_wconf 59' lang='lat' dir='ltr'><strong>cepe!!!</strong></span> 
     </span>
    </p>
   </div>
   <div class='ocr_carea' id='block_1_47' title="bbox 571 4285 3779 4364">
    <p class='ocr_par' dir='ltr' id='par_1_47' title="bbox 571 4285 3779 4364">
     <span class='ocr_line' id='line_1_47' title="bbox 571 4285 3779 4364; baseline -0.001 -20"><span class='ocrx_word' id='word_1_621' title='bbox 571 4287 841 4361; x_wconf 87' lang='lat' dir='ltr'><strong>capacitis</strong></span> <span class='ocrx_word' id='word_1_622' title='bbox 897 4301 1037 4342; x_wconf 68' lang='lat' dir='ltr'><strong>mea</strong></span> <span class='ocrx_word' id='word_1_623' title='bbox 1091 4285 1378 4354; x_wconf 90' lang='lat' dir='ltr'><strong>virtutem,</strong></span> <span class='ocrx_word' id='word_1_624' title='bbox 1428 4302 1494 4341; x_wconf 90' lang='lat' dir='ltr'><strong>ex</strong></span> <span class='ocrx_word' id='word_1_625' title='bbox 1550 4292 1872 4343; x_wconf 90' lang='lat' dir='ltr'><strong>sanctorum</strong></span> <span class='ocrx_word' id='word_1_626' title='bbox 1932 4288 2166 4344; x_wconf 87' lang='lat' dir='ltr'><strong>Patrum</strong></span> <span class='ocrx_word' id='word_1_627' title='bbox 2189 4356 2227 4364; x_wconf 83' lang='lat'><strong><em>_</em></strong></span> <span class='ocrx_word' id='word_1_628' title='bbox 2248 4292 2526 4364; x_wconf 87' lang='lat' dir='ltr'><strong>patientia</strong></span> <span class='ocrx_word' id='word_1_629' title='bbox 2558 4290 2893 4359; x_wconf 82' lang='lat' dir='ltr'><strong>vindicabit;</strong></span> <span class='ocrx_word' id='word_1_630' title='bbox 2924 4306 3094 4364; x_wconf 90' lang='lat' dir='ltr'><strong>quem</strong></span> <span class='ocrx_word' id='word_1_631' title='bbox 3125 4289 3364 4345; x_wconf 88' lang='lat' dir='ltr'><strong>tristitia</strong></span> <span class='ocrx_word' id='word_1_632' title='bbox 3377 4292 3550 4344; x_wconf 91' lang='lat' dir='ltr'><strong>morte</strong></span> <span class='ocrx_word' id='word_1_633' title='bbox 3566 4285 3779 4357; x_wconf 60' lang='lat' dir='ltr'><strong>operante</strong></span> 
     </span>
    </p>
   </div>
   <div class='ocr_carea' id='block_1_48' title="bbox 572 4356 3781 4454">
    <p class='ocr_par' dir='ltr' id='par_1_48' title="bbox 572 4356 3781 4454">
     <span class='ocr_line' id='line_1_48' title="bbox 572 4356 3781 4454; baseline -0.001 -21"><span class='ocrx_word' id='word_1_634' title='bbox 572 4356 854 4450; x_wconf 72' lang='lat' dir='ltr'><strong>opusculis</strong></span> <span class='ocrx_word' id='word_1_635' title='bbox 865 4375 1192 4432; x_wconf 86' lang='lat' dir='ltr'><strong>testimonia</strong></span> <span class='ocrx_word' id='word_1_636' title='bbox 1211 4375 1343 4431; x_wconf 89' lang='lat' dir='ltr'><strong>huic</strong></span> <span class='ocrx_word' id='word_1_637' title='bbox 1352 4376 1507 4448; x_wconf 89' lang='lat' dir='ltr'><strong>operi</strong></span> <span class='ocrx_word' id='word_1_638' title='bbox 1519 4377 1826 4448; x_wconf 89' lang='lat' dir='ltr'><strong>adjungere</strong></span> <span class='ocrx_word' id='word_1_639' title='bbox 1837 4376 2164 4449; x_wconf 86' lang='lat' dir='ltr'><strong>procurabo.</strong></span> <span class='ocrx_word' id='word_1_640' title='bbox 2189 4356 2635 4454; x_wconf 75' lang='lat' dir='ltr'><strong>Doccupaverat,</strong></span> <span class='ocrx_word' id='word_1_641' title='bbox 2668 4356 2932 4436; x_wconf 84' lang='lat' dir='ltr'><strong>salutaris</strong></span> <span class='ocrx_word' id='word_1_642' title='bbox 2940 4356 3017 4435; x_wconf 72' lang='grc' dir='ltr'><strong>ὀι</strong></span> <span class='ocrx_word' id='word_1_643' title='bbox 3055 4379 3224 4451; x_wconf 91' lang='lat' dir='ltr'><strong>plena</strong></span> <span class='ocrx_word' id='word_1_644' title='bbox 3251 4377 3459 4450; x_wconf 88' lang='lat' dir='ltr'><strong>gaudio</strong></span> <span class='ocrx_word' id='word_1_645' title='bbox 3484 4356 3661 4432; x_wconf 70' lang='lat' dir='ltr'><strong>laetitia</strong></span> <span class='ocrx_word' id='word_1_646' title='bbox 3680 4384 3781 4443; x_wconf 71' lang='lat' dir='ltr'><strong>pos-</strong></span> 
     </span>
    </p>
   </div>
   <div class='ocr_carea' id='block_1_49' title="bbox 571 4456 3781 4544">
    <p class='ocr_par' dir='ltr' id='par_1_49' title="bbox 571 4456 3781 4544">
     <span class='ocr_line' id='line_1_49' title="bbox 571 4456 3781 4544; baseline -0.006 -14"><span class='ocrx_word' id='word_1_647' title='bbox 571 4474 717 4531; x_wconf 69' lang='grc' dir='ltr'><strong>ΟΑΡ.</strong></span> <span class='ocrx_word' id='word_1_648' title='bbox 740 4475 814 4532; x_wconf 92' lang='lat' dir='ltr'><strong>II.</strong></span> <span class='ocrx_word' id='word_1_649' title='bbox 838 4501 905 4517; x_wconf 90' lang='lat'><em>-</em></span> <span class='ocrx_word' id='word_1_650' title='bbox 935 4474 1009 4529; x_wconf 85' lang='lat' dir='ltr'><strong>De</strong></span> <span class='ocrx_word' id='word_1_651' title='bbox 1041 4476 1281 4528; x_wconf 71' lang='lat' dir='ltr'><strong>materia</strong></span> <span class='ocrx_word' id='word_1_652' title='bbox 1317 4479 1432 4528; x_wconf 83' lang='lat' dir='ltr'><strong>acta</strong></span> <span class='ocrx_word' id='word_1_653' title='bbox 1447 4476 1860 4544; x_wconf 74' lang='lat' dir='ltr'><strong>principalium</strong></span> <span class='ocrx_word' id='word_1_654' title='bbox 1900 4476 2167 4530; x_wconf 73' lang='lat' dir='ltr'><strong>vitiorum</strong></span> <span class='ocrx_word' id='word_1_655' title='bbox 2249 4469 2480 4539; x_wconf 82' lang='lat' dir='ltr'><strong>sidebit;</strong></span> <span class='ocrx_word' id='word_1_656' title='bbox 2513 4485 2680 4542; x_wconf 88' lang='lat' dir='ltr'><strong>quem</strong></span> <span class='ocrx_word' id='word_1_657' title='bbox 2699 4469 2895 4525; x_wconf 88' lang='lat' dir='ltr'><strong>acedia</strong></span> <span class='ocrx_word' id='word_1_658' title='bbox 2920 4467 3196 4535; x_wconf 85' lang='lat' dir='ltr'><strong>vastabat,</strong></span> <span class='ocrx_word' id='word_1_659' title='bbox 3218 4466 3422 4540; x_wconf 91' lang='lat' dir='ltr'><strong>incipit</strong></span> <span class='ocrx_word' id='word_1_660' title='bbox 3457 4463 3679 4520; x_wconf 81' lang='lat' dir='ltr'><strong>excolere</strong></span> <span class='ocrx_word' id='word_1_661' title='bbox 3698 4456 3781 4513; x_wconf 79' lang='lat' dir='ltr'><strong>for-</strong></span> 
     </span>
    </p>
   </div>
   <div class='ocr_carea' id='block_1_50' title="bbox 552 4547 2124 4632">
    <p class='ocr_par' dir='ltr' id='par_1_50' title="bbox 552 4548 1785 4628">
     <span class='ocr_line' id='line_1_50' title="bbox 552 4548 1785 4628; baseline -0.002 -27"><span class='ocrx_word' id='word_1_662' title='bbox 552 4591 561 4601; x_wconf 92' lang='lat'><strong>.</strong></span> <span class='ocrx_word' id='word_1_663' title='bbox 585 4616 599 4628; x_wconf 41' lang='lat'><strong><em>-</em></strong></span> <span class='ocrx_word' id='word_1_664' title='bbox 952 4560 1249 4615; x_wconf 80' lang='lat' dir='ltr'><strong>eorumque</strong></span> <span class='ocrx_word' id='word_1_665' title='bbox 1279 4548 1495 4614; x_wconf 73' lang='lat' dir='ltr'><strong>origine</strong></span> <span class='ocrx_word' id='word_1_666' title='bbox 1521 4548 1785 4601; x_wconf 74' lang='lat' dir='ltr'><strong>sobolum.</strong></span> 
     </span>
    </p>
   </div>
   <div class='ocr_carea' id='block_1_51' title="bbox 2207 4547 3779 4632">
    <p class='ocr_par' dir='ltr' id='par_1_51' title="bbox 2248 4547 3779 4632">
     <span class='ocr_line' id='line_1_51' title="bbox 2248 4547 3779 4632; baseline -0.008 -17"><span class='ocrx_word' id='word_1_667' title='bbox 2248 4558 2460 4627; x_wconf 88' lang='lat' dir='ltr'><strong>titudo;</strong></span> <span class='ocrx_word' id='word_1_668' title='bbox 2490 4575 2659 4632; x_wconf 90' lang='lat' dir='ltr'><strong>quem</strong></span> <span class='ocrx_word' id='word_1_669' title='bbox 2678 4558 2941 4631; x_wconf 88' lang='lat' dir='ltr'><strong>superbia</strong></span> <span class='ocrx_word' id='word_1_670' title='bbox 2966 4556 3352 4623; x_wconf 85' lang='lat' dir='ltr'><strong>conculcabat,</strong></span> <span class='ocrx_word' id='word_1_671' title='bbox 3384 4553 3567 4625; x_wconf 87' lang='lat' dir='ltr'><strong>incipit</strong></span> <span class='ocrx_word' id='word_1_672' title='bbox 3581 4547 3779 4606; x_wconf 73' lang='lat' dir='ltr'><strong>excolere</strong></span> 
     </span>
    </p>
   </div>
   <div class='ocr_carea' id='block_1_52' title="bbox 555 4637 3777 4720">
    <p class='ocr_par' dir='ltr' id='par_1_52' title="bbox 555 4637 3777 4720">
     <span class='ocr_line' id='line_1_52' title="bbox 555 4637 3777 4720; baseline -0.001 -21"><span class='ocrx_word' id='word_1_673' title='bbox 555 4669 563 4677; x_wconf 72' lang='grc' dir='ltr'><em>ι</em></span> <span class='ocrx_word' id='word_1_674' title='bbox 641 4642 888 4700; x_wconf 87' lang='lat' dir='ltr'><strong>Humani</strong></span> <span class='ocrx_word' id='word_1_675' title='bbox 905 4643 1130 4716; x_wconf 86' lang='lat' dir='ltr'><strong>generis</strong></span> <span class='ocrx_word' id='word_1_676' title='bbox 1147 4648 1369 4699; x_wconf 88' lang='lat' dir='ltr'><strong>creator</strong></span> <span class='ocrx_word' id='word_1_677' title='bbox 1386 4649 1444 4698; x_wconf 92' lang='lat' dir='ltr'><strong>et</strong></span> <span class='ocrx_word' id='word_1_678' title='bbox 1461 4643 1719 4698; x_wconf 89' lang='lat' dir='ltr'><strong>conditor</strong></span> <span class='ocrx_word' id='word_1_679' title='bbox 1739 4643 1908 4711; x_wconf 88' lang='lat' dir='ltr'><strong>Deus,</strong></span> <span class='ocrx_word' id='word_1_680' title='bbox 1936 4648 2167 4716; x_wconf 89' lang='lat' dir='ltr'><strong>propter</strong></span> <span class='ocrx_word' id='word_1_681' title='bbox 2248 4647 2558 4716; x_wconf 89' lang='lat' dir='ltr'><strong>humilitas,</strong></span> <span class='ocrx_word' id='word_1_682' title='bbox 2584 4653 2643 4704; x_wconf 91' lang='lat' dir='ltr'><strong>et</strong></span> <span class='ocrx_word' id='word_1_683' title='bbox 2665 4648 2748 4704; x_wconf 90' lang='lat' dir='ltr'><strong>ita</strong></span> <span class='ocrx_word' id='word_1_684' title='bbox 2784 4648 3024 4720; x_wconf 89' lang='lat' dir='ltr'><strong>singulis</strong></span> <span class='ocrx_word' id='word_1_685' title='bbox 3042 4646 3192 4702; x_wconf 89' lang='lat' dir='ltr'><strong>vitiis</strong></span> <span class='ocrx_word' id='word_1_686' title='bbox 3213 4645 3455 4719; x_wconf 79' lang='lat' dir='ltr'><strong>expulsis</strong></span> <span class='ocrx_word' id='word_1_687' title='bbox 3479 4655 3654 4699; x_wconf 88' lang='lat' dir='ltr'><strong>eorum</strong></span> <span class='ocrx_word' id='word_1_688' title='bbox 3668 4637 3777 4720; x_wconf 52' lang='lat' dir='ltr'><strong>loci.</strong></span> 
     </span>
    </p>
   </div>
   <div class='ocr_carea' id='block_1_53' title="bbox 553 4718 3778 4809">
    <p class='ocr_par' dir='ltr' id='par_1_53' title="bbox 553 4718 3778 4809">
     <span class='ocr_line' id='line_1_53' title="bbox 553 4718 3778 4809; baseline -0.002 -19"><span class='ocrx_word' id='word_1_689' title='bbox 553 4733 904 4790; x_wconf 64' lang='lat' dir='ltr'><strong>immensam</strong></span> <span class='ocrx_word' id='word_1_690' title='bbox 935 4732 1162 4806; x_wconf 85' lang='lat' dir='ltr'><strong>pietatis</strong></span> <span class='ocrx_word' id='word_1_691' title='bbox 1188 4747 1304 4789; x_wconf 67' lang='lat' dir='ltr'><strong>suae</strong></span> <span class='ocrx_word' id='word_1_692' title='bbox 1331 4731 1775 4787; x_wconf 87' lang='lat' dir='ltr'><strong>misericordiam</strong></span> <span class='ocrx_word' id='word_1_693' title='bbox 1803 4732 1995 4788; x_wconf 77' lang='lat' dir='ltr'><strong>volens</strong></span> <span class='ocrx_word' id='word_1_694' title='bbox 2032 4733 2166 4789; x_wconf 89' lang='lat' dir='ltr'><strong>libe-</strong></span> <span class='ocrx_word' id='word_1_695' title='bbox 2246 4736 2304 4792; x_wconf 91' lang='lat' dir='ltr'><strong>id</strong></span> <span class='ocrx_word' id='word_1_696' title='bbox 2328 4742 2432 4804; x_wconf 91' lang='lat' dir='ltr'><strong>est,</strong></span> <span class='ocrx_word' id='word_1_697' title='bbox 2457 4737 2690 4793; x_wconf 73' lang='lat' dir='ltr'><strong>affectus</strong></span> <span class='ocrx_word' id='word_1_698' title='bbox 2718 4718 3032 4793; x_wconf 78' lang='lat' dir='ltr'><strong>contrarios</strong></span> <span class='ocrx_word' id='word_1_699' title='bbox 3053 4718 3419 4809; x_wconf 86' lang='lat' dir='ltr'><strong>possidebunt</strong></span> <span class='ocrx_word' id='word_1_700' title='bbox 3436 4730 3530 4788; x_wconf 85' lang='lat' dir='ltr'><strong>ﬁlii</strong></span> <span class='ocrx_word' id='word_1_701' title='bbox 3548 4723 3712 4792; x_wconf 69' lang='lat' dir='ltr'><strong>Israel,</strong></span> <span class='ocrx_word' id='word_1_702' title='bbox 3734 4718 3778 4777; x_wconf 75' lang='lat' dir='ltr'><strong>id</strong></span> 
     </span>
    </p>
   </div>
   <div class='ocr_carea' id='block_1_54' title="bbox 565 4816 3776 4895">
    <p class='ocr_par' dir='ltr' id='par_1_54' title="bbox 565 4816 3776 4895">
     <span class='ocr_line' id='line_1_54' title="bbox 565 4816 3776 4895; baseline -0.002 -17"><span class='ocrx_word' id='word_1_703' title='bbox 565 4836 697 4878; x_wconf 85' lang='lat' dir='ltr'><strong>rare</strong></span> <span class='ocrx_word' id='word_1_704' title='bbox 714 4821 984 4895; x_wconf 89' lang='lat' dir='ltr'><strong>populum</strong></span> <span class='ocrx_word' id='word_1_705' title='bbox 1003 4837 1172 4877; x_wconf 89' lang='lat' dir='ltr'><strong>suum</strong></span> <span class='ocrx_word' id='word_1_706' title='bbox 1198 4837 1234 4876; x_wconf 89' lang='lat' dir='ltr'><strong>a</strong></span> <span class='ocrx_word' id='word_1_707' title='bbox 1250 4820 1618 4894; x_wconf 68' lang='lat' dir='ltr'><strong>prasentibus</strong></span> <span class='ocrx_word' id='word_1_708' title='bbox 1632 4821 2030 4894; x_wconf 87' lang='lat' dir='ltr'><strong>perpetuisque</strong></span> <span class='ocrx_word' id='word_1_709' title='bbox 2050 4838 2166 4878; x_wconf 86' lang='lat' dir='ltr'><strong>ma-</strong></span> <span class='ocrx_word' id='word_1_710' title='bbox 2245 4830 2350 4892; x_wconf 88' lang='lat' dir='ltr'><strong>est,</strong></span> <span class='ocrx_word' id='word_1_711' title='bbox 2381 4826 2584 4882; x_wconf 67' lang='lat' dir='ltr'><strong>animm</strong></span> <span class='ocrx_word' id='word_1_712' title='bbox 2612 4825 2864 4882; x_wconf 85' lang='lat' dir='ltr'><strong>videntes</strong></span> <span class='ocrx_word' id='word_1_713' title='bbox 2909 4827 3110 4882; x_wconf 89' lang='lat' dir='ltr'><strong>Deum.</strong></span> <span class='ocrx_word' id='word_1_714' title='bbox 3158 4824 3306 4881; x_wconf 84' lang='lat' dir='ltr'><strong>Illud</strong></span> <span class='ocrx_word' id='word_1_715' title='bbox 3352 4837 3481 4878; x_wconf 89' lang='lat' dir='ltr'><strong>vero</strong></span> <span class='ocrx_word' id='word_1_716' title='bbox 3522 4816 3656 4891; x_wconf 87' lang='lat' dir='ltr'><strong>quod</strong></span> <span class='ocrx_word' id='word_1_717' title='bbox 3677 4824 3776 4868; x_wconf 72' lang='lat' dir='ltr'><strong>cum</strong></span> 
     </span>
    </p>
   </div>
   <div class='ocr_carea' id='block_1_55' title="bbox 564 4909 3774 4985">
    <p class='ocr_par' dir='ltr' id='par_1_55' title="bbox 564 4909 3774 4985">
     <span class='ocr_line' id='line_1_55' title="bbox 564 4909 3774 4985; baseline -0.003 -17"><span class='ocrx_word' id='word_1_718' title='bbox 564 4910 637 4968; x_wconf 86' lang='lat' dir='ltr'><strong>lis</strong></span> <span class='ocrx_word' id='word_1_719' title='bbox 666 4914 724 4966; x_wconf 92' lang='lat' dir='ltr'><strong>et</strong></span> <span class='ocrx_word' id='word_1_720' title='bbox 748 4910 820 4966; x_wconf 85' lang='lat' dir='ltr'><strong>ad</strong></span> <span class='ocrx_word' id='word_1_721' title='bbox 850 4909 1024 4966; x_wconf 88' lang='lat' dir='ltr'><strong>vitam</strong></span> <span class='ocrx_word' id='word_1_722' title='bbox 1050 4910 1289 4965; x_wconf 82' lang='lat' dir='ltr'><strong>feliciter</strong></span> <span class='ocrx_word' id='word_1_723' title='bbox 1313 4909 1621 4981; x_wconf 89' lang='lat' dir='ltr'><strong>perducere</strong></span> <span class='ocrx_word' id='word_1_724' title='bbox 1644 4909 1884 4977; x_wconf 87' lang='lat' dir='ltr'><strong>felicem,</strong></span> <span class='ocrx_word' id='word_1_725' title='bbox 1906 4911 2007 4966; x_wconf 91' lang='lat' dir='ltr'><strong>dat</strong></span> <span class='ocrx_word' id='word_1_726' title='bbox 2025 4927 2163 4983; x_wconf 65' lang='lat' dir='ltr'><strong>prse-</strong></span> <span class='ocrx_word' id='word_1_727' title='bbox 2243 4913 2525 4970; x_wconf 84' lang='lat' dir='ltr'><strong>Abraham</strong></span> <span class='ocrx_word' id='word_1_728' title='bbox 2554 4914 2625 4970; x_wconf 91' lang='lat' dir='ltr'><strong>de</strong></span> <span class='ocrx_word' id='word_1_729' title='bbox 2654 4913 2861 4971; x_wconf 90' lang='lat' dir='ltr'><strong>futuris</strong></span> <span class='ocrx_word' id='word_1_730' title='bbox 2888 4914 3161 4971; x_wconf 90' lang='lat' dir='ltr'><strong>Dominus</strong></span> <span class='ocrx_word' id='word_1_731' title='bbox 3192 4913 3526 4985; x_wconf 86' lang='lat' dir='ltr'><strong>loqueretur,</strong></span> <span class='ocrx_word' id='word_1_732' title='bbox 3553 4919 3655 4963; x_wconf 88' lang='lat' dir='ltr'><strong>non</strong></span> <span class='ocrx_word' id='word_1_733' title='bbox 3674 4914 3774 4972; x_wconf 83' lang='lat' dir='ltr'><strong>sep-</strong></span> 
     </span>
    </p>
   </div>
   <div class='ocr_carea' id='block_1_56' title="bbox 563 4997 3771 5075">
    <p class='ocr_par' dir='ltr' id='par_1_56' title="bbox 563 4997 3771 5075">
     <span class='ocr_line' id='line_1_56' title="bbox 563 4997 3771 5075; baseline -0.001 -18"><span class='ocrx_word' id='word_1_734' title='bbox 563 5004 730 5074; x_wconf 85' lang='lat' dir='ltr'><strong>cepta</strong></span> <span class='ocrx_word' id='word_1_735' title='bbox 757 5014 824 5055; x_wconf 91' lang='lat' dir='ltr'><strong>ac</strong></span> <span class='ocrx_word' id='word_1_736' title='bbox 852 4997 1123 5054; x_wconf 85' lang='lat' dir='ltr'><strong>salutaria</strong></span> <span class='ocrx_word' id='word_1_737' title='bbox 1164 4997 1381 5053; x_wconf 87' lang='lat' dir='ltr'><strong>monita</strong></span> <span class='ocrx_word' id='word_1_738' title='bbox 1405 5015 1528 5070; x_wconf 67' lang='lat' dir='ltr'><strong>qua:</strong></span> <span class='ocrx_word' id='word_1_739' title='bbox 1556 5015 1725 5070; x_wconf 87' lang='lat' dir='ltr'><strong>agere</strong></span> <span class='ocrx_word' id='word_1_740' title='bbox 1752 5000 1839 5053; x_wconf 82' lang='lat' dir='ltr'><strong>vel</strong></span> <span class='ocrx_word' id='word_1_741' title='bbox 1865 4998 2162 5057; x_wconf 85' lang='lat' dir='ltr'><strong>observare</strong></span> <span class='ocrx_word' id='word_1_742' title='bbox 2242 5008 2359 5057; x_wconf 90' lang='lat' dir='ltr'><strong>tem</strong></span> <span class='ocrx_word' id='word_1_743' title='bbox 2384 5008 2583 5075; x_wconf 88' lang='lat' dir='ltr'><strong>gentes</strong></span> <span class='ocrx_word' id='word_1_744' title='bbox 2602 5002 2814 5073; x_wconf 89' lang='lat' dir='ltr'><strong>legitur</strong></span> <span class='ocrx_word' id='word_1_745' title='bbox 2829 5002 3218 5058; x_wconf 87' lang='lat' dir='ltr'><strong>dinumerasse</strong></span> <span class='ocrx_word' id='word_1_746' title='bbox 3236 5000 3335 5056; x_wconf 87' lang='lat' dir='ltr'><strong>sed</strong></span> <span class='ocrx_word' id='word_1_747' title='bbox 3351 4999 3551 5061; x_wconf 81' lang='lat' dir='ltr'><strong>decem,</strong></span> <span class='ocrx_word' id='word_1_748' title='bbox 3581 5000 3771 5065; x_wconf 66' lang='lat' dir='ltr'><strong>qm</strong></span> 
     </span>
    </p>
   </div>
   <div class='ocr_carea' id='block_1_57' title="bbox 562 5086 3770 5163">
    <p class='ocr_par' dir='ltr' id='par_1_57' title="bbox 562 5086 3770 5163">
     <span class='ocr_line' id='line_1_57' title="bbox 562 5086 3770 5163; baseline -0.003 -17"><span class='ocrx_word' id='word_1_749' title='bbox 562 5088 788 5159; x_wconf 83' lang='lat' dir='ltr'><strong>debeat,</strong></span> <span class='ocrx_word' id='word_1_750' title='bbox 818 5088 969 5144; x_wconf 90' lang='lat' dir='ltr'><strong>unde</strong></span> <span class='ocrx_word' id='word_1_751' title='bbox 1009 5088 1162 5143; x_wconf 89' lang='lat' dir='ltr'><strong>inter</strong></span> <span class='ocrx_word' id='word_1_752' title='bbox 1194 5091 1400 5143; x_wconf 63' lang='lat' dir='ltr'><strong>cetera</strong></span> <span class='ocrx_word' id='word_1_753' title='bbox 1438 5093 1716 5160; x_wconf 83' lang='lat' dir='ltr'><strong>praecepta</strong></span> <span class='ocrx_word' id='word_1_754' title='bbox 1738 5087 2161 5145; x_wconf 87' lang='lat' dir='ltr'><strong>Deuteronomii</strong></span> <span class='ocrx_word' id='word_1_755' title='bbox 2241 5099 2395 5147; x_wconf 89' lang='lat' dir='ltr'><strong>terra</strong></span> <span class='ocrx_word' id='word_1_756' title='bbox 2421 5092 2625 5147; x_wconf 87' lang='lat' dir='ltr'><strong>semini</strong></span> <span class='ocrx_word' id='word_1_757' title='bbox 2642 5094 2766 5163; x_wconf 90' lang='lat' dir='ltr'><strong>ejus</strong></span> <span class='ocrx_word' id='word_1_758' title='bbox 2785 5090 2973 5146; x_wconf 87' lang='lat' dir='ltr'><strong>danda</strong></span> <span class='ocrx_word' id='word_1_759' title='bbox 2996 5090 3349 5163; x_wconf 88' lang='lat' dir='ltr'><strong>promittitur</strong></span> <span class='ocrx_word' id='word_1_760' title='bbox 3388 5107 3400 5142; x_wconf 89' lang='lat'>:</span> <span class='ocrx_word' id='word_1_761' title='bbox 3425 5086 3517 5158; x_wconf 91' lang='lat' dir='ltr'><strong>qui</strong></span> <span class='ocrx_word' id='word_1_762' title='bbox 3552 5086 3770 5137; x_wconf 60' lang='lat' dir='ltr'><strong>numam!</strong></span> 
     </span>
    </p>
   </div>
   <div class='ocr_carea' id='block_1_58' title="bbox 556 5172 3764 5260">
    <p class='ocr_par' dir='ltr' id='par_1_58' title="bbox 556 5172 3764 5260">
     <span class='ocr_line' id='line_1_58' title="bbox 556 5172 3764 5260; baseline -0.004 -23"><span class='ocrx_word' id='word_1_763' title='bbox 556 5179 646 5238; x_wconf 66' lang='lat' dir='ltr'><strong>ait</strong></span> <span class='ocrx_word' id='word_1_764' title='bbox 673 5178 869 5235; x_wconf 86' lang='lat' dir='ltr'><strong>Israeli</strong></span> <span class='ocrx_word' id='word_1_765' title='bbox 897 5180 1072 5251; x_wconf 70' lang='lat' dir='ltr'><strong>(Qeut.</strong></span> <span class='ocrx_word' id='word_1_766' title='bbox 1106 5192 1177 5244; x_wconf 82' lang='lat' dir='ltr'><strong>vi,</strong></span> <span class='ocrx_word' id='word_1_767' title='bbox 1206 5175 1297 5246; x_wconf 83' lang='grc'><strong>10)</strong></span> <span class='ocrx_word' id='word_1_768' title='bbox 1324 5194 1336 5230; x_wconf 93' lang='lat'><strong>:</strong></span> <span class='ocrx_word' id='word_1_769' title='bbox 1371 5195 1396 5230; x_wconf 79' lang='grc' dir='ltr'><strong>σ</strong></span> <span class='ocrx_word' id='word_1_770' title='bbox 1422 5178 1565 5231; x_wconf 91' lang='lat' dir='ltr'><strong>Cum</strong></span> <span class='ocrx_word' id='word_1_771' title='bbox 1585 5176 1960 5232; x_wconf 77' lang='lat' dir='ltr'><strong>introduxerit</strong></span> <span class='ocrx_word' id='word_1_772' title='bbox 1987 5178 2161 5234; x_wconf 84' lang='lat' dir='ltr'><strong>teDo-</strong></span> <span class='ocrx_word' id='word_1_773' title='bbox 2240 5180 2460 5252; x_wconf 87' lang='lat' dir='ltr'><strong>adjecta</strong></span> <span class='ocrx_word' id='word_1_774' title='bbox 2478 5180 2797 5237; x_wconf 87' lang='lat' dir='ltr'><strong>idololatria</strong></span> <span class='ocrx_word' id='word_1_775' title='bbox 2818 5180 3096 5252; x_wconf 86' lang='lat' dir='ltr'><strong>gentium,</strong></span> <span class='ocrx_word' id='word_1_776' title='bbox 3126 5175 3470 5250; x_wconf 89' lang='lat' dir='ltr'><strong>blasphemia</strong></span> <span class='ocrx_word' id='word_1_777' title='bbox 3480 5174 3507 5229; x_wconf 87' lang='lat' dir='ltr'>J</span> <span class='ocrx_word' id='word_1_778' title='bbox 3513 5172 3764 5260; x_wconf 55' lang='lat' dir='ltr'><strong>udeornn}.</strong></span> 
     </span>
    </p>
   </div>
   <div class='ocr_carea' id='block_1_59' title="bbox 563 5262 3767 5338">
    <p class='ocr_par' dir='ltr' id='par_1_59' title="bbox 563 5262 3767 5338">
     <span class='ocr_line' id='line_1_59' title="bbox 563 5262 3767 5338; baseline -0.003 -13"><span class='ocrx_word' id='word_1_779' title='bbox 563 5268 753 5325; x_wconf 87' lang='lat' dir='ltr'><strong>minus</strong></span> <span class='ocrx_word' id='word_1_780' title='bbox 779 5267 930 5323; x_wconf 90' lang='lat' dir='ltr'><strong>Deus</strong></span> <span class='ocrx_word' id='word_1_781' title='bbox 958 5271 1092 5321; x_wconf 89' lang='lat' dir='ltr'><strong>tuus</strong></span> <span class='ocrx_word' id='word_1_782' title='bbox 1118 5265 1180 5321; x_wconf 90' lang='lat' dir='ltr'><strong>in</strong></span> <span class='ocrx_word' id='word_1_783' title='bbox 1232 5270 1445 5321; x_wconf 89' lang='lat' dir='ltr'><strong>terram</strong></span> <span class='ocrx_word' id='word_1_784' title='bbox 1495 5282 1663 5338; x_wconf 89' lang='lat' dir='ltr'><strong>quam</strong></span> <span class='ocrx_word' id='word_1_785' title='bbox 1692 5282 2057 5338; x_wconf 87' lang='lat' dir='ltr'><strong>possessurus</strong></span> <span class='ocrx_word' id='word_1_786' title='bbox 2098 5283 2159 5323; x_wconf 86' lang='lat' dir='ltr'><strong>es</strong></span> <span class='ocrx_word' id='word_1_787' title='bbox 2241 5284 2432 5324; x_wconf 88' lang='lat' dir='ltr'><strong>errore</strong></span> <span class='ocrx_word' id='word_1_788' title='bbox 2454 5269 2864 5336; x_wconf 77' lang='lat' dir='ltr'><strong>haereticorum,</strong></span> <span class='ocrx_word' id='word_1_789' title='bbox 2892 5262 3307 5324; x_wconf 79' lang='lat' dir='ltr'><strong>evidentissima</strong></span> <span class='ocrx_word' id='word_1_790' title='bbox 3321 5263 3652 5335; x_wconf 86' lang='lat' dir='ltr'><strong>adimpletur,</strong></span> <span class='ocrx_word' id='word_1_791' title='bbox 3670 5266 3767 5326; x_wconf 58' lang='lat' dir='ltr'><strong>qur</strong></span> 
     </span>
    </p>
   </div>
   <div class='ocr_carea' id='block_1_60' title="bbox 561 5343 3766 5428">
    <p class='ocr_par' dir='ltr' id='par_1_60' title="bbox 561 5343 3766 5428">
     <span class='ocr_line' id='line_1_60' title="bbox 561 5343 3766 5428; baseline -0.003 -17"><span class='ocrx_word' id='word_1_792' title='bbox 561 5354 899 5425; x_wconf 76' lang='lat' dir='ltr'><strong>ingrediaris</strong></span> <span class='ocrx_word' id='word_1_793' title='bbox 935 5358 994 5409; x_wconf 91' lang='lat' dir='ltr'><strong>et</strong></span> <span class='ocrx_word' id='word_1_794' title='bbox 1017 5354 1289 5409; x_wconf 89' lang='lat' dir='ltr'><strong>deleverit</strong></span> <span class='ocrx_word' id='word_1_795' title='bbox 1328 5359 1527 5425; x_wconf 88' lang='lat' dir='ltr'><strong>gentes</strong></span> <span class='ocrx_word' id='word_1_796' title='bbox 1563 5355 1770 5410; x_wconf 84' lang='lat' dir='ltr'><strong>multas</strong></span> <span class='ocrx_word' id='word_1_797' title='bbox 1800 5370 1987 5411; x_wconf 87' lang='lat' dir='ltr'><strong>coram</strong></span> <span class='ocrx_word' id='word_1_798' title='bbox 2015 5360 2071 5410; x_wconf 89' lang='lat' dir='ltr'><strong>te</strong></span> <span class='ocrx_word' id='word_1_799' title='bbox 2100 5360 2159 5412; x_wconf 87' lang='lat' dir='ltr'><strong>et</strong></span> <span class='ocrx_word' id='word_1_800' title='bbox 2239 5357 2345 5413; x_wconf 91' lang='lat' dir='ltr'><strong>bus</strong></span> <span class='ocrx_word' id='word_1_801' title='bbox 2373 5362 2505 5414; x_wconf 86' lang='lat' dir='ltr'><strong>ante</strong></span> <span class='ocrx_word' id='word_1_802' title='bbox 2528 5358 2790 5414; x_wconf 87' lang='lat' dir='ltr'><strong>notitiam</strong></span> <span class='ocrx_word' id='word_1_803' title='bbox 2816 5356 2920 5414; x_wconf 88' lang='lat' dir='ltr'><strong>Dei</strong></span> <span class='ocrx_word' id='word_1_804' title='bbox 2951 5363 3011 5413; x_wconf 88' lang='lat' dir='ltr'><strong>et</strong></span> <span class='ocrx_word' id='word_1_805' title='bbox 3032 5357 3274 5428; x_wconf 88' lang='lat' dir='ltr'><strong>gratiam</strong></span> <span class='ocrx_word' id='word_1_806' title='bbox 3304 5349 3570 5426; x_wconf 85' lang='lat' dir='ltr'><strong>baptismi,</strong></span> <span class='ocrx_word' id='word_1_807' title='bbox 3592 5344 3665 5399; x_wconf 87' lang='lat' dir='ltr'><strong>vel</strong></span> 
     </span>
    </p>
   </div>
   <div class='ocr_carea' id='block_1_61' title="bbox 558 5426 3764 5520">
    <p class='ocr_par' dir='ltr' id='par_1_61' title="bbox 558 5426 3764 5520">
     <span class='ocr_line' id='line_1_61' title="bbox 558 5426 3764 5520; baseline -0.004 -19"><span class='ocrx_word' id='word_1_808' title='bbox 558 5444 760 5501; x_wconf 71' lang='lat' dir='ltr'><strong>Iheum</strong></span> <span class='ocrx_word' id='word_1_809' title='bbox 781 5447 842 5499; x_wconf 88' lang='lat' dir='ltr'><strong>et</strong></span> <span class='ocrx_word' id='word_1_810' title='bbox 851 5443 1265 5515; x_wconf 86' lang='lat' dir='ltr'><strong>Gergeseumet</strong></span> <span class='ocrx_word' id='word_1_811' title='bbox 1283 5444 1659 5499; x_wconf 86' lang='lat' dir='ltr'><strong>Amorrheum</strong></span> <span class='ocrx_word' id='word_1_812' title='bbox 1669 5449 1727 5499; x_wconf 91' lang='lat' dir='ltr'><strong>et</strong></span> <span class='ocrx_word' id='word_1_813' title='bbox 1744 5445 2087 5500; x_wconf 74' lang='lat' dir='ltr'><strong>Cunanaeum</strong></span> <span class='ocrx_word' id='word_1_814' title='bbox 2099 5450 2157 5501; x_wconf 91' lang='lat' dir='ltr'><strong>et</strong></span> <span class='ocrx_word' id='word_1_815' title='bbox 2237 5446 2333 5520; x_wconf 90' lang='lat' dir='ltr'><strong>pia</strong></span> <span class='ocrx_word' id='word_1_816' title='bbox 2356 5446 2672 5519; x_wconf 89' lang='lat' dir='ltr'><strong>gentilium,</strong></span> <span class='ocrx_word' id='word_1_817' title='bbox 2702 5448 2788 5502; x_wconf 88' lang='lat' dir='ltr'><strong>vel</strong></span> <span class='ocrx_word' id='word_1_818' title='bbox 2813 5426 3143 5519; x_wconf 75' lang='lat' dir='ltr'><strong>blasphema</strong></span> <span class='ocrx_word' id='word_1_819' title='bbox 3167 5444 3479 5501; x_wconf 69' lang='lat' dir='ltr'><strong>Iudaeorum</strong></span> <span class='ocrx_word' id='word_1_820' title='bbox 3514 5426 3764 5492; x_wconf 77' lang='lat' dir='ltr'><strong>multime</strong></span> 
     </span>
    </p>
   </div>
   <div class='ocr_carea' id='block_1_62' title="bbox 554 5531 3761 5618">
    <p class='ocr_par' dir='ltr' id='par_1_62' title="bbox 554 5531 3761 5618">
     <span class='ocr_line' id='line_1_62' title="bbox 554 5531 3761 5618; baseline -0.003 -26"><span class='ocrx_word' id='word_1_821' title='bbox 554 5532 896 5618; x_wconf 47' lang='lat' dir='ltr'><strong>{meum</strong></span> <span class='ocrx_word' id='word_1_822' title='bbox 921 5536 984 5589; x_wconf 86' lang='lat' dir='ltr'><strong>et</strong></span> <span class='ocrx_word' id='word_1_823' title='bbox 1007 5532 1218 5590; x_wconf 85' lang='lat' dir='ltr'><strong>Eveum</strong></span> <span class='ocrx_word' id='word_1_824' title='bbox 1235 5536 1297 5590; x_wconf 85' lang='lat' dir='ltr'><strong>et</strong></span> <span class='ocrx_word' id='word_1_825' title='bbox 1320 5532 1646 5593; x_wconf 82' lang='lat' dir='ltr'><strong>Hebuzeum</strong></span> <span class='ocrx_word' id='word_1_826' title='bbox 1664 5539 1994 5608; x_wconf 84' lang='lat' dir='ltr'><strong>septemque</strong></span> <span class='ocrx_word' id='word_1_827' title='bbox 2018 5549 2153 5607; x_wconf 85' lang='lat' dir='ltr'><strong>gen-</strong></span> <span class='ocrx_word' id='word_1_828' title='bbox 2236 5534 2491 5609; x_wconf 85' lang='lat' dir='ltr'><strong>subjecta</strong></span> <span class='ocrx_word' id='word_1_829' title='bbox 2515 5540 2620 5605; x_wconf 88' lang='lat' dir='ltr'><strong>est,</strong></span> <span class='ocrx_word' id='word_1_830' title='bbox 2651 5535 2831 5594; x_wconf 86' lang='lat' dir='ltr'><strong>donec</strong></span> <span class='ocrx_word' id='word_1_831' title='bbox 2856 5533 3219 5593; x_wconf 80' lang='lat' dir='ltr'><strong>intellectuali</strong></span> <span class='ocrx_word' id='word_1_832' title='bbox 3242 5532 3475 5605; x_wconf 71' lang='lat' dir='ltr'><strong>Egypto</strong></span> <span class='ocrx_word' id='word_1_833' title='bbox 3498 5531 3761 5582; x_wconf 65' lang='lat' dir='ltr'><strong>common-</strong></span> 
     </span>
    </p>
   </div>
  </div>
