3892 6150
167 258 292 314 1349

1090 251 1184 306 DE
1213 251 1431 308 VITlIS
1471 251 1559 307 El‘
1598 248 2047 306 VIRTUTIBUS.
2081 277 2142 291 -—
2183 249 2320 305 LIB.
2363 249 2464 306 Ill.

3277 251 3418 312 1850

141 391 258 457 tur.
293 383 350 438 Si
380 388 565 437 autem
587 379 992 434 abrenuntians
1033 377 1158 450 quis
1189 382 1248 432 et
1294 393 1552 448 egressus
1607 376 1905 438 indeAest
1929 395 1942 444 ;
1963 375 2100 431 item
2133 374 2245 431 alio
2265 375 2405 444 loco,
2437 391 2565 432 cum
2601 376 2676 432 sit
2731 375 2994 450 superbia
3057 377 3336 451 posterior
3359 378 3421 436 in

155 490 247 545 per
263 471 359 527 Dei
386 470 624 542 gratiam
657 469 729 523 ad
767 483 1021 523 eremum
1047 467 1364 539 pervenerit
1402 465 1732 538 spiritalem,

155 563 217 616 de
265 559 678 632 impugnatione
719 558 892 613 trium
921 556 1174 628 gentium
1220 555 1507 620 liberatur,
1542 559 1736 610 contra

155 656 351 722 septem
371 653 591 703 tantum
609 665 731 719 qum
746 664 845 719 per
869 647 1101 717 Moysen
1130 645 1572 700 denumerantur
1592 643 1738 698 bella

155 739 418 810 suscipiet.
445 737 725 792 Hactenus
740 736 857 791 haec
889 751 1067 807 pauca
1095 735 1164 789 de
1193 740 1316 788 octo
1333 732 1736 805 principalibus

157 830 287 883 vitiis
326 827 576 883 Cassiani
634 824 1016 881 facundissimi
1083 823 1328 879 doctoris
1381 829 1513 878 sunt
1563 821 1730 889 dicta,

157 916 404 990 quaritur
430 921 619 970 autem
649 932 748 970 cur
777 915 1079 970 Cassianus
1103 919 1160 967 et
1190 912 1497 984 Gregorius
1542 911 1601 966 in
1632 911 1734 967 Ca-

159 1007 325 1077 talogo
361 1005 688 1059 eorumdem
736 1003 1128 1076 principalium
1174 1001 1437 1057 vitiorum
1482 1001 1631 1055 inter
1672 1016 1734 1057 se

159 1095 490 1161 dissentiant,
527 1094 607 1148 ita
634 1099 699 1148 ut
718 1092 1021 1148 Cassianus
1050 1091 1108 1146 in
1129 1107 1323 1146 eorum
1352 1107 1586 1145 numero
1616 1090 1737 1162 phi-

158 1184 437 1256 largyriam
466 1189 523 1238 et
559 1181 811 1238 acediam
852 1186 1189 1236 annumeret
1217 1185 1479 1236 :econtra
1521 1179 1736 1250 Grego-

157 1274 258 1327 rius
275 1289 382 1327 non
402 1273 520 1326 haec
536 1271 648 1326 duo
667 1271 820 1337 vitia,
836 1268 1238 1342 philarg'yriam
1271 1268 1484 1323 scilicet
1511 1272 1568 1322 et
1609 1283 1736 1322 ace-

158 1363 289 1417 diam
304 1361 360 1415 in
374 1377 570 1416 eorum
600 1360 760 1430 ponit
789 1375 1046 1425 numero,
1079 1358 1174 1412 sed
1205 1357 1468 1412 invidiam
1500 1362 1558 1410 et
1602 1371 1733 1410 ava-

157 1452 323 1505 ritiam
339 1450 487 1504 inter
506 1449 703 1504 eadem
733 1448 1068 1503 adnumerat
1083 1447 1236 1513 vitia,
1267 1446 1414 1518 quod
1433 1445 1734 1501 Cassianus

158 1541 452 1596 nullatenus
473 1539 635 1606 facit;
667 1538 749 1592 ait
769 1537 916 1592 enim
948 1536 1250 1591 Cassianus
1290 1535 1439 1607 quod
1468 1534 1734 1590 adversus

159 1635 263 1684 octo
280 1627 612 1699 principalia
631 1626 784 1690 vitia,
808 1624 1111 1696 adjuvante
1129 1621 1735 1688 Domino,colluctatio-

1817 465 2013 520 ordine
2041 465 2426 532 conﬂictuum,
2457 465 2676 537 origine
2702 470 2893 522 tamen
2925 467 3267 524 anteriorem
3296 485 3420 526 esse

1817 553 2070 608 omnium
2125 559 2478 625 peccatorum
2529 561 2586 609 et
2636 554 2937 610 criminum
2982 556 3340 629 principium,
3363 562 3422 616 et

1817 648 2146 697 cunctarum
2174 643 2607 698 interfectricem
2622 643 2914 700 virtutum.
2927 644 3146 702 Abhinc
3155 646 3423 719 quemad-

1817 731 2045 786 modum
2060 731 2183 804 ipsa
2204 737 2330 787 octo
2353 733 2683 804 principalia
2693 732 2829 788 vitia
2857 749 3167 807 eorumque
3201 735 3421 793 soboles

1817 835 1850 874 a
1875 819 2040 876 beato
2064 821 2220 893 Papa
2248 822 2520 893 Gregorio
2542 823 2601 877 in
2629 823 2976 895 expositione
2991 823 3141 880 beati
3153 823 3277 893 Job,
3318 841 3422 897 po-

1814 909 1928 964 sita
1945 909 2458 966 suntetordinatim
2472 912 2716 982 praefixa,
2734 913 2968 983 juvante
3005 913 3264 981 Domino,
3297 929 3424 986 ραν*

1815 1014 2137 1069 sequamur.
2171 1000 2267 1054 Ait
2296 1000 2473 1054 enim:
2499 1000 2650 1055 Vitia
2661 1001 2868 1074 quippe
2895 1005 3180 1058 tentantia
3193 1019 3318 1076 qua
3336 1004 3424 1061 in-

1816 1087 2016 1142 visibili
2036 1093 2234 1143 contra
2270 1104 2370 1143 nos
2389 1089 2582 1161 praelio
2603 1097 2923 1162 repugnant
2949 1106 3120 1164 super
3145 1108 3206 1147 se
3227 1107 3445 1166 super--

1817 1175 1922 1232 bize
1951 1176 2216 1244 militant,
2237 1177 2350 1233 alia
2389 1195 2545 1234 more
2573 1178 2780 1234 ducum
2826 1187 3100 1252 prmeunt,
3131 1181 3246 1237 alia
3262 1198 3422 1239 more

1817 1265 2112 1332 exercitus,
2147 1265 2584 1338 subsequuntur,
2614 1267 2736 1340 ipsa
2754 1285 3000 1341 namque
3041 1270 3309 1326 vitiorum
3335 1287 3424 1326 re-

1814 1353 1949 1426 gina
1973 1354 2254 1426 superbia,
2295 1372 2422 1410 cum
2477 1356 2754 1411 devictum
2805 1358 2968 1429 plene
3024 1375 3122 1414 cor
3162 1359 3414 1432 ceperit,

1816 1459 1941 1498 mox
1954 1444 2093 1498 illud
2124 1450 2338 1517 septem
2371 1444 2772 1517 principalibus
2816 1447 2966 1501 vitiis
2995 1448 3156 1519 quasi
3184 1447 3420 1520 quibus-

1814 1532 1945 1588 dam
1970 1533 2088 1588 suis
2111 1532 2345 1588 ducibus
2391 1533 2797 1589 devastandum
2830 1535 3024 1600 tradit,
3056 1553 3195 1608 quos
3228 1537 3421 1594 videli-

1815 1627 1904 1676 cet
1943 1622 2114 1677 duces
2167 1623 2444 1678 exercitus
2491 1623 2766 1696 sequitur,
2828 1624 2962 1695 quia
3005 1641 3072 1679 ex
3112 1625 3181 1680 iis
3225 1625 3420 1698 procul

159 1733 268 1772 nem
280 1695 563 1771 debemus
591 1715 860 1787 arripere.
884 1695 1039 1768 Sunt
1068 1718 1258 1768 autem
1297 1712 1414 1768 haec
1448 1731 1458 1766 :
1487 1711 1730 1784 primum
1755 1695 1796 1756 Β
1816 1709 1987 1766 dubio
2025 1711 2360 1783 importunae
2395 1712 2659 1767 vitiorum
2717 1712 3109 1770 multitudines
3136 1695 3419 1786 oriuntur,

158 1806 543 1878 gastrimargize
559 1805 774 1871 vitium,
792 1803 941 1874 quod
961 1801 1518 1874 interpretaturgulw
1538 1816 1738 1856 concu-
1817 1800 1966 1872 quod
1998 1799 2197 1854 melius
2228 1801 2594 1859 ostendimus,
2621 1801 2666 1856 si
2696 1802 2847 1873 ipsos
2877 1803 3245 1875 duces,atque
3263 1819 3418 1860 exer-

159 1894 404 1966 piscentia
426 1895 512 1948 vel
531 1893 804 1963 ingluvies
823 1891 1066 1959 ventris;
1090 1890 1396 1945 secundum
1419 1888 1737 1943 fornicatio-
1815 1889 1960 1944 citus
1989 1894 2054 1944 ut
2083 1905 2380 1961 possumus
2410 1891 2794 1945 enumerando
2833 1892 3207 1963 proferamus.
3241 1891 3422 1951 Radix

161 1983 258 2050 nis;
279 1983 508 2037 tertium
542 1981 917 2053 philargyriae,
948 1979 1095 2051 quod
1117 1977 1452 2048 intelligitur
1479 1977 1732 2046 avaritia,
1816 1977 2021 2050 quippe
2050 1979 2233 2032 cuncti
2264 1978 2393 2032 mali
2422 1977 2686 2050 superbia
2724 1985 2826 2044 est,
2861 1979 2930 2034 de
2961 1997 3074 2052 qua
3130 1981 3420 2052 Scriptura

158 2072 244 2138 vel,
263 2078 321 2127 ut
340 2071 602 2144 proprius
618 2071 980 2142 exprimatur,
996 2086 1157 2124 amor
1171 2067 1731 2140 pecuniaeQuartum
1815 2071 2118 2121 attestante
2146 2066 2350 2121 dicitur
2384 2086 2393 2118 :
2437 2088 2456 2117 ι
2497 2067 2727 2122 Initium
2755 2069 2939 2124 omnis
2965 2069 3181 2140 peccati
3219 2086 3419 2143 super-

158 2160 253 2226 ine,
292 2161 553 2232 quintum
608 2160 870 2226 tristitiae,
912 2164 1129 2212 sextum
1179 2157 1402 2222 acediaz,
1453 2155 1598 2226 quod
1649 2159 1736 2211 est
1814 2154 2114 2224 bia(Eccle.
2148 2171 2203 2221 x,
2239 2156 2348 2226 15).
2380 2176 2400 2207 ι
2434 2157 2515 2212 De
2537 2157 2641 2210 hac
2661 2173 2883 2228 quoque
2922 2158 3199 2213 virulenta
3231 2159 3419 2216 radice

157 2250 383 2304 anxietas
400 2249 517 2304 sive
549 2249 778 2302 taedium
793 2248 1008 2315 cordis;
1042 2246 1340 2318 septimum
1395 2243 1732 2299 caenodoxiae
1813 2251 2029 2317 septem
2057 2245 2388 2316 principalia
2411 2246 2547 2300 vitia
2577 2245 2955 2317 proferuntur,
2986 2247 3199 2303 scilicet
3226 2247 3418 2303 inanis

159 2339 282 2408 quod
310 2339 718 2410 interpretatur
747 2354 890 2392 vana
915 2335 1094 2406 gloria
1118 2353 1130 2402 ;
1157 2341 1411 2389 octavum
1434 2332 1728 2405 superbia.
1811 2333 2010 2404 gloria,
2038 2333 2265 2400 invidia,
2299 2334 2402 2394 ira,
2436 2334 2686 2401 tristitia,
2719 2335 2973 2403 avaritia,
3006 2335 3415 2408 ventrisinglu-

157 2427 338 2481 Beatus
367 2435 563 2482 autem
589 2428 743 2498 Papa
787 2424 1090 2495 Gregorius
1130 2424 1210 2478 ita
1241 2422 1572 2495 principalia
1598 2421 1734 2476 vitia
1811 2421 1946 2489 vies,
1977 2422 2216 2477 luxuria.
2249 2423 2393 2477 Nam
2426 2423 2558 2494 quia
2581 2423 2667 2477 his
2718 2429 2936 2494 septem
2959 2423 3236 2494 superbia
3261 2423 3416 2481 vitiis

157 2515 453 2570 dinumerat
478 2521 542 2570 et
567 2514 900 2570 describitin
918 2513 1114 2568 ordine
1137 2531 1146 2564 :
1169 2511 1419 2566 Primum
1451 2509 1732 2582 superbia,
1817 2526 1919 2564 nos
1945 2516 2136 2582 captos
2152 2510 2350 2578 doluit,
2366 2511 2569 2567 idcirco
2608 2511 2950 2585 Redemptor
2987 2519 3180 2568 noster
3205 2513 3276 2569 ad
3304 2513 3417 2586 spi-

157 2605 434 2660 secundum
464 2605 653 2659 inanis
667 2599 1732 2674 gloria,tertiuminvidia,quartumira,
1817 2598 1996 2654 ritalis
2023 2599 2371 2654 liberationis
2391 2600 2644 2672 praelium
2674 2601 2888 2674 Spiritu
2914 2602 3256 2672 septiformis
3282 2618 3418 2673 gra-

159 2693 392 2765 quintum
407 2693 662 2760 tristitia,
693 2698 911 2746 sextum
932 2689 1182 2756 avaritia,
1204 2689 1506 2760 septimum
1529 2686 1736 2743 ventris
1816 2686 1908 2741 tiae
1937 2687 2135 2759 plenus
2162 2689 2332 2743 venit.
2375 2689 2482 2744 Sed
2533 2689 2744 2744 habent
2796 2695 2993 2745 contra
3033 2690 3150 2746 haec
3193 2691 3418 2762 singula

159 2781 691 2852 ingluvies,octavum
713 2779 1152 2835 luxuria.Soluta
1171 2783 1451 2832 estautcm
1464 2776 1737 2831 veraciter
1816 2775 2120 2830 exercitum
2149 2793 2333 2832 suum.
2365 2778 2508 2832 Nam
2526 2779 2594 2832 de
2615 2779 2766 2833 inani
2782 2779 2966 2850 gloria
2987 2779 3105 2835 haec
3120 2779 3416 2836 oriuntur:

161 2867 218 2923 ab
244 2870 468 2925 eruditis
497 2869 818 2925 doctoribus
847 2869 927 2922 ita
941 2868 1057 2923 haec
1069 2866 1301 2938 quaestio
1325 2885 1335 2918 :
1355 2865 1622 2932 Avaritia,
1646 2865 1734 2920 in-
1816 2864 2214 2933 inobedientia,
2255 2867 2551 2936 iactantia,
2621 2867 2947 2940 hypocrisis,
3007 2869 3413 2938 contentiones,

162 2959 356 3029 quiunt,
381 2977 508 3032 quae
537 2959 593 3014 in
615 2957 806 3014 Graeco
837 2957 1041 3012 dicitur
1085 2954 1447 3027 philargyria.
1489 2953 1649 3009 Unde
1680 2957 1736 3009 et
1760 3024 1794 3032 _
1815 2954 2155 3025 pertinaciae,
2171 2955 2462 3011 discordiae
2481 2961 2538 3010 et
2559 2956 2892 3011 nominatim
2924 2957 3411 3028 praesumptiones.

163 3024 462 3104 Cassianus:
483 3049 613 3104 Non
634 3048 814 3102 solum
845 3063 970 3101 eam
1012 3045 1310 3117 Apostolus
1339 3043 1582 3097 radicem
1611 3057 1732 3096 esse
1753 3024 1893 3096 CDe
1921 3042 2146 3110 invidia,
2175 3043 2387 3110 odium,
2420 3045 2752 3111 susurratio,
2788 3045 3080 3111 detractio,
3114 3045 3412 3103 exsultatio

162 3138 383 3192 omnium
405 3131 1731 3204 malorum,verumetiamidolorumservitutem
1813 3131 1873 3184 in
1900 3131 2145 3186 adversis
2201 3133 2458 3204 proximi,
2493 3133 2723 3189 afﬂictio
2777 3139 2968 3190 autem
3019 3134 3078 3189 in
3132 3134 3415 3207 prosperis

161 3225 764 3296 pronuntiavit,dicens:
785 3225 853 3279 Et
878 3226 1142 3289 avaritia,
1168 3221 1396 3294 quodin
1416 3221 1606 3276 Graeco
1643 3219 1732 3274 di-

161 3315 286 3369 citur
310 3312 676 3388 philargyria,
704 3333 729 3367 α
773 3330 894 3384 quae
921 3318 1006 3366 est
1035 3311 1463 3365 simulacrorum
1493 3308 1734 3364 servitus

160 3403 278 3472 (Col.
310 3421 381 3471 nl,
404 3405 477 3471 5).
540 3423 562 3454 ι
591 3404 780 3458 Claret
825 3408 1014 3456 autem
1045 3400 1178 3470 quia
1205 3399 1262 3453 hi
1292 3398 1402 3453 duo
1456 3398 1728 3462 doctores,

161 3491 438 3563 Gregorius
459 3497 522 3546 et
545 3492 864 3557 Cassianus,
914 3489 1166 3562 quamvis
1195 3505 1340 3542 unus
1369 3487 1580 3542 diceret
1607 3485 1736 3558 phi-

161 3579 457 3652 largyriam,
493 3581 639 3635 alter
669 3580 981 3645 avaritiam,
1015 3578 1338 3632 nullatenus
1380 3576 1527 3630 inter
1566 3591 1626 3629 se
1676 3574 1737 3629 in

161 3668 248 3724 hoc
269 3671 492 3724 nomine
522 3670 997 3741 discrepaverunt,
1026 3667 1159 3739 quia
1190 3683 1364 3721 unum
1396 3671 1482 3720 est
1501 3663 1734 3717 avaritia

161 3763 210 3812 et
230 3759 588 3832 philargyria.
619 3758 890 3814 Invidiam
903 3763 1092 3812 autem
1123 3772 1292 3828 quam
1315 3755 1615 3810 Cassianus
1647 3754 1732 3806 in-

158 3851 234 3900 ter
249 3854 443 3903 caetera
462 3846 603 3902 vitia
631 3864 742 3902 non
777 3845 1170 3911 dinumeravit,
1196 3844 1390 3900 dicunt
1407 3841 1510 3898 sub
1565 3841 1730 3897 titulo

159 3935 407 4007 superbiae
434 3953 562 3992 eam
601 3935 960 4001 intellexisse,
994 3933 1118 3989 ideo
1149 3933 1283 4004 quia
1315 3931 1574 3987 diabolus
1630 3945 1733 4003 per

158 4025 454 4096 superbiam
479 4025 551 4080 de
571 4025 709 4079 cos-lo
738 4023 1056 4090 decidisset,
1090 4021 1389 4078 invidendo
1418 4027 1608 4076 autem
1663 4019 1732 4075 de

158 4112 362 4168 sedibus
376 4113 644 4186 paradisi,
676 4112 888 4185 primos
905 4111 1158 4167 homines
1188 4111 1508 4184 expulisset,
1533 4108 1605 4164 ob
1631 4108 1735 4164 hoc

159 4215 313 4258 unum
340 4204 538 4257 volunt
563 4220 686 4257 esse
715 4201 972 4256 morbum
998 4220 1010 4269 ;
1044 4200 1193 4256 unde
1239 4201 1480 4272 Prosper
1509 4197 1589 4254 ait
1622 4215 1633 4251 :
1671 4197 1734 4252 In

157 4293 358 4346 tantum
399 4308 580 4347 unum
609 4296 695 4346 est
721 4291 932 4346 malum
961 4296 1026 4344 ut
1051 4305 1154 4344 nec
1179 4287 1453 4360 superbus
1482 4285 1602 4342 sine
1647 4285 1734 4340 in-

159 4375 306 4446 vidia,
351 4397 452 4436 nec
509 4379 729 4434 invidus
773 4379 895 4434 sine
939 4377 1200 4452 superbia
1244 4376 1422 4450 possit
1446 4375 1729 4431 inveniri:

159 4465 400 4524 Accdiam
456 4474 650 4524 autem
699 4468 850 4524 unde
903 4467 1209 4538 Gregorius
1255 4466 1314 4522 in
1372 4481 1545 4537 supra
1587 4463 1738 4518 dicta

158 4555 533 4631 principalium
556 4556 820 4612 vitiorum
837 4555 1288 4612 dinumeratione
1300 4555 1377 4610 nil
1399 4554 1558 4621 dixit,
1577 4552 1738 4608 aiunt

1748 4339 1804 4404 D

1813 3219 2105 3288 nascitur;
2133 3221 2201 3276 de
2245 3221 2330 3275 ira
2357 3221 2507 3289 rixae,
2557 3228 2748 3278 tumor
2783 3224 3006 3289 mentis,
3040 3224 3414 3292 contumeliis,

1815 3309 2042 3374 clamor,
2075 3309 2406 3380 indignatio,
2460 3311 2818 3382 blasphemiae
2882 3312 3288 3384 proferuntur;
3347 3313 3418 3369 de

1815 3398 2066 3464 tristitia,
2093 3399 2326 3460 malitia,
2344 3415 2562 3465 rancor,
2597 3401 3050 3471 pusillanimitas,
3074 3401 3413 3472 desperatio,

1816 3491 2010 3557 torpor
2029 3487 2177 3542 circa
2206 3494 2500 3558 prazcepta,
2524 3489 2743 3558 vagatio
2785 3489 2992 3542 mentis
3037 3505 3174 3560 erga
3223 3490 3420 3546 illicita

1816 3574 2084 3630 nascitur.
2117 3576 2196 3630 De
2229 3576 2481 3641 avaritia,
2507 3575 2766 3647 proditio,
2808 3577 2978 3643 fraus,
3015 3577 3253 3642 fallacia,
3286 3593 3415 3647 per.-

1811 3663 1980 3736 juria,
2015 3663 2384 3736 iniquietudo,
2428 3665 2725 3731 violentiae,
2755 3671 2813 3719 et
2869 3672 3063 3721 contra
3094 3665 3416 3721 misericor-

1815 3752 1968 3809 diam
2006 3751 2401 3808 obdurationes
2431 3753 2613 3807 cordis
2654 3753 2949 3821 oriuntur;
2982 3754 3050 3806 de
3080 3752 3291 3810 ventris
3331 3755 3417 3810 in-

1809 3841 2014 3914 gluvie.
2048 3842 2235 3912 inepta
2267 3841 2478 3907 laetitia,
2511 3841 2840 3909 scurrilitas,
2872 3841 3252 3908 immunditia,
3273 3841 3419 3898 mul-

1811 3930 2420 4002 tiloquium,hebetudo
2433 3947 2632 3986 sensus
2660 3931 2808 3986 circa
2837 3931 3268 4002 intelligentiam
3292 3946 3419 4003 pro-

1813 4027 2054 4093 pagatur
2072 4039 2084 4088 ;
2108 4019 2178 4075 de
2191 4020 2428 4086 luxuria,
2447 4021 2665 4075 caecitas
2679 4019 2903 4087 mentis,
2918 4019 3412 4087 inconsideranﬁa,

1815 4109 2210 4176 inconstantia,
2236 4109 2800 4182 praecipitatio,amor
2814 4109 2922 4176 sui,
2937 4109 3128 4164 odium
3139 4109 3261 4178 Dei,
3289 4110 3419 4166 atie-

1815 4204 1938 4254 ctus
1950 4197 2242 4270 praesentis
2256 4198 2462 4265 saeculi,
2477 4198 2678 4253 horror
2703 4199 2788 4253 vel
2799 4197 3117 4272 desperatio
3130 4198 3306 4254 futuri
3316 4214 3420 4271 ge-

1817 4291 2068 4341 neratur.
2092 4286 2234 4352 Quia
2253 4303 2386 4358 ergo
2415 4292 2628 4359 septem
2659 4287 2990 4360 principalia
3019 4293 3234 4343 tantam
3262 4287 3333 4344 de
3356 4303 3420 4344 se

1818 4375 2081 4430 vitiorum
2114 4375 2532 4431 multitudinem
2567 4376 2878 4447 proferunt,
2909 4393 3038 4432 cum
3065 4376 3135 4430 ad
3195 4392 3294 4432 cor
3320 4392 3418 4432 ve-

1818 4464 2002 4530 niunt,
2037 4464 2196 4536 quasi
2233 4464 2625 4536 subsequentis
2680 4464 2955 4520 exercitus
3001 4469 3252 4519 catervas
3295 4468 3419 4522 tra-

1819 4555 1979 4621 hunt,
2002 4571 2067 4608 ex
2099 4553 2570 4626 quibusvidelicet
2595 4559 2812 4626 septem
2843 4554 3091 4626 quinque
3117 4552 3420 4626 spiritalia,

161 4658 268 4698 eam
293 4646 392 4702 sub
421 4645 667 4702 tristitiae
690 4644 916 4701 nomine
954 4644 1265 4715 intelligere
1295 4643 1553 4709 voluisse,
1587 4643 1735 4698 unde
1817 4643 2041 4715 duoque
2081 4641 2332 4696 carnalia
2375 4648 2528 4709 sunt,
2578 4643 2676 4697 sed
2725 4643 3169 4716 unumquodque
3222 4659 3421 4701 eorum

163 4738 213 4786 et
248 4734 542 4792 Cassianus
574 4753 586 4789 :
628 4734 854 4802 Acedia,
889 4750 1059 4806 quam
1116 4750 1238 4798 nos,
1269 4731 1472 4804 inquit,
1505 4731 1734 4788 taedium
1816 4737 1977 4786 tanta
2003 4730 2107 4786 sibi
2126 4730 2736 4802 cognationejungitur
2763 4737 2828 4786 ut
2845 4748 2958 4787 non
2987 4732 3097 4787 nisi
3121 4749 3301 4788 unum
3348 4733 3420 4789 de

162 4820 262 4878 sive
276 4825 612 4881 anxietatem
647 4823 831 4879 cordis
859 4839 1156 4896 possumus
1184 4838 1508 4893 nuncupare
1552 4819 1736 4876 affinis
1819 4822 1995 4875 altero
2023 4820 2341 4891 proferatur
2366 4839 2378 4888 ;
2411 4820 2593 4892 prima
2625 4836 2868 4892 namque
2897 4821 3173 4894 superbiae
3203 4821 3422 4878 soboles

165 4917 237 4965 est
260 4912 512 4969 tristitiae.
547 4914 648 4968 His
677 4919 867 4968 autem
893 4910 1187 4967 sententiis
1217 4911 1512 4966 manifeste
1541 4909 1740 4981 proba~
1817 4909 2004 4966 inanis
2026 4914 2112 4964 est
2138 4909 2336 4980 gloria,
2371 4926 2497 4981 quae
2526 4910 2660 4965 dum
2683 4927 3008 4982 oppressam
3037 4917 3284 4966 mentem
3301 4927 3422 4967 cor-

165 5004 246 5053 tur
263 5003 389 5072 quia
425 5002 728 5073 Gregorius
757 5008 814 5056 et
839 5001 1138 5056 Cassianus
1163 5000 1232 5055 de
1264 5005 1387 5054 octo
1415 4997 1738 5071 principali-
1820 4999 2055 5070 ruperit,
2075 5015 2201 5052 mox
2231 4998 2498 5053 invidiam
2527 4999 2728 5070 gignit,
2779 5000 2913 5072 quia
2961 5000 3232 5056 nimirum
3282 5001 3418 5057 dum

167 5084 256 5142 bus
281 5091 425 5146 vitiis
456 5091 808 5146 uniformiter
835 5096 1150 5145 senserunt.
1212 5089 1494 5154 Quaeritur
1524 5093 1581 5143 et
1604 5085 1742 5141 illud
1823 5088 1951 5142 vani
1981 5087 2226 5142 nominis
2244 5088 2551 5159 potentiam
2583 5088 2818 5160 appetit,
2841 5105 2913 5145 ne
2951 5089 3078 5161 quis
3105 5090 3250 5145 hanc
3276 5089 3422 5147 alius

166 5190 253 5230 cur
273 5178 571 5250 Gregorius
584 5181 640 5234 in
680 5180 804 5251 ipsa
842 5179 1105 5233 vitiorum
1127 5178 1595 5233 adnumeratione
1626 5175 1742 5249 pri-

166 5277 304 5319 mum
320 5268 511 5324 vitium
531 5267 849 5340 superbiam
863 5268 1039 5338 ponit,
1060 5272 1118 5321 et
1135 5267 1436 5322 Cassianus
1457 5265 1741 5332 ultimum,

167 5349 431 5424 ipseenim
460 5356 790 5413 dicitzLicet
821 5356 1049 5411 morbus
1091 5355 1368 5429 superbiae
1407 5359 1633 5410 octavus
1688 5359 1742 5408 et

169 5441 384 5500 ultimus
435 5445 525 5512 sit,
573 5446 632 5501 in
663 5446 925 5501 conﬂictu
969 5444 1229 5500 vitiorum
1260 5449 1429 5515 atque
1456 5443 1513 5498 in
1547 5443 1743 5498 ordine

157 5541 162 5548 '
170 5539 395 5600 ponatur
405 5541 706 5604 extremus,
738 5534 952 5606 origine
979 5539 1170 5591 tamen
1188 5539 1247 5588 et
1257 5539 1512 5604 tempore
1523 5532 1742 5604 primus

1825 5176 2059 5249 adipisci
2088 5177 2272 5231 valeat
2302 5175 2554 5231 tabescit.
2585 5179 2808 5232 Invidia
2837 5195 3058 5250 quoque
3077 5179 3222 5234 iram
3235 5195 3419 5252 gene-

1826 5269 1934 5332 rat,
1993 5265 2126 5337 quia
2164 5270 2374 5336 quanto
2424 5264 2646 5320 interno
2691 5265 2879 5320 livoris
2927 5266 3156 5323 vulnere
3197 5270 3419 5336 animus

1825 5353 2129 5422 sauciatur,
2185 5358 2343 5408 tanto
2401 5354 2571 5408 etiam
2618 5356 3009 5424 mansuetudo,
3040 5359 3422 5432 tranquillitas

1824 5442 2124 5509 amittitur,
2159 5447 2217 5497 et
2240 5442 2372 5514 quia
2390 5443 2549 5514 quasi
2568 5442 2762 5498 dolens
2801 5445 3116 5503 membrum
3143 5453 3418 5524 tangi.ur,

1824 5531 2029 5588 idcirco
2046 5530 2311 5603 oppositae
2325 5530 2562 5588 actionis
2589 5547 2790 5590 manus
2815 5535 2967 5592 velut
2981 5537 3210 5609 gravius
3227 5557 3336 5617 pm
3350 5564 3420 5606 ιεη
