  <div class='ocr_page' id='page_1' title='image "/cluster/home/n/w/nwhite01/storage/ocr_20150623/112/hvd.32044054759774/681.png"; bbox 0 0 3982 6158; ppageno 0'>
   <div class='ocr_carea' id='block_1_1' title="bbox 547 247 686 339">
    <p class='ocr_par' dir='ltr' id='par_1_1' title="bbox 547 247 686 339">
     <span class='ocr_line' id='line_1_1' title="bbox 547 247 686 339; baseline -0.007 0"><span class='ocrx_word' id='word_1_1' title='bbox 547 247 686 339; x_wconf 61' lang='grc' dir='ltr'><strong>ἰδει</strong></span> 
     </span>
    </p>
   </div>
   <div class='ocr_carea' id='block_1_2' title="bbox 1147 275 2156 339">
    <p class='ocr_par' dir='ltr' id='par_1_2' title="bbox 1147 275 2156 339">
     <span class='ocr_line' id='line_1_2' title="bbox 1147 275 2156 339; baseline 0.003 -5"><span class='ocrx_word' id='word_1_2' title='bbox 1147 277 1210 334; x_wconf 86' lang='grc' dir='ltr'><strong>Β.</strong></span> <span class='ocrx_word' id='word_1_3' title='bbox 1241 275 1513 336; x_wconf 76' lang='lat' dir='ltr'><strong>RABANI</strong></span> <span class='ocrx_word' id='word_1_4' title='bbox 1552 281 1784 339; x_wconf 84' lang='lat' dir='ltr'><strong>MAURI</strong></span> <span class='ocrx_word' id='word_1_5' title='bbox 1821 282 2156 339; x_wconf 78' lang='lat' dir='ltr'><strong>ARCHIEP.</strong></span> 
     </span>
    </p>
   </div>
   <div class='ocr_carea' id='block_1_3' title="bbox 2199 283 3721 356">
    <p class='ocr_par' dir='ltr' id='par_1_3' title="bbox 2199 283 3721 356">
     <span class='ocr_line' id='line_1_3' title="bbox 2199 283 3721 356; baseline 0.01 -17"><span class='ocrx_word' id='word_1_6' title='bbox 2199 283 2522 341; x_wconf 88' lang='lat' dir='ltr'><strong>MOGUNT.</strong></span> <span class='ocrx_word' id='word_1_7' title='bbox 2565 285 2863 343; x_wconf 86' lang='lat' dir='ltr'><strong>OPERUM</strong></span> <span class='ocrx_word' id='word_1_8' title='bbox 2900 285 3084 343; x_wconf 83' lang='lat' dir='ltr'><strong>PARS</strong></span> <span class='ocrx_word' id='word_1_9' title='bbox 3120 287 3214 343; x_wconf 89' lang='lat' dir='ltr'>III.</span> <span class='ocrx_word' id='word_1_10' title='bbox 3613 295 3721 356; x_wconf 71' lang='lat'><strong>1352</strong></span> 
     </span>
    </p>
   </div>
   <div class='ocr_carea' id='block_1_4' title="bbox 547 409 3727 498">
    <p class='ocr_par' dir='ltr' id='par_1_4' title="bbox 547 409 3727 498">
     <span class='ocr_line' id='line_1_4' title="bbox 547 409 3727 498; baseline -0 -16"><span class='ocrx_word' id='word_1_11' title='bbox 547 425 822 493; x_wconf 80' lang='lat' dir='ltr'><strong>sentitur;</strong></span> <span class='ocrx_word' id='word_1_12' title='bbox 843 439 911 480; x_wconf 79' lang='lat' dir='ltr'><strong>ex</strong></span> <span class='ocrx_word' id='word_1_13' title='bbox 939 421 1024 478; x_wconf 89' lang='lat' dir='ltr'><strong>ira</strong></span> <span class='ocrx_word' id='word_1_14' title='bbox 1056 437 1279 494; x_wconf 90' lang='lat' dir='ltr'><strong>quoque</strong></span> <span class='ocrx_word' id='word_1_15' title='bbox 1303 421 1536 478; x_wconf 81' lang='lat' dir='ltr'><strong>tristitia</strong></span> <span class='ocrx_word' id='word_1_16' title='bbox 1573 424 2147 498; x_wconf 80' lang='lat' dir='ltr'><strong>oritur,quiaturbata</strong></span> <span class='ocrx_word' id='word_1_17' title='bbox 2162 409 2382 482; x_wconf 61' lang='lat' dir='ltr'><strong>ANP“-</strong></span> <span class='ocrx_word' id='word_1_18' title='bbox 2405 415 2462 466; x_wconf 67' lang='lat' dir='ltr'><strong>et</strong></span> <span class='ocrx_word' id='word_1_19' title='bbox 2489 427 2654 468; x_wconf 70' lang='lat' dir='ltr'><strong>omne</strong></span> <span class='ocrx_word' id='word_1_20' title='bbox 2683 429 2860 484; x_wconf 75' lang='grc' dir='ltr'><strong>εθηιιε</strong></span> <span class='ocrx_word' id='word_1_21' title='bbox 2888 412 3194 470; x_wconf 68' lang='lat' dir='ltr'><strong>humanum</strong></span> <span class='ocrx_word' id='word_1_22' title='bbox 3218 413 3283 468; x_wconf 73' lang='lat' dir='ltr'><strong>de</strong></span> <span class='ocrx_word' id='word_1_23' title='bbox 3301 414 3658 476; x_wconf 62' lang='lat' dir='ltr'><strong>immortalitate</strong></span> <span class='ocrx_word' id='word_1_24' title='bbox 3674 422 3727 480; x_wconf 77' lang='lat' dir='ltr'><strong>ad</strong></span> 
     </span>
    </p>
   </div>
   <div class='ocr_carea' id='block_1_5' title="bbox 546 510 2150 594">
    <p class='ocr_par' dir='ltr' id='par_1_5' title="bbox 546 510 2150 594">
     <span class='ocr_line' id='line_1_5' title="bbox 546 510 2150 594; baseline -0.001 -23"><span class='ocrx_word' id='word_1_25' title='bbox 546 531 728 582; x_wconf 85' lang='lat' dir='ltr'><strong>mens,</strong></span> <span class='ocrx_word' id='word_1_26' title='bbox 763 527 881 594; x_wconf 72' lang='lat' dir='ltr'><strong>quo</strong></span> <span class='ocrx_word' id='word_1_27' title='bbox 929 510 1249 594; x_wconf 74' lang='lat' dir='ltr'><strong>inordinate</strong></span> <span class='ocrx_word' id='word_1_28' title='bbox 1289 527 1348 564; x_wconf 89' lang='lat' dir='ltr'><strong>se</strong></span> <span class='ocrx_word' id='word_1_29' title='bbox 1407 513 1674 580; x_wconf 84' lang='lat' dir='ltr'><strong>concutit,</strong></span> <span class='ocrx_word' id='word_1_30' title='bbox 1731 532 1796 569; x_wconf 89' lang='lat' dir='ltr'><strong>eo</strong></span> <span class='ocrx_word' id='word_1_31' title='bbox 1843 514 2150 570; x_wconf 86' lang='lat' dir='ltr'><strong>addiccndo</strong></span> 
     </span>
    </p>
   </div>
   <div class='ocr_carea' id='block_1_6' title="bbox 544 587 2148 672">
    <p class='ocr_par' dir='ltr' id='par_1_6' title="bbox 544 587 2148 672">
     <span class='ocr_line' id='line_1_6' title="bbox 544 587 2148 672; baseline 0 -12"><span class='ocrx_word' id='word_1_32' title='bbox 544 587 856 669; x_wconf 80' lang='lat' dir='ltr'><strong>confundit,</strong></span> <span class='ocrx_word' id='word_1_33' title='bbox 875 605 935 656; x_wconf 89' lang='lat' dir='ltr'><strong>et</strong></span> <span class='ocrx_word' id='word_1_34' title='bbox 959 616 1090 656; x_wconf 89' lang='lat' dir='ltr'><strong>cum</strong></span> <span class='ocrx_word' id='word_1_35' title='bbox 1101 587 1458 656; x_wconf 88' lang='lat' dir='ltr'><strong>dulcedinem</strong></span> <span class='ocrx_word' id='word_1_36' title='bbox 1489 602 1920 672; x_wconf 79' lang='lat' dir='ltr'><strong>tranquillitatis</strong></span> <span class='ocrx_word' id='word_1_37' title='bbox 1948 604 2148 660; x_wconf 85' lang='lat' dir='ltr'><strong>amise-</strong></span> 
     </span>
    </p>
   </div>
   <div class='ocr_carea' id='block_1_7' title="bbox 543 689 2152 764">
    <p class='ocr_par' dir='ltr' id='par_1_7' title="bbox 543 689 2152 764">
     <span class='ocr_line' id='line_1_7' title="bbox 543 689 2152 764; baseline 0.002 -18"><span class='ocrx_word' id='word_1_38' title='bbox 543 690 640 758; x_wconf 78' lang='lat' dir='ltr'><strong>rit,</strong></span> <span class='ocrx_word' id='word_1_39' title='bbox 707 689 850 746; x_wconf 89' lang='lat' dir='ltr'><strong>nihil</strong></span> <span class='ocrx_word' id='word_1_40' title='bbox 889 690 1034 746; x_wconf 87' lang='lat' dir='ltr'><strong>hanc</strong></span> <span class='ocrx_word' id='word_1_41' title='bbox 1085 689 1193 744; x_wconf 87' lang='lat' dir='ltr'><strong>nisi</strong></span> <span class='ocrx_word' id='word_1_42' title='bbox 1231 705 1298 744; x_wconf 80' lang='lat' dir='ltr'><strong>ex</strong></span> <span class='ocrx_word' id='word_1_43' title='bbox 1343 689 1770 761; x_wconf 85' lang='lat' dir='ltr'><strong>perturbatione</strong></span> <span class='ocrx_word' id='word_1_44' title='bbox 1807 691 2152 764; x_wconf 80' lang='lat' dir='ltr'><strong>subsequens</strong></span> 
     </span>
    </p>
   </div>
   <div class='ocr_carea' id='block_1_8' title="bbox 543 777 2148 852">
    <p class='ocr_par' dir='ltr' id='par_1_8' title="bbox 543 777 2148 852">
     <span class='ocr_line' id='line_1_8' title="bbox 543 777 2148 852; baseline 0.002 -18"><span class='ocrx_word' id='word_1_45' title='bbox 543 795 754 840; x_wconf 80' lang='lat' dir='ltr'><strong>mceror</strong></span> <span class='ocrx_word' id='word_1_46' title='bbox 763 778 972 852; x_wconf 86' lang='lat' dir='ltr'><strong>pascit;</strong></span> <span class='ocrx_word' id='word_1_47' title='bbox 993 777 1229 834; x_wconf 78' lang='lat' dir='ltr'><strong>tristitia</strong></span> <span class='ocrx_word' id='word_1_48' title='bbox 1247 793 1470 850; x_wconf 89' lang='lat' dir='ltr'><strong>quoque</strong></span> <span class='ocrx_word' id='word_1_49' title='bbox 1493 777 1564 844; x_wconf 83' lang='lat' dir='ltr'><strong>ab</strong></span> <span class='ocrx_word' id='word_1_50' title='bbox 1587 779 1826 835; x_wconf 87' lang='lat' dir='ltr'><strong>avaritia</strong></span> <span class='ocrx_word' id='word_1_51' title='bbox 1841 780 2148 850; x_wconf 83' lang='lat' dir='ltr'><strong>derivatur,</strong></span> 
     </span>
    </p>
   </div>
   <div class='ocr_carea' id='block_1_9' title="bbox 544 866 2226 950">
    <p class='ocr_par' dir='ltr' id='par_1_9' title="bbox 544 866 2226 950">
     <span class='ocr_line' id='line_1_9' title="bbox 544 866 2226 950; baseline -0.003 -24"><span class='ocrx_word' id='word_1_52' title='bbox 544 869 678 950; x_wconf 72' lang='lat' dir='ltr'><strong>quia</strong></span> <span class='ocrx_word' id='word_1_53' title='bbox 703 869 842 926; x_wconf 87' lang='lat' dir='ltr'><strong>dum</strong></span> <span class='ocrx_word' id='word_1_54' title='bbox 869 867 1164 924; x_wconf 82' lang='lat' dir='ltr'><strong>confusum</strong></span> <span class='ocrx_word' id='word_1_55' title='bbox 1186 883 1283 924; x_wconf 90' lang='lat' dir='ltr'><strong>cor</strong></span> <span class='ocrx_word' id='word_1_56' title='bbox 1311 866 1519 926; x_wconf 89' lang='lat' dir='ltr'><strong>bonum</strong></span> <span class='ocrx_word' id='word_1_57' title='bbox 1546 867 1754 924; x_wconf 82' lang='lat' dir='ltr'><strong>laetitiae</strong></span> <span class='ocrx_word' id='word_1_58' title='bbox 1798 869 1954 926; x_wconf 88' lang='lat' dir='ltr'><strong>intus</strong></span> <span class='ocrx_word' id='word_1_59' title='bbox 2004 870 2150 928; x_wconf 90' lang='lat' dir='ltr'><strong>ami-</strong></span> <span class='ocrx_word' id='word_1_60' title='bbox 2215 914 2226 921; x_wconf 89' lang='lat'><strong>.</strong></span> 
     </span>
    </p>
   </div>
   <div class='ocr_carea' id='block_1_10' title="bbox 543 955 2146 1030">
    <p class='ocr_par' dir='ltr' id='par_1_10' title="bbox 543 955 2146 1030">
     <span class='ocr_line' id='line_1_10' title="bbox 543 955 2146 1030; baseline 0 -14"><span class='ocrx_word' id='word_1_61' title='bbox 543 958 701 1027; x_wconf 69' lang='lat' dir='ltr'><strong>serit,</strong></span> <span class='ocrx_word' id='word_1_62' title='bbox 726 958 878 1014; x_wconf 88' lang='lat' dir='ltr'><strong>unde</strong></span> <span class='ocrx_word' id='word_1_63' title='bbox 905 955 1184 1014; x_wconf 87' lang='lat' dir='ltr'><strong>consolari</strong></span> <span class='ocrx_word' id='word_1_64' title='bbox 1209 955 1432 1025; x_wconf 89' lang='lat' dir='ltr'><strong>debeat,</strong></span> <span class='ocrx_word' id='word_1_65' title='bbox 1463 955 1616 1012; x_wconf 88' lang='lat' dir='ltr'><strong>foras</strong></span> <span class='ocrx_word' id='word_1_66' title='bbox 1665 958 1951 1030; x_wconf 68' lang='lat' dir='ltr'><strong>quaerit,et</strong></span> <span class='ocrx_word' id='word_1_67' title='bbox 1985 964 2146 1016; x_wconf 79' lang='lat' dir='ltr'><strong>tanto</strong></span> 
     </span>
    </p>
   </div>
   <div class='ocr_carea' id='block_1_11' title="bbox 531 1046 2146 1122">
    <p class='ocr_par' dir='ltr' id='par_1_11' title="bbox 531 1046 2146 1122">
     <span class='ocr_line' id='line_1_11' title="bbox 531 1046 2146 1122; baseline 0.005 -24"><span class='ocrx_word' id='word_1_68' title='bbox 531 1047 726 1120; x_wconf 69' lang='lat' dir='ltr'><strong>.magis</strong></span> <span class='ocrx_word' id='word_1_69' title='bbox 745 1047 1026 1104; x_wconf 79' lang='lat' dir='ltr'><strong>exteriora</strong></span> <span class='ocrx_word' id='word_1_70' title='bbox 1043 1046 1191 1104; x_wconf 86' lang='lat' dir='ltr'><strong>bona</strong></span> <span class='ocrx_word' id='word_1_71' title='bbox 1199 1047 1434 1119; x_wconf 76' lang='lat' dir='ltr'><strong>adipisci</strong></span> <span class='ocrx_word' id='word_1_72' title='bbox 1461 1047 1765 1117; x_wconf 71' lang='lat' dir='ltr'><strong>desiderat,</strong></span> <span class='ocrx_word' id='word_1_73' title='bbox 1792 1055 2004 1122; x_wconf 87' lang='lat' dir='ltr'><strong>quanto</strong></span> <span class='ocrx_word' id='word_1_74' title='bbox 2030 1065 2146 1108; x_wconf 88' lang='lat' dir='ltr'><strong>non</strong></span> 
     </span>
    </p>
   </div>
   <div class='ocr_carea' id='block_1_12' title="bbox 542 1135 2142 1209">
    <p class='ocr_par' dir='ltr' id='par_1_12' title="bbox 542 1135 2142 1209">
     <span class='ocr_line' id='line_1_12' title="bbox 542 1135 2142 1209; baseline 0.001 -15"><span class='ocrx_word' id='word_1_75' title='bbox 542 1137 713 1201; x_wconf 81' lang='lat' dir='ltr'><strong>habet</strong></span> <span class='ocrx_word' id='word_1_76' title='bbox 730 1138 802 1198; x_wconf 83' lang='lat' dir='ltr'><strong>ad</strong></span> <span class='ocrx_word' id='word_1_77' title='bbox 845 1136 980 1209; x_wconf 88' lang='lat' dir='ltr'><strong>quid</strong></span> <span class='ocrx_word' id='word_1_78' title='bbox 1016 1135 1354 1192; x_wconf 85' lang='lat' dir='ltr'><strong>intrinsecus</strong></span> <span class='ocrx_word' id='word_1_79' title='bbox 1385 1136 1644 1192; x_wconf 85' lang='lat' dir='ltr'><strong>recurrit.</strong></span> <span class='ocrx_word' id='word_1_80' title='bbox 1690 1138 1944 1196; x_wconf 84' lang='lat' dir='ltr'><strong>Posthaec</strong></span> <span class='ocrx_word' id='word_1_81' title='bbox 1990 1155 2142 1207; x_wconf 86' lang='lat' dir='ltr'><strong>vero,</strong></span> 
     </span>
    </p>
   </div>
   <div class='ocr_carea' id='block_1_13' title="bbox 541 1224 2150 1296">
    <p class='ocr_par' dir='ltr' id='par_1_13' title="bbox 541 1224 2150 1296">
     <span class='ocr_line' id='line_1_13' title="bbox 541 1224 2150 1296; baseline -0.003 -9"><span class='ocrx_word' id='word_1_82' title='bbox 541 1226 656 1293; x_wconf 85' lang='lat' dir='ltr'><strong>duo</strong></span> <span class='ocrx_word' id='word_1_83' title='bbox 681 1226 930 1289; x_wconf 84' lang='lat' dir='ltr'><strong>carnalia</strong></span> <span class='ocrx_word' id='word_1_84' title='bbox 963 1225 1120 1289; x_wconf 89' lang='lat' dir='ltr'><strong>vitia,</strong></span> <span class='ocrx_word' id='word_1_85' title='bbox 1154 1224 1214 1280; x_wconf 90' lang='lat' dir='ltr'><strong>id</strong></span> <span class='ocrx_word' id='word_1_86' title='bbox 1232 1230 1336 1291; x_wconf 91' lang='lat' dir='ltr'><strong>est,</strong></span> <span class='ocrx_word' id='word_1_87' title='bbox 1360 1224 1573 1280; x_wconf 88' lang='lat' dir='ltr'><strong>ventris</strong></span> <span class='ocrx_word' id='word_1_88' title='bbox 1591 1225 1869 1296; x_wconf 76' lang='lat' dir='ltr'><strong>ingluvies</strong></span> <span class='ocrx_word' id='word_1_89' title='bbox 1889 1233 1948 1282; x_wconf 91' lang='lat' dir='ltr'><strong>et</strong></span> <span class='ocrx_word' id='word_1_90' title='bbox 1991 1227 2150 1283; x_wconf 81' lang='lat' dir='ltr'><strong>luxu-</strong></span> 
     </span>
    </p>
   </div>
   <div class='ocr_carea' id='block_1_14' title="bbox 464 1313 2149 1388">
    <p class='ocr_par' dir='ltr' id='par_1_14' title="bbox 464 1313 2149 1388">
     <span class='ocr_line' id='line_1_14' title="bbox 464 1313 2149 1388; baseline -0.005 -10"><span class='ocrx_word' id='word_1_91' title='bbox 464 1354 466 1357; x_wconf 94' lang='lat'><strong><em>-</em></strong></span> <span class='ocrx_word' id='word_1_92' title='bbox 540 1317 630 1377; x_wconf 74' lang='lat' dir='ltr'><strong>ria</strong></span> <span class='ocrx_word' id='word_1_93' title='bbox 655 1319 962 1388; x_wconf 83' lang='lat' dir='ltr'><strong>supersunt</strong></span> <span class='ocrx_word' id='word_1_94' title='bbox 993 1314 1123 1369; x_wconf 88' lang='lat' dir='ltr'><strong>:sed</strong></span> <span class='ocrx_word' id='word_1_95' title='bbox 1133 1313 1350 1369; x_wconf 88' lang='lat' dir='ltr'><strong>cunctis</strong></span> <span class='ocrx_word' id='word_1_96' title='bbox 1365 1313 1544 1385; x_wconf 90' lang='lat' dir='ltr'><strong>liquet</strong></span> <span class='ocrx_word' id='word_1_97' title='bbox 1571 1315 1721 1386; x_wconf 92' lang='lat' dir='ltr'><strong>quod</strong></span> <span class='ocrx_word' id='word_1_98' title='bbox 1738 1315 1808 1370; x_wconf 91' lang='lat' dir='ltr'><strong>de</strong></span> <span class='ocrx_word' id='word_1_99' title='bbox 1836 1316 2045 1372; x_wconf 85' lang='lat' dir='ltr'><strong>ventris</strong></span> <span class='ocrx_word' id='word_1_100' title='bbox 2058 1315 2149 1371; x_wconf 91' lang='lat' dir='ltr'><strong>in-</strong></span> 
     </span>
    </p>
   </div>
   <div class='ocr_carea' id='block_1_15' title="bbox 539 1402 2149 1478">
    <p class='ocr_par' dir='ltr' id='par_1_15' title="bbox 539 1402 2149 1478">
     <span class='ocr_line' id='line_1_15' title="bbox 539 1402 2149 1478; baseline -0.002 -14"><span class='ocrx_word' id='word_1_101' title='bbox 539 1405 726 1478; x_wconf 83' lang='lat' dir='ltr'><strong>gluvie</strong></span> <span class='ocrx_word' id='word_1_102' title='bbox 745 1405 967 1462; x_wconf 83' lang='lat' dir='ltr'><strong>luxuria</strong></span> <span class='ocrx_word' id='word_1_103' title='bbox 1007 1403 1274 1467; x_wconf 87' lang='lat' dir='ltr'><strong>nascitur,</strong></span> <span class='ocrx_word' id='word_1_104' title='bbox 1317 1402 1454 1458; x_wconf 88' lang='lat' dir='ltr'><strong>dum</strong></span> <span class='ocrx_word' id='word_1_105' title='bbox 1485 1403 1546 1458; x_wconf 92' lang='lat' dir='ltr'><strong>in</strong></span> <span class='ocrx_word' id='word_1_106' title='bbox 1595 1403 1721 1475; x_wconf 90' lang='lat' dir='ltr'><strong>ipsa</strong></span> <span class='ocrx_word' id='word_1_107' title='bbox 1753 1405 2149 1461; x_wconf 86' lang='lat' dir='ltr'><strong>distributione</strong></span> 
     </span>
    </p>
   </div>
   <div class='ocr_carea' id='block_1_16' title="bbox 541 1490 2146 1562">
    <p class='ocr_par' dir='ltr' id='par_1_16' title="bbox 541 1490 2146 1562">
     <span class='ocr_line' id='line_1_16' title="bbox 541 1490 2146 1562; baseline 0 -10"><span class='ocrx_word' id='word_1_108' title='bbox 541 1493 928 1554; x_wconf 78' lang='lat' dir='ltr'><strong>membrorum</strong></span> <span class='ocrx_word' id='word_1_109' title='bbox 989 1491 1171 1546; x_wconf 79' lang='lat' dir='ltr'><strong>ventri</strong></span> <span class='ocrx_word' id='word_1_110' title='bbox 1219 1490 1492 1561; x_wconf 84' lang='lat' dir='ltr'><strong>genitalia</strong></span> <span class='ocrx_word' id='word_1_111' title='bbox 1528 1491 1766 1548; x_wconf 82' lang='lat' dir='ltr'><strong>subnixa</strong></span> <span class='ocrx_word' id='word_1_112' title='bbox 1831 1493 2146 1562; x_wconf 88' lang='lat' dir='ltr'><strong>videantur,</strong></span> 
     </span>
    </p>
   </div>
   <div class='ocr_carea' id='block_1_17' title="bbox 539 1579 2148 1654">
    <p class='ocr_par' dir='ltr' id='par_1_17' title="bbox 539 1579 2148 1654">
     <span class='ocr_line' id='line_1_17' title="bbox 539 1579 2148 1654; baseline 0 -16"><span class='ocrx_word' id='word_1_113' title='bbox 539 1583 692 1645; x_wconf 84' lang='lat' dir='ltr'><strong>unde</strong></span> <span class='ocrx_word' id='word_1_114' title='bbox 721 1583 859 1640; x_wconf 91' lang='lat' dir='ltr'><strong>dum</strong></span> <span class='ocrx_word' id='word_1_115' title='bbox 890 1597 1067 1638; x_wconf 86' lang='lat' dir='ltr'><strong>unum</strong></span> <span class='ocrx_word' id='word_1_116' title='bbox 1091 1579 1410 1635; x_wconf 86' lang='lat' dir='ltr'><strong>inordinate</strong></span> <span class='ocrx_word' id='word_1_117' title='bbox 1449 1581 1717 1648; x_wconf 86' lang='lat' dir='ltr'><strong>reficitur,</strong></span> <span class='ocrx_word' id='word_1_118' title='bbox 1743 1583 1897 1638; x_wconf 87' lang='lat' dir='ltr'><strong>aliud</strong></span> <span class='ocrx_word' id='word_1_119' title='bbox 1955 1583 2148 1654; x_wconf 89' lang='lat' dir='ltr'><strong>procul</strong></span> 
     </span>
    </p>
   </div>
   <div class='ocr_carea' id='block_1_18' title="bbox 525 1668 2148 1736">
    <p class='ocr_par' dir='ltr' id='par_1_18' title="bbox 525 1668 2148 1736">
     <span class='ocr_line' id='line_1_18' title="bbox 525 1668 2148 1736; baseline -0.002 -5"><span class='ocrx_word' id='word_1_120' title='bbox 525 1671 710 1736; x_wconf 84' lang='lat' dir='ltr'><strong>.dubio</strong></span> <span class='ocrx_word' id='word_1_121' title='bbox 739 1671 812 1726; x_wconf 81' lang='lat' dir='ltr'><strong>ad</strong></span> <span class='ocrx_word' id='word_1_122' title='bbox 839 1668 1209 1726; x_wconf 87' lang='lat' dir='ltr'><strong>contumelias</strong></span> <span class='ocrx_word' id='word_1_123' title='bbox 1228 1668 1522 1724; x_wconf 78' lang='lat' dir='ltr'><strong>excitatur.</strong></span> <span class='ocrx_word' id='word_1_124' title='bbox 1561 1670 1712 1726; x_wconf 86' lang='lat' dir='ltr'><strong>Bene</strong></span> <span class='ocrx_word' id='word_1_125' title='bbox 1738 1678 1929 1728; x_wconf 89' lang='lat' dir='ltr'><strong>autem</strong></span> <span class='ocrx_word' id='word_1_126' title='bbox 1975 1671 2148 1728; x_wconf 89' lang='lat' dir='ltr'><strong>duces</strong></span> 
     </span>
    </p>
   </div>
   <div class='ocr_carea' id='block_1_19' title="bbox 541 1757 2215 1834">
    <p class='ocr_par' dir='ltr' id='par_1_19' title="bbox 541 1757 2215 1834">
     <span class='ocr_line' id='line_1_19' title="bbox 541 1757 2215 1834; baseline -0.002 -15"><span class='ocrx_word' id='word_1_127' title='bbox 541 1761 825 1826; x_wconf 80' lang='lat' dir='ltr'><strong>exhortari</strong></span> <span class='ocrx_word' id='word_1_128' title='bbox 857 1759 994 1817; x_wconf 88' lang='lat' dir='ltr'><strong>dicti</strong></span> <span class='ocrx_word' id='word_1_129' title='bbox 1039 1763 1190 1824; x_wconf 88' lang='lat' dir='ltr'><strong>sunt,</strong></span> <span class='ocrx_word' id='word_1_130' title='bbox 1222 1757 1500 1812; x_wconf 83' lang='lat' dir='ltr'><strong>exercitus</strong></span> <span class='ocrx_word' id='word_1_131' title='bbox 1528 1759 1766 1826; x_wconf 89' lang='lat' dir='ltr'><strong>ululare,</strong></span> <span class='ocrx_word' id='word_1_132' title='bbox 1800 1759 1934 1832; x_wconf 90' lang='lat' dir='ltr'><strong>quia</strong></span> <span class='ocrx_word' id='word_1_133' title='bbox 1957 1761 2148 1832; x_wconf 83' lang='lat' dir='ltr'><strong>prima</strong></span> <span class='ocrx_word' id='word_1_134' title='bbox 2165 1774 2215 1834; x_wconf 80' lang='grc' dir='ltr'><strong>Β</strong></span> 
     </span>
    </p>
   </div>
   <div class='ocr_carea' id='block_1_20' title="bbox 539 1846 2148 1922">
    <p class='ocr_par' dir='ltr' id='par_1_20' title="bbox 539 1846 2148 1922">
     <span class='ocr_line' id='line_1_20' title="bbox 539 1846 2148 1922; baseline 0.001 -18"><span class='ocrx_word' id='word_1_135' title='bbox 539 1849 676 1906; x_wconf 78' lang='lat' dir='ltr'><strong>vitia</strong></span> <span class='ocrx_word' id='word_1_136' title='bbox 693 1850 938 1922; x_wconf 68' lang='lat' dir='ltr'><strong>deceptae</strong></span> <span class='ocrx_word' id='word_1_137' title='bbox 958 1847 1136 1904; x_wconf 85' lang='lat' dir='ltr'><strong>menti</strong></span> <span class='ocrx_word' id='word_1_138' title='bbox 1157 1847 1318 1919; x_wconf 88' lang='lat' dir='ltr'><strong>quasi</strong></span> <span class='ocrx_word' id='word_1_139' title='bbox 1331 1846 1436 1901; x_wconf 86' lang='lat' dir='ltr'><strong>sub</strong></span> <span class='ocrx_word' id='word_1_140' title='bbox 1465 1849 1710 1918; x_wconf 84' lang='lat' dir='ltr'><strong>quadam</strong></span> <span class='ocrx_word' id='word_1_141' title='bbox 1739 1849 1959 1906; x_wconf 89' lang='lat' dir='ltr'><strong>ratione</strong></span> <span class='ocrx_word' id='word_1_142' title='bbox 1978 1867 2041 1905; x_wconf 90' lang='lat' dir='ltr'><strong>se</strong></span> <span class='ocrx_word' id='word_1_143' title='bbox 2057 1851 2148 1906; x_wconf 88' lang='lat' dir='ltr'><strong>in-</strong></span> 
     </span>
    </p>
   </div>
   <div class='ocr_carea' id='block_1_21' title="bbox 537 1938 2147 2018">
    <p class='ocr_par' dir='ltr' id='par_1_21' title="bbox 537 1938 2147 2018">
     <span class='ocr_line' id='line_1_21' title="bbox 537 1938 2147 2018; baseline -0.002 -20"><span class='ocrx_word' id='word_1_144' title='bbox 537 1945 756 2018; x_wconf 82' lang='lat' dir='ltr'><strong>serunt,</strong></span> <span class='ocrx_word' id='word_1_145' title='bbox 777 1939 878 1996; x_wconf 88' lang='lat' dir='ltr'><strong>sed</strong></span> <span class='ocrx_word' id='word_1_146' title='bbox 893 1938 1192 1994; x_wconf 88' lang='lat' dir='ltr'><strong>innumera</strong></span> <span class='ocrx_word' id='word_1_147' title='bbox 1219 1951 1343 2008; x_wconf 66' lang='lat' dir='ltr'><strong>qum</strong></span> <span class='ocrx_word' id='word_1_148' title='bbox 1371 1943 1706 2008; x_wconf 87' lang='lat' dir='ltr'><strong>sequuntur,</strong></span> <span class='ocrx_word' id='word_1_149' title='bbox 1739 1938 1877 1996; x_wconf 90' lang='lat' dir='ltr'><strong>dum</strong></span> <span class='ocrx_word' id='word_1_150' title='bbox 1903 1939 2049 1996; x_wconf 86' lang='lat' dir='ltr'><strong>hanc</strong></span> <span class='ocrx_word' id='word_1_151' title='bbox 2075 1939 2147 1995; x_wconf 88' lang='lat' dir='ltr'><strong>ad</strong></span> 
     </span>
    </p>
   </div>
   <div class='ocr_carea' id='block_1_22' title="bbox 539 2025 2148 2100">
    <p class='ocr_par' dir='ltr' id='par_1_22' title="bbox 539 2025 2148 2100">
     <span class='ocr_line' id='line_1_22' title="bbox 539 2025 2148 2100; baseline -0.002 -11"><span class='ocrx_word' id='word_1_152' title='bbox 539 2045 768 2089; x_wconf 84' lang='lat' dir='ltr'><strong>omnem</strong></span> <span class='ocrx_word' id='word_1_153' title='bbox 782 2027 1062 2084; x_wconf 86' lang='lat' dir='ltr'><strong>insaniam</strong></span> <span class='ocrx_word' id='word_1_154' title='bbox 1080 2025 1435 2100; x_wconf 85' lang='lat' dir='ltr'><strong>pertrahunt,</strong></span> <span class='ocrx_word' id='word_1_155' title='bbox 1467 2027 1629 2098; x_wconf 87' lang='lat' dir='ltr'><strong>quasi</strong></span> <span class='ocrx_word' id='word_1_156' title='bbox 1658 2026 1880 2084; x_wconf 88' lang='lat' dir='ltr'><strong>bestiali</strong></span> <span class='ocrx_word' id='word_1_157' title='bbox 1903 2028 2148 2085; x_wconf 87' lang='lat' dir='ltr'><strong>clamore</strong></span> 
     </span>
    </p>
   </div>
   <div class='ocr_carea' id='block_1_23' title="bbox 537 2115 2148 2190">
    <p class='ocr_par' dir='ltr' id='par_1_23' title="bbox 537 2115 2148 2190">
     <span class='ocr_line' id='line_1_23' title="bbox 537 2115 2148 2190; baseline -0.001 -13"><span class='ocrx_word' id='word_1_158' title='bbox 537 2117 908 2177; x_wconf 69' lang='lat' dir='ltr'><strong>contundunt.</strong></span> <span class='ocrx_word' id='word_1_159' title='bbox 933 2117 1043 2174; x_wconf 89' lang='lat' dir='ltr'><strong>Sed</strong></span> <span class='ocrx_word' id='word_1_160' title='bbox 1073 2117 1209 2188; x_wconf 80' lang='lat' dir='ltr'><strong>quia.</strong></span> <span class='ocrx_word' id='word_1_161' title='bbox 1239 2115 1350 2172; x_wconf 85' lang='lat' dir='ltr'><strong>huc</strong></span> <span class='ocrx_word' id='word_1_162' title='bbox 1371 2129 1553 2186; x_wconf 87' lang='lat' dir='ltr'><strong>usque</strong></span> <span class='ocrx_word' id='word_1_163' title='bbox 1581 2117 1651 2172; x_wconf 91' lang='lat' dir='ltr'><strong>de</strong></span> <span class='ocrx_word' id='word_1_164' title='bbox 1679 2121 1804 2173; x_wconf 86' lang='lat' dir='ltr'><strong>octo</strong></span> <span class='ocrx_word' id='word_1_165' title='bbox 1830 2118 2148 2190; x_wconf 85' lang='lat' dir='ltr'><strong>principali-</strong></span> 
     </span>
    </p>
   </div>
   <div class='ocr_carea' id='block_1_24' title="bbox 539 2206 2146 2281">
    <p class='ocr_par' dir='ltr' id='par_1_24' title="bbox 539 2206 2146 2281">
     <span class='ocr_line' id='line_1_24' title="bbox 539 2206 2146 2281; baseline -0.002 -13"><span class='ocrx_word' id='word_1_166' title='bbox 539 2206 648 2268; x_wconf 73' lang='lat' dir='ltr'><strong>bus</strong></span> <span class='ocrx_word' id='word_1_167' title='bbox 663 2207 814 2264; x_wconf 79' lang='lat' dir='ltr'><strong>vitiis</strong></span> <span class='ocrx_word' id='word_1_168' title='bbox 842 2221 1020 2280; x_wconf 85' lang='lat' dir='ltr'><strong>pauca</strong></span> <span class='ocrx_word' id='word_1_169' title='bbox 1047 2206 1327 2278; x_wconf 88' lang='lat' dir='ltr'><strong>carpendo</strong></span> <span class='ocrx_word' id='word_1_170' title='bbox 1374 2207 1844 2279; x_wconf 89' lang='lat' dir='ltr'><strong>deprompsimus,</strong></span> <span class='ocrx_word' id='word_1_171' title='bbox 1883 2207 2146 2281; x_wconf 89' lang='lat' dir='ltr'><strong>deinceps</strong></span> 
     </span>
    </p>
   </div>
   <div class='ocr_carea' id='block_1_25' title="bbox 539 2294 2144 2358">
    <p class='ocr_par' dir='ltr' id='par_1_25' title="bbox 539 2294 2144 2358">
     <span class='ocr_line' id='line_1_25' title="bbox 539 2294 2144 2358; baseline -0.004 0"><span class='ocrx_word' id='word_1_172' title='bbox 539 2296 920 2358; x_wconf 75' lang='lat' dir='ltr'><strong>necessarium</strong></span> <span class='ocrx_word' id='word_1_173' title='bbox 982 2294 1144 2352; x_wconf 87' lang='lat' dir='ltr'><strong>valde</strong></span> <span class='ocrx_word' id='word_1_174' title='bbox 1185 2311 1316 2352; x_wconf 91' lang='lat' dir='ltr'><strong>reor</strong></span> <span class='ocrx_word' id='word_1_175' title='bbox 1358 2301 1425 2352; x_wconf 85' lang='lat' dir='ltr'><strong>ut</strong></span> <span class='ocrx_word' id='word_1_176' title='bbox 1465 2312 1536 2352; x_wconf 81' lang='lat' dir='ltr'><strong>ex</strong></span> <span class='ocrx_word' id='word_1_177' title='bbox 1579 2295 1774 2351; x_wconf 88' lang='lat' dir='ltr'><strong>multis</strong></span> <span class='ocrx_word' id='word_1_178' title='bbox 1820 2300 2144 2352; x_wconf 89' lang='lat' dir='ltr'><strong>sanctorum</strong></span> 
     </span>
    </p>
   </div>
   <div class='ocr_carea' id='block_1_26' title="bbox 495 2383 2145 2459">
    <p class='ocr_par' dir='ltr' id='par_1_26' title="bbox 495 2383 2145 2459">
     <span class='ocr_line' id='line_1_26' title="bbox 495 2383 2145 2459; baseline -0.001 -17"><span class='ocrx_word' id='word_1_179' title='bbox 495 2435 503 2442; x_wconf 93' lang='lat'><strong>.</strong></span> <span class='ocrx_word' id='word_1_180' title='bbox 539 2393 768 2459; x_wconf 72' lang='lat' dir='ltr'><strong>patrum</strong></span> <span class='ocrx_word' id='word_1_181' title='bbox 795 2385 1079 2458; x_wconf 82' lang='lat' dir='ltr'><strong>opusculis</strong></span> <span class='ocrx_word' id='word_1_182' title='bbox 1099 2385 1269 2440; x_wconf 87' lang='lat' dir='ltr'><strong>latius</strong></span> <span class='ocrx_word' id='word_1_183' title='bbox 1319 2384 1630 2442; x_wconf 88' lang='lat' dir='ltr'><strong>secundum</strong></span> <span class='ocrx_word' id='word_1_184' title='bbox 1686 2383 1822 2457; x_wconf 87' lang='lat' dir='ltr'><strong>quid</strong></span> <span class='ocrx_word' id='word_1_185' title='bbox 1871 2384 2145 2442; x_wconf 85' lang='lat' dir='ltr'><strong>Dominus</strong></span> 
     </span>
    </p>
   </div>
   <div class='ocr_carea' id='block_1_27' title="bbox 541 2473 2146 2548">
    <p class='ocr_par' dir='ltr' id='par_1_27' title="bbox 541 2473 2146 2548">
     <span class='ocr_line' id='line_1_27' title="bbox 541 2473 2146 2548; baseline -0.002 -15"><span class='ocrx_word' id='word_1_186' title='bbox 541 2475 678 2533; x_wconf 81' lang='lat' dir='ltr'><strong>dare</strong></span> <span class='ocrx_word' id='word_1_187' title='bbox 704 2474 1052 2548; x_wconf 87' lang='lat' dir='ltr'><strong>dignabitur,</strong></span> <span class='ocrx_word' id='word_1_188' title='bbox 1064 2473 1313 2546; x_wconf 89' lang='lat' dir='ltr'><strong>primum</strong></span> <span class='ocrx_word' id='word_1_189' title='bbox 1329 2473 1575 2546; x_wconf 88' lang='lat' dir='ltr'><strong>origines</strong></span> <span class='ocrx_word' id='word_1_190' title='bbox 1597 2478 1658 2530; x_wconf 92' lang='lat' dir='ltr'><strong>et</strong></span> <span class='ocrx_word' id='word_1_191' title='bbox 1681 2479 1916 2530; x_wconf 89' lang='lat' dir='ltr'><strong>naturas</strong></span> <span class='ocrx_word' id='word_1_192' title='bbox 1925 2489 2146 2530; x_wconf 89' lang='lat' dir='ltr'><strong>eorum-</strong></span> 
     </span>
    </p>
   </div>
   <div class='ocr_carea' id='block_1_28' title="bbox 539 2563 2140 2634">
    <p class='ocr_par' dir='ltr' id='par_1_28' title="bbox 539 2563 2140 2634">
     <span class='ocr_line' id='line_1_28' title="bbox 539 2563 2140 2634; baseline -0.002 -11"><span class='ocrx_word' id='word_1_193' title='bbox 539 2566 691 2633; x_wconf 86' lang='lat' dir='ltr'><strong>dem,</strong></span> <span class='ocrx_word' id='word_1_194' title='bbox 749 2569 870 2621; x_wconf 86' lang='lat' dir='ltr'><strong>tam</strong></span> <span class='ocrx_word' id='word_1_195' title='bbox 917 2564 1186 2631; x_wconf 80' lang='lat' dir='ltr'><strong>minutas,</strong></span> <span class='ocrx_word' id='word_1_196' title='bbox 1227 2569 1345 2620; x_wconf 87' lang='lat' dir='ltr'><strong>tam</strong></span> <span class='ocrx_word' id='word_1_197' title='bbox 1401 2563 1669 2620; x_wconf 87' lang='lat' dir='ltr'><strong>obscuras</strong></span> <span class='ocrx_word' id='word_1_198' title='bbox 1721 2563 2140 2634; x_wconf 88' lang='lat' dir='ltr'><strong>investigemus.</strong></span> 
     </span>
    </p>
   </div>
   <div class='ocr_carea' id='block_1_29' title="bbox 539 2651 2146 2720">
    <p class='ocr_par' dir='ltr' id='par_1_29' title="bbox 539 2651 2146 2720">
     <span class='ocr_line' id='line_1_29' title="bbox 539 2651 2146 2720; baseline -0.002 -8"><span class='ocrx_word' id='word_1_199' title='bbox 539 2654 758 2712; x_wconf 84' lang='lat' dir='ltr'><strong>Deinde</strong></span> <span class='ocrx_word' id='word_1_200' title='bbox 785 2669 984 2712; x_wconf 62' lang='lat' dir='ltr'><strong>causa</strong></span> <span class='ocrx_word' id='word_1_201' title='bbox 1014 2658 1072 2709; x_wconf 88' lang='lat' dir='ltr'><strong>et</strong></span> <span class='ocrx_word' id='word_1_202' title='bbox 1093 2653 1414 2710; x_wconf 82' lang='lat' dir='ltr'><strong>vexationes</strong></span> <span class='ocrx_word' id='word_1_203' title='bbox 1441 2669 1661 2720; x_wconf 82' lang='lat' dir='ltr'><strong>eorum,</strong></span> <span class='ocrx_word' id='word_1_204' title='bbox 1690 2652 1994 2708; x_wconf 88' lang='lat' dir='ltr'><strong>acdemum</strong></span> <span class='ocrx_word' id='word_1_205' title='bbox 2021 2651 2146 2708; x_wconf 91' lang='lat' dir='ltr'><strong>ido-</strong></span> 
     </span>
    </p>
   </div>
   <div class='ocr_carea' id='block_1_30' title="bbox 527 2741 2146 2814">
    <p class='ocr_par' dir='ltr' id='par_1_30' title="bbox 527 2741 2146 2814">
     <span class='ocr_line' id='line_1_30' title="bbox 527 2741 2146 2814; baseline 0 -16"><span class='ocrx_word' id='word_1_206' title='bbox 527 2759 678 2800; x_wconf 80' lang='lat' dir='ltr'><strong>neas</strong></span> <span class='ocrx_word' id='word_1_207' title='bbox 703 2742 1024 2800; x_wconf 57' lang='lat' dir='ltr'><strong>arationes</strong></span> <span class='ocrx_word' id='word_1_208' title='bbox 1069 2757 1267 2800; x_wconf 86' lang='lat' dir='ltr'><strong>eorum</strong></span> <span class='ocrx_word' id='word_1_209' title='bbox 1323 2759 1390 2798; x_wconf 86' lang='lat' dir='ltr'><strong>ac</strong></span> <span class='ocrx_word' id='word_1_210' title='bbox 1432 2742 1700 2808; x_wconf 86' lang='lat' dir='ltr'><strong>remedia,</strong></span> <span class='ocrx_word' id='word_1_211' title='bbox 1752 2747 1819 2802; x_wconf 84' lang='lat' dir='ltr'><strong>ut</strong></span> <span class='ocrx_word' id='word_1_212' title='bbox 1870 2741 2146 2814; x_wconf 68' lang='lat' dir='ltr'><strong>capimus</strong></span> 
     </span>
    </p>
   </div>
   <div class='ocr_carea' id='block_1_31' title="bbox 540 2831 1201 2906">
    <p class='ocr_par' dir='ltr' id='par_1_31' title="bbox 540 2831 1201 2906">
     <span class='ocr_line' id='line_1_31' title="bbox 540 2831 1201 2906; baseline -0.005 -16"><span class='ocrx_word' id='word_1_213' title='bbox 540 2831 822 2906; x_wconf 80' lang='lat' dir='ltr'><strong>carpendo</strong></span> <span class='ocrx_word' id='word_1_214' title='bbox 848 2831 1201 2903; x_wconf 74' lang='lat' dir='ltr'><strong>indagemus.</strong></span> 
     </span>
    </p>
   </div>
   <div class='ocr_carea' id='block_1_32' title="bbox 643 2965 2002 3066">
    <p class='ocr_par' dir='ltr' id='par_1_32' title="bbox 643 2965 2002 3066">
     <span class='ocr_line' id='line_1_32' title="bbox 643 2965 2002 3066; baseline -0.001 -36"><span class='ocrx_word' id='word_1_215' title='bbox 643 2965 801 3066; x_wconf 2' lang='lat' dir='ltr'><strong>Q&#39;CAP.</strong></span> <span class='ocrx_word' id='word_1_216' title='bbox 826 2971 928 3031; x_wconf 84' lang='lat' dir='ltr'><strong>III.</strong></span> <span class='ocrx_word' id='word_1_217' title='bbox 961 3003 1027 3016; x_wconf 92' lang='lat'>—</span> <span class='ocrx_word' id='word_1_218' title='bbox 1057 2974 1130 3031; x_wconf 79' lang='lat' dir='ltr'><strong>De</strong></span> <span class='ocrx_word' id='word_1_219' title='bbox 1160 2979 1370 3031; x_wconf 77' lang='lat' dir='ltr'><strong>natura</strong></span> <span class='ocrx_word' id='word_1_220' title='bbox 1399 2977 1448 3030; x_wconf 77' lang='lat' dir='ltr'><strong>et</strong></span> <span class='ocrx_word' id='word_1_221' title='bbox 1476 2974 1693 3044; x_wconf 78' lang='lat' dir='ltr'><strong>origine</strong></span> <span class='ocrx_word' id='word_1_222' title='bbox 1719 2974 2002 3043; x_wconf 63' lang='lat' dir='ltr'><strong>superbia.</strong></span> 
     </span>
    </p>
   </div>
   <div class='ocr_carea' id='block_1_33' title="bbox 615 3096 2194 3170">
    <p class='ocr_par' dir='ltr' id='par_1_33' title="bbox 615 3096 2194 3170">
     <span class='ocr_line' id='line_1_33' title="bbox 615 3096 2194 3170; baseline -0.001 -14"><span class='ocrx_word' id='word_1_223' title='bbox 615 3099 810 3170; x_wconf 58' lang='grc' dir='ltr'><strong>(σωκ.)</strong></span> <span class='ocrx_word' id='word_1_224' title='bbox 841 3097 1328 3164; x_wconf 72' lang='lat' dir='ltr'><strong>Quemadmodum</strong></span> <span class='ocrx_word' id='word_1_225' title='bbox 1353 3113 1484 3154; x_wconf 85' lang='lat' dir='ltr'><strong>vero</strong></span> <span class='ocrx_word' id='word_1_226' title='bbox 1541 3098 1712 3168; x_wconf 68' lang='lat' dir='ltr'><strong>huius</strong></span> <span class='ocrx_word' id='word_1_227' title='bbox 1754 3096 1937 3152; x_wconf 87' lang='lat' dir='ltr'><strong>morbi</strong></span> <span class='ocrx_word' id='word_1_228' title='bbox 1987 3096 2194 3160; x_wconf 88' lang='lat' dir='ltr'><strong>virusC</strong></span> 
     </span>
    </p>
   </div>
   <div class='ocr_carea' id='block_1_34' title="bbox 542 3186 2140 3261">
    <p class='ocr_par' dir='ltr' id='par_1_34' title="bbox 542 3186 2140 3261">
     <span class='ocr_line' id='line_1_34' title="bbox 542 3186 2140 3261; baseline -0.001 -17"><span class='ocrx_word' id='word_1_229' title='bbox 542 3187 1079 3261; x_wconf 78' lang='lat' dir='ltr'><strong>perniciosissimum</strong></span> <span class='ocrx_word' id='word_1_230' title='bbox 1105 3187 1419 3243; x_wconf 88' lang='lat' dir='ltr'><strong>devitemus</strong></span> <span class='ocrx_word' id='word_1_231' title='bbox 1465 3186 1674 3242; x_wconf 87' lang='lat' dir='ltr'><strong>instrui</strong></span> <span class='ocrx_word' id='word_1_232' title='bbox 1726 3186 2056 3258; x_wconf 87' lang='lat' dir='ltr'><strong>poterimus,</strong></span> <span class='ocrx_word' id='word_1_233' title='bbox 2091 3186 2140 3242; x_wconf 90' lang='lat' dir='ltr'><strong>si</strong></span> 
     </span>
    </p>
   </div>
   <div class='ocr_carea' id='block_1_35' title="bbox 540 3275 2138 3349">
    <p class='ocr_par' dir='ltr' id='par_1_35' title="bbox 540 3275 2138 3349">
     <span class='ocr_line' id='line_1_35' title="bbox 540 3275 2138 3349; baseline -0.002 -16"><span class='ocrx_word' id='word_1_234' title='bbox 540 3277 721 3333; x_wconf 66' lang='lat' dir='ltr'><strong>ruinae</strong></span> <span class='ocrx_word' id='word_1_235' title='bbox 734 3277 914 3349; x_wconf 85' lang='lat' dir='ltr'><strong>ipsius</strong></span> <span class='ocrx_word' id='word_1_236' title='bbox 948 3292 1146 3333; x_wconf 83' lang='lat' dir='ltr'><strong>causas</strong></span> <span class='ocrx_word' id='word_1_237' title='bbox 1187 3281 1358 3348; x_wconf 83' lang='lat' dir='ltr'><strong>atque</strong></span> <span class='ocrx_word' id='word_1_238' title='bbox 1388 3275 1666 3346; x_wconf 80' lang='lat' dir='ltr'><strong>originem</strong></span> <span class='ocrx_word' id='word_1_239' title='bbox 1715 3291 2138 3346; x_wconf 77' lang='lat' dir='ltr'><strong>persequamur.</strong></span> 
     </span>
    </p>
   </div>
   <div class='ocr_carea' id='block_1_36' title="bbox 537 3363 2143 3438">
    <p class='ocr_par' dir='ltr' id='par_1_36' title="bbox 537 3363 2143 3438">
     <span class='ocr_line' id='line_1_36' title="bbox 537 3363 2143 3438; baseline -0.002 -14"><span class='ocrx_word' id='word_1_240' title='bbox 537 3367 844 3438; x_wconf 86' lang='lat' dir='ltr'><strong>Nunquam</strong></span> <span class='ocrx_word' id='word_1_241' title='bbox 875 3365 1026 3422; x_wconf 89' lang='lat' dir='ltr'><strong>enim</strong></span> <span class='ocrx_word' id='word_1_242' title='bbox 1051 3365 1238 3422; x_wconf 87' lang='lat' dir='ltr'><strong>curari</strong></span> <span class='ocrx_word' id='word_1_243' title='bbox 1266 3365 1522 3437; x_wconf 86' lang='lat' dir='ltr'><strong>languor,</strong></span> <span class='ocrx_word' id='word_1_244' title='bbox 1552 3380 1658 3420; x_wconf 89' lang='lat' dir='ltr'><strong>nec</strong></span> <span class='ocrx_word' id='word_1_245' title='bbox 1693 3363 1943 3419; x_wconf 88' lang='lat' dir='ltr'><strong>remedia</strong></span> <span class='ocrx_word' id='word_1_246' title='bbox 1981 3369 2143 3436; x_wconf 85' lang='lat' dir='ltr'><strong>pote-</strong></span> 
     </span>
    </p>
   </div>
   <div class='ocr_carea' id='block_1_37' title="bbox 540 3453 2142 3526">
    <p class='ocr_par' dir='ltr' id='par_1_37' title="bbox 540 3453 2142 3526">
     <span class='ocr_line' id='line_1_37' title="bbox 540 3453 2142 3526; baseline -0.002 -14"><span class='ocrx_word' id='word_1_247' title='bbox 540 3461 680 3512; x_wconf 89' lang='lat' dir='ltr'><strong>runt</strong></span> <span class='ocrx_word' id='word_1_248' title='bbox 696 3455 860 3512; x_wconf 85' lang='lat' dir='ltr'><strong>malis</strong></span> <span class='ocrx_word' id='word_1_249' title='bbox 885 3453 1298 3511; x_wconf 87' lang='lat' dir='ltr'><strong>valetudinibus</strong></span> <span class='ocrx_word' id='word_1_250' title='bbox 1340 3453 1612 3521; x_wconf 80' lang='lat' dir='ltr'><strong>exhiberi,</strong></span> <span class='ocrx_word' id='word_1_251' title='bbox 1637 3453 1746 3509; x_wconf 90' lang='lat' dir='ltr'><strong>nisi</strong></span> <span class='ocrx_word' id='word_1_252' title='bbox 1775 3453 1932 3525; x_wconf 89' lang='lat' dir='ltr'><strong>prius</strong></span> <span class='ocrx_word' id='word_1_253' title='bbox 1960 3453 2142 3526; x_wconf 86' lang='lat' dir='ltr'><strong>inqui-</strong></span> 
     </span>
    </p>
   </div>
   <div class='ocr_carea' id='block_1_38' title="bbox 536 3542 2135 3617">
    <p class='ocr_par' dir='ltr' id='par_1_38' title="bbox 536 3542 2135 3617">
     <span class='ocr_line' id='line_1_38' title="bbox 536 3542 2135 3617; baseline -0.004 -13"><span class='ocrx_word' id='word_1_254' title='bbox 536 3544 746 3604; x_wconf 84' lang='lat' dir='ltr'><strong>sitione</strong></span> <span class='ocrx_word' id='word_1_255' title='bbox 760 3545 949 3617; x_wconf 86' lang='lat' dir='ltr'><strong>sagaci</strong></span> <span class='ocrx_word' id='word_1_256' title='bbox 959 3543 1206 3616; x_wconf 88' lang='lat' dir='ltr'><strong>origines</strong></span> <span class='ocrx_word' id='word_1_257' title='bbox 1225 3559 1423 3600; x_wconf 85' lang='lat' dir='ltr'><strong>earum</strong></span> <span class='ocrx_word' id='word_1_258' title='bbox 1441 3542 1852 3615; x_wconf 88' lang='lat' dir='ltr'><strong>investigentur</strong></span> <span class='ocrx_word' id='word_1_259' title='bbox 1864 3547 1924 3598; x_wconf 88' lang='lat' dir='ltr'><strong>et</strong></span> <span class='ocrx_word' id='word_1_260' title='bbox 1933 3559 2135 3599; x_wconf 71' lang='lat' dir='ltr'><strong>causae.</strong></span> 
     </span>
    </p>
   </div>
   <div class='ocr_carea' id='block_1_39' title="bbox 536 3631 2140 3706">
    <p class='ocr_par' dir='ltr' id='par_1_39' title="bbox 536 3631 2140 3706">
     <span class='ocr_line' id='line_1_39' title="bbox 536 3631 2140 3706; baseline -0.002 -14"><span class='ocrx_word' id='word_1_261' title='bbox 536 3634 922 3706; x_wconf 71' lang='lat' dir='ltr'><strong>Aruhangelus</strong></span> <span class='ocrx_word' id='word_1_262' title='bbox 942 3649 1187 3705; x_wconf 81' lang='lat' dir='ltr'><strong>namque</strong></span> <span class='ocrx_word' id='word_1_263' title='bbox 1199 3633 1294 3689; x_wconf 90' lang='lat' dir='ltr'><strong>ille</strong></span> <span class='ocrx_word' id='word_1_264' title='bbox 1323 3633 1420 3706; x_wconf 89' lang='lat' dir='ltr'><strong>qui</strong></span> <span class='ocrx_word' id='word_1_265' title='bbox 1436 3649 1538 3705; x_wconf 90' lang='lat' dir='ltr'><strong>pro</strong></span> <span class='ocrx_word' id='word_1_266' title='bbox 1557 3631 1851 3688; x_wconf 88' lang='lat' dir='ltr'><strong>nimietate</strong></span> <span class='ocrx_word' id='word_1_267' title='bbox 1881 3631 2140 3704; x_wconf 87' lang='lat' dir='ltr'><strong>splendo-</strong></span> 
     </span>
    </p>
   </div>
   <div class='ocr_carea' id='block_1_40' title="bbox 538 3721 2136 3794">
    <p class='ocr_par' dir='ltr' id='par_1_40' title="bbox 538 3721 2136 3794">
     <span class='ocr_line' id='line_1_40' title="bbox 538 3721 2136 3794; baseline -0.003 -14"><span class='ocrx_word' id='word_1_268' title='bbox 538 3723 620 3780; x_wconf 86' lang='lat' dir='ltr'><strong>ris</strong></span> <span class='ocrx_word' id='word_1_269' title='bbox 641 3739 710 3780; x_wconf 82' lang='lat' dir='ltr'><strong>ac</strong></span> <span class='ocrx_word' id='word_1_270' title='bbox 739 3723 958 3779; x_wconf 84' lang='lat' dir='ltr'><strong>decoris</strong></span> <span class='ocrx_word' id='word_1_271' title='bbox 986 3721 1076 3780; x_wconf 87' lang='lat' dir='ltr'><strong>sui</strong></span> <span class='ocrx_word' id='word_1_272' title='bbox 1100 3722 1296 3778; x_wconf 88' lang='lat' dir='ltr'><strong>lucifer</strong></span> <span class='ocrx_word' id='word_1_273' title='bbox 1321 3727 1679 3794; x_wconf 86' lang='lat' dir='ltr'><strong>nuncupatus</strong></span> <span class='ocrx_word' id='word_1_274' title='bbox 1705 3726 1811 3789; x_wconf 90' lang='lat' dir='ltr'><strong>est,</strong></span> <span class='ocrx_word' id='word_1_275' title='bbox 1832 3721 1988 3777; x_wconf 91' lang='lat' dir='ltr'><strong>nullo</strong></span> <span class='ocrx_word' id='word_1_276' title='bbox 2025 3721 2136 3778; x_wconf 87' lang='lat' dir='ltr'><strong>alio</strong></span> 
     </span>
    </p>
   </div>
   <div class='ocr_carea' id='block_1_41' title="bbox 541 3809 2138 3885">
    <p class='ocr_par' dir='ltr' id='par_1_41' title="bbox 541 3809 2138 3885">
     <span class='ocr_line' id='line_1_41' title="bbox 541 3809 2138 3885; baseline -0.003 -16"><span class='ocrx_word' id='word_1_277' title='bbox 541 3827 713 3885; x_wconf 76' lang='lat' dir='ltr'><strong>quam</strong></span> <span class='ocrx_word' id='word_1_278' title='bbox 759 3812 1035 3885; x_wconf 64' lang='lat' dir='ltr'><strong>superbia</strong></span> <span class='ocrx_word' id='word_1_279' title='bbox 1069 3811 1206 3866; x_wconf 85' lang='lat' dir='ltr'><strong>vitio</strong></span> <span class='ocrx_word' id='word_1_280' title='bbox 1241 3811 1492 3883; x_wconf 88' lang='lat' dir='ltr'><strong>dejectus</strong></span> <span class='ocrx_word' id='word_1_281' title='bbox 1521 3816 1607 3866; x_wconf 90' lang='lat' dir='ltr'><strong>est</strong></span> <span class='ocrx_word' id='word_1_282' title='bbox 1632 3810 1703 3866; x_wconf 91' lang='lat' dir='ltr'><strong>de</strong></span> <span class='ocrx_word' id='word_1_283' title='bbox 1723 3809 1823 3866; x_wconf 89' lang='lat' dir='ltr'><strong>illa</strong></span> <span class='ocrx_word' id='word_1_284' title='bbox 1843 3809 2012 3865; x_wconf 86' lang='lat' dir='ltr'><strong>beata</strong></span> <span class='ocrx_word' id='word_1_285' title='bbox 2039 3825 2138 3871; x_wconf 84' lang='lat' dir='ltr'><strong>an-</strong></span> 
     </span>
    </p>
   </div>
   <div class='ocr_carea' id='block_1_42' title="bbox 535 3899 2137 3973">
    <p class='ocr_par' dir='ltr' id='par_1_42' title="bbox 535 3899 2137 3973">
     <span class='ocr_line' id='line_1_42' title="bbox 535 3899 2137 3973; baseline -0.002 -15"><span class='ocrx_word' id='word_1_286' title='bbox 535 3901 794 3973; x_wconf 88' lang='lat' dir='ltr'><strong>gelorum</strong></span> <span class='ocrx_word' id='word_1_287' title='bbox 812 3901 1076 3968; x_wconf 86' lang='lat' dir='ltr'><strong>statione,</strong></span> <span class='ocrx_word' id='word_1_288' title='bbox 1101 3905 1159 3956; x_wconf 90' lang='lat' dir='ltr'><strong>et</strong></span> <span class='ocrx_word' id='word_1_289' title='bbox 1176 3899 1249 3955; x_wconf 84' lang='lat' dir='ltr'><strong>ad</strong></span> <span class='ocrx_word' id='word_1_290' title='bbox 1268 3899 1490 3955; x_wconf 78' lang='lat' dir='ltr'><strong>inferna</strong></span> <span class='ocrx_word' id='word_1_291' title='bbox 1515 3899 1813 3972; x_wconf 86' lang='lat' dir='ltr'><strong>collapsus.</strong></span> <span class='ocrx_word' id='word_1_292' title='bbox 1843 3899 1948 3954; x_wconf 88' lang='lat' dir='ltr'><strong>Hic</strong></span> <span class='ocrx_word' id='word_1_293' title='bbox 1974 3915 2137 3954; x_wconf 86' lang='lat' dir='ltr'><strong>nam-</strong></span> 
     </span>
    </p>
   </div>
   <div class='ocr_carea' id='block_1_43' title="bbox 537 3987 2136 4062">
    <p class='ocr_par' dir='ltr' id='par_1_43' title="bbox 537 3987 2136 4062">
     <span class='ocr_line' id='line_1_43' title="bbox 537 3987 2136 4062; baseline -0.003 -16"><span class='ocrx_word' id='word_1_294' title='bbox 537 4005 648 4062; x_wconf 88' lang='lat' dir='ltr'><strong>que</strong></span> <span class='ocrx_word' id='word_1_295' title='bbox 672 3990 905 4046; x_wconf 84' lang='lat' dir='ltr'><strong>indutus</strong></span> <span class='ocrx_word' id='word_1_296' title='bbox 919 3987 1392 4056; x_wconf 84' lang='lat' dir='ltr'><strong>divinaclaritate,</strong></span> <span class='ocrx_word' id='word_1_297' title='bbox 1416 3994 1476 4043; x_wconf 91' lang='lat' dir='ltr'><strong>et</strong></span> <span class='ocrx_word' id='word_1_298' title='bbox 1502 3988 1652 4044; x_wconf 87' lang='lat' dir='ltr'><strong>inter</strong></span> <span class='ocrx_word' id='word_1_299' title='bbox 1679 3993 1910 4044; x_wconf 68' lang='lat' dir='ltr'><strong>ceteras</strong></span> <span class='ocrx_word' id='word_1_300' title='bbox 1938 4005 2136 4060; x_wconf 90' lang='lat' dir='ltr'><strong>super-</strong></span> 
     </span>
    </p>
   </div>
   <div class='ocr_carea' id='block_1_44' title="bbox 538 4075 2136 4149">
    <p class='ocr_par' dir='ltr' id='par_1_44' title="bbox 538 4075 2136 4149">
     <span class='ocr_line' id='line_1_44' title="bbox 538 4075 2136 4149; baseline -0.002 -15"><span class='ocrx_word' id='word_1_301' title='bbox 538 4094 643 4134; x_wconf 91' lang='lat' dir='ltr'><strong>nas</strong></span> <span class='ocrx_word' id='word_1_302' title='bbox 665 4075 903 4136; x_wconf 79' lang='lat' dir='ltr'><strong>virtutes</strong></span> <span class='ocrx_word' id='word_1_303' title='bbox 927 4077 1234 4134; x_wconf 85' lang='lat' dir='ltr'><strong>conditoris</strong></span> <span class='ocrx_word' id='word_1_304' title='bbox 1256 4077 1516 4148; x_wconf 85' lang='lat' dir='ltr'><strong>largitate</strong></span> <span class='ocrx_word' id='word_1_305' title='bbox 1553 4077 1908 4149; x_wconf 70' lang='lat' dir='ltr'><strong>praefulgens,</strong></span> <span class='ocrx_word' id='word_1_306' title='bbox 1947 4077 2136 4148; x_wconf 88' lang='lat' dir='ltr'><strong>splen-</strong></span> 
     </span>
    </p>
   </div>
   <div class='ocr_carea' id='block_1_45' title="bbox 519 4165 2138 4241">
    <p class='ocr_par' dir='ltr' id='par_1_45' title="bbox 519 4165 2138 4241">
     <span class='ocr_line' id='line_1_45' title="bbox 519 4165 2138 4241; baseline -0.001 -19"><span class='ocrx_word' id='word_1_307' title='bbox 519 4166 732 4225; x_wconf 72' lang='lat' dir='ltr'><strong>dorem</strong></span> <span class='ocrx_word' id='word_1_308' title='bbox 768 4166 1056 4241; x_wconf 71' lang='lat' dir='ltr'><strong>sapientiae</strong></span> <span class='ocrx_word' id='word_1_309' title='bbox 1077 4171 1138 4222; x_wconf 85' lang='lat' dir='ltr'><strong>et</strong></span> <span class='ocrx_word' id='word_1_310' title='bbox 1163 4166 1434 4222; x_wconf 83' lang='lat' dir='ltr'><strong>virtutum</strong></span> <span class='ocrx_word' id='word_1_311' title='bbox 1491 4165 1987 4238; x_wconf 79' lang='lat' dir='ltr'><strong>pulchritudinem,</strong></span> <span class='ocrx_word' id='word_1_312' title='bbox 2026 4181 2138 4237; x_wconf 88' lang='lat' dir='ltr'><strong>qua</strong></span> 
     </span>
    </p>
   </div>
   <div class='ocr_carea' id='block_1_46' title="bbox 536 4255 2132 4328">
    <p class='ocr_par' dir='ltr' id='par_1_46' title="bbox 536 4255 2132 4328">
     <span class='ocr_line' id='line_1_46' title="bbox 536 4255 2132 4328; baseline -0.001 -16"><span class='ocrx_word' id='word_1_313' title='bbox 536 4255 847 4312; x_wconf 79' lang='lat' dir='ltr'><strong>ornabatur</strong></span> <span class='ocrx_word' id='word_1_314' title='bbox 870 4255 1056 4328; x_wconf 82' lang='lat' dir='ltr'><strong>gratia</strong></span> <span class='ocrx_word' id='word_1_315' title='bbox 1092 4255 1379 4321; x_wconf 82' lang='lat' dir='ltr'><strong>creatoris,</strong></span> <span class='ocrx_word' id='word_1_316' title='bbox 1406 4261 1623 4310; x_wconf 71' lang='lat' dir='ltr'><strong>naturis</strong></span> <span class='ocrx_word' id='word_1_317' title='bbox 1677 4271 1794 4310; x_wconf 82' lang='lat' dir='ltr'><strong>suae</strong></span> <span class='ocrx_word' id='word_1_318' title='bbox 1851 4255 2132 4327; x_wconf 74' lang='lat' dir='ltr'><strong>potentiae,</strong></span> 
     </span>
    </p>
   </div>
   <div class='ocr_carea' id='block_1_47' title="bbox 535 4339 2146 4412">
    <p class='ocr_par' dir='ltr' id='par_1_47' title="bbox 535 4339 2146 4412">
     <span class='ocr_line' id='line_1_47' title="bbox 535 4339 2146 4412; baseline -0.002 -10"><span class='ocrx_word' id='word_1_319' title='bbox 535 4361 651 4402; x_wconf 85' lang='lat' dir='ltr'><strong>non</strong></span> <span class='ocrx_word' id='word_1_320' title='bbox 661 4345 1059 4402; x_wconf 68' lang='lat' dir='ltr'><strong>muniﬁcentiae</strong></span> <span class='ocrx_word' id='word_1_321' title='bbox 1072 4344 1225 4400; x_wconf 88' lang='lat' dir='ltr'><strong>illius</strong></span> <span class='ocrx_word' id='word_1_322' title='bbox 1241 4343 1592 4411; x_wconf 83' lang='lat' dir='ltr'><strong>beneﬁcio,se</strong></span> <span class='ocrx_word' id='word_1_323' title='bbox 1600 4343 1840 4402; x_wconf 82' lang='lat' dir='ltr'><strong>credidit</strong></span> <span class='ocrx_word' id='word_1_324' title='bbox 1859 4339 2146 4412; x_wconf 68' lang='lat' dir='ltr'><strong>obtinere,‘</strong></span> 
     </span>
    </p>
   </div>
   <div class='ocr_carea' id='block_1_48' title="bbox 530 4433 2196 4521">
    <p class='ocr_par' dir='ltr' id='par_1_48' title="bbox 530 4433 2196 4521">
     <span class='ocr_line' id='line_1_48' title="bbox 530 4433 2196 4521; baseline -0.002 -30"><span class='ocrx_word' id='word_1_325' title='bbox 530 4439 598 4492; x_wconf 83' lang='lat' dir='ltr'><strong>et</strong></span> <span class='ocrx_word' id='word_1_326' title='bbox 623 4435 696 4490; x_wconf 91' lang='lat' dir='ltr'><strong>ob</strong></span> <span class='ocrx_word' id='word_1_327' title='bbox 723 4435 826 4490; x_wconf 84' lang='lat' dir='ltr'><strong>hoc</strong></span> <span class='ocrx_word' id='word_1_328' title='bbox 845 4435 1026 4491; x_wconf 88' lang='lat' dir='ltr'><strong>elatus</strong></span> <span class='ocrx_word' id='word_1_329' title='bbox 1061 4440 1334 4506; x_wconf 83' lang='lat' dir='ltr'><strong>tanquam</strong></span> <span class='ocrx_word' id='word_1_330' title='bbox 1389 4433 1486 4506; x_wconf 91' lang='lat' dir='ltr'><strong>qui</strong></span> <span class='ocrx_word' id='word_1_331' title='bbox 1539 4433 1612 4487; x_wconf 86' lang='lat' dir='ltr'><strong>ad</strong></span> <span class='ocrx_word' id='word_1_332' title='bbox 1659 4433 2134 4504; x_wconf 85' lang='lat' dir='ltr'><strong>perseverantiam</strong></span> <span class='ocrx_word' id='word_1_333' title='bbox 2147 4463 2196 4521; x_wconf 83' lang='lat' dir='ltr'><strong>D</strong></span> 
     </span>
    </p>
   </div>
   <div class='ocr_carea' id='block_1_49' title="bbox 537 4521 2132 4597">
    <p class='ocr_par' dir='ltr' id='par_1_49' title="bbox 537 4521 2132 4597">
     <span class='ocr_line' id='line_1_49' title="bbox 537 4521 2132 4597; baseline -0.003 -16"><span class='ocrx_word' id='word_1_334' title='bbox 537 4525 801 4597; x_wconf 72' lang='lat' dir='ltr'><strong>puritatis</strong></span> <span class='ocrx_word' id='word_1_335' title='bbox 829 4525 1000 4596; x_wconf 70' lang='lat' dir='ltr'><strong>hujus</strong></span> <span class='ocrx_word' id='word_1_336' title='bbox 1027 4524 1216 4580; x_wconf 91' lang='lat' dir='ltr'><strong>divino</strong></span> <span class='ocrx_word' id='word_1_337' title='bbox 1243 4540 1357 4579; x_wconf 88' lang='lat' dir='ltr'><strong>non</strong></span> <span class='ocrx_word' id='word_1_338' title='bbox 1384 4528 1578 4594; x_wconf 89' lang='lat' dir='ltr'><strong>egeret</strong></span> <span class='ocrx_word' id='word_1_339' title='bbox 1605 4521 1816 4578; x_wconf 83' lang='lat' dir='ltr'><strong>auxilio</strong></span> <span class='ocrx_word' id='word_1_340' title='bbox 1832 4523 1948 4578; x_wconf 89' lang='lat' dir='ltr'><strong>Deo</strong></span> <span class='ocrx_word' id='word_1_341' title='bbox 1967 4539 2027 4577; x_wconf 90' lang='lat' dir='ltr'><strong>se</strong></span> <span class='ocrx_word' id='word_1_342' title='bbox 2053 4523 2132 4577; x_wconf 88' lang='lat' dir='ltr'><strong>si-</strong></span> 
     </span>
    </p>
   </div>
   <div class='ocr_carea' id='block_1_50' title="bbox 536 4611 2135 4685">
    <p class='ocr_par' dir='ltr' id='par_1_50' title="bbox 536 4611 2135 4685">
     <span class='ocr_line' id='line_1_50' title="bbox 536 4611 2135 4685; baseline -0.001 -16"><span class='ocrx_word' id='word_1_343' title='bbox 536 4613 730 4670; x_wconf 85' lang='lat' dir='ltr'><strong>milem</strong></span> <span class='ocrx_word' id='word_1_344' title='bbox 746 4613 1037 4685; x_wconf 81' lang='lat' dir='ltr'><strong>judicavit,</strong></span> <span class='ocrx_word' id='word_1_345' title='bbox 1059 4613 1178 4670; x_wconf 68' lang='lat' dir='ltr'><strong>hec</strong></span> <span class='ocrx_word' id='word_1_346' title='bbox 1203 4612 1354 4668; x_wconf 90' lang='lat' dir='ltr'><strong>enim</strong></span> <span class='ocrx_word' id='word_1_347' title='bbox 1382 4613 1504 4667; x_wconf 90' lang='lat' dir='ltr'><strong>sola</strong></span> <span class='ocrx_word' id='word_1_348' title='bbox 1529 4611 1794 4684; x_wconf 87' lang='lat' dir='ltr'><strong>cogitatio</strong></span> <span class='ocrx_word' id='word_1_349' title='bbox 1809 4611 2135 4668; x_wconf 83' lang='lat' dir='ltr'><strong>factaruina</strong></span> 
     </span>
    </p>
   </div>
   <div class='ocr_carea' id='block_1_51' title="bbox 535 4700 2132 4776">
    <p class='ocr_par' dir='ltr' id='par_1_51' title="bbox 535 4700 2132 4776">
     <span class='ocr_line' id='line_1_51' title="bbox 535 4700 2132 4776; baseline -0.002 -16"><span class='ocrx_word' id='word_1_350' title='bbox 535 4707 644 4760; x_wconf 80' lang='lat' dir='ltr'><strong>est.</strong></span> <span class='ocrx_word' id='word_1_351' title='bbox 666 4701 752 4758; x_wconf 88' lang='lat' dir='ltr'><strong>Ob</strong></span> <span class='ocrx_word' id='word_1_352' title='bbox 779 4718 950 4776; x_wconf 89' lang='lat' dir='ltr'><strong>quam</strong></span> <span class='ocrx_word' id='word_1_353' title='bbox 976 4703 1233 4759; x_wconf 88' lang='lat' dir='ltr'><strong>desertus</strong></span> <span class='ocrx_word' id='word_1_354' title='bbox 1263 4719 1300 4757; x_wconf 87' lang='lat' dir='ltr'><strong>a</strong></span> <span class='ocrx_word' id='word_1_355' title='bbox 1326 4703 1443 4758; x_wconf 90' lang='lat' dir='ltr'><strong>Deo</strong></span> <span class='ocrx_word' id='word_1_356' title='bbox 1463 4700 1868 4758; x_wconf 86' lang='lat' dir='ltr'><strong>beatitudinem</strong></span> <span class='ocrx_word' id='word_1_357' title='bbox 1889 4717 2001 4773; x_wconf 88' lang='lat' dir='ltr'><strong>qua</strong></span> <span class='ocrx_word' id='word_1_358' title='bbox 2031 4701 2132 4758; x_wconf 89' lang='lat' dir='ltr'><strong>Dei</strong></span> 
     </span>
    </p>
   </div>
   <div class='ocr_carea' id='block_1_52' title="bbox 535 4789 2132 4862">
    <p class='ocr_par' dir='ltr' id='par_1_52' title="bbox 535 4789 2132 4862">
     <span class='ocr_line' id='line_1_52' title="bbox 535 4789 2132 4862; baseline -0.001 -14"><span class='ocrx_word' id='word_1_359' title='bbox 535 4805 772 4848; x_wconf 87' lang='lat' dir='ltr'><strong>munere</strong></span> <span class='ocrx_word' id='word_1_360' title='bbox 825 4789 1119 4847; x_wconf 84' lang='lat' dir='ltr'><strong>fruebatur</strong></span> <span class='ocrx_word' id='word_1_361' title='bbox 1177 4791 1385 4846; x_wconf 87' lang='lat' dir='ltr'><strong>amisit.</strong></span> <span class='ocrx_word' id='word_1_362' title='bbox 1446 4791 1576 4846; x_wconf 82' lang='lat' dir='ltr'><strong>Haec</strong></span> <span class='ocrx_word' id='word_1_363' title='bbox 1604 4795 1690 4845; x_wconf 90' lang='lat' dir='ltr'><strong>est</strong></span> <span class='ocrx_word' id='word_1_364' title='bbox 1734 4789 1928 4862; x_wconf 63' lang='lat' dir='ltr'><strong>prime</strong></span> <span class='ocrx_word' id='word_1_365' title='bbox 1955 4790 2132 4846; x_wconf 78' lang='lat' dir='ltr'><strong>ruinae</strong></span> 
     </span>
    </p>
   </div>
   <div class='ocr_carea' id='block_1_53' title="bbox 531 4878 2133 4953">
    <p class='ocr_par' dir='ltr' id='par_1_53' title="bbox 531 4878 2133 4953">
     <span class='ocr_line' id='line_1_53' title="bbox 531 4878 2133 4953; baseline -0.004 -13"><span class='ocrx_word' id='word_1_366' title='bbox 531 4895 706 4940; x_wconf 67' lang='lat' dir='ltr'><strong>cuum</strong></span> <span class='ocrx_word' id='word_1_367' title='bbox 749 4885 810 4936; x_wconf 88' lang='lat' dir='ltr'><strong>et</strong></span> <span class='ocrx_word' id='word_1_368' title='bbox 846 4880 1008 4952; x_wconf 86' lang='lat' dir='ltr'><strong>origo</strong></span> <span class='ocrx_word' id='word_1_369' title='bbox 1033 4879 1356 4953; x_wconf 85' lang='lat' dir='ltr'><strong>principalis</strong></span> <span class='ocrx_word' id='word_1_370' title='bbox 1383 4878 1586 4946; x_wconf 91' lang='lat' dir='ltr'><strong>morbi,</strong></span> <span class='ocrx_word' id='word_1_371' title='bbox 1618 4879 1870 4935; x_wconf 89' lang='lat' dir='ltr'><strong>omnium</strong></span> <span class='ocrx_word' id='word_1_372' title='bbox 1923 4879 2133 4934; x_wconf 86' lang='lat' dir='ltr'><strong>etenim</strong></span> 
     </span>
    </p>
   </div>
   <div class='ocr_carea' id='block_1_54' title="bbox 530 4967 2137 5043">
    <p class='ocr_par' dir='ltr' id='par_1_54' title="bbox 530 4967 2137 5043">
     <span class='ocr_line' id='line_1_54' title="bbox 530 4967 2137 5043; baseline -0.002 -15"><span class='ocrx_word' id='word_1_373' title='bbox 530 4969 798 5028; x_wconf 75' lang='lat' dir='ltr'><strong>vitiorum</strong></span> <span class='ocrx_word' id='word_1_374' title='bbox 821 4969 1046 5026; x_wconf 79' lang='lat' dir='ltr'><strong>fomites</strong></span> <span class='ocrx_word' id='word_1_375' title='bbox 1071 4969 1143 5027; x_wconf 90' lang='lat' dir='ltr'><strong>de</strong></span> <span class='ocrx_word' id='word_1_376' title='bbox 1189 4967 1454 5043; x_wconf 86' lang='lat' dir='ltr'><strong>superbia</strong></span> <span class='ocrx_word' id='word_1_377' title='bbox 1494 4967 1847 5040; x_wconf 86' lang='lat' dir='ltr'><strong>pullularunt</strong></span> <span class='ocrx_word' id='word_1_378' title='bbox 1892 4973 2137 5024; x_wconf 78' lang='lat' dir='ltr'><strong>testante</strong></span> 
     </span>
    </p>
   </div>
   <div class='ocr_carea' id='block_1_55' title="bbox 532 5056 2137 5132">
    <p class='ocr_par' dir='ltr' id='par_1_55' title="bbox 532 5056 2137 5132">
     <span class='ocr_line' id='line_1_55' title="bbox 532 5056 2137 5132; baseline -0.004 -13"><span class='ocrx_word' id='word_1_379' title='bbox 532 5066 696 5118; x_wconf 74' lang='lat' dir='ltr'><strong>sacra</strong></span> <span class='ocrx_word' id='word_1_380' title='bbox 719 5059 1010 5132; x_wconf 78' lang='lat' dir='ltr'><strong>Scriptura</strong></span> <span class='ocrx_word' id='word_1_381' title='bbox 1039 5077 1054 5114; x_wconf 86' lang='lat'><strong>:</strong></span> <span class='ocrx_word' id='word_1_382' title='bbox 1089 5079 1114 5112; x_wconf 80' lang='grc' dir='ltr'>ι</span> <span class='ocrx_word' id='word_1_383' title='bbox 1143 5058 1374 5116; x_wconf 86' lang='lat' dir='ltr'><strong>Initium</strong></span> <span class='ocrx_word' id='word_1_384' title='bbox 1421 5057 1605 5114; x_wconf 91' lang='lat' dir='ltr'><strong>omnis</strong></span> <span class='ocrx_word' id='word_1_385' title='bbox 1630 5057 1842 5131; x_wconf 86' lang='lat' dir='ltr'><strong>peccati</strong></span> <span class='ocrx_word' id='word_1_386' title='bbox 1872 5056 2137 5130; x_wconf 87' lang='lat' dir='ltr'><strong>superbia</strong></span> 
     </span>
    </p>
   </div>
   <div class='ocr_carea' id='block_1_56' title="bbox 533 5145 2129 5222">
    <p class='ocr_par' dir='ltr' id='par_1_56' title="bbox 533 5145 2129 5222">
     <span class='ocr_line' id='line_1_56' title="bbox 533 5145 2129 5222; baseline -0.004 -15"><span class='ocrx_word' id='word_1_387' title='bbox 533 5149 700 5222; x_wconf 72' lang='lat' dir='ltr'><strong>(Eccl,</strong></span> <span class='ocrx_word' id='word_1_388' title='bbox 749 5165 808 5216; x_wconf 75' lang='grc' dir='ltr'><strong>χ,</strong></span> <span class='ocrx_word' id='word_1_389' title='bbox 856 5147 964 5216; x_wconf 83' lang='grc'><strong>15).</strong></span> <span class='ocrx_word' id='word_1_390' title='bbox 1023 5149 1152 5204; x_wconf 88' lang='lat' dir='ltr'><strong>Non</strong></span> <span class='ocrx_word' id='word_1_391' title='bbox 1205 5147 1462 5220; x_wconf 89' lang='lat' dir='ltr'><strong>alicujus,</strong></span> <span class='ocrx_word' id='word_1_392' title='bbox 1520 5146 1620 5201; x_wconf 89' lang='lat' dir='ltr'><strong>sed</strong></span> <span class='ocrx_word' id='word_1_393' title='bbox 1665 5145 1848 5202; x_wconf 90' lang='lat' dir='ltr'><strong>omnis</strong></span> <span class='ocrx_word' id='word_1_394' title='bbox 1897 5145 2129 5218; x_wconf 86' lang='lat' dir='ltr'><strong>peccati.</strong></span> 
     </span>
    </p>
   </div>
   <div class='ocr_carea' id='block_1_57' title="bbox 533 5235 2133 5313">
    <p class='ocr_par' dir='ltr' id='par_1_57' title="bbox 533 5235 2133 5313">
     <span class='ocr_line' id='line_1_57' title="bbox 533 5235 2133 5313; baseline -0.004 -18"><span class='ocrx_word' id='word_1_395' title='bbox 533 5238 801 5313; x_wconf 81' lang='lat' dir='ltr'><strong>quoniam</strong></span> <span class='ocrx_word' id='word_1_396' title='bbox 821 5253 937 5294; x_wconf 89' lang='lat' dir='ltr'><strong>non</strong></span> <span class='ocrx_word' id='word_1_397' title='bbox 959 5237 1144 5294; x_wconf 86' lang='lat' dir='ltr'><strong>solum</strong></span> <span class='ocrx_word' id='word_1_398' title='bbox 1186 5239 1478 5310; x_wconf 85' lang='lat' dir='ltr'><strong>peccatum</strong></span> <span class='ocrx_word' id='word_1_399' title='bbox 1506 5240 1593 5290; x_wconf 89' lang='lat' dir='ltr'><strong>est</strong></span> <span class='ocrx_word' id='word_1_400' title='bbox 1647 5235 1787 5306; x_wconf 90' lang='lat' dir='ltr'><strong>ipsa,</strong></span> <span class='ocrx_word' id='word_1_401' title='bbox 1811 5239 1877 5290; x_wconf 90' lang='lat' dir='ltr'><strong>ut</strong></span> <span class='ocrx_word' id='word_1_402' title='bbox 1890 5235 2133 5308; x_wconf 88' lang='lat' dir='ltr'><strong>Prosper</strong></span> 
     </span>
    </p>
   </div>
   <div class='ocr_carea' id='block_1_58' title="bbox 533 5324 2130 5400">
    <p class='ocr_par' dir='ltr' id='par_1_58' title="bbox 533 5324 2130 5400">
     <span class='ocr_line' id='line_1_58' title="bbox 533 5324 2130 5400; baseline -0.003 -15"><span class='ocrx_word' id='word_1_403' title='bbox 533 5329 634 5395; x_wconf 78' lang='lat' dir='ltr'><strong>ait,</strong></span> <span class='ocrx_word' id='word_1_404' title='bbox 655 5327 945 5400; x_wconf 81' lang='lat' dir='ltr'><strong>sedetiam</strong></span> <span class='ocrx_word' id='word_1_405' title='bbox 977 5328 1196 5383; x_wconf 90' lang='lat' dir='ltr'><strong>nullum</strong></span> <span class='ocrx_word' id='word_1_406' title='bbox 1225 5331 1516 5398; x_wconf 85' lang='lat' dir='ltr'><strong>peccatum</strong></span> <span class='ocrx_word' id='word_1_407' title='bbox 1543 5324 1664 5380; x_wconf 83' lang='lat' dir='ltr'><strong>ﬁeri</strong></span> <span class='ocrx_word' id='word_1_408' title='bbox 1682 5328 1882 5399; x_wconf 77' lang='lat' dir='ltr'><strong>potest</strong></span> <span class='ocrx_word' id='word_1_409' title='bbox 1906 5331 2008 5380; x_wconf 88' lang='lat' dir='ltr'><strong>aut</strong></span> <span class='ocrx_word' id='word_1_410' title='bbox 2034 5341 2130 5398; x_wconf 88' lang='lat' dir='ltr'><strong>po-</strong></span> 
     </span>
    </p>
   </div>
   <div class='ocr_carea' id='block_1_59' title="bbox 532 5413 2132 5489">
    <p class='ocr_par' dir='ltr' id='par_1_59' title="bbox 532 5413 2132 5489">
     <span class='ocr_line' id='line_1_59' title="bbox 532 5413 2132 5489; baseline -0.003 -17"><span class='ocrx_word' id='word_1_411' title='bbox 532 5415 647 5472; x_wconf 82' lang='lat' dir='ltr'><strong>tuit</strong></span> <span class='ocrx_word' id='word_1_412' title='bbox 665 5417 752 5473; x_wconf 85' lang='lat' dir='ltr'><strong>vel</strong></span> <span class='ocrx_word' id='word_1_413' title='bbox 769 5417 978 5488; x_wconf 84' lang='lat' dir='ltr'><strong>poterit</strong></span> <span class='ocrx_word' id='word_1_414' title='bbox 999 5416 1124 5472; x_wconf 89' lang='lat' dir='ltr'><strong>sine</strong></span> <span class='ocrx_word' id='word_1_415' title='bbox 1159 5415 1302 5489; x_wconf 87' lang='lat' dir='ltr'><strong>ipsa.</strong></span> <span class='ocrx_word' id='word_1_416' title='bbox 1335 5415 1466 5470; x_wconf 74' lang='lat' dir='ltr'><strong>Haec</strong></span> <span class='ocrx_word' id='word_1_417' title='bbox 1485 5413 1638 5469; x_wconf 90' lang='lat' dir='ltr'><strong>enim</strong></span> <span class='ocrx_word' id='word_1_418' title='bbox 1686 5418 1774 5469; x_wconf 83' lang='lat' dir='ltr'><strong>est</strong></span> <span class='ocrx_word' id='word_1_419' title='bbox 1819 5418 2028 5469; x_wconf 74' lang='lat' dir='ltr'><strong>natura</strong></span> <span class='ocrx_word' id='word_1_420' title='bbox 2071 5419 2132 5468; x_wconf 91' lang='lat' dir='ltr'><strong>et</strong></span> 
     </span>
    </p>
   </div>
   <div class='ocr_carea' id='block_1_60' title="bbox 533 5501 2128 5577">
    <p class='ocr_par' dir='ltr' id='par_1_60' title="bbox 533 5501 2128 5577">
     <span class='ocr_line' id='line_1_60' title="bbox 533 5501 2128 5577; baseline -0.001 -17"><span class='ocrx_word' id='word_1_421' title='bbox 533 5503 694 5575; x_wconf 89' lang='lat' dir='ltr'><strong>origo</strong></span> <span class='ocrx_word' id='word_1_422' title='bbox 703 5504 982 5575; x_wconf 72' lang='lat' dir='ltr'><strong>superbiae</strong></span> <span class='ocrx_word' id='word_1_423' title='bbox 1001 5521 1106 5576; x_wconf 84' lang='lat' dir='ltr'><strong>per</strong></span> <span class='ocrx_word' id='word_1_424' title='bbox 1124 5521 1293 5577; x_wconf 83' lang='lat' dir='ltr'><strong>quam</strong></span> <span class='ocrx_word' id='word_1_425' title='bbox 1337 5505 1596 5560; x_wconf 87' lang='lat' dir='ltr'><strong>inventor</strong></span> <span class='ocrx_word' id='word_1_426' title='bbox 1623 5501 1899 5575; x_wconf 63' lang='lat' dir='ltr'><strong>superbia</strong></span> <span class='ocrx_word' id='word_1_427' title='bbox 1915 5502 1988 5556; x_wconf 80' lang='lat' dir='ltr'><strong>de</strong></span> <span class='ocrx_word' id='word_1_428' title='bbox 2011 5517 2128 5558; x_wconf 73' lang='lat' dir='ltr'><strong>cm-</strong></span> 
     </span>
    </p>
   </div>
   <div class='ocr_carea' id='block_1_61' title="bbox 532 5590 2127 5668">
    <p class='ocr_par' dir='ltr' id='par_1_61' title="bbox 532 5590 2127 5668">
     <span class='ocr_line' id='line_1_61' title="bbox 532 5590 2127 5668; baseline -0.001 -18"><span class='ocrx_word' id='word_1_429' title='bbox 532 5590 1006 5661; x_wconf 88' lang='lat' dir='ltr'><strong>lestibuscorruit,</strong></span> <span class='ocrx_word' id='word_1_430' title='bbox 1037 5599 1096 5649; x_wconf 90' lang='lat' dir='ltr'><strong>et</strong></span> <span class='ocrx_word' id='word_1_431' title='bbox 1119 5593 1474 5668; x_wconf 89' lang='lat' dir='ltr'><strong>postmodum</strong></span> <span class='ocrx_word' id='word_1_432' title='bbox 1494 5592 1706 5667; x_wconf 88' lang='lat' dir='ltr'><strong>primos</strong></span> <span class='ocrx_word' id='word_1_433' title='bbox 1715 5591 1972 5649; x_wconf 86' lang='lat' dir='ltr'><strong>homines</strong></span> <span class='ocrx_word' id='word_1_434' title='bbox 2002 5608 2127 5650; x_wconf 87' lang='lat' dir='ltr'><strong>cor-</strong></span> 
     </span>
    </p>
   </div>
   <div class='ocr_carea' id='block_1_62' title="bbox 2234 501 3730 575">
    <p class='ocr_par' dir='ltr' id='par_1_62' title="bbox 2234 501 3730 575">
     <span class='ocr_line' id='line_1_62' title="bbox 2234 501 3730 575; baseline 0.008 -21"><span class='ocrx_word' id='word_1_435' title='bbox 2234 501 2610 556; x_wconf 82' lang='lat' dir='ltr'><strong>moralitatem</strong></span> <span class='ocrx_word' id='word_1_436' title='bbox 2627 502 2878 568; x_wconf 81' lang='lat' dir='ltr'><strong>adduxit,</strong></span> <span class='ocrx_word' id='word_1_437' title='bbox 2900 502 2969 556; x_wconf 88' lang='lat' dir='ltr'><strong>de</strong></span> <span class='ocrx_word' id='word_1_438' title='bbox 2997 519 3108 574; x_wconf 93' lang='lat' dir='ltr'><strong>quo</strong></span> <span class='ocrx_word' id='word_1_439' title='bbox 3136 502 3265 557; x_wconf 89' lang='lat' dir='ltr'><strong>dicit</strong></span> <span class='ocrx_word' id='word_1_440' title='bbox 3289 505 3580 575; x_wconf 79' lang='lat' dir='ltr'><strong>Apostolus:</strong></span> <span class='ocrx_word' id='word_1_441' title='bbox 3610 528 3631 562; x_wconf 74' lang='grc'><strong>(</strong></span> <span class='ocrx_word' id='word_1_442' title='bbox 3649 511 3730 566; x_wconf 86' lang='lat' dir='ltr'><strong>Per</strong></span> 
     </span>
    </p>
   </div>
   <div class='ocr_carea' id='block_1_63' title="bbox 2232 589 3731 668">
    <p class='ocr_par' dir='ltr' id='par_1_63' title="bbox 2232 589 3731 668">
     <span class='ocr_line' id='line_1_63' title="bbox 2232 589 3731 668; baseline 0.006 -24"><span class='ocrx_word' id='word_1_443' title='bbox 2232 605 2409 644; x_wconf 91' lang='lat' dir='ltr'><strong>unum</strong></span> <span class='ocrx_word' id='word_1_444' title='bbox 2443 589 2730 645; x_wconf 87' lang='lat' dir='ltr'><strong>hominem</strong></span> <span class='ocrx_word' id='word_1_445' title='bbox 2765 596 3054 663; x_wconf 87' lang='lat' dir='ltr'><strong>peccatum</strong></span> <span class='ocrx_word' id='word_1_446' title='bbox 3109 591 3327 646; x_wconf 87' lang='lat' dir='ltr'><strong>intravit</strong></span> <span class='ocrx_word' id='word_1_447' title='bbox 3348 593 3400 647; x_wconf 90' lang='lat' dir='ltr'><strong>in</strong></span> <span class='ocrx_word' id='word_1_448' title='bbox 3421 596 3665 668; x_wconf 85' lang='lat' dir='ltr'><strong>mundum,</strong></span> <span class='ocrx_word' id='word_1_449' title='bbox 3687 607 3731 654; x_wconf 89' lang='lat' dir='ltr'><strong>et</strong></span> 
     </span>
    </p>
   </div>
   <div class='ocr_carea' id='block_1_64' title="bbox 2234 680 3732 760">
    <p class='ocr_par' dir='ltr' id='par_1_64' title="bbox 2234 680 3732 760">
     <span class='ocr_line' id='line_1_64' title="bbox 2234 680 3732 760; baseline 0.006 -27"><span class='ocrx_word' id='word_1_450' title='bbox 2234 695 2336 752; x_wconf 91' lang='lat' dir='ltr'><strong>per</strong></span> <span class='ocrx_word' id='word_1_451' title='bbox 2385 684 2676 752; x_wconf 88' lang='lat' dir='ltr'><strong>peccatum</strong></span> <span class='ocrx_word' id='word_1_452' title='bbox 2719 696 2890 747; x_wconf 88' lang='lat' dir='ltr'><strong>mors,</strong></span> <span class='ocrx_word' id='word_1_453' title='bbox 2916 683 2974 736; x_wconf 89' lang='lat' dir='ltr'><strong>et</strong></span> <span class='ocrx_word' id='word_1_454' title='bbox 3001 680 3078 735; x_wconf 86' lang='lat' dir='ltr'><strong>ita</strong></span> <span class='ocrx_word' id='word_1_455' title='bbox 3110 681 3169 735; x_wconf 92' lang='lat' dir='ltr'><strong>in</strong></span> <span class='ocrx_word' id='word_1_456' title='bbox 3196 697 3378 737; x_wconf 90' lang='lat' dir='ltr'><strong>omnes</strong></span> <span class='ocrx_word' id='word_1_457' title='bbox 3411 683 3625 742; x_wconf 87' lang='lat' dir='ltr'><strong>homines</strong></span> <span class='ocrx_word' id='word_1_458' title='bbox 3641 704 3732 760; x_wconf 85' lang='lat' dir='ltr'><strong>per-</strong></span> 
     </span>
    </p>
   </div>
   <div class='ocr_carea' id='block_1_65' title="bbox 2233 768 2533 824">
    <p class='ocr_par' dir='ltr' id='par_1_65' title="bbox 2233 768 2533 824">
     <span class='ocr_line' id='line_1_65' title="bbox 2233 768 2533 824; baseline 0.003 -1"><span class='ocrx_word' id='word_1_459' title='bbox 2233 768 2478 824; x_wconf 81' lang='lat' dir='ltr'><strong>transiit.</strong></span> <span class='ocrx_word' id='word_1_460' title='bbox 2507 789 2533 824; x_wconf 69' lang='grc' dir='ltr'><strong>ι)</strong></span> 
     </span>
    </p>
   </div>
   <div class='ocr_carea' id='block_1_66' title="bbox 2347 893 3641 967">
    <p class='ocr_par' dir='ltr' id='par_1_66' title="bbox 2347 893 3641 967">
     <span class='ocr_line' id='line_1_66' title="bbox 2347 893 3641 967; baseline 0.003 -17"><span class='ocrx_word' id='word_1_461' title='bbox 2347 893 2476 950; x_wconf 67' lang='grc' dir='ltr'><strong>ΟΜ».</strong></span> <span class='ocrx_word' id='word_1_462' title='bbox 2511 894 2608 950; x_wconf 84' lang='lat' dir='ltr'><strong>IV.</strong></span> <span class='ocrx_word' id='word_1_463' title='bbox 2633 925 2699 936; x_wconf 89' lang='lat'><strong>-</strong></span> <span class='ocrx_word' id='word_1_464' title='bbox 2730 895 2886 964; x_wconf 81' lang='lat' dir='ltr'><strong>Quod</strong></span> <span class='ocrx_word' id='word_1_465' title='bbox 2914 896 3178 966; x_wconf 65' lang='lat' dir='ltr'><strong>superbia</strong></span> <span class='ocrx_word' id='word_1_466' title='bbox 3202 896 3306 951; x_wconf 83' lang='lat' dir='ltr'><strong>duo</strong></span> <span class='ocrx_word' id='word_1_467' title='bbox 3331 898 3436 952; x_wconf 70' lang='lat' dir='ltr'><strong>sint</strong></span> <span class='ocrx_word' id='word_1_468' title='bbox 3459 913 3641 967; x_wconf 74' lang='lat' dir='ltr'><strong>genere.</strong></span> 
     </span>
    </p>
   </div>
   <div class='ocr_carea' id='block_1_67' title="bbox 2297 999 3730 1078">
    <p class='ocr_par' dir='ltr' id='par_1_67' title="bbox 2297 999 3730 1078">
     <span class='ocr_line' id='line_1_67' title="bbox 2297 999 3730 1078; baseline 0.005 -23"><span class='ocrx_word' id='word_1_469' title='bbox 2297 999 2492 1072; x_wconf 73' lang='lat'><strong>(0033.)</strong></span> <span class='ocrx_word' id='word_1_470' title='bbox 2521 1000 2644 1057; x_wconf 91' lang='lat' dir='ltr'><strong>Duo</strong></span> <span class='ocrx_word' id='word_1_471' title='bbox 2673 1006 2806 1056; x_wconf 90' lang='lat' dir='ltr'><strong>sunt</strong></span> <span class='ocrx_word' id='word_1_472' title='bbox 2843 1017 3054 1074; x_wconf 89' lang='lat' dir='ltr'><strong>genera</strong></span> <span class='ocrx_word' id='word_1_473' title='bbox 3080 1001 3346 1074; x_wconf 75' lang='lat' dir='ltr'><strong>superbiae</strong></span> <span class='ocrx_word' id='word_1_474' title='bbox 3378 1019 3580 1072; x_wconf 85' lang='lat' dir='ltr'><strong>;unum,</strong></span> <span class='ocrx_word' id='word_1_475' title='bbox 3621 1006 3730 1078; x_wconf 88' lang='lat' dir='ltr'><strong>quod</strong></span> 
     </span>
    </p>
   </div>
   <div class='ocr_carea' id='block_1_68' title="bbox 2225 1089 3733 1166">
    <p class='ocr_par' dir='ltr' id='par_1_68' title="bbox 2225 1089 3733 1166">
     <span class='ocr_line' id='line_1_68' title="bbox 2225 1089 3733 1166; baseline 0.004 -21"><span class='ocrx_word' id='word_1_476' title='bbox 2225 1089 2506 1162; x_wconf 82' lang='lat' dir='ltr'><strong>spiritales</strong></span> <span class='ocrx_word' id='word_1_477' title='bbox 2524 1107 2887 1163; x_wconf 90' lang='lat' dir='ltr'><strong>summosque</strong></span> <span class='ocrx_word' id='word_1_478' title='bbox 2909 1091 3116 1162; x_wconf 87' lang='lat' dir='ltr'><strong>pulsat,</strong></span> <span class='ocrx_word' id='word_1_479' title='bbox 3152 1091 3301 1147; x_wconf 91' lang='lat' dir='ltr'><strong>aliud</strong></span> <span class='ocrx_word' id='word_1_480' title='bbox 3327 1091 3463 1164; x_wconf 89' lang='lat' dir='ltr'><strong>quod</strong></span> <span class='ocrx_word' id='word_1_481' title='bbox 3479 1093 3733 1166; x_wconf 78' lang='lat' dir='ltr'><strong>incipientes</strong></span> 
     </span>
    </p>
   </div>
   <div class='ocr_carea' id='block_1_69' title="bbox 2227 1179 3732 1256">
    <p class='ocr_par' dir='ltr' id='par_1_69' title="bbox 2227 1179 3732 1256">
     <span class='ocr_line' id='line_1_69' title="bbox 2227 1179 3732 1256; baseline 0.003 -22"><span class='ocrx_word' id='word_1_482' title='bbox 2227 1180 2591 1253; x_wconf 89' lang='lat' dir='ltr'><strong>carnalesque</strong></span> <span class='ocrx_word' id='word_1_483' title='bbox 2611 1179 3028 1253; x_wconf 88' lang='lat' dir='ltr'><strong>complectitur:</strong></span> <span class='ocrx_word' id='word_1_484' title='bbox 3061 1185 3119 1236; x_wconf 92' lang='lat' dir='ltr'><strong>et</strong></span> <span class='ocrx_word' id='word_1_485' title='bbox 3145 1179 3275 1236; x_wconf 88' lang='lat' dir='ltr'><strong>licet</strong></span> <span class='ocrx_word' id='word_1_486' title='bbox 3294 1186 3563 1254; x_wconf 87' lang='lat' dir='ltr'><strong>utrumque</strong></span> <span class='ocrx_word' id='word_1_487' title='bbox 3585 1200 3732 1256; x_wconf 85' lang='lat' dir='ltr'><strong>super-</strong></span> 
     </span>
    </p>
   </div>
   <div class='ocr_carea' id='block_1_70' title="bbox 2228 1268 3735 1342">
    <p class='ocr_par' dir='ltr' id='par_1_70' title="bbox 2228 1268 3735 1342">
     <span class='ocr_line' id='line_1_70' title="bbox 2228 1268 3735 1342; baseline 0.003 -18"><span class='ocrx_word' id='word_1_488' title='bbox 2228 1268 2330 1325; x_wconf 66' lang='lat' dir='ltr'><strong>biae</strong></span> <span class='ocrx_word' id='word_1_489' title='bbox 2348 1286 2528 1342; x_wconf 89' lang='lat' dir='ltr'><strong>genus</strong></span> <span class='ocrx_word' id='word_1_490' title='bbox 2566 1275 2686 1326; x_wconf 86' lang='lat' dir='ltr'><strong>tam</strong></span> <span class='ocrx_word' id='word_1_491' title='bbox 2742 1271 2801 1325; x_wconf 88' lang='lat' dir='ltr'><strong>in</strong></span> <span class='ocrx_word' id='word_1_492' title='bbox 2839 1271 3017 1326; x_wconf 89' lang='lat' dir='ltr'><strong>Deum</strong></span> <span class='ocrx_word' id='word_1_493' title='bbox 3053 1285 3222 1342; x_wconf 88' lang='lat' dir='ltr'><strong>quam</strong></span> <span class='ocrx_word' id='word_1_494' title='bbox 3246 1270 3302 1325; x_wconf 91' lang='lat' dir='ltr'><strong>in</strong></span> <span class='ocrx_word' id='word_1_495' title='bbox 3352 1270 3577 1326; x_wconf 86' lang='lat' dir='ltr'><strong>homines</strong></span> <span class='ocrx_word' id='word_1_496' title='bbox 3614 1271 3735 1328; x_wconf 77' lang='lat' dir='ltr'><strong>noris</strong></span> 
     </span>
    </p>
   </div>
   <div class='ocr_carea' id='block_1_71' title="bbox 2230 1358 3737 1432">
    <p class='ocr_par' dir='ltr' id='par_1_71' title="bbox 2230 1358 3737 1432">
     <span class='ocr_line' id='line_1_71' title="bbox 2230 1358 3737 1432; baseline 0.001 -17"><span class='ocrx_word' id='word_1_497' title='bbox 2230 1358 2392 1415; x_wconf 85' lang='lat' dir='ltr'><strong>inﬂet</strong></span> <span class='ocrx_word' id='word_1_498' title='bbox 2411 1359 2600 1427; x_wconf 83' lang='lat' dir='ltr'><strong>elatio,</strong></span> <span class='ocrx_word' id='word_1_499' title='bbox 2617 1365 2809 1414; x_wconf 87' lang='lat' dir='ltr'><strong>tamen</strong></span> <span class='ocrx_word' id='word_1_500' title='bbox 2823 1359 2961 1415; x_wconf 91' lang='lat' dir='ltr'><strong>illud</strong></span> <span class='ocrx_word' id='word_1_501' title='bbox 2989 1360 3234 1432; x_wconf 90' lang='lat' dir='ltr'><strong>primum</strong></span> <span class='ocrx_word' id='word_1_502' title='bbox 3246 1359 3537 1432; x_wconf 89' lang='lat' dir='ltr'><strong>specialiter</strong></span> <span class='ocrx_word' id='word_1_503' title='bbox 3555 1360 3737 1416; x_wconf 78' lang='lat' dir='ltr'><strong>refertur</strong></span> 
     </span>
    </p>
   </div>
   <div class='ocr_carea' id='block_1_72' title="bbox 2231 1447 3732 1522">
    <p class='ocr_par' dir='ltr' id='par_1_72' title="bbox 2231 1447 3732 1522">
     <span class='ocr_line' id='line_1_72' title="bbox 2231 1447 3732 1522; baseline 0.003 -20"><span class='ocrx_word' id='word_1_504' title='bbox 2231 1447 2302 1502; x_wconf 87' lang='lat' dir='ltr'><strong>ad</strong></span> <span class='ocrx_word' id='word_1_505' title='bbox 2321 1447 2500 1504; x_wconf 90' lang='lat' dir='ltr'><strong>Deum</strong></span> <span class='ocrx_word' id='word_1_506' title='bbox 2533 1467 2546 1517; x_wconf 92' lang='lat'><strong>;</strong></span> <span class='ocrx_word' id='word_1_507' title='bbox 2579 1449 2889 1504; x_wconf 89' lang='lat' dir='ltr'><strong>secundum</strong></span> <span class='ocrx_word' id='word_1_508' title='bbox 2919 1448 2989 1503; x_wconf 91' lang='lat' dir='ltr'><strong>ad</strong></span> <span class='ocrx_word' id='word_1_509' title='bbox 3019 1449 3275 1503; x_wconf 89' lang='lat' dir='ltr'><strong>homines</strong></span> <span class='ocrx_word' id='word_1_510' title='bbox 3301 1449 3506 1521; x_wconf 88' lang='lat' dir='ltr'><strong>proprie</strong></span> <span class='ocrx_word' id='word_1_511' title='bbox 3534 1451 3732 1522; x_wconf 80' lang='lat' dir='ltr'><strong>pertinet,</strong></span> 
     </span>
    </p>
   </div>
   <div class='ocr_carea' id='block_1_73' title="bbox 2231 1537 3735 1610">
    <p class='ocr_par' dir='ltr' id='par_1_73' title="bbox 2231 1537 3735 1610">
     <span class='ocr_line' id='line_1_73' title="bbox 2231 1537 3735 1610; baseline 0.003 -18"><span class='ocrx_word' id='word_1_512' title='bbox 2231 1537 2365 1609; x_wconf 90' lang='lat' dir='ltr'><strong>quia</strong></span> <span class='ocrx_word' id='word_1_513' title='bbox 2373 1538 2544 1605; x_wconf 90' lang='lat' dir='ltr'><strong>enim,</strong></span> <span class='ocrx_word' id='word_1_514' title='bbox 2563 1544 2629 1595; x_wconf 89' lang='lat' dir='ltr'><strong>ut</strong></span> <span class='ocrx_word' id='word_1_515' title='bbox 2646 1538 2856 1594; x_wconf 85' lang='lat' dir='ltr'><strong>dictum</strong></span> <span class='ocrx_word' id='word_1_516' title='bbox 2878 1543 2982 1604; x_wconf 86' lang='lat' dir='ltr'><strong>est,</strong></span> <span class='ocrx_word' id='word_1_517' title='bbox 2997 1537 3109 1593; x_wconf 89' lang='lat' dir='ltr'><strong>duo</strong></span> <span class='ocrx_word' id='word_1_518' title='bbox 3131 1543 3263 1592; x_wconf 91' lang='lat' dir='ltr'><strong>sunt</strong></span> <span class='ocrx_word' id='word_1_519' title='bbox 3277 1538 3528 1610; x_wconf 62' lang='lat' dir='ltr'><strong>superbia</strong></span> <span class='ocrx_word' id='word_1_520' title='bbox 3541 1555 3704 1610; x_wconf 86' lang='lat' dir='ltr'><strong>genera</strong></span> <span class='ocrx_word' id='word_1_521' title='bbox 3723 1556 3735 1597; x_wconf 88' lang='lat'>:</span> 
     </span>
    </p>
   </div>
   <div class='ocr_carea' id='block_1_74' title="bbox 2229 1625 3738 1700">
    <p class='ocr_par' dir='ltr' id='par_1_74' title="bbox 2229 1625 3738 1700">
     <span class='ocr_line' id='line_1_74' title="bbox 2229 1625 3738 1700; baseline 0.001 -18"><span class='ocrx_word' id='word_1_522' title='bbox 2229 1643 2343 1682; x_wconf 88' lang='lat' dir='ltr'><strong>una</strong></span> <span class='ocrx_word' id='word_1_523' title='bbox 2363 1627 2622 1684; x_wconf 83' lang='lat' dir='ltr'><strong>videlicet</strong></span> <span class='ocrx_word' id='word_1_524' title='bbox 2649 1625 2911 1700; x_wconf 89' lang='lat' dir='ltr'><strong>superbia</strong></span> <span class='ocrx_word' id='word_1_525' title='bbox 2964 1625 3172 1682; x_wconf 90' lang='lat' dir='ltr'><strong>dicitur</strong></span> <span class='ocrx_word' id='word_1_526' title='bbox 3199 1626 3482 1698; x_wconf 78' lang='lat' dir='ltr'><strong>spiritalis,</strong></span> <span class='ocrx_word' id='word_1_527' title='bbox 3534 1643 3590 1683; x_wconf 88' lang='lat' dir='ltr'><strong>eo</strong></span> <span class='ocrx_word' id='word_1_528' title='bbox 3630 1628 3738 1700; x_wconf 87' lang='lat' dir='ltr'><strong>quod</strong></span> 
     </span>
    </p>
   </div>
   <div class='ocr_carea' id='block_1_75' title="bbox 2230 1716 3739 1796">
    <p class='ocr_par' dir='ltr' id='par_1_75' title="bbox 2230 1716 3739 1796">
     <span class='ocr_line' id='line_1_75' title="bbox 2230 1716 3739 1796; baseline 0.001 -28"><span class='ocrx_word' id='word_1_529' title='bbox 2230 1716 2508 1796; x_wconf 78' lang='lat' dir='ltr'><strong>spiritales</strong></span> <span class='ocrx_word' id='word_1_530' title='bbox 2537 1723 2870 1789; x_wconf 88' lang='lat' dir='ltr'><strong>sanctosque</strong></span> <span class='ocrx_word' id='word_1_531' title='bbox 2899 1716 3156 1772; x_wconf 85' lang='lat' dir='ltr'><strong>homines</strong></span> <span class='ocrx_word' id='word_1_532' title='bbox 3179 1717 3363 1788; x_wconf 84' lang='lat' dir='ltr'><strong>pulsat</strong></span> <span class='ocrx_word' id='word_1_533' title='bbox 3381 1736 3392 1785; x_wconf 84' lang='lat'><strong>;</strong></span> <span class='ocrx_word' id='word_1_534' title='bbox 3409 1717 3564 1772; x_wconf 88' lang='lat' dir='ltr'><strong>altera</strong></span> <span class='ocrx_word' id='word_1_535' title='bbox 3598 1733 3739 1770; x_wconf 79' lang='lat' dir='ltr'><strong>carna-</strong></span> 
     </span>
    </p>
   </div>
   <div class='ocr_carea' id='block_1_76' title="bbox 2229 1803 3738 1879">
    <p class='ocr_par' dir='ltr' id='par_1_76' title="bbox 2229 1803 3738 1879">
     <span class='ocr_line' id='line_1_76' title="bbox 2229 1803 3738 1879; baseline 0.001 -19"><span class='ocrx_word' id='word_1_536' title='bbox 2229 1803 2315 1872; x_wconf 88' lang='lat' dir='ltr'><strong>lis,</strong></span> <span class='ocrx_word' id='word_1_537' title='bbox 2342 1823 2465 1878; x_wconf 76' lang='lat' dir='ltr'><strong>quze</strong></span> <span class='ocrx_word' id='word_1_538' title='bbox 2493 1807 2746 1860; x_wconf 81' lang='lat' dir='ltr'><strong>carnales</strong></span> <span class='ocrx_word' id='word_1_539' title='bbox 2768 1806 3078 1879; x_wconf 87' lang='lat' dir='ltr'><strong>impugnat.</strong></span> <span class='ocrx_word' id='word_1_540' title='bbox 3103 1805 3214 1861; x_wconf 91' lang='lat' dir='ltr'><strong>Sed</strong></span> <span class='ocrx_word' id='word_1_541' title='bbox 3241 1805 3544 1878; x_wconf 87' lang='lat' dir='ltr'><strong>primumde</strong></span> <span class='ocrx_word' id='word_1_542' title='bbox 3559 1806 3738 1878; x_wconf 78' lang='lat' dir='ltr'><strong>spiritali</strong></span> 
     </span>
    </p>
   </div>
   <div class='ocr_carea' id='block_1_77' title="bbox 2229 1893 3738 1967">
    <p class='ocr_par' dir='ltr' id='par_1_77' title="bbox 2229 1893 3738 1967">
     <span class='ocr_line' id='line_1_77' title="bbox 2229 1893 3738 1967; baseline -0.001 -16"><span class='ocrx_word' id='word_1_543' title='bbox 2229 1894 2492 1967; x_wconf 86' lang='lat' dir='ltr'><strong>superbia</strong></span> <span class='ocrx_word' id='word_1_544' title='bbox 2521 1893 2820 1950; x_wconf 89' lang='lat' dir='ltr'><strong>dicendum</strong></span> <span class='ocrx_word' id='word_1_545' title='bbox 2845 1899 2930 1949; x_wconf 89' lang='lat' dir='ltr'><strong>est</strong></span> <span class='ocrx_word' id='word_1_546' title='bbox 2955 1911 2968 1943; x_wconf 87' lang='lat'><strong>:</strong></span> <span class='ocrx_word' id='word_1_547' title='bbox 2993 1893 3118 1948; x_wconf 90' lang='lat' dir='ltr'><strong>illos</strong></span> <span class='ocrx_word' id='word_1_548' title='bbox 3147 1894 3299 1949; x_wconf 89' lang='lat' dir='ltr'><strong>enim</strong></span> <span class='ocrx_word' id='word_1_549' title='bbox 3326 1895 3633 1950; x_wconf 90' lang='lat' dir='ltr'><strong>solummodo</strong></span> <span class='ocrx_word' id='word_1_550' title='bbox 3648 1895 3738 1965; x_wconf 86' lang='lat' dir='ltr'><strong>pul-</strong></span> 
     </span>
    </p>
   </div>
   <div class='ocr_carea' id='block_1_78' title="bbox 2229 1982 3742 2056">
    <p class='ocr_par' dir='ltr' id='par_1_78' title="bbox 2229 1982 3742 2056">
     <span class='ocr_line' id='line_1_78' title="bbox 2229 1982 3742 2056; baseline -0.001 -17"><span class='ocrx_word' id='word_1_551' title='bbox 2229 2000 2355 2039; x_wconf 87' lang='lat' dir='ltr'><strong>sare</strong></span> <span class='ocrx_word' id='word_1_552' title='bbox 2383 1984 2526 2039; x_wconf 89' lang='lat' dir='ltr'><strong>solet</strong></span> <span class='ocrx_word' id='word_1_553' title='bbox 2557 1982 2828 2056; x_wconf 85' lang='lat' dir='ltr'><strong>spiritalis</strong></span> <span class='ocrx_word' id='word_1_554' title='bbox 2853 1982 3134 2054; x_wconf 88' lang='lat' dir='ltr'><strong>superbia,</strong></span> <span class='ocrx_word' id='word_1_555' title='bbox 3171 1982 3268 2054; x_wconf 90' lang='lat' dir='ltr'><strong>qui</strong></span> <span class='ocrx_word' id='word_1_556' title='bbox 3313 1982 3524 2037; x_wconf 85' lang='lat' dir='ltr'><strong>devictis</strong></span> <span class='ocrx_word' id='word_1_557' title='bbox 3556 1982 3742 2055; x_wconf 88' lang='lat' dir='ltr'><strong>superio-</strong></span> 
     </span>
    </p>
   </div>
   <div class='ocr_carea' id='block_1_79' title="bbox 2227 2071 3743 2154">
    <p class='ocr_par' dir='ltr' id='par_1_79' title="bbox 2227 2071 3743 2154">
     <span class='ocr_line' id='line_1_79' title="bbox 2227 2071 3743 2154; baseline 0 -28"><span class='ocrx_word' id='word_1_558' title='bbox 2227 2071 2382 2128; x_wconf 88' lang='lat' dir='ltr'><strong>ribus</strong></span> <span class='ocrx_word' id='word_1_559' title='bbox 2409 2073 2559 2128; x_wconf 88' lang='lat' dir='ltr'><strong>vitiis</strong></span> <span class='ocrx_word' id='word_1_560' title='bbox 2577 2073 2710 2154; x_wconf 43' lang='lat' dir='ltr'><strong>jam.</strong></span> <span class='ocrx_word' id='word_1_561' title='bbox 2723 2071 3129 2145; x_wconf 89' lang='lat' dir='ltr'><strong>propemodum</strong></span> <span class='ocrx_word' id='word_1_562' title='bbox 3155 2071 3366 2144; x_wconf 73' lang='lat' dir='ltr'><strong>suntin</strong></span> <span class='ocrx_word' id='word_1_563' title='bbox 3396 2072 3628 2126; x_wconf 87' lang='lat' dir='ltr'><strong>virtutum</strong></span> <span class='ocrx_word' id='word_1_564' title='bbox 3662 2071 3743 2126; x_wconf 73' lang='lat' dir='ltr'><strong>all-</strong></span> 
     </span>
    </p>
   </div>
   <div class='ocr_carea' id='block_1_80' title="bbox 2227 2159 3742 2234">
    <p class='ocr_par' dir='ltr' id='par_1_80' title="bbox 2227 2159 3742 2234">
     <span class='ocr_line' id='line_1_80' title="bbox 2227 2159 3742 2234; baseline -0.003 -16"><span class='ocrx_word' id='word_1_565' title='bbox 2227 2162 2378 2218; x_wconf 88' lang='lat' dir='ltr'><strong>mine</strong></span> <span class='ocrx_word' id='word_1_566' title='bbox 2401 2162 2674 2228; x_wconf 82' lang='lat' dir='ltr'><strong>collocati,</strong></span> <span class='ocrx_word' id='word_1_567' title='bbox 2707 2179 2846 2234; x_wconf 90' lang='lat' dir='ltr'><strong>quos</strong></span> <span class='ocrx_word' id='word_1_568' title='bbox 2871 2161 3177 2233; x_wconf 88' lang='lat' dir='ltr'><strong>quialapsu</strong></span> <span class='ocrx_word' id='word_1_569' title='bbox 3191 2161 3397 2216; x_wconf 86' lang='lat' dir='ltr'><strong>carnali</strong></span> <span class='ocrx_word' id='word_1_570' title='bbox 3423 2159 3742 2216; x_wconf 80' lang='lat' dir='ltr'><strong>subtilissimus</strong></span> 
     </span>
    </p>
   </div>
   <div class='ocr_carea' id='block_1_81' title="bbox 2225 2249 3745 2324">
    <p class='ocr_par' dir='ltr' id='par_1_81' title="bbox 2225 2249 3745 2324">
     <span class='ocr_line' id='line_1_81' title="bbox 2225 2249 3745 2324; baseline -0.003 -18"><span class='ocrx_word' id='word_1_571' title='bbox 2225 2251 2402 2308; x_wconf 89' lang='lat' dir='ltr'><strong>hostis</strong></span> <span class='ocrx_word' id='word_1_572' title='bbox 2429 2268 2696 2324; x_wconf 89' lang='lat' dir='ltr'><strong>superare</strong></span> <span class='ocrx_word' id='word_1_573' title='bbox 2724 2267 2838 2306; x_wconf 90' lang='lat' dir='ltr'><strong>non</strong></span> <span class='ocrx_word' id='word_1_574' title='bbox 2868 2250 3064 2322; x_wconf 87' lang='lat' dir='ltr'><strong>quivit,</strong></span> <span class='ocrx_word' id='word_1_575' title='bbox 3099 2250 3341 2322; x_wconf 88' lang='lat' dir='ltr'><strong>spiritali</strong></span> <span class='ocrx_word' id='word_1_576' title='bbox 3389 2250 3537 2305; x_wconf 87' lang='lat' dir='ltr'><strong>ruina</strong></span> <span class='ocrx_word' id='word_1_577' title='bbox 3562 2249 3745 2320; x_wconf 82' lang='lat' dir='ltr'><strong>dejicere</strong></span> 
     </span>
    </p>
   </div>
   <div class='ocr_carea' id='block_1_82' title="bbox 2225 2339 3745 2414">
    <p class='ocr_par' dir='ltr' id='par_1_82' title="bbox 2225 2339 3745 2414">
     <span class='ocr_line' id='line_1_82' title="bbox 2225 2339 3745 2414; baseline -0.005 -16"><span class='ocrx_word' id='word_1_578' title='bbox 2225 2358 2289 2398; x_wconf 82' lang='lat' dir='ltr'><strong>ac</strong></span> <span class='ocrx_word' id='word_1_579' title='bbox 2319 2341 2682 2414; x_wconf 85' lang='lat' dir='ltr'><strong>supplantare</strong></span> <span class='ocrx_word' id='word_1_580' title='bbox 2699 2345 2952 2403; x_wconf 82' lang='lat' dir='ltr'><strong>conatur.I</strong></span> <span class='ocrx_word' id='word_1_581' title='bbox 2972 2355 3074 2412; x_wconf 90' lang='lat' dir='ltr'><strong>per</strong></span> <span class='ocrx_word' id='word_1_582' title='bbox 3099 2339 3248 2395; x_wconf 90' lang='lat' dir='ltr'><strong>hanc</strong></span> <span class='ocrx_word' id='word_1_583' title='bbox 3276 2339 3397 2394; x_wconf 91' lang='lat' dir='ltr'><strong>illos</strong></span> <span class='ocrx_word' id='word_1_584' title='bbox 3425 2339 3658 2394; x_wconf 88' lang='lat' dir='ltr'><strong>universis</strong></span> <span class='ocrx_word' id='word_1_585' title='bbox 3678 2353 3745 2390; x_wconf 81' lang='lat' dir='ltr'><strong>ve-</strong></span> 
     </span>
    </p>
   </div>
   <div class='ocr_carea' id='block_1_83' title="bbox 2226 2425 3746 2503">
    <p class='ocr_par' dir='ltr' id='par_1_83' title="bbox 2226 2425 3746 2503">
     <span class='ocr_line' id='line_1_83' title="bbox 2226 2425 3746 2503; baseline -0.003 -17"><span class='ocrx_word' id='word_1_586' title='bbox 2226 2436 2408 2487; x_wconf 88' lang='lat' dir='ltr'><strong>terum</strong></span> <span class='ocrx_word' id='word_1_587' title='bbox 2450 2430 2855 2503; x_wconf 85' lang='lat' dir='ltr'><strong>stipendiorum</strong></span> <span class='ocrx_word' id='word_1_588' title='bbox 2894 2429 3112 2484; x_wconf 89' lang='lat' dir='ltr'><strong>meritis</strong></span> <span class='ocrx_word' id='word_1_589' title='bbox 3141 2429 3323 2484; x_wconf 88' lang='lat' dir='ltr'><strong>multo</strong></span> <span class='ocrx_word' id='word_1_590' title='bbox 3352 2427 3526 2484; x_wconf 89' lang='lat' dir='ltr'><strong>labore</strong></span> <span class='ocrx_word' id='word_1_591' title='bbox 3557 2425 3746 2499; x_wconf 65' lang='lat' dir='ltr'><strong>quesitis</strong></span> 
     </span>
    </p>
   </div>
   <div class='ocr_carea' id='block_1_84' title="bbox 2225 2515 3748 2600">
    <p class='ocr_par' dir='ltr' id='par_1_84' title="bbox 2225 2515 3748 2600">
     <span class='ocr_line' id='line_1_84' title="bbox 2225 2515 3748 2600; baseline -0.004 -25"><span class='ocrx_word' id='word_1_592' title='bbox 2225 2519 2466 2600; x_wconf 77' lang='lat' dir='ltr'><strong>spoliare</strong></span> <span class='ocrx_word' id='word_1_593' title='bbox 2477 2519 2840 2576; x_wconf 84' lang='lat' dir='ltr'><strong>contendens.</strong></span> <span class='ocrx_word' id='word_1_594' title='bbox 2867 2518 3124 2574; x_wconf 90' lang='lat' dir='ltr'><strong>Carnalis</strong></span> <span class='ocrx_word' id='word_1_595' title='bbox 3139 2523 3332 2573; x_wconf 87' lang='lat' dir='ltr'><strong>autem</strong></span> <span class='ocrx_word' id='word_1_596' title='bbox 3354 2515 3591 2589; x_wconf 82' lang='lat' dir='ltr'><strong>superbia</strong></span> <span class='ocrx_word' id='word_1_597' title='bbox 3605 2531 3748 2569; x_wconf 83' lang='lat' dir='ltr'><strong>cama-</strong></span> 
     </span>
    </p>
   </div>
   <div class='ocr_carea' id='block_1_85' title="bbox 2225 2601 3750 2680">
    <p class='ocr_par' dir='ltr' id='par_1_85' title="bbox 2225 2601 3750 2680">
     <span class='ocr_line' id='line_1_85' title="bbox 2225 2601 3750 2680; baseline -0.005 -15"><span class='ocrx_word' id='word_1_598' title='bbox 2225 2607 2308 2666; x_wconf 88' lang='lat' dir='ltr'><strong>les</strong></span> <span class='ocrx_word' id='word_1_599' title='bbox 2336 2607 2719 2665; x_wconf 90' lang='lat' dir='ltr'><strong>inobedientes</strong></span> <span class='ocrx_word' id='word_1_600' title='bbox 2733 2608 2867 2664; x_wconf 85' lang='lat' dir='ltr'><strong>facit</strong></span> <span class='ocrx_word' id='word_1_601' title='bbox 2879 2613 2938 2664; x_wconf 93' lang='lat' dir='ltr'><strong>et</strong></span> <span class='ocrx_word' id='word_1_602' title='bbox 2955 2624 3207 2680; x_wconf 88' lang='lat' dir='ltr'><strong>asperos,</strong></span> <span class='ocrx_word' id='word_1_603' title='bbox 3241 2607 3404 2663; x_wconf 91' lang='lat' dir='ltr'><strong>mites</strong></span> <span class='ocrx_word' id='word_1_604' title='bbox 3433 2612 3582 2679; x_wconf 88' lang='lat' dir='ltr'><strong>atque</strong></span> <span class='ocrx_word' id='word_1_605' title='bbox 3607 2601 3750 2660; x_wconf 62' lang='grc' dir='ltr'><strong>εωιί-</strong></span> 
     </span>
    </p>
   </div>
   <div class='ocr_carea' id='block_1_86' title="bbox 2191 2695 3748 2771">
    <p class='ocr_par' dir='ltr' id='par_1_86' title="bbox 2191 2695 3748 2771">
     <span class='ocr_line' id='line_1_86' title="bbox 2191 2695 3748 2771; baseline -0.006 -17"><span class='ocrx_word' id='word_1_606' title='bbox 2191 2701 2197 2710; x_wconf 88' lang='grc'><em>’</em></span> <span class='ocrx_word' id='word_1_607' title='bbox 2227 2699 2308 2754; x_wconf 90' lang='lat' dir='ltr'><strong>les</strong></span> <span class='ocrx_word' id='word_1_608' title='bbox 2337 2715 2458 2754; x_wconf 89' lang='lat' dir='ltr'><strong>esse</strong></span> <span class='ocrx_word' id='word_1_609' title='bbox 2488 2716 2600 2754; x_wconf 90' lang='lat' dir='ltr'><strong>non</strong></span> <span class='ocrx_word' id='word_1_610' title='bbox 2638 2698 2872 2771; x_wconf 89' lang='lat' dir='ltr'><strong>patitur.</strong></span> <span class='ocrx_word' id='word_1_611' title='bbox 2903 2697 3093 2752; x_wconf 80' lang='lat' dir='ltr'><strong>Vitam</strong></span> <span class='ocrx_word' id='word_1_612' title='bbox 3139 2695 3224 2752; x_wconf 91' lang='lat' dir='ltr'><strong>eis</strong></span> <span class='ocrx_word' id='word_1_613' title='bbox 3252 2695 3384 2752; x_wconf 86' lang='lat' dir='ltr'><strong>facit</strong></span> <span class='ocrx_word' id='word_1_614' title='bbox 3408 2696 3684 2766; x_wconf 62' lang='lat' dir='ltr'><strong>longarum,</strong></span> <span class='ocrx_word' id='word_1_615' title='bbox 3705 2697 3748 2746; x_wconf 84' lang='lat' dir='ltr'><strong>et</strong></span> 
     </span>
    </p>
   </div>
   <div class='ocr_carea' id='block_1_87' title="bbox 2226 2782 3748 2859">
    <p class='ocr_par' dir='ltr' id='par_1_87' title="bbox 2226 2782 3748 2859">
     <span class='ocr_line' id='line_1_87' title="bbox 2226 2782 3748 2859; baseline -0.003 -17"><span class='ocrx_word' id='word_1_616' title='bbox 2226 2805 2298 2844; x_wconf 92' lang='lat' dir='ltr'><strong>ne</strong></span> <span class='ocrx_word' id='word_1_617' title='bbox 2327 2787 2733 2844; x_wconf 82' lang='lat' dir='ltr'><strong>confessionem</strong></span> <span class='ocrx_word' id='word_1_618' title='bbox 2786 2787 2856 2842; x_wconf 90' lang='lat' dir='ltr'><strong>de</strong></span> <span class='ocrx_word' id='word_1_619' title='bbox 2895 2785 3136 2859; x_wconf 87' lang='lat' dir='ltr'><strong>peccatis</strong></span> <span class='ocrx_word' id='word_1_620' title='bbox 3195 2785 3402 2841; x_wconf 88' lang='lat' dir='ltr'><strong>faciant</strong></span> <span class='ocrx_word' id='word_1_621' title='bbox 3439 2782 3748 2840; x_wconf 81' lang='lat' dir='ltr'><strong>confusionem</strong></span> 
     </span>
    </p>
   </div>
   <div class='ocr_carea' id='block_1_88' title="bbox 2222 2868 3750 2950">
    <p class='ocr_par' dir='ltr' id='par_1_88' title="bbox 2222 2868 3750 2950">
     <span class='ocr_line' id='line_1_88' title="bbox 2222 2868 3750 2950; baseline -0.003 -18"><span class='ocrx_word' id='word_1_622' title='bbox 2222 2877 2442 2945; x_wconf 89' lang='lat' dir='ltr'><strong>incutit,</strong></span> <span class='ocrx_word' id='word_1_623' title='bbox 2475 2893 2540 2933; x_wconf 88' lang='lat' dir='ltr'><strong>ac</strong></span> <span class='ocrx_word' id='word_1_624' title='bbox 2567 2877 2860 2950; x_wconf 89' lang='lat' dir='ltr'><strong>pudorem,</strong></span> <span class='ocrx_word' id='word_1_625' title='bbox 2892 2892 2994 2948; x_wconf 90' lang='lat' dir='ltr'><strong>pro</strong></span> <span class='ocrx_word' id='word_1_626' title='bbox 3012 2875 3130 2931; x_wconf 88' lang='lat' dir='ltr'><strong>suis</strong></span> <span class='ocrx_word' id='word_1_627' title='bbox 3156 2874 3508 2948; x_wconf 86' lang='lat' dir='ltr'><strong>negligentiis</strong></span> <span class='ocrx_word' id='word_1_628' title='bbox 3530 2868 3750 2944; x_wconf 73' lang='lat' dir='ltr'><strong>objurgali</strong></span> 
     </span>
    </p>
   </div>
   <div class='ocr_carea' id='block_1_89' title="bbox 2221 2960 3750 3036">
    <p class='ocr_par' dir='ltr' id='par_1_89' title="bbox 2221 2960 3750 3036">
     <span class='ocr_line' id='line_1_89' title="bbox 2221 2960 3750 3036; baseline -0.004 -14"><span class='ocrx_word' id='word_1_629' title='bbox 2221 2966 2496 3022; x_wconf 88' lang='lat' dir='ltr'><strong>rebellant</strong></span> <span class='ocrx_word' id='word_1_630' title='bbox 2519 2971 2576 3021; x_wconf 91' lang='lat' dir='ltr'><strong>et</strong></span> <span class='ocrx_word' id='word_1_631' title='bbox 2595 2970 2985 3034; x_wconf 85' lang='lat' dir='ltr'><strong>murmurant;</strong></span> <span class='ocrx_word' id='word_1_632' title='bbox 3005 2964 3210 3036; x_wconf 90' lang='lat' dir='ltr'><strong>etquid</strong></span> <span class='ocrx_word' id='word_1_633' title='bbox 3256 2962 3530 3036; x_wconf 75' lang='lat' dir='ltr'><strong>amplius?</strong></span> <span class='ocrx_word' id='word_1_634' title='bbox 3553 2977 3660 3017; x_wconf 89' lang='lat' dir='ltr'><strong>cum</strong></span> <span class='ocrx_word' id='word_1_635' title='bbox 3673 2960 3750 3016; x_wconf 86' lang='lat' dir='ltr'><strong>mi-</strong></span> 
     </span>
    </p>
   </div>
   <div class='ocr_carea' id='block_1_90' title="bbox 2222 3037 3752 3136">
    <p class='ocr_par' dir='ltr' id='par_1_90' title="bbox 2222 3037 3752 3136">
     <span class='ocr_line' id='line_1_90' title="bbox 2222 3037 3752 3136; baseline -0.004 -26"><span class='ocrx_word' id='word_1_636' title='bbox 2222 3055 2516 3112; x_wconf 88' lang='lat' dir='ltr'><strong>serabilem</strong></span> <span class='ocrx_word' id='word_1_637' title='bbox 2547 3037 2862 3136; x_wconf 80' lang='lat' dir='ltr'><strong>possederit</strong></span> <span class='ocrx_word' id='word_1_638' title='bbox 2885 3058 3153 3122; x_wconf 88' lang='lat' dir='ltr'><strong>mentem,</strong></span> <span class='ocrx_word' id='word_1_639' title='bbox 3177 3053 3253 3109; x_wconf 85' lang='lat' dir='ltr'><strong>ad</strong></span> <span class='ocrx_word' id='word_1_640' title='bbox 3271 3069 3456 3108; x_wconf 86' lang='lat' dir='ltr'><strong>veram</strong></span> <span class='ocrx_word' id='word_1_641' title='bbox 3481 3050 3660 3108; x_wconf 81' lang='lat' dir='ltr'><strong>Christi</strong></span> <span class='ocrx_word' id='word_1_642' title='bbox 3679 3049 3752 3104; x_wconf 87' lang='lat' dir='ltr'><strong>lm-</strong></span> 
     </span>
    </p>
   </div>
   <div class='ocr_carea' id='block_1_91' title="bbox 2222 3137 3749 3216">
    <p class='ocr_par' dir='ltr' id='par_1_91' title="bbox 2222 3137 3749 3216">
     <span class='ocr_line' id='line_1_91' title="bbox 2222 3137 3749 3216; baseline -0.005 -15"><span class='ocrx_word' id='word_1_643' title='bbox 2222 3145 2520 3201; x_wconf 88' lang='lat' dir='ltr'><strong>militatem</strong></span> <span class='ocrx_word' id='word_1_644' title='bbox 2539 3143 2880 3200; x_wconf 88' lang='lat' dir='ltr'><strong>descendere</strong></span> <span class='ocrx_word' id='word_1_645' title='bbox 2905 3159 3018 3198; x_wconf 91' lang='lat' dir='ltr'><strong>non</strong></span> <span class='ocrx_word' id='word_1_646' title='bbox 3058 3142 3362 3216; x_wconf 78' lang='lat' dir='ltr'><strong>permittit,</strong></span> <span class='ocrx_word' id='word_1_647' title='bbox 3393 3141 3460 3196; x_wconf 88' lang='lat' dir='ltr'><strong>de</strong></span> <span class='ocrx_word' id='word_1_648' title='bbox 3496 3141 3635 3212; x_wconf 84' lang='lat' dir='ltr'><strong>cujus</strong></span> <span class='ocrx_word' id='word_1_649' title='bbox 3673 3137 3749 3192; x_wconf 86' lang='lat' dir='ltr'><strong>mi-</strong></span> 
     </span>
    </p>
   </div>
   <div class='ocr_carea' id='block_1_92' title="bbox 2223 3219 3750 3307">
    <p class='ocr_par' dir='ltr' id='par_1_92' title="bbox 2223 3219 3750 3307">
     <span class='ocr_line' id='line_1_92' title="bbox 2223 3219 3750 3307; baseline -0.005 -17"><span class='ocrx_word' id='word_1_650' title='bbox 2223 3235 2458 3292; x_wconf 89' lang='lat' dir='ltr'><strong>serrimo</strong></span> <span class='ocrx_word' id='word_1_651' title='bbox 2490 3219 2652 3306; x_wconf 53' lang='lat' dir='ltr'><strong>lapsi:</strong></span> <span class='ocrx_word' id='word_1_652' title='bbox 2679 3234 2844 3307; x_wconf 90' lang='lat' dir='ltr'><strong>plura</strong></span> <span class='ocrx_word' id='word_1_653' title='bbox 2869 3233 3055 3288; x_wconf 89' lang='lat' dir='ltr'><strong>dicere</strong></span> <span class='ocrx_word' id='word_1_654' title='bbox 3083 3231 3404 3288; x_wconf 88' lang='lat' dir='ltr'><strong>curabimus</strong></span> <span class='ocrx_word' id='word_1_655' title='bbox 3431 3247 3548 3287; x_wconf 89' lang='lat' dir='ltr'><strong>cum</strong></span> <span class='ocrx_word' id='word_1_656' title='bbox 3572 3229 3632 3285; x_wconf 89' lang='lat' dir='ltr'><strong>de</strong></span> <span class='ocrx_word' id='word_1_657' title='bbox 3661 3229 3750 3298; x_wconf 83' lang='lat' dir='ltr'><strong>ejus</strong></span> 
     </span>
    </p>
   </div>
   <div class='ocr_carea' id='block_1_93' title="bbox 2223 3322 3096 3394">
    <p class='ocr_par' dir='ltr' id='par_1_93' title="bbox 2223 3322 3096 3394">
     <span class='ocr_line' id='line_1_93' title="bbox 2223 3322 3096 3394; baseline -0.003 -15"><span class='ocrx_word' id='word_1_658' title='bbox 2223 3323 2444 3382; x_wconf 88' lang='lat' dir='ltr'><strong>indiciis</strong></span> <span class='ocrx_word' id='word_1_659' title='bbox 2471 3329 2715 3380; x_wconf 86' lang='lat' dir='ltr'><strong>tractare</strong></span> <span class='ocrx_word' id='word_1_660' title='bbox 2742 3322 3096 3394; x_wconf 67' lang='lat' dir='ltr'><strong>coeperimus.</strong></span> 
     </span>
    </p>
   </div>
   <div class='ocr_carea' id='block_1_94' title="bbox 2294 3444 3748 3518">
    <p class='ocr_par' dir='ltr' id='par_1_94' title="bbox 2294 3444 3748 3518">
     <span class='ocr_line' id='line_1_94' title="bbox 2294 3444 3748 3518; baseline -0.006 -12"><span class='ocrx_word' id='word_1_661' title='bbox 2294 3450 2426 3510; x_wconf 66' lang='lat' dir='ltr'><strong>Cap.</strong></span> <span class='ocrx_word' id='word_1_662' title='bbox 2457 3449 2524 3505; x_wconf 84' lang='lat' dir='ltr'><strong>V.</strong></span> <span class='ocrx_word' id='word_1_663' title='bbox 2557 3479 2623 3492; x_wconf 93' lang='lat'>—</span> <span class='ocrx_word' id='word_1_664' title='bbox 2655 3449 2807 3518; x_wconf 84' lang='lat' dir='ltr'><strong>Quod</strong></span> <span class='ocrx_word' id='word_1_665' title='bbox 2835 3453 3056 3502; x_wconf 77' lang='lat' dir='ltr'><strong>tantum</strong></span> <span class='ocrx_word' id='word_1_666' title='bbox 3093 3449 3166 3502; x_wconf 77' lang='lat' dir='ltr'><strong>sit</strong></span> <span class='ocrx_word' id='word_1_667' title='bbox 3206 3449 3424 3503; x_wconf 77' lang='lat' dir='ltr'><strong>malum</strong></span> <span class='ocrx_word' id='word_1_668' title='bbox 3455 3444 3685 3516; x_wconf 68' lang='lat' dir='ltr'><strong>superbi:</strong></span> <span class='ocrx_word' id='word_1_669' title='bbox 3703 3444 3748 3492; x_wconf 72' lang='lat' dir='ltr'><strong>ut</strong></span> 
     </span>
    </p>
   </div>
   <div class='ocr_carea' id='block_1_95' title="bbox 2329 3534 3674 3608">
    <p class='ocr_par' dir='ltr' id='par_1_95' title="bbox 2329 3534 3674 3608">
     <span class='ocr_line' id='line_1_95' title="bbox 2329 3534 3674 3608; baseline -0.007 -15"><span class='ocrx_word' id='word_1_670' title='bbox 2329 3540 2514 3608; x_wconf 76' lang='lat' dir='ltr'><strong>ipsum</strong></span> <span class='ocrx_word' id='word_1_671' title='bbox 2557 3539 2725 3593; x_wconf 80' lang='lat' dir='ltr'><strong>Deum</strong></span> <span class='ocrx_word' id='word_1_672' title='bbox 2752 3537 3144 3591; x_wconf 79' lang='lat' dir='ltr'><strong>aduersarium</strong></span> <span class='ocrx_word' id='word_1_673' title='bbox 3172 3534 3372 3590; x_wconf 79' lang='lat' dir='ltr'><strong>habere</strong></span> <span class='ocrx_word' id='word_1_674' title='bbox 3409 3537 3674 3588; x_wconf 76' lang='lat' dir='ltr'><strong>mereatur.</strong></span> 
     </span>
    </p>
   </div>
   <div class='ocr_carea' id='block_1_96' title="bbox 2293 3640 3751 3714">
    <p class='ocr_par' dir='ltr' id='par_1_96' title="bbox 2293 3640 3751 3714">
     <span class='ocr_line' id='line_1_96' title="bbox 2293 3640 3751 3714; baseline -0.007 -14"><span class='ocrx_word' id='word_1_675' title='bbox 2293 3645 2494 3713; x_wconf 60' lang='lat' dir='ltr'><strong>(Casa)</strong></span> <span class='ocrx_word' id='word_1_676' title='bbox 2512 3645 2755 3700; x_wconf 87' lang='lat' dir='ltr'><strong>Tantum</strong></span> <span class='ocrx_word' id='word_1_677' title='bbox 2783 3642 2995 3698; x_wconf 87' lang='lat' dir='ltr'><strong>malum</strong></span> <span class='ocrx_word' id='word_1_678' title='bbox 3041 3646 3129 3697; x_wconf 90' lang='lat' dir='ltr'><strong>est</strong></span> <span class='ocrx_word' id='word_1_679' title='bbox 3163 3640 3445 3714; x_wconf 84' lang='lat' dir='ltr'><strong>superbia,</strong></span> <span class='ocrx_word' id='word_1_680' title='bbox 3474 3644 3534 3695; x_wconf 88' lang='lat' dir='ltr'><strong>ut</strong></span> <span class='ocrx_word' id='word_1_681' title='bbox 3548 3653 3645 3694; x_wconf 90' lang='lat' dir='ltr'><strong>non</strong></span> <span class='ocrx_word' id='word_1_682' title='bbox 3681 3648 3751 3690; x_wconf 74' lang='lat' dir='ltr'><strong>an-</strong></span> 
     </span>
    </p>
   </div>
   <div class='ocr_carea' id='block_1_97' title="bbox 2215 3726 3751 3804">
    <p class='ocr_par' dir='ltr' id='par_1_97' title="bbox 2215 3726 3751 3804">
     <span class='ocr_line' id='line_1_97' title="bbox 2215 3726 3751 3804; baseline -0.006 -15"><span class='ocrx_word' id='word_1_683' title='bbox 2215 3734 2426 3804; x_wconf 84' lang='lat' dir='ltr'><strong>gelum,</strong></span> <span class='ocrx_word' id='word_1_684' title='bbox 2449 3749 2564 3790; x_wconf 91' lang='lat' dir='ltr'><strong>non</strong></span> <span class='ocrx_word' id='word_1_685' title='bbox 2582 3732 2723 3788; x_wconf 88' lang='lat' dir='ltr'><strong>alias</strong></span> <span class='ocrx_word' id='word_1_686' title='bbox 2748 3732 2986 3788; x_wconf 87' lang='lat' dir='ltr'><strong>virtutes</strong></span> <span class='ocrx_word' id='word_1_687' title='bbox 3009 3729 3118 3786; x_wconf 91' lang='lat' dir='ltr'><strong>sibi</strong></span> <span class='ocrx_word' id='word_1_688' title='bbox 3146 3731 3477 3797; x_wconf 84' lang='lat' dir='ltr'><strong>contrarias,</strong></span> <span class='ocrx_word' id='word_1_689' title='bbox 3503 3727 3594 3784; x_wconf 87' lang='lat' dir='ltr'><strong>sed</strong></span> <span class='ocrx_word' id='word_1_690' title='bbox 3612 3726 3751 3798; x_wconf 81' lang='lat' dir='ltr'><strong>ipsum</strong></span> 
     </span>
    </p>
   </div>
   <div class='ocr_carea' id='block_1_98' title="bbox 2217 3815 3751 3884">
    <p class='ocr_par' dir='ltr' id='par_1_98' title="bbox 2217 3815 3751 3884">
     <span class='ocr_line' id='line_1_98' title="bbox 2217 3815 3751 3884; baseline -0.008 -5"><span class='ocrx_word' id='word_1_691' title='bbox 2217 3823 2520 3880; x_wconf 83' lang='lat' dir='ltr'><strong>Dominum</strong></span> <span class='ocrx_word' id='word_1_692' title='bbox 2557 3821 2940 3878; x_wconf 87' lang='lat' dir='ltr'><strong>adversarium</strong></span> <span class='ocrx_word' id='word_1_693' title='bbox 2968 3820 3175 3876; x_wconf 88' lang='lat' dir='ltr'><strong>habere</strong></span> <span class='ocrx_word' id='word_1_694' title='bbox 3235 3823 3531 3884; x_wconf 86' lang='lat' dir='ltr'><strong>mereatur,</strong></span> <span class='ocrx_word' id='word_1_695' title='bbox 3561 3815 3751 3871; x_wconf 72' lang='lat' dir='ltr'><strong>testante</strong></span> 
     </span>
    </p>
   </div>
   <div class='ocr_carea' id='block_1_99' title="bbox 2217 3905 3747 3984">
    <p class='ocr_par' dir='ltr' id='par_1_99' title="bbox 2217 3905 3747 3984">
     <span class='ocr_line' id='line_1_99' title="bbox 2217 3905 3747 3984; baseline -0.011 -13"><span class='ocrx_word' id='word_1_696' title='bbox 2217 3912 2527 3984; x_wconf 79' lang='lat' dir='ltr'><strong>Scriptura,</strong></span> <span class='ocrx_word' id='word_1_697' title='bbox 2547 3930 2574 3966; x_wconf 78' lang='grc' dir='ltr'><strong><em>α</em></strong></span> <span class='ocrx_word' id='word_1_698' title='bbox 2591 3911 2742 3968; x_wconf 90' lang='lat' dir='ltr'><strong>Deus</strong></span> <span class='ocrx_word' id='word_1_699' title='bbox 2759 3909 3015 3984; x_wconf 89' lang='lat' dir='ltr'><strong>superbis</strong></span> <span class='ocrx_word' id='word_1_700' title='bbox 3041 3911 3374 3966; x_wconf 84' lang='lat' dir='ltr'><strong>adversatur</strong></span> <span class='ocrx_word' id='word_1_701' title='bbox 3397 3928 3419 3960; x_wconf 73' lang='grc' dir='ltr'><strong><em>ι</em></strong></span> <span class='ocrx_word' id='word_1_702' title='bbox 3447 3927 3460 3976; x_wconf 86' lang='grc'><strong>;</strong></span> <span class='ocrx_word' id='word_1_703' title='bbox 3481 3912 3536 3962; x_wconf 91' lang='lat' dir='ltr'><strong>et</strong></span> <span class='ocrx_word' id='word_1_704' title='bbox 3557 3905 3747 3960; x_wconf 81' lang='lat' dir='ltr'><strong>iterum:</strong></span> 
     </span>
    </p>
   </div>
   <div class='ocr_carea' id='block_1_100' title="bbox 2223 3993 3752 4072">
    <p class='ocr_par' dir='ltr' id='par_1_100' title="bbox 2223 3993 3752 4072">
     <span class='ocr_line' id='line_1_100' title="bbox 2223 3993 3752 4072; baseline -0.005 -20"><span class='ocrx_word' id='word_1_705' title='bbox 2223 4019 2246 4052; x_wconf 72' lang='grc' dir='ltr'><strong>α</strong></span> <span class='ocrx_word' id='word_1_706' title='bbox 2280 3999 2622 4056; x_wconf 77' lang='lat' dir='ltr'><strong>Immundas</strong></span> <span class='ocrx_word' id='word_1_707' title='bbox 2640 4005 2728 4055; x_wconf 89' lang='lat' dir='ltr'><strong>est</strong></span> <span class='ocrx_word' id='word_1_708' title='bbox 2753 3999 2903 4072; x_wconf 88' lang='lat' dir='ltr'><strong>apud</strong></span> <span class='ocrx_word' id='word_1_709' title='bbox 2931 3999 3113 4055; x_wconf 91' lang='lat' dir='ltr'><strong>Deum</strong></span> <span class='ocrx_word' id='word_1_710' title='bbox 3142 3999 3330 4054; x_wconf 88' lang='lat' dir='ltr'><strong>omnis</strong></span> <span class='ocrx_word' id='word_1_711' title='bbox 3357 3997 3450 4070; x_wconf 90' lang='lat' dir='ltr'><strong>qui</strong></span> <span class='ocrx_word' id='word_1_712' title='bbox 3479 3993 3662 4052; x_wconf 76' lang='lat' dir='ltr'><strong>exultat</strong></span> <span class='ocrx_word' id='word_1_713' title='bbox 3683 4002 3752 4044; x_wconf 79' lang='lat' dir='ltr'><strong>cur</strong></span> 
     </span>
    </p>
   </div>
   <div class='ocr_carea' id='block_1_101' title="bbox 2219 4085 3753 4160">
    <p class='ocr_par' dir='ltr' id='par_1_101' title="bbox 2219 4085 3753 4160">
     <span class='ocr_line' id='line_1_101' title="bbox 2219 4085 3753 4160; baseline -0.008 -14"><span class='ocrx_word' id='word_1_714' title='bbox 2219 4105 2384 4146; x_wconf 89' lang='lat' dir='ltr'><strong>suum</strong></span> <span class='ocrx_word' id='word_1_715' title='bbox 2410 4109 2424 4158; x_wconf 86' lang='lat'><strong>;</strong></span> <span class='ocrx_word' id='word_1_716' title='bbox 2446 4110 2468 4142; x_wconf 73' lang='grc' dir='ltr'><strong><em>ι</em></strong></span> <span class='ocrx_word' id='word_1_717' title='bbox 2501 4089 2813 4146; x_wconf 83' lang='lat' dir='ltr'><strong>notandum</strong></span> <span class='ocrx_word' id='word_1_718' title='bbox 2842 4087 3123 4160; x_wconf 89' lang='lat' dir='ltr'><strong>siquidem</strong></span> <span class='ocrx_word' id='word_1_719' title='bbox 3151 4094 3259 4154; x_wconf 90' lang='lat' dir='ltr'><strong>est,</strong></span> <span class='ocrx_word' id='word_1_720' title='bbox 3282 4085 3428 4158; x_wconf 90' lang='lat' dir='ltr'><strong>quod</strong></span> <span class='ocrx_word' id='word_1_721' title='bbox 3456 4091 3753 4156; x_wconf 80' lang='lat' dir='ltr'><strong>nequaquam</strong></span> 
     </span>
    </p>
   </div>
   <div class='ocr_carea' id='block_1_102' title="bbox 2217 4165 3752 4252">
    <p class='ocr_par' dir='ltr' id='par_1_102' title="bbox 2217 4165 3752 4252">
     <span class='ocr_line' id='line_1_102' title="bbox 2217 4165 3752 4252; baseline -0.009 -18"><span class='ocrx_word' id='word_1_722' title='bbox 2217 4179 2423 4234; x_wconf 84' lang='lat' dir='ltr'><strong>dixerit</strong></span> <span class='ocrx_word' id='word_1_723' title='bbox 2447 4195 2619 4252; x_wconf 90' lang='lat' dir='ltr'><strong>super</strong></span> <span class='ocrx_word' id='word_1_724' title='bbox 2644 4178 2732 4233; x_wconf 90' lang='lat' dir='ltr'><strong>his</strong></span> <span class='ocrx_word' id='word_1_725' title='bbox 2789 4178 2887 4249; x_wconf 91' lang='lat' dir='ltr'><strong>qui</strong></span> <span class='ocrx_word' id='word_1_726' title='bbox 2937 4176 3153 4233; x_wconf 75' lang='lat' dir='ltr'><strong>caeteris</strong></span> <span class='ocrx_word' id='word_1_727' title='bbox 3186 4181 3325 4232; x_wconf 91' lang='lat' dir='ltr'><strong>sunt</strong></span> <span class='ocrx_word' id='word_1_728' title='bbox 3359 4174 3503 4230; x_wconf 87' lang='lat' dir='ltr'><strong>vitiis</strong></span> <span class='ocrx_word' id='word_1_729' title='bbox 3547 4165 3752 4229; x_wconf 80' lang='lat' dir='ltr'><strong>involuti,</strong></span> 
     </span>
    </p>
   </div>
   <div class='ocr_carea' id='block_1_103' title="bbox 2217 4253 3754 4341">
    <p class='ocr_par' dir='ltr' id='par_1_103' title="bbox 2217 4253 3754 4341">
     <span class='ocr_line' id='line_1_103' title="bbox 2217 4253 3754 4341; baseline -0.008 -16"><span class='ocrx_word' id='word_1_730' title='bbox 2217 4269 2368 4341; x_wconf 90' lang='lat' dir='ltr'><strong>quod</strong></span> <span class='ocrx_word' id='word_1_731' title='bbox 2397 4267 2644 4324; x_wconf 88' lang='lat' dir='ltr'><strong>habeant</strong></span> <span class='ocrx_word' id='word_1_732' title='bbox 2672 4266 2780 4323; x_wconf 88' lang='lat' dir='ltr'><strong>sibi</strong></span> <span class='ocrx_word' id='word_1_733' title='bbox 2808 4265 3108 4322; x_wconf 89' lang='lat' dir='ltr'><strong>Dominum</strong></span> <span class='ocrx_word' id='word_1_734' title='bbox 3147 4265 3518 4329; x_wconf 86' lang='lat' dir='ltr'><strong>resistentem,</strong></span> <span class='ocrx_word' id='word_1_735' title='bbox 3545 4259 3630 4316; x_wconf 88' lang='lat' dir='ltr'><strong>sed</strong></span> <span class='ocrx_word' id='word_1_736' title='bbox 3653 4253 3754 4312; x_wconf 67' lang='lat' dir='ltr'><strong>solii</strong></span> 
     </span>
    </p>
   </div>
   <div class='ocr_carea' id='block_1_104' title="bbox 2215 4357 2493 4430">
    <p class='ocr_par' dir='ltr' id='par_1_104' title="bbox 2215 4357 2493 4430">
     <span class='ocr_line' id='line_1_104' title="bbox 2215 4357 2493 4430; baseline -0.004 -18"><span class='ocrx_word' id='word_1_737' title='bbox 2215 4357 2493 4430; x_wconf 87' lang='lat' dir='ltr'><strong>superbis.</strong></span> 
     </span>
    </p>
   </div>
   <div class='ocr_carea' id='block_1_105' title="bbox 2323 4457 3672 4534">
    <p class='ocr_par' dir='ltr' id='par_1_105' title="bbox 2323 4457 3672 4534">
     <span class='ocr_line' id='line_1_105' title="bbox 2323 4457 3672 4534; baseline -0.006 -14"><span class='ocrx_word' id='word_1_738' title='bbox 2323 4465 2454 4520; x_wconf 78' lang='lat' dir='ltr'><strong>CAP.</strong></span> <span class='ocrx_word' id='word_1_739' title='bbox 2486 4461 2582 4520; x_wconf 83' lang='lat' dir='ltr'><strong>VI.</strong></span> <span class='ocrx_word' id='word_1_740' title='bbox 2614 4493 2680 4506; x_wconf 89' lang='lat'><strong>--</strong></span> <span class='ocrx_word' id='word_1_741' title='bbox 2711 4463 2962 4532; x_wconf 72' lang='lat' dir='ltr'><strong>Qualiter</strong></span> <span class='ocrx_word' id='word_1_742' title='bbox 2979 4460 3239 4534; x_wconf 75' lang='lat' dir='ltr'><strong>superbia</strong></span> <span class='ocrx_word' id='word_1_743' title='bbox 3267 4457 3672 4532; x_wconf 63' lang='lat' dir='ltr'><strong>superborum.</strong></span> 
     </span>
    </p>
   </div>
   <div class='ocr_carea' id='block_1_106' title="bbox 2287 4564 3756 4644">
    <p class='ocr_par' dir='ltr' id='par_1_106' title="bbox 2287 4564 3756 4644">
     <span class='ocr_line' id='line_1_106' title="bbox 2287 4564 3756 4644; baseline -0.012 -15"><span class='ocrx_word' id='word_1_744' title='bbox 2287 4571 2483 4644; x_wconf 61' lang='lat' dir='ltr'><strong>(Casa)</strong></span> <span class='ocrx_word' id='word_1_745' title='bbox 2502 4572 2620 4628; x_wconf 88' lang='lat' dir='ltr'><strong>Illis</strong></span> <span class='ocrx_word' id='word_1_746' title='bbox 2649 4571 2798 4626; x_wconf 91' lang='lat' dir='ltr'><strong>enim</strong></span> <span class='ocrx_word' id='word_1_747' title='bbox 2811 4587 2950 4642; x_wconf 90' lang='lat' dir='ltr'><strong>quos</strong></span> <span class='ocrx_word' id='word_1_748' title='bbox 2967 4574 3130 4624; x_wconf 85' lang='lat' dir='ltr'><strong>vexat</strong></span> <span class='ocrx_word' id='word_1_749' title='bbox 3149 4567 3412 4642; x_wconf 86' lang='lat' dir='ltr'><strong>superbia</strong></span> <span class='ocrx_word' id='word_1_750' title='bbox 3425 4582 3529 4622; x_wconf 90' lang='lat' dir='ltr'><strong>non</strong></span> <span class='ocrx_word' id='word_1_751' title='bbox 3541 4564 3756 4634; x_wconf 86' lang='lat' dir='ltr'><strong>opportu-</strong></span> 
     </span>
    </p>
   </div>
   <div class='ocr_carea' id='block_1_107' title="bbox 2213 4651 3756 4730">
    <p class='ocr_par' dir='ltr' id='par_1_107' title="bbox 2213 4651 3756 4730">
     <span class='ocr_line' id='line_1_107' title="bbox 2213 4651 3756 4730; baseline -0.009 -13"><span class='ocrx_word' id='word_1_752' title='bbox 2213 4678 2320 4717; x_wconf 90' lang='lat' dir='ltr'><strong>nus</strong></span> <span class='ocrx_word' id='word_1_753' title='bbox 2349 4667 2436 4717; x_wconf 91' lang='lat' dir='ltr'><strong>est</strong></span> <span class='ocrx_word' id='word_1_754' title='bbox 2461 4678 2666 4730; x_wconf 88' lang='lat' dir='ltr'><strong>sermo,</strong></span> <span class='ocrx_word' id='word_1_755' title='bbox 2691 4661 2790 4716; x_wconf 89' lang='lat' dir='ltr'><strong>sed</strong></span> <span class='ocrx_word' id='word_1_756' title='bbox 2824 4661 2972 4716; x_wconf 88' lang='lat' dir='ltr'><strong>risus</strong></span> <span class='ocrx_word' id='word_1_757' title='bbox 3001 4659 3137 4714; x_wconf 89' lang='lat' dir='ltr'><strong>levis</strong></span> <span class='ocrx_word' id='word_1_758' title='bbox 3182 4675 3247 4712; x_wconf 87' lang='lat' dir='ltr'><strong>ac</strong></span> <span class='ocrx_word' id='word_1_759' title='bbox 3274 4657 3504 4720; x_wconf 83' lang='lat' dir='ltr'><strong>factuus,</strong></span> <span class='ocrx_word' id='word_1_760' title='bbox 3532 4651 3756 4708; x_wconf 69' lang='lat' dir='ltr'><strong>effrenata</strong></span> 
     </span>
    </p>
   </div>
   <div class='ocr_carea' id='block_1_108' title="bbox 2214 4743 3755 4823">
    <p class='ocr_par' dir='ltr' id='par_1_108' title="bbox 2214 4743 3755 4823">
     <span class='ocr_line' id='line_1_108' title="bbox 2214 4743 3755 4823; baseline -0.01 -16"><span class='ocrx_word' id='word_1_761' title='bbox 2214 4757 2384 4823; x_wconf 87' lang='lat' dir='ltr'><strong>atque</strong></span> <span class='ocrx_word' id='word_1_762' title='bbox 2407 4750 2822 4823; x_wconf 86' lang='lat' dir='ltr'><strong>indisciplinata</strong></span> <span class='ocrx_word' id='word_1_763' title='bbox 2845 4747 3028 4806; x_wconf 91' lang='lat' dir='ltr'><strong>cordis</strong></span> <span class='ocrx_word' id='word_1_764' title='bbox 3052 4749 3240 4816; x_wconf 87' lang='lat' dir='ltr'><strong>elatio,</strong></span> <span class='ocrx_word' id='word_1_765' title='bbox 3271 4743 3559 4820; x_wconf 87' lang='lat' dir='ltr'><strong>discipulos</strong></span> <span class='ocrx_word' id='word_1_766' title='bbox 3597 4743 3755 4823; x_wconf 71' lang='lat' dir='ltr'><strong>contra</strong></span> 
     </span>
    </p>
   </div>
   <div class='ocr_carea' id='block_1_109' title="bbox 2215 4821 3753 4896">
    <p class='ocr_par' dir='ltr' id='par_1_109' title="bbox 2215 4821 3753 4896">
     <span class='ocr_line' id='line_1_109' title="bbox 2215 4821 3753 4896; baseline -0.011 2"><span class='ocrx_word' id='word_1_767' title='bbox 2215 4821 2438 4896; x_wconf 73' lang='lat' dir='ltr'><strong>sanctos</strong></span> <span class='ocrx_word' id='word_1_768' title='bbox 2483 4821 2858 4896; x_wconf 73' lang='lat' dir='ltr'><strong>Ecclesiarum</strong></span> <span class='ocrx_word' id='word_1_769' title='bbox 2899 4838 3001 4895; x_wconf 90' lang='lat' dir='ltr'><strong>Dei</strong></span> <span class='ocrx_word' id='word_1_770' title='bbox 3031 4843 3275 4894; x_wconf 88' lang='lat' dir='ltr'><strong>rectores</strong></span> <span class='ocrx_word' id='word_1_771' title='bbox 3326 4836 3568 4891; x_wconf 86' lang='lat' dir='ltr'><strong>incautos</strong></span> <span class='ocrx_word' id='word_1_772' title='bbox 3607 4821 3753 4884; x_wconf 76' lang='lat' dir='ltr'><strong>reddit</strong></span> 
     </span>
    </p>
   </div>
   <div class='ocr_carea' id='block_1_110' title="bbox 2217 4915 3749 5000">
    <p class='ocr_par' dir='ltr' id='par_1_110' title="bbox 2217 4915 3749 5000">
     <span class='ocr_line' id='line_1_110' title="bbox 2217 4915 3749 5000; baseline -0.008 -15"><span class='ocrx_word' id='word_1_773' title='bbox 2217 4934 2276 4986; x_wconf 86' lang='lat' dir='ltr'><strong>et</strong></span> <span class='ocrx_word' id='word_1_774' title='bbox 2295 4929 2490 4995; x_wconf 88' lang='lat' dir='ltr'><strong>elatos,</strong></span> <span class='ocrx_word' id='word_1_775' title='bbox 2517 4945 2784 5000; x_wconf 89' lang='lat' dir='ltr'><strong>sequaces</strong></span> <span class='ocrx_word' id='word_1_776' title='bbox 2806 4944 2936 4984; x_wconf 90' lang='lat' dir='ltr'><strong>suos</strong></span> <span class='ocrx_word' id='word_1_777' title='bbox 2956 4926 3016 4982; x_wconf 89' lang='lat' dir='ltr'><strong>in</strong></span> <span class='ocrx_word' id='word_1_778' title='bbox 3044 4925 3413 5000; x_wconf 76' lang='lat' dir='ltr'><strong>prosperitate</strong></span> <span class='ocrx_word' id='word_1_779' title='bbox 3438 4920 3564 4977; x_wconf 79' lang='lat' dir='ltr'><strong>facit</strong></span> <span class='ocrx_word' id='word_1_780' title='bbox 3593 4915 3749 4973; x_wconf 58' lang='lat' dir='ltr'><strong>elatos,</strong></span> 
     </span>
    </p>
   </div>
   <div class='ocr_carea' id='block_1_111' title="bbox 2217 5002 3749 5096">
    <p class='ocr_par' dir='ltr' id='par_1_111' title="bbox 2217 5002 3749 5096">
     <span class='ocr_line' id='line_1_111' title="bbox 2217 5002 3749 5096; baseline -0.01 -21"><span class='ocrx_word' id='word_1_781' title='bbox 2217 5018 2278 5073; x_wconf 91' lang='lat' dir='ltr'><strong>in</strong></span> <span class='ocrx_word' id='word_1_782' title='bbox 2307 5018 2645 5074; x_wconf 84' lang='lat' dir='ltr'><strong>adversitate</strong></span> <span class='ocrx_word' id='word_1_783' title='bbox 2673 5017 3038 5089; x_wconf 84' lang='lat' dir='ltr'><strong>desperantes</strong></span> <span class='ocrx_word' id='word_1_784' title='bbox 3096 5021 3155 5070; x_wconf 88' lang='lat' dir='ltr'><strong>et</strong></span> <span class='ocrx_word' id='word_1_785' title='bbox 3201 5012 3408 5077; x_wconf 76' lang='lat' dir='ltr'><strong>tristes,</strong></span> <span class='ocrx_word' id='word_1_786' title='bbox 3455 5010 3511 5064; x_wconf 89' lang='lat' dir='ltr'><strong>in</strong></span> <span class='ocrx_word' id='word_1_787' title='bbox 3545 5002 3749 5096; x_wconf 40' lang='lat' dir='ltr'><strong>oration-9</strong></span> 
     </span>
    </p>
   </div>
   <div class='ocr_carea' id='block_1_112' title="bbox 2215 5093 3750 5180">
    <p class='ocr_par' dir='ltr' id='par_1_112' title="bbox 2215 5093 3750 5180">
     <span class='ocr_line' id='line_1_112' title="bbox 2215 5093 3750 5180; baseline 0 -19"><span class='ocrx_word' id='word_1_788' title='bbox 2215 5107 2427 5176; x_wconf 88' lang='lat' dir='ltr'><strong>tardos,</strong></span> <span class='ocrx_word' id='word_1_789' title='bbox 2459 5107 2519 5162; x_wconf 90' lang='lat' dir='ltr'><strong>in</strong></span> <span class='ocrx_word' id='word_1_790' title='bbox 2545 5106 2749 5180; x_wconf 88' lang='lat' dir='ltr'><strong>vigiliis</strong></span> <span class='ocrx_word' id='word_1_791' title='bbox 2769 5106 2976 5178; x_wconf 88' lang='lat' dir='ltr'><strong>pigros,</strong></span> <span class='ocrx_word' id='word_1_792' title='bbox 3025 5104 3084 5160; x_wconf 91' lang='lat' dir='ltr'><strong>in</strong></span> <span class='ocrx_word' id='word_1_793' title='bbox 3112 5103 3580 5174; x_wconf 77' lang='lat' dir='ltr'><strong>eleemosynarum</strong></span> 
     </span>
    </p>
   </div>
   <div class='ocr_carea' id='block_1_113' title="bbox 2213 5175 3748 5267">
    <p class='ocr_par' dir='ltr' id='par_1_113' title="bbox 2213 5175 3748 5267">
     <span class='ocr_line' id='line_1_113' title="bbox 2213 5175 3748 5267; baseline -0.011 -15"><span class='ocrx_word' id='word_1_794' title='bbox 2213 5200 2330 5252; x_wconf 89' lang='lat' dir='ltr'><strong>tate</strong></span> <span class='ocrx_word' id='word_1_795' title='bbox 2358 5175 2628 5263; x_wconf 51' lang='lat' dir='ltr'><strong>tenaces;</strong></span> <span class='ocrx_word' id='word_1_796' title='bbox 2639 5195 2696 5250; x_wconf 88' lang='lat' dir='ltr'><strong>in</strong></span> <span class='ocrx_word' id='word_1_797' title='bbox 2711 5175 2944 5267; x_wconf 73' lang='lat' dir='ltr'><strong>jejuniis</strong></span> <span class='ocrx_word' id='word_1_798' title='bbox 2982 5194 3190 5260; x_wconf 88' lang='lat' dir='ltr'><strong>avidos,</strong></span> <span class='ocrx_word' id='word_1_799' title='bbox 3222 5193 3282 5247; x_wconf 91' lang='lat' dir='ltr'><strong>in</strong></span> <span class='ocrx_word' id='word_1_800' title='bbox 3319 5184 3617 5245; x_wconf 87' lang='lat' dir='ltr'><strong>obedientia</strong></span> 
     </span>
    </p>
   </div>
   <div class='ocr_carea' id='block_1_114' title="bbox 2211 5265 3746 5358">
    <p class='ocr_par' dir='ltr' id='par_1_114' title="bbox 2211 5265 3746 5358">
     <span class='ocr_line' id='line_1_114' title="bbox 2211 5265 3746 5358; baseline -0.008 -18"><span class='ocrx_word' id='word_1_801' title='bbox 2211 5285 2330 5354; x_wconf 91' lang='lat' dir='ltr'><strong>des,</strong></span> <span class='ocrx_word' id='word_1_802' title='bbox 2354 5285 2413 5340; x_wconf 92' lang='lat' dir='ltr'><strong>in</strong></span> <span class='ocrx_word' id='word_1_803' title='bbox 2433 5265 2813 5358; x_wconf 77' lang='lat' dir='ltr'><strong>hospitalitate</strong></span> <span class='ocrx_word' id='word_1_804' title='bbox 2841 5283 3199 5349; x_wconf 86' lang='lat' dir='ltr'><strong>inhumanos,</strong></span> <span class='ocrx_word' id='word_1_805' title='bbox 3213 5287 3269 5337; x_wconf 91' lang='lat' dir='ltr'><strong>et</strong></span> <span class='ocrx_word' id='word_1_806' title='bbox 3279 5278 3410 5352; x_wconf 90' lang='lat' dir='ltr'><strong>quid</strong></span> <span class='ocrx_word' id='word_1_807' title='bbox 3437 5265 3746 5358; x_wconf 77' lang='lat' dir='ltr'><strong>amplius</strong></span> 
     </span>
    </p>
   </div>
   <div class='ocr_carea' id='block_1_115' title="bbox 2211 5353 3742 5431">
    <p class='ocr_par' dir='ltr' id='par_1_115' title="bbox 2211 5353 3742 5431">
     <span class='ocr_line' id='line_1_115' title="bbox 2211 5353 3742 5431; baseline -0.011 0"><span class='ocrx_word' id='word_1_808' title='bbox 2211 5353 2470 5430; x_wconf 82' lang='lat' dir='ltr'><strong>omnibus</strong></span> <span class='ocrx_word' id='word_1_809' title='bbox 2481 5353 2641 5430; x_wconf 77' lang='lat' dir='ltr'><strong>bonis</strong></span> <span class='ocrx_word' id='word_1_810' title='bbox 2656 5374 2980 5431; x_wconf 83' lang='lat' dir='ltr'><strong>inhonestos</strong></span> <span class='ocrx_word' id='word_1_811' title='bbox 2997 5377 3054 5429; x_wconf 90' lang='lat' dir='ltr'><strong>et</strong></span> <span class='ocrx_word' id='word_1_812' title='bbox 3078 5365 3532 5428; x_wconf 87' lang='lat' dir='ltr'><strong>immisericordes</strong></span> <span class='ocrx_word' id='word_1_813' title='bbox 3579 5353 3742 5414; x_wconf 70' lang='lat' dir='ltr'><strong>reddit-</strong></span> 
     </span>
    </p>
   </div>
   <div class='ocr_carea' id='block_1_116' title="bbox 2211 5461 3741 5552">
    <p class='ocr_par' dir='ltr' id='par_1_116' title="bbox 2211 5461 3741 5552">
     <span class='ocr_line' id='line_1_116' title="bbox 2211 5461 3741 5552; baseline -0.013 -13"><span class='ocrx_word' id='word_1_814' title='bbox 2211 5483 2342 5538; x_wconf 64' lang='grc' dir='ltr'><strong>Ου’.</strong></span> <span class='ocrx_word' id='word_1_815' title='bbox 2365 5483 2488 5539; x_wconf 84' lang='lat' dir='ltr'><strong>VII.</strong></span> <span class='ocrx_word' id='word_1_816' title='bbox 2519 5511 2584 5524; x_wconf 88' lang='lat'><strong><em>—</em></strong></span> <span class='ocrx_word' id='word_1_817' title='bbox 2602 5483 3047 5552; x_wconf 73' lang='lat' dir='ltr'><strong>Quibusindiciis</strong></span> <span class='ocrx_word' id='word_1_818' title='bbox 3058 5481 3227 5552; x_wconf 76' lang='lat' dir='ltr'><strong>possit</strong></span> <span class='ocrx_word' id='word_1_819' title='bbox 3250 5475 3499 5546; x_wconf 69' lang='lat' dir='ltr'><strong>superbia</strong></span> <span class='ocrx_word' id='word_1_820' title='bbox 3520 5461 3741 5537; x_wconf 56' lang='lat' dir='ltr'><strong>cognata.</strong></span> 
     </span>
    </p>
   </div>
   <div class='ocr_carea' id='block_1_117' title="bbox 2281 5575 3737 5660">
    <p class='ocr_par' dir='ltr' id='par_1_117' title="bbox 2281 5575 3737 5660">
     <span class='ocr_line' id='line_1_117' title="bbox 2281 5575 3737 5660; baseline -0.019 0"><span class='ocrx_word' id='word_1_821' title='bbox 2281 5589 2473 5660; x_wconf 72' lang='grc' dir='ltr'><strong>(σω-τι)</strong></span> <span class='ocrx_word' id='word_1_822' title='bbox 2511 5589 2612 5646; x_wconf 81' lang='lat' dir='ltr'><strong>His</strong></span> <span class='ocrx_word' id='word_1_823' title='bbox 2675 5587 2852 5660; x_wconf 86' lang='lat' dir='ltr'><strong>igitur</strong></span> <span class='ocrx_word' id='word_1_824' title='bbox 2885 5586 3109 5645; x_wconf 88' lang='lat' dir='ltr'><strong>indiciis</strong></span> <span class='ocrx_word' id='word_1_825' title='bbox 3152 5580 3406 5656; x_wconf 84' lang='lat' dir='ltr'><strong>superbia</strong></span> <span class='ocrx_word' id='word_1_826' title='bbox 3453 5575 3737 5633; x_wconf 65' lang='lat' dir='ltr'><strong>declaratur:</strong></span> 
     </span>
    </p>
   </div>
  </div>
