3982 6158
275 245 414 302 1353

1228 243 1322 297 DE
1359 241 1576 297 VITIIS
1613 242 1701 298 ET
1737 242 2187 303 VIRTUTIBUS.
2223 276 2287 286 —
2327 247 2463 302 LIB.
2505 247 2605 303 III.

3421 247 3554 306 l35’i

270 371 424 426 inest
448 370 710 442 primitus
741 371 801 425 in
833 370 1057 442 loquela
1080 369 1164 423 vis
1194 369 1474 434 clamoris,
1495 367 1554 422 in
1573 368 1872 423 taciturni-
1893 369 2090 429 Atulit
2133 370 2362 425 mundo.
2406 371 2505 425 Est
2550 371 2701 425 enim
2745 371 3010 443 superbia
3047 376 3230 425 mater
3269 376 3326 426 et
3361 372 3558 443 regina

267 465 410 522 tate,
442 459 780 525 amaritudo,
813 459 1062 514 excelsus
1092 463 1150 512 et
1173 456 1383 512 eﬁ‘usus
1413 458 1471 512 in
1505 457 1701 511 laetitia
1729 457 1876 512 risus

269 548 695 614 irrationabilis,
727 548 788 603 in
817 547 1079 604 serietate
1127 545 1376 612 tristitia,
1411 545 1469 600 in
1515 545 1875 618 responsione

273 655 494 704 rancor,
523 637 759 692 facilitas
787 637 845 690 in
867 652 1144 702 sermone,
1181 634 1350 689 verba
1379 635 1588 706 passim
1619 635 1741 690 sine
1761 635 1876 688 ulla

275 727 462 781 cordis
488 726 765 797 gravitate
793 725 1168 796 erumpentia,
1201 741 1425 796 exspers
1466 724 1740 795 patientia
1770 730 1872 790 est,

277 815 524 870 Charitas
553 816 757 881 aliena,
791 816 972 870 audax
1015 814 1084 868 ad
1126 813 1496 868 contumelias
1524 813 1872 883 irrogandas,

278 904 353 957 ad
383 903 706 958 tolerandas
731 901 1124 974 pusillanimis,
1158 902 1228 956 ad
1270 901 1643 956 obediendum
1675 901 1876 956 difﬁci-

277 993 367 1057 lis,
400 993 472 1047 ad
503 992 882 1063 recipiendam
909 991 1353 1046 exhortationem
1381 990 1770 1062 implacabilis,
1807 991 1877 1044 ad

276 1081 614 1137 resecandas
640 1082 956 1135 voluntates
975 1097 1106 1135 suas
1133 1079 1377 1146 inﬁrma,
1409 1081 1479 1134 ad
1511 1078 1878 1134 succumben-

277 1171 419 1224 dum
449 1170 651 1225 alienis
681 1169 982 1236 dirissima,
1017 1185 1350 1240 semperque
1366 1185 1498 1223 suas
1525 1168 1878 1222 deﬁnitiones

276 1266 529 1314 statuere
561 1259 925 1325 contendens,
964 1259 1085 1330 ipsa
1111 1273 1242 1312 vero
1280 1273 1641 1329 nequaquam
1669 1257 1884 1325 cedere,

1956 458 2240 525 vitiorum,
2263 460 2424 531 cujus
2447 466 2658 530 rexest
2683 459 2960 526 diabolus,
2983 459 3203 515 dicente
3226 459 3552 532 Scriptura;

1962 567 1985 598 σ
2021 549 2146 620 Ipse
2177 552 2263 602 est
2289 565 2386 603 rex
2429 565 2599 620 super
2638 549 2928 604 universos
2969 549 3116 604 ﬁlios
3149 548 3414 620 superbia
3445 549 3558 620 (Job

1959 652 2068 704 xm,
2099 635 2212 706 25).
2246 656 2272 690 ι

2032 781 2161 834 CAP.
2192 780 2284 834 IX.
2307 811 2371 821 —
2407 782 2637 850 Objectio
2656 786 2736 836 vel
2761 785 3066 850 increpatio
3085 783 3349 840 adversus
3369 797 3556 852 supcr-

2244 872 2359 934 bos;
2383 872 2600 926 diversa
2628 887 2794 940 super
2821 872 2918 925 hoc
2943 873 3278 928 testimonia.

2032 995 2340 1050 Dicendum
2370 995 2560 1066 itaque
2581 1000 2667 1049 e'st
2683 994 2940 1066 superbis
2966 1013 2978 1048 :
3001 1013 3027 1047 ((
3051 995 3126 1050 Ut
3145 995 3278 1067 quid
3305 995 3559 1069 superbit

1959 1091 2112 1140 terra
2143 1091 2200 1138 et
2227 1085 2367 1138 cinis
2393 1085 2576 1154 (Eccii.
2605 1101 2658 1150 x,
2691 1084 2766 1154 9);
2807 1089 2864 1138 et
2897 1083 3072 1139 illud:
3109 1085 3258 1140 Deus
3299 1084 3558 1158 superbis

1969 1173 2182 1228 resistit
2203 1174 2249 1240 (Ι
2277 1174 2420 1226 Pctr.
2454 1188 2508 1238 v,
2543 1171 2596 1241 5)
2625 1191 2637 1239 ;
2671 1177 2728 1227 et
2751 1157 3280 1228 illudzllmmundus
3307 1157 3394 1230 est
3412 1173 3562 1247 apud

1970 1263 2151 1318 Deum
2180 1261 2364 1316 omnis
2393 1261 2488 1332 qui
2517 1262 2726 1316 exaltat
2752 1279 2849 1316 cor
2866 1278 3032 1317 suum
3058 1269 3145 1330 ;et
3172 1263 3342 1318 illud:
3369 1263 3564 1319 Omnis

275 1351 576 1420 locumque
598 1349 733 1402 dare
763 1348 925 1402 alteri
950 1347 1338 1418 acquiescens;
1363 1351 1420 1400 et
1441 1346 1523 1400 ita
1551 1347 1616 1400 ﬁt
1632 1352 1697 1401 ut
1719 1345 1890 1400 etiam
1973 1351 2069 1424 qui
2096 1368 2156 1406 se
2185 1351 2392 1405 exaltat
2419 1350 2816 1406 humiliabitur
2833 1351 2981 1418 (Luc.
3008 1366 3116 1419 xw,
3149 1351 3235 1420 ll)
3259 1371 3272 1420 ;
3305 1357 3363 1406 et
3385 1351 3558 1408 illud:

276 1454 453 1509 capax
481 1437 700 1492 consilii
731 1436 970 1492 salubris
1002 1437 1218 1500 effecta,
1269 1435 1328 1490 in
1363 1435 1624 1490 omnibus
1652 1451 1753 1490 suo
1782 1451 1884 1506 po-
1968 1443 2113 1497 Ante
2143 1439 2367 1494 ruinam
2397 1440 2676 1494 exaltatur
2703 1439 2936 1511 spiritus
2989 1441 3166 1508 (Prov.
3202 1457 3317 1507 va,
3354 1441 3435 1509 l8)
3463 1460 3476 1509 ;
3509 1450 3568 1497 et

277 1527 394 1581 tius
422 1527 614 1581 credat
639 1543 810 1598 quam
832 1525 1120 1580 seniorum
1144 1525 1377 1595 judicio,
1395 1525 1544 1579 unde
1561 1531 1618 1579 et
1644 1524 1887 1596 Prosper
1929 1595 1944 1610 .
1969 1531 2109 1586 illud
2146 1549 2157 1584 :
2191 1529 2464 1584 Dominus
2481 1529 2598 1583 alta
2617 1529 2833 1599 alonge
2849 1529 3132 1599 cognoscit
3153 1530 3319 1596 (Psal.
3342 1546 3566 1596 cxxxvi,

278 1616 363 1670 ait
396 1635 407 1669 :
434 1615 504 1670 Hi
535 1633 675 1686 quos
694 1615 968 1687 superbiae
991 1615 1195 1669 mentis
1215 1613 1375 1668 tabes
1399 1614 1676 1668 virulente
1697 1628 1938 1691 corru-_
1968 1619 2058 1688 7);
2119 1623 2176 1673 et
2209 1618 2350 1673 illud
2407 1636 2419 1672 :
2481 1617 2714 1672 Initium
2785 1617 2970 1672 omnis
3022 1617 3236 1690 peccati
3305 1619 3571 1691 superbia

279 1705 432 1776 perit
459 1704 744 1759 seniorum
772 1721 1002 1759 suorum
1024 1721 1136 1758 non
1155 1703 1550 1774 obtemperant
1569 1701 1877 1774 imperatis,
1900 1687 1948 1746 B
1968 1687 2154 1778 (Ec-cli.
2181 1724 2236 1772 x,
2270 1707 2382 1777 15).
2421 1726 2444 1758 ι
2468 1707 2619 1762 Deus
2664 1706 2895 1761 humilis
2930 1687 3110 1761 factus
3140 1712 3242 1774 est,
3278 1687 3573 1764 erubescat

280 1795 382 1849 sed
405 1794 682 1864 judicant,
716 1793 786 1847 de
809 1793 929 1847 suis
965 1791 1321 1864 negligentiis
1347 1791 1648 1864 objurgati,
1672 1797 1773 1846 aut
1791 1807 1881 1845 ι’ϐ-
1966 1799 2135 1853 homo
2166 1812 2288 1851 esse
2307 1794 2600 1867 superbus.
2636 1795 2866 1850 Occasio
2895 1795 3071 1866 igitur
3097 1795 3432 1868 perditionis
3467 1814 3570 1854 no-

278 1883 514 1949 bellant,
557 1888 657 1938 aut
683 1888 1061 1948 murmurant,
1108 1883 1176 1936 de
1221 1883 1341 1937 loco
1382 1881 1658 1953 superiori
1699 1881 1886 1935 decer—
1967 1893 2098 1942 stne
2135 1886 2284 1940 facta
2313 1891 2400 1940 est
2427 1884 2690 1956 superbia
2719 1883 2948 1950 diaboli,
2976 1889 3033 1940 et
3051 1892 3452 1956 argumentum
3481 1903 3572 1942 re-

281 1978 430 2038 tant,
462 1971 712 2043 praeferri
735 1989 794 2026 se
827 1970 1154 2026 melioribus
1189 1972 1470 2036 affectant,
1497 1987 1628 2026 suas
1657 1976 1885 2025 senten-
1968 1975 2308 2048 demptionis
2329 1979 2534 2028 nostra:
2563 1973 2790 2028 inventa
2819 1977 2905 2027 est
2924 1973 3215 2030 humilitas
3245 1971 3370 2042 Dei,
3396 1975 3574 2031 hostis

281 2061 398 2116 tias
418 2061 730 2133 procaciter
753 2063 992 2132 jactant,
1017 2077 1130 2115 non
1160 2067 1387 2114 servant
1415 2059 1473 2114 in
1499 2059 1766 2131 obsequio
1795 2075 1886 2112 re-
1969 2064 2121 2119 enim
2175 2068 2368 2118 noster
2421 2061 2571 2116 inter
2626 2061 2818 2116 omnia
2867 2061 3127 2116 conditus
3171 2062 3346 2118 videri
3403 2080 3572 2137 supra

278 2151 613 2214 verentiam,
636 2151 753 2204 haec
781 2156 917 2205 sunt
946 2149 1222 2221 superbiae
1246 2149 1486 2203 tumoris
1517 2148 1741 2214 indicia,
1767 2147 1889 2220 qui-
1971 2153 2162 2208 omnia
2189 2152 2366 2206 voluit
2390 2152 2569 2206 elatus
2595 2169 2606 2204 :
2635 2151 2979 2222 Redemptor
3009 2157 3200 2208 autem
3229 2157 3424 2208 noster
3451 2170 3575 2208 ma-

279 2239 390 2295 bus
436 2241 584 2294 Deus
615 2239 917 2294 otl‘enditur
959 2245 1017 2293 et
1063 2239 1150 2292 his
1193 2239 1357 2292 malis
1395 2237 1651 2292 diabolus
1695 2227 1914 2310 pastus.
1969 2259 2116 2312 gnus
2147 2256 2380 2294 manens
2407 2257 2578 2310 super
2605 2239 2816 2305 omnia,
2837 2239 2959 2294 ﬁeri
2987 2239 3138 2294 inter
3163 2239 3354 2294 omnia
3381 2241 3576 2312 digna-

278 2330 549 2384 exsultat.

281 2436 421 2490 Cxp.
455 2435 604 2491 VIII.
639 2465 703 2476 ——
764 2435 915 2502 Quod
972 2437 1200 2489 nullum
1249 2437 1452 2488 vitium
1500 2439 1615 2488 tam
1649 2435 1890 2489 declinat

358 2524 394 2560 a
424 2508 704 2561 mandatis
725 2508 824 2562 Dei
850 2522 1019 2576 quam
1047 2507 1304 2575 superbia
1325 2511 1373 2559 ct
1391 2509 1510 2574 ipsa
1532 2507 1708 2573 magis
1738 2506 1887 2559 iram

361 2579 587 2632 Domini
605 2583 882 2648 provocat.

361 2682 594 2756 (Hilar.)
624 2685 689 2740 In
719 2685 1062 2756 expositione
1091 2684 1384 2755 cujusdam
1407 2682 1892 2755 psalmiexcellen-

279 2773 542 2829 tissimus
557 2775 714 2828 valde
733 2774 928 2828 doctor
948 2773 1196 2828 Hilarius
1215 2771 1579 2828 Pictaviensis
1599 2771 1892 2844 episcopus

289 2880 426 2918 cum
455 2863 645 2917 dolore
684 2863 1049 2934 proclamavit
1078 2862 1268 2916 dicens
1293 2881 1303 2915 :
1335 2879 1368 2916 o
1389 2861 1579 2916 infelix
1607 2860 1887 2932 superbia,

285 2969 415 3023 quae
435 2952 771 3024 dedignatur
792 2952 894 3007 sub
913 2951 1207 3024 praeceptis
1224 2949 1542 3006 caelestibus
1562 2950 1893 3020 vivere,quae

286 3041 562 3096 mandata
589 3041 779 3096 divina
802 3042 976 3096 animi
997 3041 1237 3096 inﬁdelis
1261 3046 1484 3096 tumore
1503 3039 1731 3094 fastidit.
1767 3039 1896 3094 Plu-

283 3131 437 3185 rima
463 3136 596 3186 sunt
609 3131 988 3186 humanorum
1016 3131 1279 3185 vitiorum
1301 3129 1558 3196 crimina,
1580 3135 1637 3184 et
1663 3128 1893 3183 diversae

283 3225 460 3291 atque
511 3220 949 3274 innumerabiles
988 3225 1344 3293 peccatorum
1389 3218 1761 3290 operationes,
1795 3217 1892 3271 sed

282 3309 450 3364 nulla
475 3309 656 3380 magis
685 3309 1046 3381 provocandze
1069 3309 1125 3364 in
1151 3325 1251 3363 nos
1271 3308 1373 3363 Dei
1402 3308 1499 3362 ira:
1519 3323 1687 3379 quam
1702 3321 1894 3378 super-

287 3396 399 3451 biae
427 3415 599 3452 causa
627 3403 731 3452 est.
761 3399 871 3454 Per
897 3398 1218 3470 superbiam
1249 3395 1399 3452 enim
1430 3396 1619 3466 plures
1642 3395 1893 3448 humana

280 3492 677 3552 contemnunt,
709 3493 768 3542 et
794 3487 910 3542 Deo
939 3486 1170 3558 obsequi
1197 3494 1492 3558 spernunt,
1508 3483 1606 3538 sed
1628 3483 1759 3537 licet
1779 3482 1893 3536 sint

277 3575 555 3646 praeclara
581 3582 783 3631 caetera
809 3576 940 3630 ﬁdei
969 3593 1158 3647 opera,
1204 3581 1261 3629 et
1288 3574 1348 3628 in
1379 3571 1531 3627 omni
1571 3571 1888 3626 divinorum

280 3669 696 3736 praeceptorum
751 3665 1006 3720 custodia
1043 3663 1264 3719 devotio
1312 3663 1662 3724 immoretur,
1697 3665 1890 3715 tamen

285 3753 628 3824 subrepente
657 3753 939 3825 superbia,
983 3753 1259 3808 memoria
1306 3768 1521 3816 eorum,
1570 3765 1692 3822 quae
1741 3754 1891 3805 recte

288 3859 614 3914 operamur,
637 3842 970 3908 abolebitur,
998 3859 1098 3914 per
1115 3843 1260 3896 hanc
1276 3840 1591 3896 Pharisaeus
1614 3839 1708 3894 ille
1729 3855 1892 3894 evan-

283 3931 504 4001 gelicus
523 3931 757 3986 dicendo
783 3949 794 3984 :
833 3949 858 3982 «
883 3932 1008 3986 Non
1037 3948 1164 3986 sum
1198 3935 1458 4002 peccator
1489 3929 1636 3984 sicut
1665 3928 1755 3982 hic
1786 3944 1891 3999 pu-

289 4021 548 4075 blicanus
579 4023 726 4089 (Luc.
770 4035 922 4088 vaII,
965 4019 1070 4091 11),
1106 4040 1132 4073 ι)
1165 4037 1232 4074 ex
1273 4017 1594 4090 ingentibus
1631 4017 1894 4090 operibus

281 4109 490 4165 cecidit
517 4109 574 4164 in
605 4109 836 4164 crimen.
869 4110 1168 4182 Apostolus
1197 4109 1350 4164 enim
1377 4108 1586 4163 Paulus
1624 4107 1886 4178 angelum

282 4201 511 4254 Satanae
532 4199 628 4270 qui
657 4216 716 4254 se
747 4198 1118 4270 colaphizaret
1159 4196 1371 4270 accepit
1411 4199 1465 4265 (Ι
1501 4199 1621 4252 Cor.
1653 4210 1752 4262 xII,
1780 4197 1831 4265 7)
1867 4213 1881 4264 ;

279 4305 359 4342 ne
389 4287 777 4359 magnitudine
822 4288 1226 4342 revelationum
1276 4287 1653 4341 extolleretur.
1689 4286 1880 4354 (Casa)

283 4378 389 4431 Est
415 4377 566 4432 enim
613 4377 877 4448 superbia
920 4377 1312 4448 gravissimum
1343 4375 1560 4441 vitium,
1587 4391 1688 4446 per
1715 4390 1884 4444 quam

279 4466 540 4520 humana
567 4467 905 4537 despicimus
921 4472 978 4520 et
1005 4466 1192 4520 divina
1221 4463 1575 4536 negligimus,
1600 4464 1722 4535 ipsa
1741 4463 1885 4535 pari-

281 4563 378 4611 ter
406 4572 602 4610 omnes
625 4555 885 4611 exhaurit
911 4555 1166 4621 virtutes,
1202 4554 1325 4625 ipsa
1351 4553 1638 4607 hominem
1661 4553 1883 4622 justitia

281 4650 345 4699 et
363 4645 660 4699 sanctitate
677 4644 1093 4716 exspoliat,ipsa
1106 4650 1191 4698 est
1201 4642 1542 4697 interfectrix
1557 4648 1884 4697 cunctarum

277 4733 581 4800 virtutum,
613 4734 735 4806 ipsa
761 4741 848 4789 est
874 4733 1176 4789 saevissima
1197 4739 1254 4787 et
1273 4731 1654 4804 superioribus
1673 4731 1884 4785 cunctis

275 4824 592 4880 immanior
617 4823 813 4890 bestia,
847 4823 968 4878 sine
999 4839 1114 4894 qua
1140 4823 1358 4876 nullum
1400 4820 1510 4875 fuit
1537 4827 1637 4875 aut
1673 4825 1761 4874 est
1789 4825 1886 4875 aut

278 4931 409 4970 esse
452 4913 659 4985 poterit
706 4918 996 4984 peccatum
1027 4930 1039 4964 :
1075 4931 1101 4964 «
1145 4910 1395 4976 Initium,
1447 4910 1652 4982 inquit,
1702 4909 1884 4964 omnis

279 5002 500 5076 peccati
523 5001 783 5074 superbia
809 5002 1002 5074 (Eccli.
1035 5018 1086 5066 x,
1111 5000 1223 5070 45).
1250 4999 1486 5071 [Prosp.]
1508 4999 1599 5054 Nil
1619 5004 1706 5054 est
1733 4999 1884 5054 enim

281 5091 445 5146 aliud
463 5106 630 5145 omne
659 5095 950 5161 peccatum
977 5087 1083 5142 nisi
1113 5087 1214 5142 Dei
1235 5092 1607 5158 contemptus,
1629 5103 1740 5158 quo
1761 5088 1885 5157 ejus

147 5201 172 5212 ι
280 5184 566 5252 praecepta
596 5179 900 5234 calcantur.
924 5177 1176 5248 Denique
1196 5176 1318 5248 ipse
1346 5174 1600 5230 diabolus
1629 5175 1886 5230 inventor

282 5267 564 5340 superbiae
600 5283 702 5338 per
741 5267 923 5339 ipsam
969 5266 1040 5320 de
1086 5264 1406 5320 ccelestibus
1449 5264 1678 5331 corruit,
1717 5281 1885 5336 quem

281 5359 440 5414 Deus
460 5357 669 5412 fecerat
687 5357 806 5411 sine
835 5356 951 5411 ullo
981 5360 1227 5427 peccato,
1264 5359 1322 5410 et
1362 5353 1480 5409 haec
1507 5357 1593 5407 est
1631 5353 1883 5408 omnium

283 5449 571 5502 malorum
599 5463 788 5513 causa,
809 5463 912 5518 per
929 5446 1072 5500 hanc
1095 5450 1352 5500 versutus
1373 5459 1602 5513 serpens
1629 5441 1885 5497 diabolus

285 5537 541 5609 primum
569 5541 864 5608 parentem
897 5534 1201 5601 interemit,
1235 5549 1336 5605 per
1354 5531 1497 5588 hanc
1524 5536 1764 5586 mortem
1795 5532 1882 5586 in-

530 5637 795 5698 PATROL.
832 5635 987 5696 CXII

1970 2336 2064 2385 tus
2093 2336 2179 2384 est
2204 2346 2426 2401 parvus.
2449 2329 2594 2400 Ergo
2615 2328 2838 2383 dicatur
2860 2327 3186 2396 humilibus,
3209 2329 3344 2401 quia
3362 2330 3497 2385 dum
3515 2348 3575 2386 se

1972 2418 2244 2490 dejiciunt
2279 2418 2349 2472 ad
2380 2417 2482 2472 Dei
2521 2417 2954 2472 similitudinem
2982 2418 3310 2474 ascendunt.
3345 2419 3578 2476 Dicatur

1972 2509 2152 2574 elatis,
2181 2507 2315 2580 quia
2335 2507 2470 2562 dum
2501 2523 2561 2562 se
2593 2507 2821 2578 erigunt
2839 2507 2897 2561 in
2925 2513 3196 2579 apostatze
3239 2508 3425 2578 angeli
3445 2507 3570 2564 imi-

1970 2597 2242 2653 tationem
2269 2596 2493 2652 cadunt.

2045 2741 2176 2796 CAP.
2209 2739 2278 2793 X.
2319 2769 2384 2779 —
2447 2739 2918 2806 Quemadmodum
2956 2740 3274 2809 superbiam
3314 2755 3578 2810 superare

2619 2844 2928 2897 possumus.

2046 2953 2242 3023 Itaque
2270 2952 2420 3006 hunc
2444 2951 2775 3023 nequissimi
2813 2951 3046 3022 spiritus
3074 2952 3340 3024 laqueum
3379 2953 3576 3010 taliter

1975 3041 2286 3114 poterimus
2305 3040 2559 3106 evadere,
2585 3039 2632 3094 si
2659 3040 2718 3094 in
2747 3039 2981 3118 singulis
3008 3040 3210 3113 quibus
3229 3042 3573 3100 senserimus

1975 3146 2078 3184 nos
2119 3129 2420 3184 virtutibus
2461 3128 2777 3200 profecisse,
2810 3129 2948 3184 illud
2975 3131 3344 3202 apostolicum
3375 3133 3578 3189 dixeri-

1978 3235 2106 3273 mus
2137 3236 2149 3271 :
2190 3237 2212 3269 α
2245 3218 2372 3272 Νοη
2402 3234 2525 3287 ego,
2557 3217 2655 3272 sed
2683 3217 2871 3288 gratia
2899 3218 3001 3272 Dei
3032 3235 3273 3288 mecum,
3306 3225 3365 3276 et
3389 3222 3575 3291 gratia

1975 3308 2076 3362 Dei
2106 3325 2232 3364 sum
2261 3307 2410 3378 quod
2439 3323 2585 3374 sum,
2609 3313 2666 3360 et
2714 3308 2895 3362 Deum
2933 3325 3054 3362 esse
3081 3310 3177 3380 qui
3211 3317 3479 3382 operatur
3515 3313 3576 3368 in

1974 3395 2135 3450 nobis
2163 3403 2221 3450 et
2239 3396 2378 3450 velle
2400 3401 2457 3449 et
2475 3397 2743 3466 perﬁcere
2770 3413 2872 3466 pro
2902 3395 3050 3451 bona
3076 3398 3362 3454 voluntate
3381 3401 3432 3468 (Ι
3449 3403 3572 3456 σον.
3636 3435 3644 3446 ο

1974 3501 2068 3551 xv,
2091 3485 2179 3554 10)
2201 3504 2214 3552 ;
2241 3503 2269 3537 ι
2294 3485 2512 3538 dicente
2527 3484 2699 3538 etiam
2728 3483 2850 3555 ipso
2879 3491 3108 3540 auctore
3133 3487 3332 3542 salutis
3346 3495 3569 3545 nostrae.

1975 3591 2002 3625 α
2035 3573 2142 3637 Qui
2166 3578 2358 3627 manet
2386 3573 2444 3626 in
2474 3589 2565 3626 me
2593 3577 2650 3626 et
2681 3589 2784 3641 ego
2809 3573 2870 3626 in
2900 3573 3014 3638 illo,
3044 3575 3135 3629 hic
3179 3575 3289 3630 fert
3327 3577 3574 3634 fructum

1972 3663 2233 3728 multum,
2260 3662 2392 3732 quia
2418 3661 2539 3716 sine
2567 3677 2657 3715 me
2684 3661 2825 3716 nihil
2859 3663 3094 3734 potestis
3121 3663 3302 3720 facere
3341 3668 3568 3738 (Philip.

1973 3765 2031 3816 II,
2071 3749 2134 3807 13
2159 3769 2172 3817 ;
2193 3753 2354 3805 Joan.
2389 3767 2480 3815 xv,
2515 3749 2584 3818 5),
2621 3755 2678 3804 et
2705 3756 2908 3805 caetera
2928 3751 3081 3806 talia.
3117 3753 3392 3826 Superbia
3420 3755 3571 3812 enim

1973 3839 2225 3895 omnium
2274 3839 2661 3911 depopulatrix
2698 3839 2968 3896 virtutum
3011 3858 3113 3912 per
3154 3859 3345 3900 veram
3386 3850 3576 3916 potest

1974 3929 2255 3999 exstingui
2275 3928 2672 3994 humilitatem,
2687 3928 2925 4000 ideoque
2951 3930 3331 3988 universitatis
3351 3939 3573 3990 creator

1976 4023 2035 4072 et
2061 4017 2314 4074 medicus
2341 4018 2491 4072 Deus
2519 4033 2744 4072 causam
2765 4017 3214 4092 principiumque
3243 4021 3569 4079 morborum

1971 4107 2293 4178 superbiam
2325 4123 2446 4162 esse
2477 4123 2834 4178 cognoscens,
2866 4109 3162 4164 contrariis
3189 4127 3392 4168 sanare
3431 4129 3566 4170 con-

1967 4196 2145 4251 traria
2163 4195 2498 4269 procuravit,
2527 4201 2591 4250 ut
2613 4212 2682 4250 ea
2703 4196 2934 4264 scilicet,
2965 4213 3087 4270 quae
3115 4215 3219 4271 per
3245 4201 3566 4273 superbiam

1966 4292 2318 4352 corruerant,
2349 4302 2450 4358 per
2477 4284 2854 4340 humilitatem
2891 4294 3266 4357 resurgerent.
3299 4289 3565 4348 Diabolus

1966 4391 2209 4448 namque
2254 4375 2426 4430 dicit:
2463 4393 2485 4425 ι
2533 4375 2596 4428 In
2635 4375 2840 4430 ctelum
2887 4377 3255 4431 conscendam
3295 4378 3421 4450 (Isa.
3454 4398 3556 4448 xw,

1964 4463 1990 4516 1
2003 4462 2061 4534 3)
2077 4482 2088 4517 ε
2114 4484 2140 4516 ›)
2158 4464 2431 4520 Dominus
2451 4462 2585 4516 dicit
2608 4482 2620 4516 :
2647 4482 2669 4514 ι
2695 4462 3005 4518 Humiliata
3021 4469 3106 4518 est
3125 4464 3184 4520 in
3201 4470 3353 4520 terra
3373 4468 3563 4524 anima

1965 4569 2093 4606 mea
2123 4555 2288 4616 (Psal.
2317 4566 2469 4617 XLIII,
2502 4551 2629 4617 ‘25);
2669 4569 2692 4603 ι
2723 4551 2816 4605 ille
2838 4551 2975 4606 dicit
2999 4570 3011 4605 :
3051 4573 3074 4604 «
3105 4553 3212 4608 Ero
3237 4555 3434 4610 similis
3459 4558 3558 4612 Αι-

1966 4641 2184 4696 tissimo
2225 4644 2354 4708 ([sa.
2392 4657 2485 4696 xxv
2528 4638 2645 4719 14).;
2681 4660 2708 4694 ν
2751 4640 3043 4707 Dominus,
3071 4660 3097 4694 «
3125 4659 3253 4698 cum
3304 4652 3453 4701 esset
3499 4648 3558 4702 in

1965 4731 2148 4785 forma
2173 4729 2276 4786 Dei
2299 4728 2602 4784 exinanivit
2621 4729 3002 4800 semetipsum,
3035 4731 3272 4788 formam
3299 4735 3445 4790 servi
3473 4753 3561 4791 ac-

1966 4819 2197 4891 cipiens,
2220 4818 2646 4896 humiliavitque
2675 4835 2736 4872 se
2758 4819 2938 4874 factus
2979 4819 3244 4876 obediens
3279 4839 3459 4896 usque
3485 4826 3557 4880 ad

1966 4886 2208 4964 mortem
2241 4886 2405 4977 (Phil.
2438 4922 2496 4975 ιι,
2531 4886 2623 4977 ἧς
2657 4907 2751 4962 ille
2780 4907 2950 4963 dicit:
2981 4927 3009 4961 α
3053 4910 3234 4982 Super
3270 4886 3422 4968 astra
3454 4913 3558 4969 Dei

1966 4996 2222 5052 exaltabo
2269 4996 2483 5052 solium
2511 5011 2700 5051 meum
2745 4997 2874 5064 (Isa.
2911 5013 3022 5064 xxv,
3073 4999 3194 5068 l3);
3225 4999 3331 5055 iste
3372 5001 3553 5058 dicit:

1971 5105 1994 5137 ι
2020 5085 2226 5141 Discite
2246 5102 2280 5140 a
2294 5103 2384 5140 me
2399 5086 2532 5157 quia
2544 5085 2696 5140 mitis
2715 5102 2841 5141 sum
2852 5093 2910 5141 et
2919 5087 3150 5142 humilis
3163 5087 3327 5142 corde
3341 5089 3554 5157 (Matth.

1965 5189 2042 5240 x1,
2067 5175 2178 5243 29).
2213 5195 2238 5227 »
2271 5175 2330 5230 Si
2377 5173 2700 5246 principalis
2747 5175 2924 5230 ruinae
2967 5191 3195 5231 causam
3249 5181 3308 5232 et
3361 5177 3560 5236 salutis

1967 5269 2172 5318 nostrae
2213 5263 2580 5318 fundamenta
2605 5265 3008 5336 perspeximus,
3041 5282 3077 5319 a
3100 5281 3210 5338 quo
3236 5272 3296 5322 et
3317 5268 3561 5340 qualiter

1967 5354 2053 5409 vel
2075 5353 2184 5409 ista
2203 5355 2358 5426 jacta
2387 5353 2518 5420 sint,
2551 5353 2638 5408 vel
2678 5353 2777 5408 illa
2809 5355 3160 5421 emerserint,
3200 5358 3560 5428 quemadmo-

1965 5443 2099 5498 dum
2121 5442 2368 5498 devitare
2394 5448 2512 5498 tam
2533 5446 2781 5498 atrocem
2801 5449 3042 5500 mortem
3061 5445 3334 5518 superbiae
3360 5447 3560 5504 debea-

1966 5547 2112 5600 mus,
2134 5531 2219 5586 vel
2246 5531 2394 5586 illius
2423 5531 2590 5586 ruina
2615 5531 2700 5585 vel
2720 5530 2872 5587 illius
2891 5532 3192 5590 doceamur
3209 5537 3480 5609 exemplo.

3242 5639 3319 5698 43
