3892 6150
199 271 315 336 1357

1089 268 1184 328 DE
1219 266 1438 328 VITIIS
1477 268 1566 328 ET
1601 265 2055 328 VIRTUTIBUS.
2090 295 2156 307 —
2197 264 2332 321 LIB:
2375 263 2476 320 ΙΙΙ.

3185 295 3209 315 ι·
3289 267 3427 326 1358

194 414 304 455 cum
326 393 440 468 quis
469 390 828 464 praesentibus
857 390 967 446 illis
997 392 1094 463 qui
1115 393 1347 470 laudare
1367 398 1620 468 possunt,
1645 367 1819 455 ali-Al
1906 393 2036 448 CAP.
2071 391 2244 446 XVII.
2262 420 2326 432 —
2357 391 2610 446 Repudia
2641 391 2838 470 quibus
2867 393 3096 446 inanem
3116 395 3358 460 gloriam

194 487 306 560 quid
329 483 436 556 agit
451 479 628 553 operis
657 479 806 534 boni.
830 479 997 536 Nullo
1030 487 1218 538 autem
1240 483 1341 538 tali
1364 489 1635 556 praesente
1663 481 1750 538 vel

193 576 337 631 etiam
365 571 446 626 his
475 569 565 643 qui
590 569 908 642 vituperare
933 577 1170 641 possunt
1201 573 1388 644 segnis
1425 589 1544 628 esse
1575 579 1633 626 et
1663 572 1748 644 pi-

191 665 323 738 grior
347 662 399 715 in
429 676 607 732 opere,
641 657 689 712 si
719 658 870 712 enim
898 660 1136 714 Domino
1168 661 1388 734 placere
1419 663 1584 716 vellet
1609 678 1752 716 sem-

192 771 276 826 per
301 751 479 822 utique
503 753 560 803 et
585 748 641 802 in
673 749 824 802 omni
856 747 975 803 loco
1006 749 1154 804 idem
1186 757 1351 818 esset,
1372 752 1567 806 eadem
1597 767 1754 822 gere-

194 849 281 908 ret,
297 837 593 910 adimplens
619 837 766 909 quod
797 835 1068 908 scriptum
1093 844 1197 907 est,
1212 857 1313 910 per
1336 855 1496 894 arma
1521 839 1754 910 justitia:

193 949 222 986 a
243 927 432 984 dextris
454 933 509 980 et
536 943 568 982 a
595 925 838 980 sinistris
868 944 968 998 per
986 927 1225 998 gloriam
1247 935 1305 983 et
1322 928 1751 1000 ignobilitatem,

193 1035 277 1091 per
313 1013 585 1072 infamiam
635 1021 691 1069 et
727 1013 932 1069 bonam
979 1017 1205 1084 famam,
1239 1023 1305 1071 ut
1351 1018 1674 1072 seductores
1701 1022 1756 1072 et

191 1123 401 1162 veraces.
433 1103 529 1158 Est
556 1101 706 1157 enim
732 1103 950 1158 vanitas
969 1104 1168 1159 inﬂata
1197 1105 1450 1176 quaedam
1481 1105 1630 1159 circa
1657 1105 1754 1159 de-

193 1195 486 1250 lectationes
518 1193 699 1246 varias
721 1193 895 1247 animi
915 1193 1235 1263 languentis
1255 1193 1492 1258 affectio,
1507 1193 1755 1266 potiendi

195 1283 392 1340 honoris
418 1283 606 1336 accida
631 1279 798 1336 simul
843 1286 900 1336 et
941 1283 1146 1350 nescia,
1185 1283 1379 1337 morbo
1417 1281 1756 1338 excellentia:

190 1371 346 1428 inanis
357 1369 565 1437 inﬂata,
587 1369 928 1437 turbulenta,
945 1369 1262 1426 animorum
1287 1371 1489 1427 levium
1503 1369 1750 1438 domina,

190 1463 312 1517 male
326 1459 564 1516 fundatis
576 1458 836 1515 omnibus
847 1458 1072 1525 blanda,
1089 1461 1534 1532 repugnantibus
1545 1461 1754 1528 fumea,

187 1551 437 1622 capiendis
489 1549 826 1616 seductoria,
878 1549 1111 1620 captivis
1176 1549 1397 1616 invicta,
1471 1549 1755 1605 simulatio

188 1639 410 1710 quaedam
438 1638 732 1700 virtutum,
766 1637 1037 1709 appetitio
1066 1623 1426 1708 dignitatum,
1449 1639 1626 1694 dulcis
1655 1638 1758 1692 mi-

2345 477 2607 531 superare
2633 465 2919 530 possimus.

1905 588 2092 656 (Cass.)
2141 587 2263 644 Tali
2309 591 2498 642 autem
2542 587 2790 644 remedio
2845 586 2992 642 hanc
3027 585 3430 644 multiformem

1834 677 2156 748 variamque
2211 676 2393 731 inanis
2429 675 2623 748 gloriae
2673 675 2912 731 bestiam
2959 677 3266 750 poterimus
3313 695 3438 735 eva-

1835 767 1987 832 dere,
2013 767 2058 820 si
2088 766 2400 837 cogitemus
2427 765 2566 820 illud
2585 765 2910 820 Davidicum
2937 765 3252 838 eloquium:
3275 786 3302 819 α
3329 765 3438 823 Do-

1836 855 2023 909 minus
2069 855 2360 926 dissipavit
2410 871 2542 909 ossa
2586 871 2781 910 eorum
2826 856 2921 926 qui
2959 855 3282 912 hominibus
3319 857 3438 929 pla-

1837 950 1967 1000 cent
1990 947 2263 1011 [Psal.1.n,
2280 944 2352 1010 6),
2388 961 2414 996 ι
2446 945 2710 1016 primitus
2751 945 2893 1002 nihil
2925 961 3024 1016 pro
3073 945 3336 1005 vanitatis
3379 951 3438 1000 et

1837 1033 2022 1088 inanis
2049 1032 2243 1103 glorise
2287 1033 2567 1104 capiendae
2593 1034 2781 1104 gratia
2807 1034 3098 1090 faciamus.
3128 1034 3346 1092 Deinde
3368 1051 3439 1094 ea

1839 1138 1962 1192 qua:
1993 1121 2138 1178 bono
2161 1121 2322 1178 initio
2347 1122 2639 1178 fecerimus
2659 1123 3045 1181 observatione
3061 1123 3230 1180 simili
3249 1129 3436 1180 custo~

1839 1211 1960 1266 dire
1980 1211 2247 1278 nitamur,
2270 1228 2342 1266 ne
2361 1228 2556 1266 omnes
2583 1211 2838 1268 laborum
2871 1218 3193 1269 nostrorum
3223 1213 3439 1270 fructus

1837 1307 1966 1370 post
1993 1300 2248 1370 irrepens
2291 1301 2608 1356 cenodoxiaa
2656 1301 2886 1357 morbus
2932 1307 3181 1370 evacuet,
3227 1302 3438 1358 etenim

1839 1405 1909 1444 ea
1933 1405 2056 1460 quas
2075 1406 2176 1444 nos
2195 1389 2595 1460 possuntinter
2614 1395 2844 1446 caeteros
2872 1389 3158 1476 notabiles,
3181 1391 3436 1460 reddere,

1838 1494 1904 1532 ac
1920 1477 2074 1532 velut
2087 1477 2222 1533 solis
2241 1477 2576 1534 facientibus
2597 1479 2720 1533 laus
2739 1479 2890 1552 apud
2928 1479 3186 1538 homines
3205 1479 3281 1535 sit
3305 1496 3440 1537 oon-

1838 1566 2132 1636 quirenda,
2156 1567 2416 1622 vitemus.
2438 1568 2584 1644 Nam
2599 1573 2658 1622 et
2674 1567 2745 1622 ad
2763 1568 2911 1624 hunc
2931 1568 3255 1625 evitandum
3288 1585 3441 1631 mor-

1839 1653 1969 1710 bum
2001 1671 2228 1710 necesse
2258 1660 2346 1728 est
2392 1661 2458 1710 ut
2495 1655 2914 1712 consideremus
2955 1673 3068 1714 non
3115 1657 3296 1713 solum
3333 1657 3446 1716 fm-

187 1729 320 1793 ιοΐίες
350 1743 540 1819 alii“?
566 1726 846 1819 Pel'fectls'
871 1727 976 1782 Cui
1000 1727 1256 1819 Sfr‘liunt
1281 1728 1485 1794 timidi»
1511 1727 1614 1819 ξμι)
1645 1743 1758 1799 qua
1775 1720 1822 1780 B
1840 1748 1962 1798 ctus
1982 1742 2239 1798 laborum
2265 1720 2587 1800 nostrorum
2607 1761 2710 1799 nos
2736 1745 3044 1803 amissuros
3081 1761 3446 1819 quo'scunque

181 1818 347 1886 jaceat
371 1817 522 1883 elati,
558 1817 658 1888 qui
687 1831 748 1871 se
775 1816 845 1870 de
879 1815 1164 1888 operibus,
1195 1833 1434 1888 quorum
1485 1817 1591 1872 sibi
1621 1833 1756 1876 con-

185 1906 269 1960 scii
295 1921 399 1960 non
429 1911 564 1961 sunt
603 1907 845 1978 turpiter
881 1908 1117 1978 jactant,
1152 1907 1248 1978 qui
1279 1924 1339 1962 se
1366 1907 1660 1978 prmdicari
1691 1907 1760 1960 ab

187 1995 474 2050 hominibus
502 2011 609 2066 per
636 1995 795 2050 nefas
823 1996 1106 2058 alfectant,
1129 1997 1225 2066 qui
1245 2001 1468 2058 sanctos
1495 1997 1644 2050 viros
1673 1996 1760 2052 sui

185 2084 575 2155 comparatione
603 2084 938 2156 depretiant,
976 2085 1063 2139 his
1089 2091 1147 2139 et
1182 2085 1456 2140 similibus
1501 2085 1762 2140 deﬁnitus

185 2172 375 2227 vanitas
399 2173 626 2245 premit,
657 2189 760 2228 nec
789 2189 884 2227 eos
911 2172 1172 2227 morbum
1223 2189 1392 2228 suum
1421 2173 1631 2227 sentire
1661 2179 1762 2228 aut

185 2261 245 2314 ad
271 2262 540 2317 medicum
570 2262 760 2316 venire
788 2262 1084 2334 permittit,
1119 2267 1177 2315 et
1199 2261 1335 2333 quid
1365 2267 1452 2316 est
1477 2263 1550 2316 ad
1578 2262 1758 2316 medi-

185 2365 294 2405 cum
321 2351 521 2418 venire,
556 2352 667 2406 nisi
694 2351 981 2406 infirmum
1011 2367 1143 2406 suas
1171 2351 1532 2406 inﬁrmitates
1561 2367 1762 2422 cogno-

181 2441 670 2512 scere?tantamque
679 2458 775 2496 eos
783 2441 952 2496 ardor
959 2441 1218 2495 humanae
1230 2441 1414 2496 laudis
1423 2439 1754 2507 inﬂammat,

182 2534 238 2581 ut
251 2528 515 2585 laboriosa
534 2545 710 2601 opera
729 2544 852 2601 quae
872 2530 1111 2600 populus
1133 2530 1462 2597 admiretur,
1477 2535 1537 2584 et
1555 2529 1758 2602 quibus

179 2615 309 2671 fama
333 2619 686 2684 diffunditur,
723 2618 844 2672 sine
872 2618 1064 2672 labore
1095 2619 1422 2706 spscipiant,
1441 2623 1499 2672 et
1517 2619 1759 2674 libenter

181 2713 465 2770 exerceant,
496 2708 632 2762 inde
661 2712 747 2762 est
787 2708 933 2778 quod
967 2709 1248 2778 jejunare,
1280 2707 1582 2774 abstinere,
1615 2709 1756 2780 vigi-

179 2793 298 2856 lare.
331 2797 633 2851 Ecclesiam
661 2796 1038 2867 frequentare,
1073 2798 1158 2851 vel
1196 2798 1452 2868 psallere,
1484 2814 1613 2852 cum
1643 2799 1760 2853 haec

180 2883 348 2938 omnia
373 2885 493 2940 sine
523 2884 720 2940 labore
747 2901 859 2939 non
886 2876 1117 2950 faciunt,
1149 2885 1321 2940 etiam
1356 2903 1484 2941 cum
1513 2887 1757 2942 delecta-

1841 1831 2026 1888 inanis
2052 1832 2246 1903 glorias
2282 1833 2568 1904 proposito
2605 1833 2920 1902 fecerimus,
2955 1834 3054 1892 sed
3102 1835 3274 1892 etiam
3319 1851 3446 1892 reos
3501 1849 3507 1856 ·

1843 1922 2034 1992 magni
2064 1921 2316 1978 criminis
2357 1921 2532 1977 factos
2569 1928 2783 1977 aeterna
2823 1923 3116 1995 supplicia,
3150 1924 3323 1981 veluti
3353 1941 3446 1982 sa-

1842 2011 2098 2081 crilegos,
2115 2011 2415 2078 soluturos,
2439 2017 2636 2082 utpote
2661 2011 2758 2082 qui
2777 2011 2849 2066 ad
2865 2011 3134 2082 injuriam
3157 2013 3260 2066 Dei
3279 2030 3439 2085 opus,

1845 2101 1995 2172 quod
2011 2101 2135 2171 ejus
2155 2099 2388 2156 obtentu
2411 2117 2513 2154 nos
2530 2100 2781 2171 oportuit
2798 2116 2984 2170 agere,
3007 2101 3303 2170 hominum
3320 2119 3447 2174 gra-

1841 2189 1923 2244 tia
1963 2189 2264 2244 maluimus
2301 2205 2578 2256 exercere,
2611 2188 2681 2244 ab
2727 2205 2812 2257 eo,
2843 2189 2937 2261 qui
2981 2189 3324 2248 occultorum
3359 2197 3447 2248 est

1842 2278 2114 2342 conscius,
2165 2278 2420 2334 homines
2469 2279 2586 2334 Deo
2631 2283 2689 2334 et
2727 2278 2967 2348 gloriam
3005 2279 3202 2334 mundi
3248 2280 3445 2351 gloriae

1841 2367 2066 2430 Domini
2094 2368 2406 2438 praetulisse
2445 2367 2704 2424 convicti.
2742 2367 2840 2422 Est
2869 2365 3079 2422 etenim
3115 2365 3286 2440 hujus
3322 2369 3444 2424 vitii

1843 2457 2140 2524 medicina,
2173 2463 2341 2528 prout
2379 2462 2604 2512 sanctus
2639 2457 2879 2512 Basilius
2917 2457 3211 2530 episcopus
3238 2457 3336 2526 ait,
3379 2464 3446 2516 ut

1843 2547 2035 2602 omnia
2061 2552 2290 2618 propter
2316 2547 2494 2602 Deum
2525 2552 2584 2600 et
2611 2563 2676 2601 ex
2707 2547 2975 2602 mandato
3023 2547 3145 2618 ejus
3173 2547 3444 2606 faciamus

1839 2634 2005 2701 bona,
2039 2641 2096 2690 et
2125 2636 2186 2690 in
2205 2636 2358 2692 nullo
2381 2641 2668 2691 sectemur
2693 2635 2986 2690 hominum
3009 2635 3222 2702 laudes,
3237 2641 3294 2691 et
3305 2635 3444 2694 item

1840 2725 1949 2780 alio
1974 2724 2114 2791 loco,
2147 2724 2194 2778 si
2222 2730 2408 2779 certus
2437 2724 2513 2778 sit
2542 2724 2667 2796 quis
2697 2725 2766 2778 de
2803 2725 3104 2796 praesentia
3130 2723 3232 2780 Dei
3276 2730 3333 2780 et
3377 2725 3445 2782 il-

1840 2830 1969 2868 xam
2009 2812 2216 2870 habeat
2243 2811 2680 2868 sollicitudinem
2708 2813 2824 2868 Deo
2871 2813 3148 2884 placendi,
3175 2817 3234 2868 et
3265 2814 3444 2870 multo

1840 2901 2118 2957 desiderio
2141 2908 2406 2957 teneatur
2435 2919 2630 2958 earum
2656 2902 3071 2958 beatitudinum
3095 2919 3218 2974 qua:
3261 2919 3296 2956 a
3327 2903 3441 2960 Do-

181 2971 336 3063 ti“?
361 2973 596 3041 Ῑδείῑιηις
637 2979 702 3028 ιιι
748 2974 818 3028 ab
864 2974 1204 3039 hominibus,
1259 2975 1462 3046 ίὶιιίδιιε
1514 2975 1753 3046 Placere,
1777 3045 1817 3063 η
1841 2992 1994 3046 mino
2026 2991 2377 3062 repromissae
2403 2996 2556 3056 sunt,
2573 2991 2642 3046 ab
2665 2991 2769 3046 hoc
2790 2990 3054 3048 vanitatis
3077 2971 3317 3063 juvante
3336 2983 3446 3050 Πο-

182 3074 277 3115 non
313 3062 444 3127 Deo,
474 3063 821 3130 desiderant,
853 3063 1168 3130 videantur,
1197 3045 1346 3118 unde
1372 3045 1594 3119 Veritas
1631 3064 1714 3118 ait
1743 3045 1818 3118 τί)
2028 3045 2239 3152 poluerit

185 3165 206 3200 ι
231 3151 416 3218 Amen,
441 3153 568 3208 dico
599 3152 774 3219 vobis,
802 3157 1137 3224 receperunt
1163 3153 1481 3208 mercedem
1510 3169 1692 3209 suam.
1732 3173 1755 3204 ι

183 3237 374 3303 (Matth.
405 3257 478 3309 vr,
513 3241 548 3298 '2.
579 3247 630 3296 et
659 3242 736 3311 5.)

187 3343 300 3398 CAP.
329 3346 471 3404 XVI.
521 3377 589 3389 --
639 3349 946 3418 Increpatio
991 3351 1251 3404 adversus
1291 3365 1374 3404 cos
1417 3352 1516 3418 qui
1572 3351 1764 3404 inanis

239 3421 420 3484 gloria:
447 3422 641 3476 morbo
669 3423 1194 3486 vemantur,divcrsa
1223 3437 1387 3490 super
1407 3422 1504 3475 hoc
1531 3425 1765 3475 testimo-

243 3503 352 3542 nia.

239 3594 397 3660 (Cass.
440 3602 490 3650 et
539 3597 792 3665 Hieron.)
843 3597 1114 3669 Egregius
1171 3597 1503 3668 prtedicator
1556 3599 1763 3652 Paulus

185 3689 360 3738 monet
395 3685 630 3740 dicens:
669 3703 694 3736 «
727 3686 915 3740 Nolite
963 3686 1082 3740 fieri
1126 3687 1309 3740 inanis
1345 3686 1540 3756 gloriae
1579 3686 1766 3757 cupidi

179 3770 306 3836 (Gal.
340 3790 390 3839 ν,
433 3772 571 3845 ‘26);
606 3793 632 3826 »
666 3780 724 3828 et
769 3775 1040 3830 Dominus
1084 3775 1396 3830 Pharisasos
1427 3775 1709 3845 castigans
1750 3792 1762 3828 :

181 3876 199 3909 ι
232 3859 540 3928 Quomodo,
579 3883 604 3916 ι)
638 3863 842 3935 inquit,
869 3856 1149 3936 (potestis
1168 3881 1263 3918 vos
1292 3864 1519 3919 credere
1537 3864 1633 3934 qui
1651 3865 1768 3935 glo-

174 3948 304 4003 riam
330 3950 406 4005 δὴ
447 3952 692 4008 invicem
741 3953 1013 4024 accipitis,
1047 3959 1103 4007 et
1139 3953 1376 4023 gloriam
1413 3971 1536 4024 quae
1578 3971 1613 4007 a
1648 3953 1766 4008 solo

173 4034 278 4091 Deo
317 4045 402 4094 est
440 4057 560 4096 non
598 4041 892 4112 quaeritis?
924 4061 950 4094 ι)
983 4045 1165 4110 (Joan.
1217 4060 1268 4108 v,
1314 4041 1432 4112 Η.)
1458 4043 1539 4097 De
1574 4043 1662 4096 his
1709 4049 1768 4097 et

175 4122 357 4182 beatus
377 4129 560 4184 David
589 4146 717 4184 cum
741 4131 1196 4186 interminatione
1222 4131 1358 4185 dicit
1387 4149 1398 4184 :
1431 4149 1460 4184 ι
1491 4131 1766 4196 Quoniam

1941 3205 2073 3260 CAP.
2107 3205 2306 3260 XVIII.
2344 3233 2410 3245 --
2439 3207 2752 3270 De,nalura
2779 3210 2830 3259 et
2853 3207 3072 3274 origine
3104 3207 3350 3260 invidia.

1916 3331 2135 3401 (Eg/pr.)
2151 3329 2305 3384 Nihil
2318 3329 2498 3401 magis
2513 3326 2834 3384 Christiano
2851 3327 3160 3384 cavendum
3181 3334 3284 3395 est,
3303 3325 3446 3384 nihil

1845 3419 2064 3474 cautius
2084 3418 2510 3490 providendum,
2527 3434 2695 3490 quam
2718 3434 2789 3472 ne
2817 3417 2942 3490 quis
2960 3415 3170 3472 invidia
3199 3423 3256 3472 et
3273 3414 3446 3472 livore

1846 3507 2119 3580 capiatur,
2151 3524 2222 3562 ne
2255 3507 2382 3580 quis
2411 3505 2655 3562 fallentis
2684 3501 2895 3562 inimici
2921 3505 3076 3562 caecis
3108 3501 3322 3578 laqueis
3343 3503 3447 3560 im-

1849 3596 2106 3668 plicatus,
2130 3597 2266 3659 dum
2285 3595 2400 3651 zelo
2421 3595 2597 3651 frater
2615 3595 2673 3650 in
2703 3593 2895 3649 fratris
2925 3591 3055 3650 odia
3081 3593 3441 3662 convertitur,

1847 3685 2034 3756 gladio
2057 3702 2159 3740 suo
2182 3686 2402 3741 nescius
2423 3685 2543 3756 ipse
2572 3683 2902 3756 perimatur.
2923 3683 3082 3747 Quod
3104 3687 3168 3736 ut
3186 3681 3446 3753 colligere

1848 3774 2068 3844 plenius
2086 3781 2143 3829 et
2163 3774 2512 3830 manifestius
2529 3773 2844 3846 perspicere
2863 3769 3162 3846 possimus,
3191 3767 3262 3824 ad
3278 3776 3449 3841 caput

1850 3865 1972 3943 ejus
1991 3871 2160 3936 atque
2180 3864 2250 3918 ad
2279 3863 2554 3934 originem
2575 3861 2936 3918 recurrimus.
2965 3859 3270 3915 Videamus
3297 3855 3447 3914 unde

1849 3951 2057 4006 invidia
2083 3957 2140 4005 et
2157 3951 2307 4006 zelus
2329 3957 2386 4006 et
2423 3948 2647 4022 quando
2676 3955 2733 4004 et
2756 3946 3036 4022 quomodo
3064 3946 3293 4024 ceperit,
3317 3945 3449 4002 faci-

1846 4039 1956 4095 lius
1975 4040 2122 4096 enim
2144 4057 2179 4094 a
2197 4040 2358 4096 nobis
2377 4040 2589 4096 malum
2607 4045 2724 4094 tam
2745 4039 3120 4112 perniciosum
3157 4035 3444 4105 vitabitur,

1847 4129 2160 4200 siejusdem
2174 4129 2386 4188 mali-et
2403 4130 2560 4200 origo
2581 4135 2638 4184 et
2656 4124 2986 4201 magnitudo
3005 4135 3288 4184 noscatur.
3307 4126 3449 4184 Hinc

172 4212 308 4269 Deus
360 4217 661 4290 dissipavit
714 4235 843 4274 ossa
893 4219 1186 4275 hominum
1251 4219 1358 4276 sibi
1424 4221 1764 4291 placentium
1848 4217 2104 4272 diabolus
2126 4219 2274 4274 inter
2291 4219 2453 4274 initia
2479 4219 2680 4273 stantis
2701 4217 2895 4274 mundi
2917 4224 2974 4273 et
2992 4215 3140 4292 perit
3158 4217 3372 4290 primus
3393 4222 3450 4272 et

175 4302 327 4368 (Psal.
356 4323 448 4374 LII,
487 4305 567 4377 6).
599 4307 942 4380 »(Hieron.).
975 4309 1130 4364 Idem
1159 4309 1434 4381 propheta
1461 4309 1623 4364 docet
1652 4327 1762 4363 non
1781 4366 1826 4381 ἢ
1847 4307 2110 4379 perdidit,
2141 4308 2235 4363 ille
2277 4309 2530 4379 angelica
2567 4309 2863 4379 majestate
2893 4305 3180 4372 subnixus,
3210 4305 3304 4361 ille
3332 4303 3448 4361 Deo

171 4398 410 4449 nostram
431 4393 534 4450 sed
549 4395 775 4450 Domini
793 4394 1034 4468 gloriam
1061 4415 1184 4452 esse
1201 4395 1611 4470 deprecandam
1637 4415 1765 4453 cum
1781 4366 1828 4424 Β
1847 4403 2108 4468 acceptus
2121 4405 2178 4453 et
2197 4398 2418 4466 charus,
2431 4415 2533 4470 per
2551 4414 2720 4468 quam
2742 4397 3029 4451 hominem
3049 4397 3120 4452 ad
3139 4393 3446 4467 imaginem

171 4483 369 4538 orando
399 4483 539 4540 dicit
572 4504 584 4540 :
623 4503 650 4540 α
679 4485 806 4542 Non
835 4485 1013 4554 nobis,
1046 4485 1303 4554 Domine,
1328 4501 1442 4542 non
1467 4486 1648 4554 nobis,
1668 4487 1766 4541 sed
1847 4487 1950 4542 Dei
1969 4487 2180 4543 factum
2204 4489 2508 4558 conspexit,
2537 4486 2596 4542 in
2617 4487 2797 4542 zelum
2817 4482 3090 4542 malevolo
3114 4483 3287 4540 livore
3315 4501 3448 4559 pro-

171 4571 371 4627 nomini
412 4579 518 4630 tuo
565 4573 638 4629 da
682 4573 922 4646 gloriam
973 4577 1140 4644 (Psal.
1185 4591 1330 4644 CXlII,
1360 4577 1410 4646 l)
1445 4596 1470 4628 »
1507 4577 1575 4632 Et
1619 4577 1766 4632 Pau-
1849 4576 2020 4648 rupit,
2065 4593 2178 4631 non
2221 4575 2378 4647 prius
2425 4576 2664 4632 alterum
2707 4575 2976 4646 dejiciens
3013 4574 3284 4631 instinctu
3323 4575 3444 4640 zeli,

171 4657 250 4712 lus
277 4663 568 4734 apostolus
601 4683 612 4717 :
643 4685 666 4714 ι
699 4663 807 4729 Qui
851 4657 1148 4738 gloriatur,
1184 4665 1241 4720 in
1282 4664 1520 4720 Domino
1568 4665 1770 4736 glorie-
1852 4682 2020 4737 quam
2060 4665 2180 4738 ipse
2227 4666 2343 4720 zelo
2379 4671 2509 4720 ante
2550 4665 2818 4736 dejectus.
2852 4665 3118 4736 Captivus
3147 4671 3450 4740 antequam

169 4753 255 4803 tur
282 4751 329 4820 (l
378 4753 506 4808 (ἴον.
558 4771 594 4820 1,
649 4753 760 4824 31).
799 4771 826 4808 ι
868 4755 938 4810 Et
978 4755 1118 4810 illud
1150 4773 1161 4808 :
1201 4778 1223 4804 ι
1258 4755 1456 4809 Gratia
1495 4755 1595 4810 Dei
1643 4771 1769 4810 sum

171 4833 219 4889 id
251 4841 396 4912 quod
431 4857 560 4896 sum
596 4845 646 4912 (Ι
670 4845 790 4898 Cor.
825 4857 918 4910 xv,
959 4841 1064 4914 10).
1103 4863 1126 4895 ι
1161 4843 1260 4898 His
1299 4847 1488 4900 autem
1541 4849 1768 4898 senten-

169 4921 255 4980 tiis
283 4929 546 4985 eruditus
567 4946 714 4998 cave,
749 4949 781 4987 ο
812 4932 997 4987 inanis
1023 4933 1214 5004 gloria:
1243 4933 1460 5004 cupide,
1484 4940 1548 4989 ut
1577 4935 1644 4988 de
1673 4931 1768 4988 bo-

173 5014 271 5078 nis,
301 5033 428 5088 quae
459 5019 583 5090 agis
614 5017 838 5075 laudem
869 5021 938 5076 ab
967 5021 1289 5076 hominibus
1330 5039 1444 5078 non
1474 5023 1726 5094 requiras
1752 5042 1763 5088 ;

174 5103 408 5161 ﬁrmiter
439 5114 631 5163 autem
661 5111 842 5178 crede,
875 5111 1128 5182 quamvis
1152 5113 1536 5184 elecmosynas
1564 5113 1771 5166 multas

170 5189 332 5248 facias
361 5201 468 5250 aut
488 5198 686 5268 longas
707 5199 1010 5266 orationes,
1037 5205 1138 5254 aut
1171 5199 1392 5271 jejunia
1444 5202 1638 5264 multa,
1673 5207 1771 5256 aut

169 5282 486 5340 castitatem
541 5292 638 5340 aut
681 5287 1059 5358 virginitatem
1099 5289 1402 5352 custodias,
1447 5293 1547 5343 aut
1591 5289 1772 5360 quali-

1851 4755 2098 4826 capiens,
2145 4755 2398 4826 perditus
2442 4759 2746 4827 antequam
2790 4755 3050 4828 perdens.
3083 4755 3219 4810 dum
3248 4751 3448 4810 stimu-

1851 4843 2003 4898 lante
2030 4844 2202 4899 livore
2251 4844 2464 4900 homini
2501 4844 2744 4914 gratiam
2784 4843 3224 4900 immortalitatis
3261 4843 3448 4915 eripit,

1850 4933 1970 5004 ipse
1993 4949 2214 5004 quoque
2259 4933 2315 4987 id
2357 4933 2505 5004 quod
2545 4933 2700 5006 prius
2747 4933 2931 4988 fuerat
2965 4933 3157 4988 amisit
3197 4973 3208 4985 .
3253 4931 3452 4988 exinde

1849 5022 2059 5076 invidia
2083 5029 2376 5092 grassatur
2404 5023 2462 5076 in
2490 5023 2677 5089 terris,
2709 5021 2844 5076 dum
2873 5022 3045 5076 livore
3086 5021 3302 5092 peritus
3329 5037 3452 5078 ma-

1848 5111 2080 5181 gisterio
2110 5109 2441 5181 perditionis
2469 5111 2813 5181 obsequitur,
2848 5111 2981 5166 dum
3019 5109 3321 5175 diabolum,
3355 5109 3452 5181 qui

1851 5200 2068 5266 invidit,
2091 5199 2365 5264 imitatur,
2385 5200 2530 5253 sicut
2547 5199 2815 5270 scriptum
2837 5206 2923 5253 est
2946 5218 2956 5251 :
2983 5221 3005 5248 ιι
3031 5198 3244 5254 Invidia
3260 5204 3452 5252 autem

1854 5287 2062 5344 diaboli
2096 5306 2248 5344 mors
2291 5288 2545 5344 introivit
2573 5289 2633 5344 in
2671 5288 2864 5344 orbem
2912 5294 3192 5343 terrarum
3220 5288 3364 5357 (Sap.
3395 5305 3450 5353 ιι,

169 5383 384 5442 cunque
433 5373 589 5430 bona
621 5375 810 5441 facias,
865 5377 914 5430 si
959 5381 1190 5449 prOpter
1240 5379 1436 5432 laudes
1479 5377 1770 5432 hominum
1853 5376 1963 5446 24),
1999 5397 2020 5428 ι
2051 5377 2352 5432 imitantur
2378 5395 2512 5448 ergo
2540 5377 2720 5446 illum,
2740 5377 2837 5448 qui
2868 5383 3001 5432 sunt
3029 5394 3094 5431 ex
3120 5381 3281 5450 parte
3307 5378 3448 5448 ejus,

169 5459 302 5532 agis,
337 5471 372 5515 a
401 5461 527 5518 Deo
556 5464 868 5520 mercedem
897 5481 999 5537 pro
1031 5466 1122 5522 his
1149 5466 1311 5522 bonis
1335 5467 1656 5522 nullatenus
1688 5481 1772 5522 re-
1800 5509 1804 5513 .
1853 5466 1985 5522 hinc
2011 5465 2312 5538 parricidia
2324 5466 2566 5522 nefanda
2584 5472 2892 5540 coeperunt,
2917 5467 3052 5527 dum
3070 5466 3212 5522 Abel
3233 5468 3454 5538 justum

169 5549 358 5622 cipias.
1857 5557 1995 5611 Cain
2018 5555 2219 5612 invidit
2244 5557 2510 5629 injustas,
2544 5560 2602 5611 et
2631 5555 2778 5612 Esau
2813 5555 3046 5613 fratrem
3083 5572 3252 5614 suum
3283 5555 3455 5612 Iacob
