3892 6150
258 248 395 308 1361

1213 241 1307 297 DE
1343 240 1560 296 VITIIS
1599 236 1686 294 ET
1721 232 2174 293 VIRTUTIBUS.
2210 263 2274 274 —
2314 232 2450 288 LIB.
2493 231 2602 287 III.

3404 217 3543 280 1362

250 380 534 448 purgetur
563 389 725 428 mens
761 387 929 444 quam
981 369 1342 440 serpentinus
1389 366 1531 420 livor
1568 361 1856 428 infecerat,
1874 359 2074 424 ACAP.
2105 355 2560 426 XXV.-—Quibus
2589 354 2820 408 indiciis
2839 349 3188 417 dignoscitur
3207 343 3542 399 iracundus.

251 465 410 519 unde
438 463 766 519 vulneratus
791 461 980 516 fueras
1006 459 1138 514 inde
1165 473 1383 521 curare,
1437 471 1568 510 ama
1599 469 1694 508 eos
1723 467 1862 524 quos

254 559 392 609 ante
416 553 636 619 oderas,
666 551 837 623 dilige
866 551 993 604 illos
1017 547 1220 621 quibus
1247 545 1474 617 injustis
1503 540 1862 599 obtrectatio-

255 642 428 698 nibus
466 641 772 707 invidebas,
817 639 994 694 bonos
1021 637 1246 692 imitare
1274 636 1321 690 si
1362 632 1566 689 sectari
1612 636 1790 704 potes,
1817 629 1864 684 si

255 731 596 787 sectarinon
623 735 782 804 potes
797 729 1074 784 collaetare
1101 731 1254 780 certe
1283 729 1343 779 et
1365 723 1656 794 gratulare
1674 719 1866 774 melio-

258 819 441 886 ribus,
463 819 550 875 fac
568 826 625 874 te
652 819 764 873 illis
793 819 1042 872 adunata
1073 813 1370 870 dilectione
1397 811 1748 885 participem,
1778 807 1866 862 fac

257 914 320 964 te
349 907 634 963 consortio
653 906 944 962 charitatis
964 910 1020 960 et
1048 902 1416 958 fraternitatis
1443 899 1663 954 vinculo
1683 897 1866 952 cohae-

258 997 482 1062 redem,
517 995 704 1067 cogita
731 1012 796 1050 ea
825 1011 949 1066 quae
995 993 1185 1048 divina
1211 998 1270 1047 et
1303 993 1460 1062 justa
1509 993 1662 1051 sunt,
1693 985 1868 1041 habes

259 1091 458 1142 autem
487 1086 670 1140 multa
713 1102 836 1156 quas
884 1084 1112 1154 cogites,
1144 1081 1468 1154 paradisum
1513 1078 1716 1148 cogita,
1757 1085 1868 1146 quo

259 1176 406 1230 Cain
435 1191 548 1230 non
576 1175 761 1239 rediit,
791 1175 888 1245 qui
915 1173 1125 1228 invidia
1150 1171 1385 1226 fratrem
1407 1167 1666 1241 peremit,
1685 1165 1870 1235 cogita

259 1267 490 1320 cci-[este
520 1280 777 1335 regnum,
801 1264 978 1334 [Forte
1007 1264 1146 1316 deest
1177 1261 1270 1330 ad]
1299 1259 1449 1330 quod
1473 1273 1585 1312 non
1608 1255 1716 1310 nisi
1734 1271 1868 1309 con-

259 1355 464 1408 cordes
483 1359 654 1424 atque
696 1353 994 1407 unanimes
1040 1349 1314 1406 Dominus
1357 1345 1645 1414 admittit;
1687 1343 1872 1415 cogita

261 1443 420 1515 quod
443 1442 548 1497 ﬁlii
575 1443 680 1498 Dei
706 1441 766 1496 hi
786 1440 890 1496 soli
911 1441 1130 1512 possint
1150 1438 1352 1503 vocari,
1374 1436 1471 1508 qui
1490 1439 1624 1491 sunt
1640 1433 1868 1506 paciﬁca

261 1533 367 1604 qui
395 1532 688 1586 nativitate
725 1537 783 1585 et
825 1531 949 1601 lege
977 1529 1168 1583 divina
1209 1527 1282 1582 ad
1310 1524 1739 1580 similitudinem
1767 1521 1869 1576 Dei

259 1620 454 1676 Patris
483 1627 541 1674 et
565 1619 774 1676 Christi
819 1617 1196 1691 respondeant
1243 1615 1495 1681 adunati,
1546 1613 1732 1684 cogita
1765 1609 1868 1666 sub

261 1709 448 1764 oculis
458 1710 562 1764 Dei
578 1725 683 1764 nos
701 1714 870 1774 stare,
887 1711 1174 1778 spectante
1187 1722 1254 1760 ac
1277 1705 1566 1776 judicante
1586 1702 1708 1773 ipso
1738 1717 1871 1754 con-

260 1799 604 1854 versationis
627 1815 693 1852 ac
723 1797 848 1852 vitae
874 1802 1079 1851 nostra;
1117 1795 1395 1850 curricula
1430 1793 1748 1856 decurrere,
1787 1805 1874 1844 co-

257 1889 391 1960 gita
416 1887 527 1942 cito
556 1904 659 1942 nos
687 1887 757 1942 ab
776 1888 882 1942 hoc
911 1886 1114 1942 saeculo
1135 1885 1494 1956 migraturos,
1510 1882 1559 1936 si
1581 1880 1732 1935 enim
1756 1880 1874 1934 haec

262 1993 398 2049 quae
428 1977 579 2031 dicta
599 1981 734 2032 sunt
761 1975 1090 2048 cogitaveris
1137 1980 1196 2028 et
1222 1989 1389 2046 opere
1431 1970 1768 2043 impleveris,
1802 1968 1872 2023 ab

261 2065 494 2121 invidiae
514 2065 708 2120 morbo
735 2067 851 2120 Deo
875 2070 1204 2137 protegente
1232 2062 1418 2118 curari
1443 2060 1675 2132 poteris.

263 2208 404 2263 CAP.
429 2208 630 2262 XXIII.
666 2237 732 2248 -—
762 2207 835 2262 De
862 2212 1074 2260 natura
1095 2211 1144 2260 et
1165 2206 1382 2272 origine
1414 2205 1514 2257 ira:
1539 2217 1604 2256 ac
1630 2201 1867 2268 furoris.

339 2333 436 2387 Ira
461 2331 612 2386 enim
653 2348 719 2386 ex
761 2331 976 2386 invidia
1020 2335 1344 2401 generatur,
1375 2344 1504 2382 cum
1552 2325 1611 2380 in
1639 2330 1869 2380 externo

259 2421 522 2476 vulneris
550 2419 722 2476 livore
745 2421 971 2475 animus
1000 2419 1302 2484 sauciatur,
1332 2422 1390 2471 et
1417 2420 1576 2470 tanto
1613 2429 1871 2468 mansue-

263 2509 412 2566 tudo
453 2509 879 2580 tranquillitatis
922 2507 1220 2574 amittitur,
1255 2511 1468 2578 quanto
1499 2505 1624 2576 plus
1661 2501 1872 2556 invidia

261 2601 548 2670 cujusque
567 2603 816 2652 mentem
831 2596 1130 2652 obsederit.
1149 2597 1453 2666 Postquam
1465 2591 1722 2648 diabolus
1747 2606 1870 2662 pro-

263 2694 403 2760 pter
431 2685 754 2760 superbiam
781 2687 850 2741 de
879 2686 1089 2740 caelesti
1113 2687 1324 2756 ejectus
1376 2689 1462 2738 est
1503 2680 1870 2745 beatitudine,

255 2777 494 2832 invidus
523 2782 583 2830 et
599 2777 902 2831 iracundus
929 2773 1142 2830 homini
1171 2791 1272 2846 per
1291 2771 1662 2843 deceptricem
1682 2767 1878 2840 nequi-

259 2867 364 2922 tia:
385 2882 504 2920 sua:
521 2870 703 2920 artem
723 2865 794 2919 de
812 2863 1151 2920 beatissimis
1169 2861 1415 2936 paradisi
1425 2859 1650 2915 sedibus
1664 2857 1876 2929 expulit

263 2954 612 3021 seducendo,
659 2959 718 3009 et
743 2954 861 3010 hac
889 2959 977 3008 est
1003 2957 1210 3008 natura
1257 2958 1316 3006 et
1357 2950 1582 3005 initium
1611 2949 1708 3002 ira:
1747 2963 1870 3018 quae

253 3045 479 3115 species
509 3047 595 3098 est
619 3043 824 3098 furoris
853 3045 1086 3112 (Basil.);
1118 3043 1269 3096 inter
1292 3040 1541 3095 furorem
1587 3041 1778 3092 autem
1815 3041 1873 3090 et

256 3135 414 3188 iram
430 3132 551 3187 haec
570 3139 658 3187 est
673 3133 1008 3198 differentia,
1023 3131 1158 3203 quia
1176 3130 1272 3202 qui
1298 3129 1561 3184 irascitur
1573 3127 1725 3181 intra
1747 3123 1872 3179 ani-

265 3238 398 3276 mos
423 3238 560 3276 suos
578 3223 686 3276 hoc
712 3221 907 3288 voluit,
937 3221 1083 3276 sicut
1128 3236 1195 3274 ex
1236 3219 1358 3291 ipso
1404 3217 1689 3272 indicatur
1725 3213 1874 3286 quod

260 3311 515 3366 dicitur:
547 3328 574 3363 α
597 3310 910 3365 Irascimini
932 3317 992 3366 et
1017 3310 1192 3365 nolite
1222 3325 1452 3380 peccare
1491 3309 1654 3376 (Psal.
1686 3321 1761 3368 Iv,
1792 3305 1868 3372 5),

265 3399 370 3470 qui
401 3415 533 3454 vero
557 3399 695 3454 furit
707 3401 827 3470 jam
871 3399 998 3470 plus
1055 3397 1266 3470 aliquid
1308 3414 1409 3468 per
1461 3401 1679 3450 motum
1705 3391 1870 3464 gerit,

265 3509 297 3539 τι
323 3488 486 3543 furor
513 3488 684 3555 enim,
713 3487 914 3559 inquit,
971 3489 1054 3542 eis
1091 3487 1398 3542 secundum
1445 3482 1874 3539 similitudinem

262 3577 576 3649 serpentis.
601 3595 630 3631 ι
653 3579 808 3632 Inter
833 3577 1180 3632 iracundiam
1207 3582 1395 3630 autem
1415 3581 1474 3628 et
1500 3575 1644 3628 iram
1672 3573 1778 3626 hoc
1795 3571 1877 3624 in-

268 3672 476 3734 terest,
500 3667 646 3739 quod
674 3667 995 3734 iracundus,
1018 3682 1242 3736 semper
1259 3665 1538 3730 irascitur,
1569 3663 1749 3717 iratus
1777 3675 1878 3732 pro

268 3764 535 3827 tempore
561 3757 892 3811 concitatur.

2012 467 2212 538 (Casa)
2227 465 2368 521 Cum
2389 460 2771 518 miserabilem
2783 459 2875 513 hic
2893 457 2990 512 ire
3012 451 3242 510 morbus
3263 449 3547 506 obsederit

1945 561 2194 610 mentem
2223 553 2490 609 adversus
2521 551 2617 623 qui
2671 551 2984 603 commotus
3032 541 3205 598 fuerit
3252 554 3546 595 rancorem

1946 645 2119 698 animi
2145 647 2412 709 reservat,
2453 644 2625 712 negat
2653 637 2882 710 quidem
2923 650 2984 688 se
3010 630 3193 687 verbis
3227 628 3412 694 irasci,
3446 625 3548 682 sed

1945 734 2132 805 reipsa
2160 737 2218 786 et
2241 747 2409 804 opere
2441 727 2724 800 indignari
2771 723 3099 796 gravissime
3129 716 3543 791 comprobatur,

1946 839 2189 894 namque
2205 821 2256 876 ei
2286 822 2490 892 [neque
2509 817 2658 889 eum]
2681 829 2929 886 congruo
2947 825 3206 867 sermone
3225 806 3544 878 compellat,

1946 929 2050 968 nec
2071 909 2396 966 affabilitate
2431 909 2483 964 ei
2535 907 2702 963 solita
2749 902 3106 974 colloquitur,
3135 897 3234 954 sed
3261 902 3352 952 est
3380 895 3432 950 ei
3461 910 3548 950 re-

1951 1001 2176 1073 sponsio
2206 1016 2418 1065 amara,
2439 1015 2624 1053 sermo
2644 997 2837 1059 durus,
2861 993 3050 1046 vultus
3066 993 3276 1053 torvus,
3291 990 3552 1058 aspectus

1952 1107 2198 1156 aversus,
2215 1105 2374 1144 mens
2389 1086 2614 1142 turbida
2627 1091 2686 1140 et
2711 1083 2964 1148 adversa,
2990 1095 3158 1152 quem
3186 1077 3276 1131 ira
3303 1076 3553 1130 retentat

1952 1196 2175 1250 semper
2199 1182 2434 1250 paratus
2459 1177 2530 1230 ad
2557 1173 2930 1238 irridendum,
2963 1169 3034 1224 ad
3081 1163 3546 1238 exasperandum,

1952 1268 2023 1324 ad
2043 1265 2586 1340 reprehendendum,
2601 1263 2815 1318 etbona
2834 1262 2957 1331 ejus
2992 1273 3104 1312 non
3122 1259 3276 1310 recte
3303 1267 3550 1326 pronun-

1951 1356 2226 1424 tiandum,
2254 1357 2362 1410 hoc
2387 1355 2538 1410 enim
2562 1352 2760 1406 vitium
2812 1353 3064 1404 mentem
3090 1345 3300 1411 turbat,
3333 1347 3548 1398 rectum

1951 1447 2249 1502 consilium
2277 1445 2531 1515 dissipat,
2555 1440 2838 1514 justitiam
2875 1437 3104 1492 alienat.

2021 1555 2152 1609 CAP.
2188 1551 2772 1618 XXVI.—Increpatio
2798 1547 3059 1603 adversus
3083 1542 3341 1598 morbum
3357 1542 3473 1594 ire.

1889 1679 1936 1739 Β
2027 1659 2215 1730 (Gass.)
2247 1659 2306 1714 Si
2329 1659 2403 1713 ad
2427 1655 2828 1730 perfectionem
2855 1651 3062 1717 tendis,
3078 1654 3137 1704 et
3174 1661 3413 1718 agonem
3431 1629 3550 1716 api-

1955 1750 2178 1806 ritalem
2210 1747 2462 1820 legitime
2491 1745 2648 1817 cupis
2674 1745 2982 1807 decertare,
3013 1739 3084 1794 ab
3112 1736 3267 1793 omni
3283 1735 3387 1802 ira,
3404 1732 3552 1790 etfu-

1955 1857 2082 1896 rore
2099 1839 2318 1894 alienus
2347 1836 2540 1902 existe,
2565 1833 2699 1890 audi
2729 1831 2864 1904 quid
2887 1829 3164 1885 Dominus
3196 1830 3390 1881 noster
3407 1838 3554 1895 prte-

1953 1934 2102 2000 cepit
2124 1927 2315 1982 dicens
2349 1945 2360 1980 :
2400 1945 2426 1978 ι
2457 1923 2654 1981 Omnis
2683 1921 2778 1993 qui
2807 1918 3068 1975 irascitur
3093 1917 3256 1972 fratri
3283 1926 3404 1980 suo,
3423 1927 3555 1967 reus

1955 2019 2064 2073 erit
2081 2016 2294 2088 judicio
2329 2015 2538 2084 (Matth.
2574 2028 2630 2078 ν,
2663 2010 2777 2080 22).
2805 2031 2828 2060 ι
2864 2009 2935 2064 Et
2979 2005 3188 2062 Paulus
3217 2001 3544 2076 apostolus:

1959 2128 1982 2160 α
2007 2107 2220 2170 Omnis,
2241 2104 2443 2176 inquit,
2459 2103 2546 2157 ira
2565 2108 2624 2156 et
2643 2098 2956 2170 indignatio
2983 2101 3043 2150 et
3067 2095 3282 2150 clamor
3312 2095 3372 2146 et
3395 2089 3550 2145 blaso

1954 2196 2181 2270 phemia
2196 2195 2429 2250 tollatur
2447 2209 2482 2247 a
2498 2190 2654 2246 vobis
2667 2205 2797 2244 cum
2816 2185 2969 2242 omni
2992 2183 3208 2240 malitia
3229 2181 3442 2251 (Ephes.
3470 2195 3548 2245 nr,

1953 2267 2042 2350 31)
2054 2326 2064 2338 .
2076 2285 2249 2339 »Cnm
2260 2281 2414 2348 dicit,
2437 2298 2464 2335 ς
2479 2278 2676 2335 Omnis
2695 2277 2782 2332 ira
2799 2275 3033 2330 tollatur
3051 2289 3086 2326 a
3101 2270 3277 2336 vobis,
3292 2287 3320 2322 ν
3331 2267 3548 2323 nullam

1952 2374 2178 2446 penitus
2205 2371 2359 2426 velut
2395 2367 2768 2424 necessariam
2799 2370 2858 2420 et
2883 2363 3081 2419 utilem
3128 2358 3288 2415 nobis
3307 2355 3542 2428 excepit.

1953 2443 2113 2528 Quod
2143 2466 2332 2516 autem
2356 2458 2492 2514 dicit
2519 2456 2821 2512 Psalmista
2850 2471 2862 2508 :
2891 2471 2918 2505 ‹‹
2945 2449 3261 2508 Irascimini
3289 2452 3348 2502 et
3375 2443 3550 2501 nolite

1952 2569 2178 2625 peccare
2195 2552 2360 2620 (Psat.
2387 2543 2550 2619 1v,5),
2579 2565 2602 2598 ι
2625 2544 2808 2618 jubet,
2840 2538 3259 2611 nobismetipsis
3284 2534 3548 2605 vitiisque

1957 2641 2164 2696 nostris
2192 2657 2258 2694 ac
2285 2633 2740 2708 suggestionibus
2761 2632 2947 2706 pravis
2983 2627 3165 2693 irasci,
3199 2631 3259 2682 et
3291 2640 3406 2680 non
3424 2638 3551 2694 pec-

1957 2747 2104 2796 care,
2123 2729 2194 2783 ad
2215 2729 2474 2782 etfectum
2494 2725 2705 2780 scilicet
2727 2739 2822 2778 eas
2841 2720 3070 2776 noxium
3093 2715 3420 2790 perducere,
3442 2712 3549 2766 hoc

1956 2825 2146 2875 autem
2171 2819 2268 2872 irae
2293 2817 2494 2870 vitium
2525 2830 2656 2868 cave
2685 2828 2757 2868 ne
2789 2811 2873 2866 vel
2898 2809 3098 2865 leviter
3122 2807 3182 2862 in
3208 2803 3375 2861 corde
3404 2799 3546 2856 resi-

1955 2910 2089 2964 deat
2113 2913 2232 2973 tuo,
2257 2905 2458 2960 adimit
2475 2904 2628 2959 enim
2653 2900 2751 2956 ubi
2773 2899 2944 2956 fuerit
2971 2901 3223 2953 sanctam
3240 2891 3549 2948 multarum

1889 2995 1934 3056 C
1951 2998 2222 3052 virtutum
2245 3000 2546 3062 catervam,
2579 2991 2661 3046 ait
2693 2989 2845 3045 enim
2882 2986 3172 3059 Scriptura
3201 3003 3212 3038 :
3250 3001 3277 3036 ‹‹
3307 2981 3410 3037 Vir
3433 2979 3553 3036 ira-

1951 3087 2172 3144 cundus
2195 3085 2526 3140 inhonestus
2553 3086 2676 3149 est;
2712 3098 2741 3135 ι
2772 3084 2830 3134 et
2862 3077 3070 3132 iterum
3099 3092 3112 3129 :
3149 3092 3176 3128 ι
3206 3074 3302 3128 Ira
3325 3071 3386 3126 in
3419 3069 3549 3124 sinu

1952 3175 2340 3248 insipientium
2371 3171 2707 3243 requiescit;
2743 3190 2770 3220 »
2802 3173 2888 3223 et:
2913 3185 2940 3220 α
2967 3162 3277 3221 Iracundus
3291 3159 3411 3231 agit
3426 3159 3550 3214 sine
3579 3167 3588 3178 ‘

1955 3247 2208 3330 consilio,
2227 3267 2283 3317 et
2309 3262 2396 3316 vir
2413 3260 2700 3314 animosus
2725 3257 2874 3329 parit
2891 3255 3058 3320 rixas,
3090 3251 3177 3306 vir
3211 3255 3404 3305 autem
3431 3247 3547 3304 ira-

1955 3353 2170 3429 cundus
2183 3351 2376 3406 effodit
2387 3353 2620 3421 peccata
2635 3349 2813 3414 (Prov.
2846 3360 2942 3408 xv,
2961 3341 3114 3412 18);»
3127 3344 3186 3394 et
3212 3337 3498 3411 apostolus
3533 3354 3544 3388 ε

1959 3463 1984 3495 ι
2017 3443 2110 3498 Ira
2137 3427 2288 3497 enim
2312 3439 2416 3492 viri
2439 3437 2722 3508 justitiam
2749 3434 2851 3489 Dei
2894 3448 3006 3487 non
3045 3432 3312 3501 operatur
3339 3427 3474 3494 (Jac.
3507 3439 3547 3491 ι,

1956 3530 2066 3600 ‘20).
2105 3551 2128 3582 ι

1960 3638 2090 3693 CAP.
2123 3634 2346 3691 XXVII.
2379 3663 2446 3672 —
2477 3632 2731 3687 Remedia
2761 3631 2960 3699 quibus
3002 3630 3153 3681 iram
3193 3626 3256 3680 de
3297 3623 3552 3680 cordibus

2350 3705 2554 3758 nostris
2572 3702 2856 3757 eradicare
2876 3701 3168 3770 possimus.

2037 3815 2224 3886 ((7ass.)
2245 3812 2376 3868 Haec
2392 3814 2480 3865 est
2494 3809 2668 3880 hujus
2687 3805 2868 3862 morbi
2889 3803 3168 3860 medicina
3192 3801 3456 3876 perfecta,
3489 3805 3556 3856 ut

275 3900 418 3954 CAP.
433 3898 960 3966 XXIV.—Qualiter
978 3902 1070 3954 ira
1079 3903 1234 3954 vexat
1256 3901 1428 3952 iratos
1447 3914 1510 3952 ac
1524 3895 1880 3966 furibundas.
1964 3901 2227 3977 primitus
2244 3899 2538 3956 credamus
2565 3897 2721 3953 nullo
2741 3895 2909 3952 modo
2937 3893 3052 3949 sive
3084 3891 3309 3964 injusﬁs
3327 3891 3442 3946 sive
3465 3890 3557 3961 δα..

362 4023 556 4091 (σω.)
579 4024 684 4094 Ira
705 4023 946 4094 denique
974 4023 1033 4077 in
1062 4023 1268 4078 nostris
1297 4020 1557 4076 cordibus
1585 4020 1881 4085 insidente,
1967 3994 2068 4049 stis
2093 4009 2160 4048 ex
2183 3989 2368 4048 causis
2409 3989 2577 4044 licere
2621 3985 2780 4042 nobis
2826 3983 3010 4050 irasci,
3042 3980 3285 4038 secundo
3319 3979 3558 4036 scientes

2104 4087 2111 4094 .
2253 4081 2267 4094 I
2397 4081 2431 4094 nn
2477 4078 2488 4089 ·
2528 4077 2562 4094 οι
2697 4091 2753 4094 ΑΛ
2774 4074 2836 4094 ,ΑΒ
2869 4072 2999 4094 -m-:
3026 4071 3243 4094 __._:_-
3270 4085 3380 4094 ..Α-Α
3398 4085 3558 4094 ..Α---

365 4071 413 4090 \'
434 4071 554 4091 ~—-,
580 4071 684 4094 —-—.
709 4071 946 4094 η---ηη
974 4071 1033 4077 --
1063 4071 1266 4078 --η--κ
1301 4071 1553 4076 unum

283 4127 397 4168 nec
411 4112 686 4182 judicium
715 4119 865 4168 recte
884 4113 1238 4168 discretionis
1257 4111 1564 4183 acquirere,
1589 4125 1692 4164 nec
1719 4110 1890 4163 hone-
1969 4099 2072 4139 nos
2097 4081 2371 4154 templum
2397 4077 2639 4152 Spiritus
2661 4074 2840 4131 sancti
2861 4072 3004 4128 emCi
3019 4071 3248 4127 omnino
3270 4085 3385 4126 non
3398 4085 3561 4142 Ρ⁰⁵⁸⁸

1973 4173 1984 4183 .
2183 4171 2219 4183 ..
2290 4169 2302 4181 .
2441 4167 2455 4183 .
2480 4167 2492 4180 .
2613 4167 2624 4178 .
2775 4166 3144 4183 ημηηηωι-
3181 4165 3459 4183 -Α.ι--..-
3497 4161 3561 4183 --ι

286 4207 395 4256 stas
449 4201 937 4273 contemplationis
1001 4201 1290 4268 intuitum,
1329 4161 1451 4254 1nec
1503 4161 1870 4254 maturitateu

1969 4171 2272 4228 iracundiae
2287 4169 2347 4225 in
2366 4167 2525 4224 nobis
2543 4165 2746 4239 spiritu
2764 4166 3168 4228 commorante,
3181 4165 3463 4232 postremo
3497 4161 3566 4213 ut

2079 4262 2111 4273 ο.
2693 4255 2854 4273 ιομμμ--
2892 4250 3052 4273 _._L£._
3079 4265 3232 4273 -..Α-,Α
3264 4264 3365 4273 ..-Α
3391 4247 3564 4273 3&4--

1972 4262 2282 4332 cogitemus
2307 4273 2666 4336 nequaquam
2693 4255 2863 4310 licere
2891 4250 3054 4308 nobis
3073 4265 3235 4305 orare
3264 4264 3368 4303 nec
3390 4247 3565 4302 iratos
3629 4288 3641 4297 .

1970 4351 2207 4408 fundere
2232 4364 2426 4420 preces
2444 4347 2515 4402 ad
2543 4347 2742 4412 Deum,
2767 4349 2824 4398 et
2841 4342 3116 4396 incertum
3143 4339 3404 4392 humanae
3431 4351 3566 4390 con-

1976 4437 2207 4494 ditionis
2225 4441 2434 4492 statum
2451 4434 2867 4489 considerantes
2879 4427 3130 4502 quotidie
3145 4442 3248 4481 nos
3274 4422 3569 4478 credamus

289 4289 513 4344 consilii
545 4291 852 4360 possidere,
887 4307 991 4345 nec
1017 4290 1143 4345 vitae
1171 4289 1491 4362 participes,
1530 4305 1634 4343 nec
1656 4286 1954 4368 justitiaeD

289 4385 540 4445 tenaces,
573 4379 670 4432 sed
713 4396 784 4434 ne
829 4379 1099 4451 spiritalis
1129 4380 1356 4450 quidem
1402 4395 1466 4432 ac
1508 4377 1626 4432 veri
1661 4375 1892 4430 luminis

295 4483 529 4538 capaces
550 4469 861 4538 poterimus
886 4468 1140 4534 existere,
1178 4485 1206 4521 α
1236 4468 1368 4539 quia
1397 4464 1758 4521 exacerbatus
1787 4469 1889 4530 est,

296 4511 529 4538 “1...-..
551 4511 861 4538 rem“..-
887 4511 1140 4534 πωπω,
1180 4511 1206 4521 -
1278 4511 1368 4522 μ...
1399 4511 1757 4521 -.-..----..-_-
1790 4511 1869 4518 η-

294 4556 506 4627 inquit,
539 4573 651 4628 Prae
679 4557 764 4612 ira
791 4559 986 4613 Oculus
1015 4574 1174 4612 meus
1209 4511 1368 4626 (litat.
1401 4573 1478 4622 γι,
1505 4553 1582 4624 8),
1614 4576 1636 4605 ρ
1672 4570 1775 4608 nec
1805 4511 1896 4606 sa:
1979 4547 2010 4584 θ
2039 4543 2269 4599 corpore
2296 4525 2657 4628 δίυτοεν
2714 4519 2979 4618 nihilque.
3018 4515 3180 4570 “Obis
3223 4511 3573 4628 ξοῐηίῐιθιιιίε
3653 4529 3659 4536 ’

302 4604 506 4627 ----ι--ντ
539 4604 650 4628 τη-
679 4604 764 4612 ---
795 4604 984 4613 vnn—-
1015 4604 1174 4612 -.ι-π
1226 4604 1245 4612 -
1268 4604 1368 4610 υπν-
1511 4604 1533 4608 ν
1569 4604 1582 4620 τ
1615 4604 1618 4605 ν

302 4645 530 4717 pientim
561 4646 860 4719 participes
880 4647 1120 4702 efﬁciam
1149 4604 1254 4700 et‘si
1309 4604 1590 4717 sapientés
1645 4643 1900 4698 omnium
1981 4617 2272 4682 castitatis,
2298 4613 2440 4669 nihil
2457 4611 2826 4719 jejunioLrumL,
2839 4604 3576 4719 oratioqum,eleemosypa-

2191 4706 2202 4716 -
2251 4703 2304 4719 η-
2437 4717 2462 4719 Α
2489 4715 2579 4719 .__i
2609 4699 2654 4719 ι-
2709 4697 2782 4719 -..ε
2827 4712 2892 4719 ---
2934 4711 3029 4719 ,Αμ
3061 4694 3325 4719 -..-...1--....
3375 4691 3465 4719 -..ζ
3509 4705 3575 4719 η..

303 4689 529 4717 rm"-..
561 4689 860 4719 ,ωηηψνυ
881 4689 1120 4702 ν...ν....,.
1150 4689 1254 4700 νυν.
1309 4689 1372 4700 υ..
1413 4689 1590 4700 ,νη-νυ
1649 4689 1900 4698 ν-...--..-..

303 4734 660 4807 pronuntiari
687 4735 948 4806 opinione
970 4736 1276 4802 videamur,
1303 4689 1436 4806 quia
1461 4735 1547 4789 ira
1575 4733 1634 4788 in
1663 4733 1790 4786 sinu
1812 4732 1902 4786 in-
1982 4724 2128 4774 mm,
2155 4703 2586 4776 Vigmmumque
2609 4695 2893 4807 “foribus
2931 4694 3348 4807 cgnferendum’
3371 4689 3577 4764 quibus

2134 4801 2142 4807 .
2235 4794 2246 4806 ο
2447 4789 2483 4807 10
2547 4805 2572 4807 ,_
2619 4804 2665 4807 _-
2704 4802 2783 4807 -..Α
2827 4790 2877 4807 ,Α
2930 4801 2952 4807 Α
2999 4783 3110 4807 tu...
3147 4783 3212 4807 Δ1.
3243 4779 3544 4807 --μζ-..ληξια-

303 4779 660 4807 ,----..----...-
688 4779 717 4789 ν
760 4779 948 4792 -....,...,
981 4779 1247 4790 .....,........
1343 4779 1436 4790 ..-η
1461 4779 1547 4789 -...
1663 4779 1790 4786 _-.._

302 4823 633 4894 sipientium
663 4779 984 4895 requiescit.
1015 4779 1286 4896 (Hieroni)
1304 4779 1526 4896 Duplex
1573 4829 1764 4878 autem
1792 4837 1870 4876 no:

1985 4801 2214 4869 propter
2233 4789 2582 4848 iracundiam
2613 4787 2790 4842 solam
2821 4790 2880 4840 et
2923 4783 3114 4839 odium
3145 4783 3216 4838 ab
3243 4779 3579 4837 universita-

305 4875 1238 4982 .51.;aggd'iag,‘;;;s;n"gag
1251 4875 1791 4985 ap—udrphilosophos
1809 4875 1906 4963 ira!
1985 4887 2060 4941 tis
2077 4883 2268 4956 iudice
2295 4879 2568 4954 supplicia
2594 4875 3005 4950 promittuntur
3029 4879 3256 4928 aeterna-

306 5015 516 5054 nomen
536 4979 824 5072 accipitur,
856 5001 942 5056 vel
962 5019 1091 5057 cum
1120 4979 1331 5074 injuria
1356 4979 1600 5056 lacessiti
1639 4979 1912 5053 naturali-
1991 4994 2122 5048 CAP.
2145 4989 2397 5046 XXVIII.
2425 5017 2490 5028 —
2510 4987 2586 5043 De
2616 4989 2827 5074 natura
2846 4989 2896 5038 et
2925 4982 3140 5050 origine
3170 4979 3412 5033 tristitia
3438 4991 3588 5031 mor-

309 5089 416 5144 bus
440 5088 684 5144 stimulis
713 5091 1080 5159 concitamur,
1103 5093 1191 5146 vel
1237 5107 1362 5148 cum
1386 5089 1771 5162 requiescente
1798 5087 1911 5141 im-
2125 5105 2131 5112 ·
2699 5055 2891 5122 πίστιν·

311 5184 448 5250 petu
459 5183 518 5232 et
539 5178 726 5233 furore
744 5180 1001 5236 restricto
1023 5150 1208 5252 potest
1242 5150 1617 5234 menshabere
1641 5177 1919 5248 judicium
2069 5171 2149 5226 Ex
2181 5169 2270 5224 ira
2323 5180 2546 5237 quoque
2593 5159 2828 5217 tristitia
2849 5158 3050 5226 oritur,
3091 5155 3226 5229 quia
3259 5150 3594 5226 perturbata

315 5274 373 5322 et
391 5267 759 5322 nihilominus
777 5285 949 5340 super
966 5285 1032 5323 eo
1051 5269 1145 5340 qui
1165 5274 1398 5340 putatur
1415 5267 1622 5323 laesisse
1641 5241 1924 5320 desiderat
1998 5275 2159 5314 mens
2179 5273 2288 5329 quo
2320 5253 2636 5309 inordinate
2664 5265 2726 5304 se
2751 5247 3018 5314 mucutit,
3035 5262 3103 5302 eo
3127 5241 3435 5300 addiwndo
3455 5256 3592 5297 con-

316 5355 614 5422 ultionem,
629 5356 732 5411 hoc
751 5329 943 5412 autem
961 5329 1276 5413 vitium-irae
1295 5356 1708 5412 humanitatem
1728 5359 1787 5410 et
1803 5354 1917 5407 cle-
1997 5347 2199 5412 fundit,
2233 5349 2292 5399 et
2328 5358 2457 5400 cum
2495 5339 2850 5396 dulcedinem
2878 5332 3304 5407 tranquillitatis
3341 5329 3600 5387 amiserit

317 5421 680 5499 mentiamet
708 5447 1200 5502 mansuetudinem
1241 5445 1430 5502 aufert
1471 5444 1542 5500 ab
1572 5459 1639 5498 eo
1668 5443 1765 5515 qui
1791 5457 1921 5498 eam
2002 5437 2146 5494 nihil
2171 5435 2316 5490 hanc
2363 5429 2470 5486 nisi
2517 5445 2582 5484 ex
2630 5425 2952 5483 turbatione
3007 5421 3357 5496 subsequens
3392 5434 3602 5476 meror

319 5531 660 5588 familiarius
687 5535 952 5605 possidet.
1683 5507 1704 5515 ’
2003 5524 2203 5600 pascit.
2233 5524 2650 5590 Nonnunquam
2702 5521 2896 5572 tamen
2941 5514 3040 5569 irae
3067 5509 3432 5585 praecedentis
3467 5507 3602 5562 vitio
