3892 6150
206 319 348 380 i365

1233 323 1325 382 DE
1362 323 1580 384 VITIIS
1617 325 1711 384 DE
1747 325 2198 385 VIRTUTIBUS.
2229 355 2292 368 —-
2335 323 2468 381 LIB.

3364 319 3502 376 1366

196 445 493 521 quodlibet
512 455 803 521 peccatum
824 457 1148 526 perpetrare
1169 465 1282 508 non
1304 465 1531 526 possum
1549 455 1807 511 nisimeze
1825 462 1872 518 Α
1893 461 2120 510 servant
2147 455 2398 524 inquam,
2432 451 2692 505 custodes
2725 459 2856 519 ergo
2907 446 3142 504 dixerim
3191 447 3332 503 istos
3377 461 3500 500 esse

199 537 563 594 delectationi
595 541 963 607 consentiam,
998 539 1145 612 quod
1190 539 1513 613 cupiditatis
1544 549 1632 598 est
1675 559 1808 615 pro-

1894 545 2067 616 [Portc
2095 542 2559 612 interponendum
2581 539 2715 608 non]
2746 537 3024 603 dominos,
3057 543 3116 592 et
3129 537 3376 591 alienum
3411 542 3502 590 et-

201 627 412 699 prium.
449 633 506 682 et
521 625 620 684 Dei
641 636 922 702 praecepta
947 635 1322 698 contemnam,
1349 631 1496 704 quod
1513 638 1600 686 est
1619 649 1823 704 supero
1889 633 2122 688 tendere
2133 632 2570 700 diligentermou
2581 627 2868 700 proprium
2881 624 3282 681 convenienter
3293 639 3496 697 OXpen-

202 716 311 770 bize
342 718 577 783 malum,
609 721 887 790 quomodo
915 733 1030 776 non
1079 735 1144 774 ex
1189 717 1498 792 cupiditate
1551 737 1676 792 quae
1725 727 1810 776 est

203 805 366 861 radix
395 807 696 875 malorum,
733 809 984 864 omnium
1018 815 1076 864 et
1097 823 1162 864 ex
1183 810 1462 882 superbia.
1496 825 1618 882 quae
1652 829 1678 861 α
1708 811 1811 866 ini-

203 895 351 949 tium
381 895 566 950 omnis
594 893 1014 968 peccati(Eccli.
1042 911 1098 964 x,
1133 895 1212 963 15)
1246 917 1273 952 ι
1304 897 1526 966 dicitur,
1560 899 1811 971 procedit

203 999 373 1038 omne
414 991 701 1056 peccatum
723 983 748 1039 ἲ

274 1129 411 1182 ΟΜ».
445 1128 662 1182 XXXV.
689 1155 753 1170 -ι
786 1132 1035 1196 Qualiter
1065 1135 1308 1186 avaritia
1337 1139 1491 1187 vexat
1519 1148 1735 1188 avaros.

269 1251 471 1322 (σθω.)
513 1251 759 1308 Avaritia
804 1253 956 1308 enim
1007 1254 1277 1325 quosdam
1327 1257 1629 1312 sectatores
1677 1271 1807 1311 suos

199 1343 368 1395 vexat
385 1341 446 1396 in
474 1341 873 1398 acclamatione
902 1349 960 1398 et
985 1341 1151 1398 laude
1195 1341 1326 1398 boni
1371 1343 1617 1398 nominis
1661 1343 1808 1398 facta

197 1429 484 1501 populari,
517 1429 789 1502 quosdam
811 1431 880 1486 de
902 1429 1246 1487 sublimitate
1263 1431 1512 1499 honoris,
1531 1434 1804 1505 quosdam

143 1539 156 1548 -
197 1517 270 1572 de
307 1519 670 1590 acquirendis
697 1520 864 1576 rebus
893 1521 1230 1593 superﬂuis;
1264 1521 1564 1576 nonnullos
1603 1518 1672 1576 de
1711 1537 1804 1576 ra.

199 1603 427 1678 piendis
455 1605 694 1664 aliorum
724 1607 1102 1678 facultatibus,
1133 1609 1432 1666 nonnullos
1460 1613 1525 1666 ut
1551 1612 1806 1682 proprias

198 1695 491 1753 retineant
515 1697 792 1754 inutiliter
811 1697 1032 1754 divitias
1055 1699 1363 1772 propulsat.
1389 1698 1544 1755 Solet
1562 1713 1805 1772 namque

1892 722 2023 777 dere
2048 739 2059 776 :
2091 737 2296 776 avarus
2325 720 2474 774 enim
2506 715 2780 772 sollicitus
2806 721 2993 771 servat
3026 730 3196 787 quam
3227 715 3490 786 acquirit,

1893 809 2184 866 molestius
2203 808 2450 864 custodit
2473 821 2642 878 quam
2669 806 2892 877 rapuit:
2923 805 3168 876 suspirat
3191 805 3344 860 enim
3365 803 3500 874 vigi-

1894 903 2016 955 lans
2045 899 2404 972 acquirendo,
2437 897 2686 968 suspirat
2715 895 3001 949 dormiens
3013 893 3369 959 reservanda,
3395 908 3498 947 nec

1892 989 2074 1059 vigilia
2099 988 2258 1052 laetae,
2291 999 2394 1042 nec
2441 999 2671 1041 somnus
2698 995 2947 1050 securus,
3002 997 3107 1037 nec
3147 983 3268 1036 dies
3313 983 3491 1046 latus,

1894 1094 1996 1134 nec
2023 1093 2130 1133 nox
2161 1077 2353 1149 quieta
2373 1081 2476 1140 est,
2511 1073 2798 1138 discurrit,
2819 1077 3120 1144 torquetur
3144 1077 3203 1125 et
3218 1071 3416 1142 gemit,
3437 1075 3497 1126 et

1893 1167 2053 1240 quasi
2064 1165 2144 1246 illi
2159 1167 2238 1238 [Ρ.
2256 1165 2358 1236 nil]
2371 1164 2797 1238 proiiciat,quod
2811 1162 3184 1234 acquirit.Qui
3195 1161 3495 1233 possessio-

1889 1257 2053 1314 nibus
2064 1257 2228 1328 longe
2239 1257 2461 1326 lateque
2473 1249 2692 1308 diiiusis
2701 1253 2758 1306 in
2770 1253 3010 1307 continio
3023 1251 3197 1305 alium
3205 1251 3493 1321 possidere

1889 1363 2002 1402 non
2033 1346 2265 1418 patitur,
2295 1346 2431 1400 dum
2458 1344 2732 1399 terminos
2765 1343 2974 1414 jungit,
3029 1344 3172 1397 lines
3207 1340 3484 1412 producit,

1888 1437 2267 1492 calumniatur
2302 1434 2555 1507 pauperi,
2589 1434 2930 1488 mediocrem
2969 1431 3194 1504 premit,
3241 1429 3485 1484 vicinum

1889 1521 2150 1590 excludit,
2183 1529 2240 1578 et
2252 1537 2448 1577 omnes
2467 1522 2828 1576 circumcirca
2852 1521 3064 1592 positos
3086 1518 3401 1573 infestando
3421 1533 3488 1571 ac

1889 1613 2275 1686 persequendo
2301 1611 2548 1685 depellit,
2575 1611 2670 1682 qui
2690 1624 2802 1665 non
2821 1607 3079 1679 acquirit,
3103 1607 3212 1662 nisi
3231 1605 3377 1662 alius
3391 1606 3487 1659 ﬂeo

1888 1703 2048 1770 verit,
2079 1701 2234 1757 lucra
2275 1715 2387 1756 non
2439 1700 2648 1765 condit,
2697 1699 2804 1754 nisi
2851 1695 2999 1752 alius
3049 1701 3344 1767 genuerit:
3395 1695 3486 1748 cui

196 1801 408 1841 avarus
427 1785 672 1860 cogitare
684 1789 769 1844 vel
785 1786 967 1844 dicere
982 1805 994 1844 :
1011 1787 1058 1843 si
1077 1787 1341 1860 pecunias
1353 1787 1670 1844 reconditas
1688 1806 1802 1845 non
1819 1777 1865 1836 Β
1884 1791 1987 1848 soli
2007 1791 2214 1846 bonum
2244 1796 2348 1857 est,
2380 1790 2526 1861 quod
2550 1788 2834 1860 publicum
2854 1787 3068 1841 malum
3089 1790 3192 1849 est,
3217 1785 3350 1838 dum
3387 1788 3488 1837 aut

197 1871 474 1942 habuero,
508 1875 642 1947 quid
673 1874 773 1931 ﬂlii
791 1875 902 1932 mei
929 1881 1056 1948 post
1085 1882 1323 1931 mortem
1353 1877 1576 1942 facient,
1599 1878 1732 1950 quid
1755 1877 1801 1932 si

194 1963 506 2020 infirmitas
536 1963 782 2038 corporis
803 1965 913 2021 mei
933 1966 1198 2032 evenerit,
1231 1964 1365 2038 quid
1379 1967 1427 2020 si
1460 1965 1628 2038 longa
1646 1981 1802 2022 sene-

193 2057 326 2108 ctus
356 2053 773 2125 prolongaverit
798 2055 1067 2124 (Jcrcm.?)
1089 2053 1217 2110 Haec
1247 2061 1303 2110 et
1323 2053 1432 2110 alia
1461 2053 1550 2110 his
1592 2053 1799 2111 similia

191 2149 512 2197 tractantes
567 2144 719 2197 avari
783 2143 1048 2215 pecunias
1072 2150 1358 2215 utcunque
1405 2145 1798 2216 conquirentes

193 2245 465 2286 nummos
492 2245 593 2302 per
617 2230 701 2286 fas
723 2235 779 2286 et
796 2231 952 2288 uetas
969 2233 1175 2288 habere
1194 2233 1534 2301 desiderant,
1558 2241 1614 2288 et
1635 2233 1798 2308 pleno

187 2319 402 2374 sacello
418 2319 786 2387 delectantur,
805 2329 1041 2376 currunt
1051 2323 1200 2376 enim
1220 2319 1625 2386 etdiscurrunt,
1646 2337 1795 2378 nunc

183 2410 324 2474 huc,
361 2423 509 2464 nunc
536 2407 688 2476 illuc,
719 2409 1077 2482 negotiando,
1122 2412 1412 2483 rapiendo,
1446 2412 1785 2478 mentiendo,

175 2499 454 2568 jurando,
483 2499 732 2565 rixando,
769 2506 904 2554 tunc
933 2497 1083 2555 enim
1112 2506 1274 2572 putat
1296 2499 1503 2556 bonum
1531 2498 1790 2555 habuisse

180 2605 244 2643 se
267 2589 444 2655 diem,
478 2590 702 2660 quando
723 2590 1014 2646 denarium
1049 2590 1270 2661 reponit
1289 2607 1489 2644 avarus
1513 2591 1566 2643 in
1596 2607 1725 2644 arca
1736 2597 1793 2644 et

181 2677 320 2731 ideo
347 2677 683 2732 insatiabilis
702 2685 760 2732 et
786 2679 1134 2750 inexplebilis
1157 2696 1258 2750 per
1277 2679 1468 2734 omnia
1495 2675 1793 2750 turpitudi-

183 2783 331 2820 num
352 2783 563 2837 genera
592 2768 940 2838 lascivieeque
970 2767 1267 2822 discurrit:
1303 2767 1399 2822 ubi
1428 2769 1694 2839 pecunias
1708 2785 1792 2822 re-

184 2857 386 2926 ponat,
419 2854 510 2911 cui
539 2871 632 2912 eas
661 2857 852 2910 credat
881 2853 1192 2927 ambiguus,
1228 2854 1428 2912 deinde
1466 2853 1600 2928 quid
1630 2871 1694 2911 ex
1724 2857 1790 2911 iis

183 2959 468 3010 coemere,
513 2946 788 3017 qualeque
838 2943 1235 3001 commercium
1281 2947 1464 3000 valeat
1507 2943 1790 3018 duplicare

1882 1883 2096 1938 fructus
2125 1880 2328 1945 servat,
2363 1880 2461 1932 aut
2488 1889 2772 1931 annonam
2803 1881 3010 1947 captat,
3043 1883 3145 1928 aut
3173 1874 3335 1928 inﬂat
3361 1888 3485 1944 pre-

1882 1969 1980 2037 tia,
2013 1975 2112 2026 aut
2138 1969 2298 2024 fenus
2328 1971 2647 2039 exaggerat,
2678 1967 2816 2021 dum
2845 1963 3172 2036 acquirendi
3197 1962 3354 2016 lucra
3382 1971 3484 2032 per

1883 2057 2118 2116 nocendi
2148 2059 2389 2131 exquirit
2417 2057 2664 2126 ingenia,
2699 2057 2788 2110 cui
2814 2054 3156 2129 pupillorum
3186 2051 3366 2105 dulcis
3393 2055 3483 2104 est

1879 2149 2142 2219 gemitus,
2177 2151 2233 2203 et
2258 2147 2554 2202 viduarum
2570 2145 2755 2200 suavis
2775 2149 2862 2198 est
2888 2145 3072 2208 ﬂetus,
3103 2141 3237 2196 dum
3267 2138 3474 2210 praeda.

1883 2235 2204 2308 hujusmodi
2223 2235 2486 2308 pascitur,
2504 2240 2562 2288 et
2579 2233 2773 2306 spoliis
2800 2231 2998 2286 talium
3014 2230 3342 2284 delectatur.
3367 2225 3477 2290 Qui

1883 2325 2036 2381 dives
2065 2333 2150 2380 est
2181 2341 2328 2391 arca,
2356 2339 2469 2380 non
2485 2323 2706 2388 merito,
2727 2319 3076 2394 possessione
3102 2332 3216 2372 non
3243 2329 3470 2387 genere,

1881 2413 2104 2470 nomine
2134 2431 2246 2470 non
2279 2413 2572 2486 dignitate,
2603 2413 2764 2483 cujus
2793 2409 3036 2466 avaritia
3061 2421 3162 2462 nec
3180 2405 3472 2478 proprium

1879 2503 2101 2568 sumcit,
2137 2519 2238 2558 nec
2265 2502 2494 2558 modum
2519 2501 2762 2573 imponit
2778 2500 3044 2556 alienum.
3063 2496 3207 2551 solet
3226 2505 3471 2564 nataque

1875 2593 2108 2648 avaritia
2125 2593 2404 2649 devictum
2419 2591 2672 2646 animum
2691 2589 2852 2660 quasi
2871 2603 2937 2642 ex
2955 2587 3174 2642 ratione
3187 2583 3471 2639 exhortari

1873 2683 2006 2736 dum
2033 2680 2200 2736 dicit:
2235 2679 2393 2736 valde
2423 2681 2544 2735 sine
2574 2681 2739 2751 culpa
2768 2684 2874 2746 est,
2905 2676 3050 2748 quod
3082 2671 3340 2746 quadam
3367 2673 3468 2726 ha-

1877 2770 2053 2826 benda
2081 2770 2442 2842 concupiscis,
2495 2769 2629 2841 quia
2667 2781 2778 2822 non
2818 2761 3180 2838 multiplicari
3226 2760 3464 2833 appetis,

1872 2861 1966 2913 sed
1986 2873 2150 2930 egere
2163 2859 2529 2932 pertimescis,
2547 2863 2606 2914 et
2623 2857 2768 2930 quod
2793 2856 2939 2910 male
2957 2855 3104 2909 alius
3119 2851 3330 2906 retinet
3345 2850 3467 2920 ipse

1870 2948 2070 3004 melius
2099 2947 2380 3022 expendis.

182 3049 327 3088 cura
355 3034 599 3104 graviori
627 3033 984 3101 distenditur,
1017 3047 1255 3107 cumque
1275 3033 1356 3089 illi
1375 3040 1432 3089 et
1461 3050 1526 3090 ex
1545 3032 1651 3090 hoc
1662 3041 1788 3090 voto

1879 3057 2002 3110 CAP.
2015 3053 2262 3113 XXXVI.
2283 3089 2346 3098 —
2371 3057 2576 3127 Quibus
2595 3055 2818 3110 indiciis
2839 3047 3460 3120 cognosciiurararitia.

181 3125 265 3193 [et
295 3123 404 3178 hoc
428 3139 494 3178 ex
523 3121 672 3196 voto]
689 3125 936 3190 cesserit,
959 3121 1174 3179 avidior
1192 3121 1356 3178 famis
1371 3125 1637 3180 accrescit
1655 3139 1786 3179 ava-
1807 3094 1852 3156 δ

179 3211 348 3279 ι’ἱιὶω,
367 3217 638 3285 tantoque
657 3212 1039 3269 vehementior
1053 3214 1373 3279 suscitatur,
1390 3220 1600 3285 quanto
1612 3213 1782 3268 etiam

174 3317 410 3356 summa
437 3301 577 3357 lucri
599 3303 780 3374 major
802 3304 1119 3375 apponitur.
1148 3301 1334 3374 (0am)
1363 3304 1503 3359 Cum
1534 3301 1782 3376 pecuniae

171 3392 392 3445 etenim
422 3391 766 3448 incremento
797 3389 981 3448 rabies
1006 3391 1328 3464 cupiditatis
1355 3397 1612 3464 augetur,
1639 3395 1783 3449 sicut

169 3479 328 3534 enim
362 3480 703 3552 hydrOpicus
726 3487 938 3554 quanto
957 3483 1082 3553 plus
1111 3477 1268 3549 bibit,
1293 3486 1452 3537 tanto
1483 3483 1608 3554 plus
1638 3481 1775 3550 sitit,

167 3570 250 3625 ita
281 3583 490 3624 avarus
521 3577 730 3641 quanto
751 3569 930 3642 magis
953 3567 1140 3636 habet,
1172 3575 1332 3627 tanto
1363 3571 1544 3644 magis
1573 3572 1778 3627 habere

164 3658 480 3718 desiderat.
505 3657 754 3730 nihilque
769 3660 922 3715 aliud
933 3661 1589 3732 respicitcordisintuitu,
1611 3677 1777 3734 quam

165 3748 324 3802 unde
341 3748 641 3820 pecuniam
654 3763 850 3819 parare
867 3747 1065 3812 valeat,
1082 3751 1421 3822 procreatrix
1434 3765 1676 3822 namque
1695 3757 1780 3805 est

166 3837 434 3891 omnium
461 3835 738 3892 malorum
769 3837 1022 3906 avaritia,
1057 3853 1178 3910 quae
1209 3853 1474 3910 sequaces
1515 3854 1645 3895 suos
1683 3839 1778 3894 ubi

168 3941 306 3997 spes
337 3925 558 3980 nummi
578 3925 768 4000 aliqua
786 3927 1034 4000 potuerit
1052 3928 1347 4000 refulgere,
1380 3931 1592 3983 nullam
1610 3927 1777 3984 iidem

165 4013 442 4070 exhibere
473 4016 766 4087 permittit,
800 4031 898 4088 pro
922 4015 1025 4071 hoc
1046 4031 1157 4073 non
1187 4017 1484 4082 mendacii,
1513 4033 1624 4073 non
1650 4035 1778 4090 per-

160 4104 333 4178 jurii,
367 4119 482 4159 non
509 4105 643 4159 furti
671 4103 884 4161 facinus
914 4106 1306 4178 perhorrescit.
1326 4106 1525 4178 Fitquc
1542 4121 1643 4178 per
1664 4123 1778 4162 om-

169 4195 273 4248 nia
302 4197 370 4248 ut
393 4193 517 4247 aliis
545 4201 756 4260 venter,
779 4194 860 4250 ita
878 4213 1045 4250 avaro
1074 4209 1276 4251 aurum
1298 4203 1354 4250 et
1375 4213 1500 4268 spes
1522 4195 1660 4250 lucri
1681 4211 1781 4268 pro

169 4281 317 4338 Deo.
348 4279 508 4337 Unde
535 4281 732 4338 beatus
751 4281 1050 4357 Apostolus
1083 4304 1111 4336 α
1134 4285 1428 4340 avaritiam
1451 4283 1781 4341 simulacro-

171 4381 310 4425 rum
332 4371 662 4426 servitutem
681 4373 811 4441 (Col.
847 4383 922 4436 m,
957 4373 1010 4442 5)
1052 4391 1074 4425 ι
1108 4373 1511 4446 pronuntiavit,
1550 4391 1615 4429 eo
1635 4373 1780 4446 quod

175 4462 370 4534 ﬁgura
390 4459 493 4515 Dei
514 4465 571 4515 et
592 4461 834 4534 imagine
853 4461 1248 4538 praetermissa,
1272 4477 1439 4534 quam
1457 4461 1654 4518 devote
1673 4481 1787 4518 ser-

175 4547 342 4603 viens
373 4543 488 4603 Deo
515 4549 932 4606 immaculatam
965 4549 1025 4605 in
1053 4551 1353 4624 semetipso
1384 4549 1576 4607 debuit
1607 4557 1787 4606 custo-

176 4637 328 4703 dire,
362 4633 656 4692 hominum
688 4641 895 4710 figuras
925 4638 1226 4710 impressas
1256 4653 1393 4695 auro
1423 4640 1656 4711 diligere
1686 4655 1785 4711 pro

177 4725 306 4782 Deo
338 4725 539 4781 maluit
566 4727 622 4782 et
651 4727 814 4782 tueri.
842 4729 1084 4784 Cunctos
1104 4727 1277 4800 igitur
1297 4743 1438 4800 pene
1460 4743 1655 4784 omnes
1675 4730 1791 4800 agi-

177 4822 274 4870 tat
303 4813 560 4882 avaritia,
593 4815 808 4872 nullum
831 4818 898 4871 de
928 4816 1016 4871 his
1047 4815 1298 4888 quietum
1321 4831 1442 4872 esse
1471 4817 1784 4889 permittit:

181 4905 286 4978 qui
317 4903 458 4960 nihil
496 4903 708 4961 habent
721 4903 1026 4978 cupiditate
1047 4912 1401 4977 torquentur,
1435 4905 1514 4961 illi
1537 4905 1631 4979 qui
1651 4907 1791 4962 divi-

181 4991 299 5048 tias
347 4993 636 5070 possident
684 4993 1059 5050 sollicitudine
1099 4991 1442 5050 cruciantur.
1495 4993 1610 5051 Nec
1655 4996 1792 5068 ipsis

183 5081 342 5138 enim
372 5083 514 5138 bene
535 5091 639 5148 est,
673 5081 766 5156 qui
798 5084 1083 5139 recondito
1107 5097 1244 5139 auro
1267 5080 1554 5151 incubant,
1579 5086 1692 5140 imo
1714 5083 1794 5157 ip-

184 5172 269 5228 sis
301 5175 390 5228 est
414 5173 659 5244 gravius,
694 5187 918 5248 semper
937 5172 1083 5228 enim
1117 5179 1249 5230 sunt
1267 5172 1435 5238 anxii,
1459 5171 1663 5240 moesti,
1689 5174 1794 5228 sol-

185 5261 351 5326 liciti,
386 5279 457 5318 ne
488 5259 592 5316 hoc
625 5275 818 5319 servus
847 5261 1080 5327 auferat,
1116 5276 1186 5317 ne
1216 5262 1308 5318 fur
1337 5261 1582 5326 effodiat,
1628 5269 1797 5335 atque

185 5349 319 5404 ideo
352 5351 709 5406 retrudentes
739 5349 874 5406 illud
900 5349 1165 5418 tenebris,
1201 5353 1283 5406 ita
1321 5351 1686 5418 abscondunt,
1735 5358 1802 5408 ut

115 5497 126 5515 η
188 5436 448 5495 omnium
466 5437 839 5512 subterfugiat
855 5439 1162 5504 notionem,
1185 5441 1326 5496 nihil
1347 5457 1410 5496 ex
1431 5456 1495 5496 eo
1514 5441 1800 5514 proferen-

188 5535 280 5582 tes
315 5526 618 5601 aliquando
642 5529 713 5583 ad
740 5544 924 5596 usum,
949 5547 1020 5586 ne
1057 5531 1274 5602 apertio
1317 5525 1681 5586 tenebrarum
1725 5525 1804 5588 sit

193 5627 368 5671 causa
397 5613 687 5689 perdendi,
721 5625 943 5675 servant
965 5615 1310 5676 autemillud
1339 5625 1395 5675 et
1411 5631 1526 5678 non
1539 5624 1798 5689 utuntur,

1945 3164 2135 3235 (ϐαδε.)
2168 3164 2347 3229 Quem
2371 3165 2520 3220 enim
2541 3159 2775 3220 avaritia
2793 3155 3061 3234 possidet,
3086 3155 3266 3227 magis
3287 3151 3354 3208 ad
3379 3147 3462 3206 fo-

1867 3271 1994 3308 rum
2027 3270 2195 3326 quam
2217 3254 2290 3310 ad
2317 3254 2619 3310 Ecclesiam
2635 3248 2925 3325 properari
2942 3245 3162 3311 suadet,
3186 3243 3366 3316 magis
3381 3237 3462 3296 in-

1863 3342 2036 3398 tentis
2058 3343 2232 3397 oculis
2262 3342 2529 3416 perspicit
2556 3357 2758 3395 aurum
2789 3354 2958 3408 quam
3005 3333 3227 3400 coelum,
3281 3329 3460 3401 magis

1862 3447 2000 3484 auro
2027 3435 2207 3485 textas
2246 3435 2304 3484 et
2353 3430 2652 3484 olosericas
2697 3433 2877 3482 vestes
2923 3419 3241 3478 considerat
3287 3431 3458 3490 quam

1861 3521 2063 3575 animae
2092 3533 2206 3574 suae
2228 3517 2482 3583 virtutes,
2533 3515 2710 3586 magis
2757 3513 3052 3568 denarium
3095 3516 3251 3565 amat
3287 3521 3456 3579 quam

1859 3623 2184 3683 pauperem,
2219 3606 2400 3677 magis
2429 3606 2596 3676 hujus
2629 3604 2752 3658 vitae
2783 3603 3024 3660 lucrum,
3053 3610 3224 3672 quam
3253 3596 3456 3652 animis

1861 3713 1975 3752 suae
2010 3695 2340 3757 remedium,
2377 3695 2556 3764 magis
2585 3705 2787 3747 aurum
2806 3705 2976 3762 quam
2996 3691 3174 3744 Deum
3204 3701 3215 3740 :
3244 3683 3456 3740 nullam

1860 3787 2011 3842 enim
2033 3783 2428 3849 humilitatem,
2447 3783 2660 3838 nullam
2679 3779 3076 3844 obedientiam,
3097 3777 3312 3832 nullam
3330 3775 3458 3828 cha-

1859 3873 2104 3938 ritatem,
2131 3871 2342 3928 nullam
2370 3871 2761 3935 reverentiam,
2782 3869 2994 3924 nullam
3013 3849 3279 3922 virtutem
3309 3863 3460 3919 exhis

1860 3964 1972 4030 bet,
2015 3963 2111 4018 sed
2141 3961 2469 4033 indignatur
2488 3960 2558 4015 ad
2589 3960 2795 4024 omnia,
2825 3964 2883 4012 et
2909 3957 2981 4012 ad
3021 3955 3242 4027 singula
3288 3965 3460 4026 apere

1861 4059 2179 4108 murmurat
2207 4055 2375 4123 atque
2393 4050 2654 4123 suspimt,
2682 4054 2740 4104 et
2756 4045 2910 4103 velut
2928 4057 3106 4119 equus
3129 4045 3459 4101 durissimus

1863 4145 1933 4200 ad
1961 4141 2329 4216 praecipitium
2358 4141 2538 4198 fertur
2560 4141 2812 4197 infrenis.

1865 4272 1996 4326 CAP.
2019 4270 2293 4326 XXXVII.
2325 4299 2368 4309 -
2394 4271 2702 4336 Increpatio
2720 4263 2979 4322 adversus
2991 4281 3217 4326 avaros;
3246 4263 3462 4318 diversa

2327 4373 2490 4426 super
2529 4358 2628 4411 hoc
2666 4358 2998 4412 testimonia.

1939 4464 1986 4520 Ο
2018 4462 2270 4534 quisquis
2296 4479 2375 4528 es,
2407 4478 2571 4517 avare
2597 4469 2657 4517 et
2674 4461 2892 4533 cupide,
2926 4461 3057 4516 audi
3086 4460 3384 4516 Dominum
3406 4459 3463 4514 in

1869 4553 2166 4623 Evangelia
2195 4568 2296 4607 suo
2321 4551 2602 4606 dicentem
2626 4569 2638 4604 :
2669 4569 2696 4602 α
2716 4552 2918 4606 Cavete
2947 4550 3017 4604 ab
3043 4551 3196 4605 omni
3229 4549 3463 4605 aVaritia

1865 4643 2017 4712 (Luc.
2074 4655 2170 4704 xn,
2240 4639 2322 4708 15)
2348 4677 2362 4706 ,
2413 4655 2440 4693 ι
2502 4647 2559 4694 et
2605 4640 2934 4711 Apostolum
2979 4640 3462 4695 comminantem:

1875 4747 1900 4783 α
1933 4730 2128 4800 Neque
2159 4729 2331 4793 avari,
2359 4745 2542 4800 neque
2568 4745 2817 4800 rapaces,
2837 4746 3071 4799 regnum
3092 4730 3193 4784 Dei
3218 4729 3469 4801 posside-

1871 4819 2014 4874 bunt
2039 4820 2084 4889 (1
2113 4819 2234 4874 Cor.
2271 4833 2342 4884 v1,
2376 4819 2486 4888 10).
2515 4839 2536 4870 ι
2584 4819 2730 4874 Audi
2772 4825 2830 4873 et
2875 4819 3232 4874 Salomonem
3277 4818 3468 4874 dicen-

1873 4914 2020 4962 tem:
2059 4927 2083 4958 ι
2118 4909 2383 4964 Fructum
2407 4925 2520 4963 non
2551 4908 2736 4980 capiet
2763 4924 2830 4962 ex
2861 4908 2942 4962 eis
2986 4909 3167 4974 (Ecclz’.
3217 4925 3268 4970 v,
3314 4905 3403 4976 9);
3440 4925 3466 4960 »

1874 4995 2010 5051 item
2035 5015 2047 5052 :
2078 5017 2100 5049 ι
2135 4999 2316 5053 Avaro
2345 4998 2484 5054 nihil
2512 5004 2597 5053 est
2627 4996 2916 5051 scelestius
2947 4998 3132 5064 (Ecclz'.
3163 5013 3219 5062 Χ,
3251 4995 3332 5067 9);
3360 5015 3381 5047 ι
3415 5000 3472 5050 et

1873 5085 2011 5140 item
2036 5086 2151 5142 alio
2181 5085 2241 5140 in
2269 5087 2390 5143 loco
2411 5086 2547 5141 dicit
2569 5085 2884 5156 Scriptura:
2916 5100 2941 5137 α
2975 5086 3191 5140 Avarus
3219 5084 3471 5156 pecuniis

1876 5189 1986 5230 non
2018 5174 2345 5247 implebitur
2377 5177 2564 5244 (Eccli.
2597 5189 2650 5241 v,
2685 5171 2760 5243 9).
2789 5193 2813 5225 »
2846 5173 3206 5241 Pertimesce,
3233 5189 3467 5238 cavare,

1879 5264 1981 5318 has
2009 5263 2328 5318 divinarum
2350 5264 2766 5336 Scripturarum
2791 5261 3122 5330 sententias,
3156 5268 3214 5316 et
3255 5263 3370 5318 noli
3415 5263 3474 5318 in

1879 5369 2009 5406 arca
2060 5351 2298 5407 cubiculi
2350 5352 2558 5407 terreni
2595 5358 2724 5407 tuas
2773 5368 3044 5424 reponere
3093 5351 3335 5416 divitias,
3377 5353 3475 5407 sed

1881 5457 1976 5496 eas
1992 5437 2177 5514 potius
2199 5457 2299 5514 per
2319 5457 2518 5496 manus
2534 5453 2847 5514 pauperum
2866 5437 3268 5512 orphanorum,
3289 5439 3478 5496 vidua-

1880 5547 2140 5602 rumque,
2168 5527 2227 5586 in
2251 5529 2568 5586 coelestibus
2587 5531 2908 5584 transmitte
2925 5527 3225 5584 thesauris.
3255 5529 3420 5595 Audi,
3445 5548 3478 5584 ο

1883 5633 2068 5689 avare,
2091 5633 2124 5677 ο
2137 5617 2355 5694 cupide,
2381 5617 2618 5676 Paulum
2633 5619 2912 5676 dicentem
2931 5620 3274 5692 apostolum:
3297 5637 3322 5671 ι(
3341 5619 3482 5674 Ava-
