3982 6158
511 281 646 339 1367
1108 280 1169 334 Β.
1213 280 1482 336 RABANI
1523 281 1753 338 MAURI
1792 277 2110 338 ARCHIEP

2196 281 2494 338 VIOGUNT.
2537 281 2834 339 OPERUM
2871 282 3054 337 PARS
3093 283 3186 338 III.
3603 284 3712 341 l368

508 409 643 468 ritia
669 423 773 464 nec
797 406 1122 464 nominetur
1145 407 1203 461 in
1233 403 1387 460 vobis
1413 406 1620 476 (Ephes.
1667 423 1720 472 γ,
1752 407 1824 474 3).
1859 427 1885 462 n
1917 409 2060 464 Item
2085 427 2097 462 :
2121 410 2169 469 A
2187 410 2340 480 gina,
2366 415 2660 480 materque
2687 409 2938 464 omnium
2966 407 3245 474 vitiorum,
3268 415 3469 481 septem
3488 417 3604 466 sunt
3618 414 3714 482 ejus

513 517 537 549 ι
570 496 842 563 Avaritia,
864 511 990 568 quae
1009 500 1096 550 est
1121 494 1551 550 simulacrorum
1581 495 1820 551 servitus
1859 497 1992 561 (Col.
2025 513 2099 563 In,
2186 498 2422 564 soboles,
2457 498 2704 570 quinque
2729 497 3001 559 videlicet,
3042 497 3344 569 spiritales,
3375 498 3426 552 id
3459 506 3535 554 est
3573 500 3720 554 inanis

506 588 584 657 5).
611 605 638 639 ››
665 585 848 651 Quam
873 585 949 639 sit
969 585 1086 640 haec
1107 583 1291 640 rabies
1311 585 1557 640 humano
1577 586 1772 656 generi
1795 586 2104 641 noxiaaudi
2183 588 2382 660 gloria,
2411 588 2639 653 invidia,
2666 588 2772 654 ira,
2795 587 3046 653 tristitia,
3066 587 3315 654 avaritia,
3337 587 3540 659 duoque
3565 605 3719 644 cama-

507 675 692 730 adhuc
720 675 908 747 ipsum
935 674 1214 729 dicentem
1245 675 1596 745 apostolum:
1634 673 1785 738 «Qui
1809 675 2005 730 volunt
2022 674 2105 730 di-
2185 676 2286 743 les,
2317 676 2526 732 ventris
2543 676 2816 748 ingluvies
2847 676 3058 731 scilicet
3076 682 3242 747 atque
3275 677 3501 743 luxuria,
3521 686 3634 732 sunt
3646 695 3722 733 au-

505 765 646 819 vites
672 764 812 830 ﬁeri,
837 763 1094 818 incidunt
1120 763 1180 819 in
1223 763 1598 819 tentationem
1641 769 1700 818 et
1738 763 1797 818 in
1838 765 2104 835 laqueum

505 853 713 909 diaboli
735 859 794 909 et
821 853 1102 908 desideria
1126 854 1306 908 multa
1332 859 1389 908 et
1417 854 1628 920 nociva,
1669 871 1792 924 quae
1841 859 2106 924 mergunt

505 943 764 998 homines
783 943 842 997 in
854 943 1145 997 interitum
1165 948 1224 997 et
1244 943 1617 1014 perditionem
1634 944 1684 1010 (Ι
1703 944 1842 997 Tim.
1869 959 1944 1009 Vl,
1971 941 2046 1013 9).
2077 962 2100 994 ι

504 1033 653 1088 Audi
679 1037 738 1088 et
753 1031 1020 1087 Iacobum
1045 1033 1380 1103 apostolum,
1403 1033 1526 1102 ejus
1544 1031 1712 1086 noxia
1729 1032 1962 1086 vulnera
1980 1049 2109 1104 ape-

507 1121 778 1176 rientem:
816 1139 844 1173 ¢
873 1121 1038 1192 Agite
1059 1138 1226 1185 nunc,
1253 1121 1470 1186 divites,
1501 1121 1717 1192 plorate
1739 1121 2020 1175 ululantes
2048 1121 2106 1176 in

505 1209 747 1265 miseriis
768 1226 892 1282 quae
911 1209 1240 1265 advenerint
1261 1209 1411 1265 vobis
1435 1227 1446 1263 :
1471 1209 1678 1264 divitiae
1695 1215 1891 1264 vestrae
1919 1215 2109 1281 putre-

508 1299 668 1354 factm
694 1304 847 1366 sunt,
877 1299 1214 1354 vestimenta
1227 1304 1414 1354 vestra
1438 1315 1471 1352 a
1497 1297 1665 1352 tineis
1683 1304 1934 1353 comesta
1951 1305 2103 1364 sunt,

508 1404 711 1444 aurum
737 1394 795 1443 et
825 1393 1124 1459 argentum
1152 1393 1402 1442 vestrum
1438 1387 1786 1458 zeruginavit,
1817 1392 1874 1441 et
1917 1404 2106 1458 aerugo

509 1493 705 1533 eorum
732 1477 792 1532 in
838 1476 1229 1532 testimonium
1277 1475 1432 1531 vobis
1477 1476 1603 1542 erit,
1645 1481 1702 1530 et
1746 1476 2108 1531 manducabit

508 1582 707 1621 carnes
743 1571 956 1620 vestras
986 1565 1146 1637 quasi
1177 1565 1324 1635 ignis
1355 1567 1489 1633 (Jac.
1523 1581 1575 1630 v,
1616 1563 1685 1633 1).
1721 1583 1746 1615 ››
1783 1564 1883 1618 His
1935 1565 2108 1618 sacris
2190 1567 2332 1622 nalis
2363 1567 2613 1635 exitium,
2650 1572 2708 1622 et
2735 1568 2793 1622 in
2816 1569 2896 1622 eis
2926 1566 3281 1638 originaliter
3296 1571 3471 1620 totum
3497 1565 3726 1619 damnavit

509 1655 843 1726 perterritus
863 1654 1176 1720 sententiis,
1195 1669 1344 1719 cave,
1369 1670 1402 1708 ο
1420 1653 1595 1708 miser
1607 1669 1792 1720 avare,
1817 1670 1886 1707 ne
1905 1670 2107 1708 aurum
2187 1673 2366 1727 genus
2391 1657 2730 1722 humanum;
2768 1655 3112 1728 prohibitum
3146 1655 3424 1726 siquidem
3465 1672 3497 1708 a
3538 1653 3727 1709 Domino

506 1743 754 1800 retineas
779 1742 838 1798 in
867 1759 1016 1810 arca,
1049 1749 1107 1797 et
1128 1748 1417 1814 peccatum
1463 1743 1521 1797 in
1564 1742 1772 1809 anima,
1809 1759 1879 1796 ne
1927 1729 2372 1800 i'estestuerat
2394 1747 2543 1816 quod
2563 1747 2633 1800 de
2661 1746 2814 1817 ligno
2842 1746 3086 1800 scientia:
3115 1744 3251 1798 boni
3277 1749 3335 1797 et
3349 1743 3476 1798 mali
3503 1760 3564 1797 ne
3583 1759 3726 1797 come-

509 1833 570 1888 in
593 1848 834 1899 carnera,
867 1838 926 1887 et
952 1833 1132 1887 scelus
1181 1831 1240 1886 in
1286 1831 1645 1898 conscientia,
1694 1847 1764 1886 ne
1812 1831 2002 1902 fruges
2050 1837 2107 1886 et
2187 1835 2404 1902 derent,
2436 1835 2534 1889 sed
2551 1835 2696 1905 gulae
2713 1835 2846 1889 vitio
2865 1835 3083 1906 decepti
3097 1833 3480 1896 comederunt,
3504 1833 3600 1886 nisi
3615 1832 3730 1886 enim

508 1919 759 1976 subsidia
777 1921 837 1976 in
865 1921 1109 1987 cellaria,
1133 1926 1192 1975 et
1210 1920 1474 1975 miseram
1503 1937 1752 1974 reserves
1779 1921 2027 1974 animam
2046 1921 2106 1976 in
2187 1923 2578 1990 comedissent,
2609 1929 2882 1995 perpetuo
2895 1923 3246 1978 immortales
3261 1922 3522 1988 essent,si
3541 1919 3626 1974 sub
3642 1921 3730 1976 Deo

507 2009 727 2066 inferno
756 2027 884 2065 cum
911 2009 1134 2066 diabolo
1153 2010 1276 2064 sine
1305 2011 1416 2064 ﬁne
1445 2009 1842 2064 miserabiliter
1859 2010 2107 2064 crucian-
2188 2028 2290 2067 suo
2319 2013 2584 2078 viventes,
2617 2019 2957 2084 praeceptum
2979 2011 3128 2083 quod
3159 2017 3493 2082 acceperunt
3516 2007 3734 2064 custodis-

509 2099 660 2154 dam.
683 2099 768 2154 Da
789 2099 1150 2172 pauperibus,
1179 2117 1212 2153 o
1244 2116 1428 2166 avare,
1461 2099 1611 2170 quod
1636 2098 1808 2152 habes
1836 2099 1895 2153 in
1932 2105 2103 2165 terra,
2188 2107 2330 2167 seut,
2374 2118 2476 2155 nec
2501 2101 2896 2156 desererentur
2924 2118 2960 2155 a
2987 2101 3102 2157 Deo
3127 2100 3240 2156 nisi
3271 2101 3450 2154 Deum
3479 2099 3614 2170 prius
3652 2097 3732 2168 ipsi

510 2195 574 2244 ut
599 2189 856 2244 invenias
872 2195 1218 2244 reservatum
1238 2189 1296 2242 in
1322 2189 1460 2242 caelo
1491 2188 1561 2242 ab
1591 2187 1825 2258 angelis,
1841 2188 1990 2259 quod
2007 2205 2108 2259 pro
2189 2190 2529 2257 desererent,
2563 2196 2620 2244 et
2646 2190 2852 2244 idcirco
2892 2190 2952 2244 in
3007 2191 3152 2244 hanc
3201 2205 3564 2244 aerumnosam
3602 2187 3736 2256 hujus

509 2277 718 2332 Christi
745 2293 939 2332 amore
966 2276 1301 2332 distribuisti
1346 2275 1685 2348 pauperibus
1737 2276 1796 2331 in
1846 2281 2018 2342 terra,
2060 2277 2106 2332 si

511 2366 665 2428 enim
691 2366 752 2421 in
781 2366 886 2421 hac
914 2366 1031 2421 vita
1058 2365 1398 2439 pauperibus
1425 2372 1582 2421 tuam
1611 2382 1724 2420 non
1755 2365 2108 2420 distribueris

510 2454 905 2520 substantiam,
936 2460 1066 2528 post
1089 2461 1328 2510 mortem
1356 2461 1546 2510 autem
1575 2455 1719 2509 scias
1748 2460 1805 2508 te
1832 2471 1959 2509 cum
1981 2471 2110 2526 pur-

511 2549 713 2616 purato
739 2544 910 2600 divite
941 2550 998 2600 et
1024 2561 1191 2599 avaro
1219 2544 1341 2598 sine
1370 2543 1754 2598 misericordia
1791 2543 1851 2597 in
1893 2543 2110 2598 inferno

513 2633 899 2688 cruciandum.
917 2652 943 2685 «
962 2633 1116 2688 Nihil
1129 2633 1279 2688 enim
1299 2633 1529 2704 prodest
1547 2632 1594 2686 si
1608 2632 1932 2687 universum
1951 2649 2113 2687 mun-

2185 771 2300 820 tem
2321 767 2490 820 simul
2512 771 2656 832 octo,
2677 765 3010 838 principalia
3027 765 3178 830 vitia,
3197 767 3317 836 jam
3337 766 3404 820 de
3423 765 3637 837 quinque
3655 768 3720 821 vi-

2185 855 2282 909 tiis
2309 872 2438 910 cum
2465 861 2645 909 matre
2674 860 2831 909 sexta
2857 854 3070 926 pariter
3104 871 3275 926 supra
3300 853 3616 927 disputatum
3636 863 3717 920 est,

2187 943 2258 998 ab
2284 944 2414 998 hinc
2441 945 2511 998 de
2533 944 2930 1014 gastrimargia
2958 948 3016 998 et
3065 943 3286 998 luxuria
3328 949 3391 998 ut
3429 945 3719 999 octonarium

2189 1034 2448 1104 expleant
2471 1049 2792 1098 numerum,
2819 1033 3276 1104 pertractandum
3306 1037 3405 1086 est.
3435 1033 3630 1087 Ventris
3648 1051 3722 1088 au-

2188 1129 2304 1176 tem
2333 1123 2626 1193 ingluvies,
2661 1139 2782 1194 quae
2811 1127 2870 1176 et
2897 1121 3344 1193 concupiscentia
3385 1121 3518 1192 gulae
3539 1122 3718 1187 dicitur,

2189 1211 2284 1266 ubi
2316 1212 2401 1265 vel
2432 1212 2676 1282 quando,
2709 1211 3066 1282 qualiterque
3085 1211 3327 1282 sumpsit
3370 1210 3616 1281 originem
3637 1211 3725 1282 ple-

2189 1301 2316 1355 nius
2333 1301 2572 1372 Prosper
2589 1301 2838 1354 insinuat
2857 1300 3047 1354 dicens
3073 1319 3085 1354 :
3116 1299 3416 1354 Videamus
3437 1299 3646 1370 qualiter
3663 1299 3723 1352 illi

2188 1389 2442 1444 homines
2470 1390 2638 1462 primi
2666 1389 3054 1444 commiserint
3078 1394 3198 1442 tam
3239 1387 3449 1458 grande
3488 1394 3722 1459 peccatum

2190 1479 2338 1550 quod
2369 1483 2427 1533 et
2453 1478 2604 1550 ipsos
2632 1478 2702 1532 de
2721 1478 2982 1550 paradiso
3011 1477 3268 1550 projecit,
3301 1477 3358 1531 in
3385 1477 3483 1531 hoc
3505 1477 3613 1530 vitae
3635 1493 3724 1547 poe-

2189 2279 2316 2334 vitae
2336 2279 2621 2333 miseriam
2661 2279 2806 2350 gula;
2833 2278 3036 2334 delicto
3055 2285 3230 2351 atque
3262 2278 3430 2333 morti
3451 2276 3621 2331 traditi
3634 2281 3736 2328 sunt

2189 2367 2412 2438 dejecti.
2447 2367 2544 2421 ubi
2565 2367 2748 2422 omnis
2771 2368 2940 2422 homo
2958 2384 3060 2439 per
3081 2373 3378 2439 peccatum
3400 2365 3641 2424 nascitur.
3659 2379 3734 2434 per

2191 2455 2438 2510 laborem
2465 2457 2615 2524 vivit,
2641 2473 2742 2528 per
2769 2457 3020 2511 dolorem
3051 2457 3316 2512 moritur.

2193 2609 2323 2662 CAP.
2347 2608 2461 2662 XL.
2481 2639 2545 2648 —
2564 2610 2813 2676 Qualiter
2842 2611 3049 2663 ventris
3081 2611 3361 2677 ingluvies
3391 2613 3538 2665 verat
3566 2623 3621 2659 ar
3642 2621 3738 2675 pro-

514 2721 652 2776 dum
680 2721 1002 2788 lucraveris,
1027 2723 1105 2776 sic
1131 2723 1403 2778 Dominus
1423 2721 1521 2789 ait,
1545 2727 1602 2776 et
1629 2727 1756 2793 post
1769 2721 2113 2776 mortemde-
2665 2701 2856 2766 Ρυίδαί
2884 2702 3157 2752 amator”
3187 2714 3337 2751 "‘0"

514 2809 846 2865 trimentum
876 2811 1078 2866 animae
1114 2816 1226 2866 tuae
1267 2811 1499 2883 patiaris
1529 2812 1736 2876 (Matth.
1778 2827 1886 2876 xvi,
1928 2809 2038 2879 26).
2085 2829 2109 2862 ι
2271 2813 2460 2882 (σιω.)
2489 2810 2689 2866 Tribus
2707 2812 2858 2866 enim
2872 2813 3074 2879 modis,
3095 2813 3315 2867 ventris
3336 2812 3595 2883 ingluvies
3615 2824 3742 2863 suum

516 2897 744 2954 Cavene
763 2899 1024 2971 cuiquam
1039 2901 1307 2955 molestus
1327 2900 1550 2964 existas,
1567 2899 2113 2970 neinjustealiquem
2196 2918 2363 2973 quem
2393 2901 2640 2972 possidet
2667 2901 2956 2956 hominem
2974 2909 3159 2956 vexat:
3201 2903 3394 2974 primo
3421 2907 3482 2956 ut
3524 2906 3640 2955 ante
3667 2897 3744 2951 ho-

517 2987 821 3059 opprimas,
853 3004 924 3043 ne
971 2988 1312 3060 potentibus,
1362 2995 1462 3044 aut
1504 2987 1864 3060 pauperibus,
1915 3005 1987 3042 ne
2031 2988 2174 3062 vi-n
2194 3007 2318 3045 ram
2347 2991 2673 3044 canonicam
2703 2997 2760 3045 et
2786 2996 3058 3046 statutam
3085 2991 3234 3062 gulae
3286 3008 3455 3046 causa
3499 2990 3634 3044 cibos
3669 3003 3745 3058 po-

854 3039 919 3043 m
971 3039 999 3060 ι
1017 3039 1311 3056 ν-τ--ηηη
1363 3039 1459 3044 mn
1505 3039 1639 3060 ττ--ι
1664 3039 1704 3042 --
1722 3039 1737 3042 ν
1756 3039 1767 3041 -
1787 3039 1864 3055 νη
2047 3039 2083 3041 κ-
2195 3039 2318 3045 -τ-
2351 3039 2673 3044 η--ν---τπψ
2707 3039 2759 3045 τ-
2786 3039 3058 3046 ----π----
3085 3039 3231 3062 ο--η
3290 3039 3454 3046 -π-τ-
3502 3039 3630 3044 mw
3672 3039 3682 3058 .

515 3075 654 3131 cinis
670 3081 770 3131 aut
787 3076 1083 3142 extraneis,
1107 3093 1178 3131 ne
1198 3077 1380 3131 viduis
1393 3082 1493 3132 aut
1511 3077 1756 3148 pupillis,
1776 3093 1881 3131 sua
1906 3077 2112 3148 injuste
2132 3039 2176 3099 ϐ
2193 3086 2428 3152 tumque
2446 3080 2735 3150 degustet;
2759 3080 3004 3135 secundo
3017 3081 3164 3152 quod
3182 3081 3570 3135 tantummodo
3580 3075 3746 3131 ventris

517 3163 827 3232 abstrabas,
859 3181 1020 3220 voces
1049 3165 1200 3220 enim
1219 3182 1415 3220 eorum
1443 3170 1501 3220 et
1519 3166 1780 3236 lacryma:
1801 3165 1872 3220 ad
1891 3166 2112 3236 justum
2195 3169 2439 3239 ingluvie
2459 3175 2514 3223 et
2543 3169 2840 3224 saturitate
2862 3169 3247 3241 quarumlibet
3266 3170 3478 3241 gaudet
3499 3183 3744 3223 escarum:

517 3259 576 3308 et
603 3253 920 3309 districtum
938 3254 1185 3326 judicem
1215 3255 1398 3310 Deum
1426 3253 1754 3310 ascendunt.
2196 3257 2364 3312 tertio
2394 3258 2540 3329 quod
2561 3257 3002 3312 accuratioribus
3025 3265 3083 3312 et
3098 3258 3525 3330 pretiosioribus
3535 3256 3656 3311 cibis
3672 3254 3746 3306 de-

522 3360 1356 3418 CAP.XXXVIII.—Remedium
1369 3367 1565 3418 contra
1578 3364 1832 3416 morbum
1841 3366 2112 3418 avaritia.

591 3468 790 3536 (θοις.)
811 3469 941 3524 Haec
964 3475 1052 3524 est
1069 3469 1218 3524 enim
1243 3468 1522 3523 medicina
1547 3473 1604 3522 et
1615 3469 1830 3523 curatio
1850 3469 2112 3540 perfecta,

525 3556 696 3628 hujus
719 3557 996 3628 pestiferae
1010 3558 1206 3624 cladis,
1235 3557 1282 3612 si
1301 3573 1472 3629 super
1490 3557 1681 3612 omnia
1697 3559 2117 3613 considerantes

523 3645 902 3702 conditionem
921 3647 1244 3718 fragilitatis
1270 3647 1551 3713 humanae,
1576 3663 1890 3714 caveamus,
1906 3664 1977 3702 ne
1998 3648 2118 3703 dies

523 3734 768 3800 Domini,
800 3735 949 3791 sicut
975 3736 1066 3790 fur
1101 3735 1158 3790 in
1195 3740 1357 3790 nocte
1381 3735 1798 3806 superveniens,
1823 3735 2120 3790 audiamus

492 3887 498 3904 ρ
523 3822 665 3879 illud
693 3815 852 3896 quod
871 3824 931 3880 in
955 3824 1256 3895 Evangelia
1283 3824 1441 3879 diviti
1465 3825 1675 3879 dictum
1703 3830 1818 3879 est:
1857 3845 1880 3876 ι
1915 3825 2116 3892 Stulte,

527 3911 634 3967 hac
661 3918 824 3968 nocte
853 3913 1102 3968 animam
1128 3919 1288 3968 tuam
1317 3919 1577 3985 expetent
1599 3930 1634 3968 a
1661 3919 1746 3982 te;
1778 3930 1902 3985 quae
1929 3920 2121 3969 autem

525 4002 757 4072 parasti,
785 4003 946 4073 cujus
968 4003 1178 4058 erunt?
1218 4021 1246 4056 ι
1283 4004 1429 4072 (Luc.
1461 4020 1554 4069 xu,
1586 4002 1701 4071 20.)
1733 4003 1841 4068 Qui
1871 4003 2020 4058 enim
2049 4003 2120 4058 ab

527 4090 633 4144 hoc
659 4091 795 4145 vitio
823 4091 1010 4145 sanari
1023 4091 1324 4157 desiderat,
1345 4091 1466 4146 sine
1481 4092 1789 4146 cessatione
1805 4093 1956 4146 diem
1975 4109 2122 4146 mor-

529 4178 602 4234 tis
623 4185 756 4234 ante
776 4180 966 4235 oculos
994 4181 1335 4252 praecogitet,
1359 4186 1417 4234 et
1429 4180 1580 4252 quod
1607 4187 1733 4252 post
1757 4181 2042 4235 hominem
2062 4182 2121 4236 in

526 4269 782 4341 sepulcro
805 4269 1027 4334 vermis,
1060 4275 1119 4323 et
1140 4276 1266 4340 post
1293 4286 1538 4324 vermem
1569 4270 1748 4340 pulvis
1776 4269 1999 4324 futurus
2027 4271 2118 4337 sit,

525 4363 742 4429 penset,
775 4363 833 4413 et
852 4357 948 4412 ubi
963 4364 1098 4413 tunc
1113 4364 1280 4413 erunt
1291 4360 1412 4429 ejus
1431 4359 1638 4412 divitiae
1657 4364 1984 4430 pertractet,
2005 4359 2124 4414 haec
2138 4360 2186 4418 D

529 4453 586 4501 et
611 4447 700 4502 his
724 4448 934 4503 similia
961 4447 1356 4519 pertractando
1387 4447 1462 4502 sit
1492 4447 1862 4519 eleemosynis
1907 4447 2118 4518 largus,

527 4537 781 4600 oratione
801 4543 1186 4609 compunctus,
1209 4537 1411 4591 timore
1426 4537 1652 4591 Domini
1671 4521 1924 4601 ornatus,
1949 4537 2122 4609 poeni-

526 4625 708 4686 tentia
721 4625 957 4692 fervens,
983 4626 1257 4682 charitate
1276 4625 1497 4680 ardens.
1514 4627 1798 4680 Hactenus
1811 4626 2001 4680 divina
2009 4627 2126 4698 opi-

525 4713 744 4768 tnlante
752 4713 938 4785 gratia
947 4714 1016 4768 de
1028 4715 1274 4787 quinque
1284 4714 1666 4786 spiritualibus
1676 4715 1842 4781 vitiis,
1850 4721 1912 4769 ut
1923 4716 2128 4786 exigui-

527 4809 618 4858 tas
637 4807 831 4858 nostra
848 4803 1050 4874 potuit,
1075 4821 1140 4858 ex
1156 4803 1593 4858 orthodoxorum
1605 4809 1830 4876 patrum
1843 4805 2124 4876 opusculis

527 4891 852 4948 succinctim
874 4892 1009 4960 huic
1033 4893 1343 4964 exceptioni
1364 4898 1575 4948 aeterna
1604 4893 1843 4948 inseruit
1863 4893 2122 4948 testimo-

526 4982 643 5050 nia,
672 4995 822 5037 nunc
849 4998 1072 5054 quoque
1099 4988 1293 5048 restat,
1319 4988 1383 5036 ut
1417 4981 1488 5035 de
1515 4981 1732 5037 duobus
1780 4981 2116 5050 carnalibus,

524 5071 662 5142 gula
686 5071 947 5126 videlicet
975 5077 1144 5142 atque
1173 5071 1395 5126 luxuria
1418 5087 1485 5126 eo
1517 5070 1781 5137 donante,
1816 5071 1911 5142 qui
1943 5071 2118 5126 absti-

525 5164 726 5215 nentes
753 5165 1050 5232 castasque
1076 5160 1261 5232 diligit
1287 5165 1523 5226 mentes,
1559 5159 1839 5232 carpendo
1867 5166 1932 5214 ut
1956 5160 2121 5232 caepi-

523 5264 670 5316 mus,
701 5254 1126 5320 pertractemus.

524 5373 656 5428 CAP.
689 5374 1008 5431 ΧΧΧῙΧ.-
1027 5377 1102 5431 De
1131 5381 1341 5430 natura
1370 5381 1418 5430 et
1447 5377 1664 5445 origine
1688 5377 2114 5444 gastrimargiz,

773 5479 891 5532 qua
916 5467 1320 5533 interpretatur
1347 5467 1556 5519 ventris
1576 5467 1867 5534 ingluvies.

591 5567 836 5639 Excepta
851 5568 1132 5640 superbia,
1163 5586 1288 5641 qua
1311 5577 1400 5626 est
1417 5571 1744 5644 principalis
1763 5571 1929 5629 ruina
1956 5575 2016 5625 et
2031 5586 2117 5625 re-

2197 3347 2456 3414 lectatur,
2481 3347 2628 3418 quod
2647 3363 2752 3401 nec
2770 3347 3020 3418 corporis
3043 3347 3130 3402 sui
3160 3349 3489 3414 necessitas,
3542 3363 3631 3402 nec
3662 3360 3748 3397 sua:

2184 3437 2440 3509 qualitas
2467 3453 2720 3507 personae
2756 3437 3043 3506 congruit:
3081 3443 3217 3490 sunt
3245 3438 3420 3502 enim,
3462 3442 3523 3490 ut
3547 3434 3748 3490 Isidorus

2199 3525 2306 3593 ait,
2337 3531 2580 3597 quatuor
2601 3542 2814 3596 genera
2832 3525 3249 3580 districtionum
3279 3527 3340 3580 in
3361 3526 3506 3596 gulae
3525 3522 3749 3596 appetitu.

2198 3615 2257 3670 id
2277 3621 2380 3678 est,
2417 3614 2571 3686 quid,
2606 3615 2851 3685 quando,
2883 3619 3156 3685 quantum
3183 3622 3244 3669 et
3271 3614 3547 3686 quomodo
3574 3617 3754 3684 appeta-

2198 3709 2311 3757 tur.
2347 3703 2492 3768 Quid
2529 3703 2600 3758 ad
2645 3719 2766 3756 rem
2809 3703 2989 3774 ipsam
3037 3703 3285 3775 pertinet
3335 3720 3458 3775 quae
3497 3700 3752 3774 appetitur,

2205 3791 2448 3864 quando,
2475 3792 2522 3846 si
2555 3791 3015 3862 antelegitimum
3042 3797 3270 3864 tempus
3309 3792 3446 3864 quid
3487 3793 3752 3863 appetatur.

2204 3882 2488 3946 Quantum
2526 3897 2657 3935 vero
2685 3881 2756 3935 ad
2785 3881 3314 3936 immoderationem
3365 3881 3612 3945 refertur,
3649 3892 3756 3950 quo-

2203 3971 2369 4026 modo
2380 3971 2451 4024 ad
2462 3970 2874 4042 impatientiam
2886 3970 3266 4025 festinationis
3286 3971 3571 4042 accipitur.
3588 3965 3758 4023 Gastri-

2203 4059 2420 4130 margia
2440 4059 2610 4124 enim,
2630 4059 2686 4113 id
2701 4065 2805 4126 est,
2828 4059 3040 4114 ventris
3058 4060 3358 4130 ingluvies,
3372 4075 3538 4131 quem
3555 4055 3759 4130 possidet

2201 4145 2482 4216 patienter
2502 4144 2682 4199 vivere
2704 4161 2816 4198 non
2845 4144 3139 4216 permittit.
3165 4145 3314 4198 Nam
3339 4145 3496 4198 illum
3516 4139 3759 4197 nocturnis

2204 4234 2358 4288 horis
2385 4233 2709 4304 frequenter
2737 4234 2806 4287 de
2838 4250 2940 4288 suo
2969 4233 3105 4287 facit
3146 4249 3381 4303 surgere
3431 4233 3587 4294 lecto,
3625 4239 3675 4283 et
3713 4235 3758 4281 ut

2204 4323 2462 4378 celeriter
2484 4323 2555 4376 ad
2580 4339 2859 4378 secessum
2887 4323 3130 4387 festinet,
3161 4322 3426 4376 certatim
3449 4338 3570 4377 cum
3589 4332 3759 4388 magno

2205 4411 2419 4484 impetu
2447 4418 2629 4482 urget.
2661 4413 2930 4480 (Ητένοη.)
2963 4411 3213 4481 Digestio
3243 4411 3456 4466 ventris
3475 4415 3528 4464 et
3551 4404 3758 4479 gutturis

2202 4517 2315 4554 uno
2347 4507 2652 4572 occupatur
2669 4499 2869 4554 ofﬁcio.
2885 4500 3087 4555 Nimiae
3107 4499 3259 4554 enim
3282 4517 3350 4555 eo
3371 4507 3613 4571 tempore
3629 4496 3758 4550 illum

2204 4590 2556 4644 circumdant
2572 4589 2870 4644 luxuriose
2892 4589 3280 4660 cogitationes,
3313 4589 3448 4660 quia
3473 4587 3562 4642 ubi
3593 4582 3760 4639 saturi

2205 4685 2293 4733 tas
2324 4685 2382 4733 et
2412 4679 2653 4734 ebrietas
2676 4679 2905 4744 fuerint,
2944 4676 3022 4732 ibi
3065 4678 3238 4732 libido
3273 4678 3606 4740 dominatur,
3647 4688 3760 4728 nun-

2206 4784 2374 4840 quam
2403 4785 2507 4840 ego
2537 4767 2757 4822 ebrium
2777 4773 2994 4821 castum
3023 4767 3252 4838 putabo,
3272 4767 3370 4838 qui
3396 4767 3498 4821 etsi
3525 4765 3642 4818 vino
3659 4776 3760 4816 eon-

2203 4858 2417 4928 s0pitus
2445 4857 2758 4924 dormierit,
2789 4862 2980 4910 tamen
2999 4857 3185 4928 potuit
3203 4871 3436 4928 peccare
3463 4871 3560 4927 per
3582 4853 3757 4907 vinum.

2202 4945 2509 5018 Postquam
2538 4946 2690 5000 enim
2715 4963 2748 4999 a
2780 4962 2882 5000 suo
2905 4945 3114 5000 misero
3134 4944 3443 4999 surrexerit
3461 4958 3644 4997 somno
3669 4939 3758 4992 dis-

2201 5036 2378 5090 currit
2406 5036 2515 5090 huc
2543 5035 2692 5100 illuc,
2727 5035 3025 5100 anxiando,
3058 5033 3453 5106 perquirendo,
3497 5026 3756 5103 quomodo.

2201 5125 2461 5196 qualiter,
2491 5125 2576 5178 vel
2607 5123 2808 5195 quibus
2839 5123 2976 5178 cibis
3023 5123 3358 5195 potibusque
3386 5137 3549 5176 suum
3588 5121 3756 5172 iterum

2199 5213 2377 5284 possit
2407 5229 2641 5268 onerare
2681 5220 2949 5278 ventrem,
3001 5228 3349 5285 quaecunque
3396 5210 3541 5264 enim
3584 5208 3706 5262 hora
3733 5219 3758 5255 ιι

2199 5319 2416 5356 sommo
2431 5303 2753 5370 surrexerit,
2771 5302 2886 5357 sive
2907 5303 3093 5356 media
3116 5308 3294 5367 nocte,
3321 5301 3437 5354 sive
3451 5297 3580 5370 galli
3595 5300 3753 5349 cantu.

2201 5391 2314 5445 sive
2342 5391 2702 5473 illucescente
2722 5392 2832 5458 die,
2873 5391 3065 5446 statim
3093 5391 3343 5446 dolorem
3380 5387 3571 5473 capitis
3610 5381 3754 5473 sentit

2181 5468 2460 5562 nimium,
2484 5481 2638 5535 sitim
2664 5481 2980 5546 ardentem,
3015 5487 3074 5534 et
3118 5480 3305 5536 statim
3343 5467 3410 5532 ut
3450 5472 3751 5562 vox-assimus

2198 5555 2365 5642 lupus
2394 5569 2554 5626 avide
2587 5575 2784 5643 potum
2813 5568 3118 5642 cibumque
3159 5585 3285 5625 cum
3327 5563 3480 5620 omni
3506 5560 3748 5617 anxietate
