3982 6158
299 298 444 357 1369

1248 300 1342 354 DE
1378 299 1593 354 VITIIS
1631 300 1721 355 ET
1758 299 2209 354 VIRTU'I‘IBUS.
2245 330 2308 339 —
2351 299 2487 354 LIB.
2532 300 2630 354 III.

3448 293 3588 350 1370

297 425 595 498 perquirit,
627 431 686 480 et
711 425 807 481 ubi
835 425 1130 490 invenerit,
1165 440 1292 478 mox
1317 423 1469 479 labia
1509 425 1675 490 sicca,
1709 423 1898 480 fauces
1909 427 1961 485 Α
1986 444 2009 476 ι
2045 425 2139 480 Vae
2158 425 2252 496 qui
2282 429 2539 498 potentes
2569 425 2703 479 estis
2733 425 2805 479 ad
2823 423 3127 480 bibendum
3149 424 3362 490 vinum,
3383 429 3441 477 et
3480 422 3583 476 viri

305 531 550 580 amaras,
585 517 881 587 pulmones
909 515 1154 579 inﬂatos,
1182 513 1393 567 viscera
1435 513 1774 580 collidentia,
1811 529 1905 568 vo-

298 605 476 659 rando
504 611 570 659 ut
593 605 752 676 gluto
783 610 840 658 et
864 604 1272 674 gastrimargus
1302 603 1616 672 refrigerat.

299 729 434 786 ΟΑΡ.
465 729 606 785 XLI.
633 757 695 771 --
725 728 932 796 Quibus
959 731 1127 796 possit
1155 728 1384 780 indiciis
1433 729 1679 794 cognosci
1704 728 1907 795 gastri-

648 817 900 868 margus,
936 801 994 854 id
1028 804 1122 864 est,
1155 802 1298 866 gula:
1328 800 1564 852 deditus.

375 909 553 972 Quem
583 909 698 963 haec
725 905 1062 961 miserabilis
1108 906 1320 960 lacerat
1349 904 1546 971 bestia,
1600 905 1687 960 his
1723 909 1910 977 potest

295 997 551 1068 dignosci
579 996 818 1051 indiciis.
850 997 998 1050 Nam
1025 995 1322 1049 deliciosus
1351 1011 1574 1066 semper
1625 1001 1682 1049 et
1713 993 1909 1048 avidus

297 1093 405 1152 est,
429 1085 579 1140 cibos
595 1087 745 1140 enim
765 1085 1036 1140 lautiores
1065 1089 1123 1138 et
1143 1084 1420 1155 pretiosos
1449 1084 1703 1155 requirit.
1719 1084 1904 1148 Quan-

297 1183 580 1246 tacunque
603 1175 856 1230 ciborum
885 1173 1096 1228 fercula
1125 1179 1256 1227 ante
1289 1189 1349 1226 se
1379 1172 1563 1243 posita
1589 1173 1808 1238 viderit,
1840 1178 1906 1226 ut

297 1265 370 1318 de
399 1264 658 1319 omnibus
693 1280 920 1318 sumere
965 1262 1161 1334 possit,
1221 1267 1546 1333 pertractat,
1588 1267 1811 1332 tempus
1849 1267 1906 1315 et

295 1355 498 1408 horam
517 1352 722 1408 edendi
735 1352 973 1407 sollicite
995 1367 1096 1422 per
1124 1351 1417 1422 horologia
1437 1350 1636 1405 anxius
1677 1349 1906 1404 investi-

293 1449 417 1513 gat,
449 1443 766 1513 saepiusque
804 1440 1093 1511 egreditur
1131 1446 1188 1494 et
1225 1439 1544 1511 ingreditur
1580 1440 1798 1505 cellam,
1843 1455 1908 1493 ac

299 1532 480 1586 solem
510 1531 664 1586 velut
687 1531 760 1585 ad
780 1547 1038 1585 occasum
1077 1530 1294 1584 tardius
1341 1533 1737 1600 properantem
1794 1545 1908 1582 cre-

299 1620 458 1675 brius
476 1621 756 1687 intuetur;
787 1619 832 1673 si
864 1626 1054 1674 autem
1073 1618 1510 1690 disputationem
1533 1617 1782 1688 aliquam
1805 1635 1908 1672 au-

301 1708 476 1763 dierit
494 1709 562 1762 de
583 1707 927 1762 abstinentia
941 1713 999 1761 et
1007 1707 1226 1778 jejunio
1238 1723 1434 1760 aurem
1445 1706 1662 1770 avertit,
1679 1705 1905 1759 aliunde
1924 1747 1971 1808 B

1988 513 2160 568 fortes
2185 514 2256 568 ad
2277 515 2624 568 miscendam
2648 513 2979 568 ebrietatem
3003 515 3131 578 (Isa.
3163 530 3214 579 v,
3247 511 3337 582 22)
3367 530 3381 579 ;
3418 531 3441 562 ›
3483 517 3589 566 'au-

1987 603 2147 656 diant
2178 603 2302 657 vino
2333 604 2512 657 multo
2539 603 2713 657 dediti
2761 609 2818 657 et
2868 602 3154 658 luxuriose
3196 601 3442 656 viventes
3488 584 3626 672 per’

1987 693 2193 748 Isaiam
2224 693 2557 764 prophetam
2593 711 2605 746 :
2637 710 2664 743 (ί
2694 692 2790 746 V33
2817 692 2912 764 qui
2937 691 3274 762 consurgitis
3304 707 3469 746 mane
3517 690 3589 744 ad

1987 781 2319 836 ebrietatem
2347 782 2672 837 sectandam
2704 797 2884 852 usque
2912 781 2983 835 ad
3021 798 3335 852 vesperum,
3368 785 3432 835 ut
3458 779 3588 834 vino

1987 871 2236 926 :estuetis
2287 873 2472 940 (Ibid,
2525 872 2672 940 ll).~
2699 890 2725 924 ν)
2785 871 3037 926 Audiant
3091 871 3295 941 gulosi,
3355 869 3592 924 audiant

1989 959 2195 1014 ebriosi
2227 961 2542 1032 apostolum
2567 961 2806 1016 Paulum
2834 961 3112 1016 dicentem
3141 979 3152 1014 :
3189 979 3213 1011 ι
3246 961 3372 1015 Non
3415 959 3474 1012 in
3503 974 3591 1012 co-

1990 1049 2426 1104 messationibus
2447 1056 2506 1105 et
2533 1050 2900 1105 ebrietatibus
2949 1049 3120 1121 (Rom.
3163 1065 3279 1115 xm,
3310 1047 3400 1118 13)
3427 1067 3440 1115 ;
3474 1066 3502 1100 »
3534 1052 3592 1100 et

1988 1137 2194 1192 iterum
2229 1156 2241 1190 :
2279 1157 2306 1190 α
2341 1139 2479 1192 Esca
2507 1155 2609 1193 nos
2651 1155 2763 1192 non
2809 1138 3169 1193 commendat
3209 1138 3326 1193 Deo
3367 1138 3419 1207 (Ι
3462 1137 3586 1192 Cor.

1985 1243 2059 1294 vx,
2079 1227 2150 1294 8).
2183 1245 2210 1280 ι
2244 1226 2596 1298 Quapropter
2624 1227 2964 1282 admonendi
2983 1233 3116 1282 sunt
3133 1227 3279 1297 gula:
3317 1224 3493 1280 dediti
3516 1241 3588 1278 ne

1989 1315 2048 1370 in
2079 1332 2144 1369 eo
2173 1316 2321 1386 quod
2353 1333 2607 1370 escarum
2631 1316 2987 1371 delectationi
3005 1315 3337 1370 incumbunt
3355 1314 3589 1369 luxuriaa

1989 1422 2048 1458 se
2078 1421 2346 1460 mucrone
2371 1406 2726 1476 transfigant.
2760 1405 2981 1470 Quanta
3005 1404 3115 1458 cibi
3157 1421 3258 1476 per
3297 1420 3458 1459 esum
3513 1403 3592 1456 lo-

1991 1494 2260 1566 quacitas,
2297 1499 2509 1566 quanta
2537 1494 2740 1548 mentis
2768 1493 2960 1548 levitas
2981 1493 3279 1547 insidietur
3295 1492 3587 1564 aspiciant,

1991 1600 2062 1637 ne
2091 1583 2226 1638 dum
2253 1583 2436 1638 ventri
2485 1583 2730 1638 molliter
2757 1583 3034 1646 serviunt,
3061 1581 3326 1636 vitiorum
3379 1580 3592 1652 laqueis

1993 1673 2294 1726 crudeliter
2322 1672 2724 1742 astringantur.

300 1797 521 1852 fabulas
549 1797 740 1863 sumit,
773 1803 830 1851 et
859 1802 922 1851 ut
950 1797 1114 1851 citius
1143 1801 1328 1867 potest
1355 1795 1449 1849 illo
1478 1795 1547 1849 de
1598 1796 1717 1848 loco
1763 1795 1970 1865 fugit"
1996 1799 2127 1852 CAP.
2148 1799 2675 1853 XLIII.——Rcmcdia
2693 1804 2886 1852 contra
2912 1799 3167 1852 morbum
3186 1799 3595 1864 gastrimargiaa

302 1893 366 1941 et
377 1886 803 1958 quibuscunque
829 1891 1016 1958 potest
1039 1885 1281 1955 ingeniis
1299 1885 1408 1938 huc
1443 1884 1684 1955 illucque
1719 1900 1912 1954 pervo-

303 1977 406 2042 lat,
440 1975 776 2046 inquirendo
804 1975 953 2030 unde
981 1974 1086 2029 sibi
1118 1974 1368 2028 diversos
1399 1973 1551 2027 cibos
1601 1973 1910 2044 poculaque

299 2065 584 2131 conficiat,
607 2071 666 2119 et
684 2071 746 2119 ut
767 2065 920 2119 solus
954 2065 1054 2118 hos
1083 2063 1355 2135 percipiat
1396 2063 1593 2117 horam
1623 2067 1910 2134 exspectat

305 2159 604 2210 secretam.

385 2282 515 2334 ΟΑΡ.
547 2279 714 2334 XLII.
741 2309 806 2319 —
829 2280 1135 2346 lncrepatio
1163 2279 1423 2332 adversus
1442 2280 1585 2344 gula:
1610 2277 1834 2329 deditos.

382 2386 662 2441 Adversus
691 2402 801 2451 vos,
831 2402 864 2439 o
883 2384 1242 2455 gastrimargi
1269 2389 1326 2438 et
1351 2381 1554 2454 gulosi,
1591 2382 1780 2436 divina
1813 2398 1912 2452 per

305 2475 674 2546 Evangelium
703 2475 924 2528 intonat
958 2474 1238 2528 sententia
1265 2474 1454 2527 dicens
1497 2492 1508 2526 :
1546 2493 1572 2524 α
1623 2471 1912 2526 Attendite

307 2582 386 2619 ne
411 2569 715 2636 graventur
741 2563 910 2617 corda
939 2569 1124 2617 vestra
1152 2563 1212 2617 in
1263 2563 1493 2634 crapula
1536 2566 1595 2616 et
1642 2560 1912 2615 ebrietate

309 2655 464 2723 (Luc.
501 2669 614 2718 XXI,
649 2651 737 2722 34)
765 2671 777 2718 ;
805 2672 830 2705 »
856 2662 913 2706 et
956 2653 1164 2706 Paulus
1211 2652 1478 2706 adversus
1523 2667 1620 2705 vos
1663 2649 1916 2704 clamitat

307 2741 602 2813 apostolus
629 2758 641 2794 :
671 2761 693 2791 ι
719 2741 860 2794 Esca
877 2740 1058 2794 ventri
1078 2746 1136 2793 et
1157 2743 1350 2794 venter
1368 2739 1527 2806 escis,
1554 2739 1703 2793 Deus
1723 2743 1914 2792 autem

313 2837 379 2886 et
415 2831 564 2884 hunc
599 2835 655 2884 et
690 2829 837 2883 hanc
875 2829 1129 2883 destruet
1149 2831 1198 2896 (Ι
1217 2831 1336 2883 Cor.
1363 2845 1438 2894 v1,
1467 2825 1574 2894 13).
1615 2848 1636 2878 ι
1671 2829 1814 2883 Nam
1863 2831 1921 2879 et

310 2921 385 2975 de
416 2918 567 2973 vobis
586 2919 735 2972 idem
767 2918 1054 2990 apostolus
1083 2917 1219 2972 dicit
1249 2937 1260 2971 :
1303 2937 1326 2969 ι
1360 2918 1612 2982 Quorum
1629 2916 1920 2971 Deusven-

313 3014 409 3064 ter
439 3014 525 3063 est
553 3013 608 3062 et
633 3007 816 3078 gloria
861 3007 920 3060 in
966 3006 1289 3061 confusione
1318 3006 1408 3060 his
1448 3006 1544 3078 qui
1573 3012 1801 3060 terrena
1829 3021 1920 3059 sa-

315 3098 488 3170 piunt
527 3097 702 3164 (Phil.
731 3113 810 3162 ιιι,
835 3095 911 3164 9).
949 3115 974 3148 α
1009 3094 1218 3168 [Cass.]
1250 3095 1613 3150 Considerate
1643 3094 1776 3166 quia
1819 3095 1922 3148 So-

317 3187 548 3242 domitae
576 3203 688 3240 non
717 3185 831 3238 vini
863 3186 1110 3256 crapula,
1143 3185 1240 3238 sed
1271 3185 1567 3239 saturitate
1597 3185 1758 3256 panis
1797 3182 1924 3238 sub-

317 3275 494 3330 mersi
519 3283 668 3340 sunt,
704 3274 895 3328 audite
924 3274 1148 3328 Domini
1191 3275 1522 3346 prophetam
1569 3271 1924 3328 Hierusalem

317 3365 708 3436 increpantem
742 3382 754 3416 :
792 3383 814 3414 ¢
849 3363 994 3427 Quid
1025 3363 1175 3417 enim
1202 3363 1450 3434 peccavit
1477 3379 1637 3417 soror
1682 3369 1778 3416 tua
1829 3363 1926 3416 So-

321 3455 511 3520 doma,
547 3453 654 3507 nisi
685 3452 818 3523 quia
844 3469 1046 3524 panem
1077 3469 1241 3506 suum
1262 3453 1321 3506 in
1351 3453 1647 3506 saturitate
1667 3459 1724 3505 et
1755 3450 1928 3504 abun-

322 3543 524 3598 dantia
555 3541 970 3597 comedebat?»
995 3541 1234 3595 Pensate
1257 3542 1430 3612 igitur
1457 3542 1502 3595 si
1535 3540 1834 3595 Sodomitae
1857 3539 1927 3592 de

316 3633 445 3687 sola
463 3631 754 3686 nimietate
773 3631 934 3702 panis
957 3637 1308 3696 corruerunt,
1343 3630 1475 3701 quid
1504 3629 1710 3684 facient
1727 3629 1810 3682 illi
1833 3627 1929 3698 qui

321 3738 466 3776 sano
495 3738 728 3793 corpore
759 3721 1014 3775 carnium
1043 3737 1107 3774 ac
1126 3720 1240 3774 vini
1279 3719 1634 3790 perceptione
1654 3717 1930 3772 immode-

327 3817 460 3865 rata
478 3810 735 3865 libertate
761 3816 1127 3883 praesumunt,
1154 3825 1265 3863 non
1287 3815 1561 3880 quantum
1582 3807 1793 3879 expetit
1822 3806 1932 3860 im-

323 3899 621 3967 becillitas,
637 3900 734 3954 sed
745 3906 1020 3972 quantum
1035 3898 1214 3952 animi
1228 3897 1396 3951 libido
1411 3897 1754 3968 suggesserit
1764 3912 1930 3950 usur-

323 3995 548 4061 pantes.
609 3990 858 4060 (Isidor)
904 3988 1109 4043 Audite
1151 3987 1382 4058 pariter,
1436 4003 1468 4040 ο
1496 3987 1642 4056 gula;
1671 3985 1866 4050 dediti,
1899 4003 1932 4039 ο

326 4077 538 4132 ebriosi
559 4085 616 4132 et
630 4078 919 4140 vinolenti,
941 4093 1110 4148 quam
1131 4077 1491 4130 vehementer
1508 4081 1819 4145 arguantur
1838 4091 1933 4128 co-

329 4167 598 4221 messatio
627 4172 684 4221 et
705 4172 1034 4238 sumptuosa
1061 4165 1310 4220 convivia
1347 4181 1448 4236 per
1474 4165 1825 4236 pr0phetam,
1857 4163 1938 4217 ita

333 4261 404 4310 ut
429 4256 803 4310 comminetur
827 4255 1101 4310 Dominus
1132 4272 1190 4308 se
1234 4271 1346 4308 non
1386 4254 1748 4308 dimissui-am
1792 4253 1936 4306 hanc

335 4345 696 4416 iniquitatem
710 4345 797 4398 his
808 4345 903 4415 qui
919 4361 1044 4398 eam
1067 4343 1305 4397 libenter
1315 4342 1574 4397 ambiunt
1591 4361 1603 4410 ;
1625 4342 1759 4397 dicit
1782 4341 1934 4395 enim

1951 4385 1999 4442 D

2414 1870 2474 1922 id
2501 1874 2574 1922 est
2604 1872 2813 1923 ventris
2847 1872 3172 1936 ingluviem.

2065 1985 2171 2050 Qui
2202 1990 2393 2039 autem
2421 1985 2526 2038 hoc
2553 1984 2752 2038 vitium
2781 1985 2944 2056 plene
2975 2001 3241 2056 superare
3284 1984 3588 2050 desiderat,

1991 2091 2104 2130 non
2135 2076 2319 2128 solum
2333 2074 2390 2128 in
2402 2073 2690 2128 sumendis
2710 2073 2949 2145 dapibus
2965 2073 3370 2146 parcimoniam
3380 2078 3593 2140 teneat,

1991 2170 2057 2218 ut
2083 2163 2293 2218 scilicet
2311 2161 2670 2217 retectiohem
2685 2179 2909 2234 semper
2924 2163 3136 2217 esuries
3173 2169 3470 2234 temperet,
3502 2178 3592 2215 ve-

1993 2269 2118 2306 rum
2149 2253 2321 2306 etiam
2349 2252 2725 2306 accuratiores
2752 2252 2918 2306 simul
2949 2258 3007 2306 et
3051 2252 3335 2307 suaviores
3381 2251 3595 2322 epulas,

1995 2347 2225 2413 excepta
2240 2341 2491 2413 corporis
2503 2341 2834 2396 infirmitate
2845 2347 2903 2396 et
2913 2341 3200 2413 hospitum
3223 2339 3596 2412 susceptione,

1995 2436 2340 2496 contemnat,
2375 2431 2566 2497 (ϐίης.)
2597 2436 2655 2484 et
2682 2445 2798 2485 non
2826 2431 3008 2484 solum
3037 2435 3284 2484 mentem
3312 2435 3370 2483 et
3398 2445 3600 2500 corpus

1994 2536 2162 2574 suum
2192 2519 2527 2590 constrisgat
2547 2520 2808 2590 jejuniin,
2842 2535 3037 2574 verum
3065 2519 3235 2573 etiam
3277 2517 3497 2589 vigiliis,
3524 2517 3601 2571 Ie-

1999 2609 2185 2663 ctione
2215 2625 2436 2680 quoque
2463 2614 2520 2662 et
2543 2608 2738 2663 crebra
2757 2609 3193 2680 compunctione
3209 2607 3413 2673 cordis,
3435 2615 3602 2660 uber-

1997 2704 2114 2752 tate
2134 2714 2356 2768 quoque
2385 2699 2762 2768 lacrymarum
2795 2703 2853 2752 et
2880 2697 3132 2752 oratione
3158 2695 3404 2762 assidua,
3417 2711 3518 2751 seu
3545 2702 3602 2750 et

2001 2786 2489 2859 eleemosynarum
2518 2787 2799 2857 largitate,
2833 2803 2935 2841 nec
2955 2803 3066 2841 non
3089 2792 3146 2840 et
3164 2785 3492 2840 assiduitate
3512 2801 3606 2839 cu-

1997 2875 2231 2945 juslibet
2259 2875 2390 2930 boni
2420 2875 2625 2947 operis,
2659 2882 3020 2947 mentemque
3049 2892 3210 2930 suam
3257 2873 3604 2946 contempla-

2004 2963 2145 3040 tioni
2173 2965 2374 3018 divinae
2403 2965 2612 3036 deﬁgat
2639 2982 2829 3020 amore
2855 2965 3126 3020 virtutum
3153 2963 3341 3035 potius
3383 2969 3442 3017 et
3478 2963 3605 3034 pul-

1944 3065 1988 3126 ρ
2008 3054 2325 3108 chritudine
2355 3053 2666 3108 caelestium
2699 3053 3024 3120 delectetur,
3043 3059 3100 3107 et
3118 3052 3199 3107 ita
3227 3051 3380 3107 velut
3396 3051 3607 3106 caduca

2003 3143 2274 3215 despiciet
2299 3143 2560 3198 universa
2580 3143 2897 3214 praesentia.
2929 3143 3074 3197 Nam
3115 3149 3173 3196 et
3200 3146 3397 3197 contra
3419 3141 3606 3212 tripli-

2005 3249 2128 3287 cem
2154 3232 2638 3303 impugnationem
2659 3249 2782 3303 quaa
2804 3233 2861 3286 in
2882 3231 3050 3302 hujus
3065 3231 3186 3286 vitii
3208 3230 3498 3285 vexatione
3518 3247 3610 3284 su-

2007 3322 2196 3392 perius
2223 3321 2504 3392 descripta
2527 3327 2631 3386 est,
2651 3320 2926 3390 triplicem
2950 3319 3360 3374 observantiam
3382 3334 3608 3373 necesse

2009 3417 2096 3464 est
2119 3409 2418 3474 custodire,
2452 3409 2509 3462 id
2537 3414 2642 3473 est,
2675 3414 2740 3461 ut
2767 3409 3012 3478 primum
3038 3408 3352 3479 legitimum
3381 3413 3606 3477 tempus

2011 3505 2068 3553 et
2093 3499 2289 3551 horam
2320 3496 2688 3550 absolutionis
2719 3502 2777 3549 et
2800 3496 3118 3550 refectionis
3156 3499 3474 3567 exspectet;
3525 3512 3609 3548 se-

2009 3586 2192 3640 cundo
2222 3591 2286 3638 ut
2311 3584 2522 3655 absque
2543 3601 2764 3638 summa
2783 3585 3116 3639 necessitate
3137 3583 3404 3656 corporis,
3428 3589 3493 3637 ut
3517 3599 3608 3638 su-

2012 3692 2113 3747 pra
2138 3673 2350 3728 dictum
2380 3680 2484 3737 est,
2506 3673 2798 3727 deliciosas
2819 3673 2925 3726 sibi
2954 3674 3150 3744 epulas
3169 3688 3485 3745 praeparare
3497 3687 3609 3727 non

2007 3764 2241 3836 jubeat;
2273 3764 2441 3817 tertio
2469 3768 2533 3817 ut
2561 3762 3063 3833 qualibuscumque
3109 3763 3252 3816 escis
3293 3761 3611 3816 vilioribusa

2015 3871 2122 3925 que
2152 3857 2451 3907 contentus
2479 3851 2570 3906 sit.

2015 3978 2147 4034 CAP.
2169 3976 2360 4031 XLIV.
2387 4006 2452 4016 —
2475 3978 2548 4031 De
2570 3981 2779 4030 natura
2809 3982 2858 4030 et
2889 3979 3104 4043 origine
3129 3981 3371 4032 lunaria
3398 3993 3462 4030 ac
3501 3978 3613 4044 for-

2659 4049 2974 4102 nicationis.

2093 4167 2283 4232 (Casa)
2308 4164 2382 4217 Ex
2405 4181 2514 4234 quo
2538 4164 2708 4218 etiam
2737 4164 2828 4218 hic
2855 4163 3341 4220 immundissimus
3382 4165 3615 4236 spiritus

2020 4253 2250 4310 luxuriae
2278 4260 2448 4324 atque
2472 4253 2854 4308 fornicationis
2898 4254 3114 4308 oriatur
3162 4272 3291 4309 voce
3333 4255 3616 4309 dominica

2019 4343 2356 4396 declaratur.
2395 4360 2420 4393 α
2445 4343 2526 4397 De
2557 4343 2743 4408 corde,
2777 4342 2980 4413 inquit,
3015 4349 3220 4397 exeunt
3247 4343 3616 4414 cogitationes

335 4450 442 4504 per
461 4433 662 4488 Isaiam
698 4452 708 4486 :
743 4452 770 4486 α
805 4434 940 4487 Ecce
961 4432 1230 4500 gaudium
1257 4438 1314 4485 et
1333 4432 1546 4498 laetitia,
1577 4431 1827 4486 occidere
1853 4431 1934 4484 vi-
1953 4431 1996 4442 "
2019 4433 2200 4497 malae,
2247 4431 2565 4496 homicidia,
2616 4431 2910 4496 adulteria,
2972 4431 3385 4496 fornicationes,
3443 4431 3613 4494 furta,

330 4521 487 4577 tulos
507 4529 563 4576 et
574 4523 837 4593 jugulare
853 4522 1077 4587 arietes,
1098 4521 1391 4575 comedere
1420 4537 1616 4574 carnes
1663 4526 1720 4574 et
1746 4519 1936 4574 bibere

333 4610 552 4678 vinum,
576 4612 622 4665 si
650 4611 958 4666 dimittitur
976 4610 1243 4681 iniquitas
1263 4610 1378 4664 hinc
1411 4609 1584 4675 vobis,
1617 4609 1793 4663 donec
1823 4626 1939 4662 mo-

334 4700 565 4754 riamini
587 4703 722 4770 (Isa.
747 4717 876 4766 xxn,
908 4699 1020 4769 13).
1051 4719 1076 4752 »
1111 4699 1266 4754 Sicut
1295 4716 1490 4753 omnes
1520 4698 1771 4752 carnales
1787 4697 1939 4768 cupi-

335 4789 547 4844 ditates
602 4789 943 4844 abstinentia
988 4793 1330 4850 resecantur,
1372 4788 1454 4842 ita
1500 4804 1694 4842 omnes
1736 4787 1938 4841 anima;

331 4879 574 4933 virtutes
605 4879 896 4932 edacitatis
927 4877 1060 4932 vitio
1088 4877 1474 4942 destruuntur,
1502 4877 1631 4930 inde
1661 4882 1747 4931 est
1789 4875 1938 4946 quod

332 4973 394 5022 et
424 4967 573 5022 idem
606 4968 889 5039 Propheta
913 4966 1048 5021 dicit
1077 4985 1088 5020 :
1125 4986 1147 5017 ι
1178 4967 1442 5037 Princeps
1483 4983 1790 5038 coquorum
1848 4965 1940 5019 de-

333 5057 544 5111 struxit
569 5075 761 5112 muros
786 5056 1157 5120 Hierusalem,
1181 5076 1201 5106 ι
1237 5056 1369 5126 quia
1397 5061 1455 5110 et
1482 5061 1676 5109 venter
1702 5055 1790 5109 cui
1820 5071 1939 5108 ser-

331 5146 488 5198 vitur
516 5163 550 5201 a
572 5147 764 5217 coquis
790 5146 1028 5200 virtutes
1055 5145 1258 5200 animae
1295 5145 1550 5200 destruit.
1591 5145 1944 5216 Quapropter

339 5235 582 5289 audiant
609 5234 813 5288 ebriosi
847 5253 858 5287 :
900 5255 921 5286 ε
956 5234 1143 5289 Nolite
1173 5233 1438 5288 inebriari
1471 5233 1614 5300 vino,
1651 5234 1710 5287 in
1730 5249 1840 5304 quo
1857 5239 1943 5287 est

337 5324 563 5378 luxuria
584 5323 955 5395 (Eph.v,18),
991 5342 1018 5376 ι
1072 5323 1308 5378 audiant
1358 5329 1415 5376 et
1463 5323 1600 5376 illud
1660 5322 1942 5393 propheti-

338 5429 504 5476 cum;
545 5431 571 5462 (ι
602 5412 918 5466 Fornicatio
939 5418 996 5466 et
1022 5412 1266 5466 ebrietas
1299 5411 1556 5465 auferent
1583 5427 1680 5464 cor
1703 5412 1836 5480 (Ose.
1869 5428 1936 5475 iv,

347 5502 459 5568 ll),
493 5519 520 5554 ››
554 5501 816 5568 ebrietas,
858 5501 1004 5555 sicut
1039 5501 1098 5555 in
1125 5501 1248 5566 Lot,
1292 5516 1490 5554 sensus
1521 5499 1742 5553 ratione
1773 5499 1944 5570 capti-

343 5594 458 5643 vat.
477 5589 725 5647 Audiant
743 5589 839 5661 qui
853 5589 1098 5647 multum
1128 5589 1328 5644 bibunt
1349 5594 1410 5642 et
1424 5602 1536 5642 non
1555 5585 1934 5642 inebriantur:

2017 4521 2161 4574 falsa
2187 4521 2528 4585 testimonia,
2567 4540 2592 4572 »
2634 4526 2691 4574 et
2725 4525 2930 4574 caetera
2961 4521 3176 4588 (Matth.
3225 4537 3313 4585 xv,
3375 4519 3476 4589 19),
3529 4521 3618 4577 hic

2019 4609 2169 4663 enim
2189 4609 2572 4664 fornicationis
2584 4608 2978 4662 infestissimus
2992 4609 3376 4676 morbus,cum
3390 4610 3616 4682 aprimo

2018 4705 2271 4768 tempore
2307 4697 2616 4769 pubertatis
2661 4697 2994 4768 impugnare
3041 4697 3272 4770 incipiat
3323 4699 3617 4754 hominum

2016 4803 2215 4858 genus,
2234 4804 2346 4842 non
2369 4787 2473 4842 nisi
2503 4787 2660 4858 prius
2671 4793 2872 4842 caetera
2889 4787 3026 4841 vitia
3045 4793 3396 4859 superentur,
3415 4788 3619 4842 exstin-

2018 4875 2229 4946 guitur.
2259 4878 2440 4947 (Isid)
2473 4876 2668 4930 Oritur
2694 4875 2904 4930 etenim
2934 4876 3156 4930 luxuria
3182 4893 3247 4930 ex
3276 4877 3409 4930 vitio
3427 4893 3619 4947 super-

2020 4963 2124 5020 biae
2153 4966 2404 5035 exemplo
2427 4964 2594 5035 primi
2625 4964 2887 5031 hominis,
2919 4965 3015 5036 qui
3046 4981 3173 5019 mox
3199 4971 3263 5019 ut
3291 4981 3392 5036 per
3419 4981 3618 5036 super-

2023 5053 2176 5108 biam
2203 5053 2414 5106 tumuit
2441 5059 2636 5106 contra
2655 5054 2852 5118 Deum,
2878 5054 3069 5108 statim
3091 5053 3276 5108 carnis
3297 5055 3474 5108 sensit
3489 5053 3616 5108 libi-

2023 5142 2232 5208 dinem,
2280 5147 2338 5195 et
2381 5142 2643 5212 pudenda
2670 5143 2910 5212 operuit.
2953 5143 3107 5198 Inter
3150 5148 3356 5197 caetera
3400 5150 3617 5214 septem

2023 5229 2174 5295 vitia,
2209 5246 2332 5301 quae
2363 5235 2543 5282 mater
2571 5229 2833 5284 vitiorum
2860 5229 3125 5301 superbia
3151 5237 3406 5300 generat,
3442 5231 3618 5286 forni-

2023 5320 2168 5374 catio
2188 5318 2431 5373 maxima
2451 5324 2537 5372 est
2554 5319 2847 5384 scelerum,
2880 5319 3013 5390 quia
3032 5335 3133 5390 per
3165 5320 3352 5374 carnis
3379 5320 3621 5376 immun-

2023 5409 2222 5462 ditiam
2236 5407 2512 5478 templum
2532 5406 2634 5461 Dei
2655 5407 2826 5461 violat
2845 5413 2901 5462 et
2919 5408 3122 5462 tollens
3139 5407 3402 5462 membra'
3413 5409 3622 5466 Christi

2024 5497 2156 5551 facit
2183 5495 2436 5550 membra
2464 5496 2793 5551 meretricis.
2819 5497 3051 5552 Diversa
3072 5502 3207 5552 sunt
3237 5505 3426 5553 autem
3453 5499 3624 5555 fomi-

2026 5585 2262 5642 cationis
2287 5601 2518 5655 genera.
2561 5585 2659 5640 Est
2701 5590 2891 5641 autem
2931 5587 3223 5642 fornicatio
3263 5589 3526 5656 carnalis,
3563 5590 3620 5642 in
