3982 6158
467 315 596 374 1371
778 279 788 288 ’
1057 319 1120 372 Β.
1163 317 1434 372 mam
1473 315 1704 373 MAURI
1741 315 2078 374 ARCHIEP.
2121 315 2448 376 uocum.
2491 314 2789 373 OPERUM
2827 314 3014 370 PARS
3051 313 3152 368 III.
3572 313 3691 370 1372

464 459 576 514 qua
603 442 668 496 ﬁt
692 441 940 514 corporis
987 441 1321 512 inquinatio,
1353 449 1438 496 est
1457 448 1513 496 et
1539 441 1825 514 spiritalis,
1861 444 1919 497 in
1951 445 2128 516 quaA
2148 441 2278 510 dici,
2304 460 2486 516 neque
2505 459 2733 515 rapaces
2756 458 2991 513 regnum
3019 439 3121 498 Dei
3148 436 3499 510 possidebunt
3519 443 3565 508 (1
3590 441 3690 496 Cor.

464 547 576 586 non
604 547 804 602 corpus
833 531 1118 602 polluitur,
1146 531 1240 585 sed
1271 549 1429 585 mens
1459 529 1804 603 inquinatur,
1841 533 1909 586 de
1955 550 2064 604 qua
2147 548 2220 592 vr,
2256 531 2364 592 99).
2403 552 2428 584 »
2463 531 2532 586 Et
2559 548 2823 586 rursum:
2859 548 2884 582 (ι
2929 527 3314 585 Fornicatcres
3351 536 3406 582 et
3450 527 3695 583 adulteros

464 619 720 674 Christus
749 619 828 672 ait
861 639 870 671 :
910 639 930 669 ι
967 619 1073 683 Qui
1104 618 1304 672 viderit
1353 619 1644 673 mulierem
1683 622 1751 674 ad
1805 621 2062 692 concupi-
2137 621 2414 692 judicabit
2439 618 2589 675 Deus
2629 623 2807 682 (Ilc'br.
2847 617 3076 686 inin/1).»
3099 617 3166 672 Et
3187 633 3406 672 rursum
3430 615 3567 670 idem
3584 635 3695 688 apo-

465 707 894 768 scendumeam,
913 711 1034 779 jam
1053 709 1359 763 moechatus
1389 716 1473 763 est
1501 726 1625 764 eam
1659 712 1715 764 in
1747 711 1912 765 corde
1957 729 2058 765 suo
2143 711 2319 764 stolus
2339 710 2452 764 ait:
2497 735 2512 758 ι
2555 710 2752 780 FUgite
2801 708 3246 772 fornicationem,
3277 706 3504 760 fratres:
3547 708 3696 776 quod-

469 797 679 868 (Matth.
719 815 769 863 v,
808 795 915 867 28).
955 817 976 847 ι)
1015 797 1211 851 Omnis
1267 799 1414 852 enim
1461 797 1751 853 immunda
1802 800 2054 870 pollutio,
2142 816 2362 870 cunque
2391 799 2543 852 enim
2576 805 2866 869 peccatum
2914 797 3110 851 fecerit
3155 797 3323 850 homo
3353 801 3502 848 extra
3526 811 3695 866 corpus

407 941 412 948 ,
464 885 757 940 fornicatio
785 883 1010 952 dicitur,
1044 887 1297 957 quamvis
1327 887 1560 958 quisque
1583 888 1800 941 diversa
1824 887 2064 960 turpitu-
2145 893 2231 941 est
2258 906 2270 940 :
2304 888 2400 958 qui
2427 893 2618 942 autem
2647 887 2974 952 fornicatur,
3024 887 3079 940 in
3111 899 3313 956 corpus
3360 899 3514 938 suum
3541 893 3700 954 peccat

465 971 613 1028 dinis
642 973 924 1046 voluptate
951 975 1340 1045 prostituatur.
1367 975 1569 1045 (Hicin)
1587 977 1665 1031 Ex
1694 976 2064 1032 delectatione
2148 979 2196 1045 (Ι
2221 978 2340 1032 Cor.
2361 991 2436 1038 vt,
2467 975 2568 1044 l8).
2595 995 2621 1028 υ
2660 977 2909 1030 Audiant
2929 981 2986 1030 et
3005 973 3061 1029 hi
3075 975 3170 1045 qui
3191 971 3492 1044 spiritalem
3512 977 3698 1026 sectan-

467 1065 618 1117 enim
654 1061 962 1117 fornicandi
1021 1065 1174 1118 varia
1224 1065 1536 1135 gignuntur
1585 1065 1814 1136 ﬂagitia,
1861 1067 2063 1138 quibus
2147 1073 2240 1120 tur
2264 1066 2564 1130 luxuriam,
2594 1066 2650 1119 id
2683 1069 2786 1130 est,
2826 1065 2922 1136 qui
2965 1065 3023 1118 in
3059 1064 3225 1118 corde
3276 1063 3484 1116 libidini
3507 1077 3703 1116 consen-

467 1151 814 1222 regnumDei
833 1153 1193 1218 clauditur,et
1209 1154 1378 1207 homo
1399 1155 1562 1208 aDeo
1584 1163 1896 1226 separatur,
1916 1157 2062 1209 unde
2145 1153 2312 1220 tiunt,
2338 1161 2395 1208 et
2424 1155 2494 1208 ad
2525 1166 2665 1225 opus
2692 1153 2998 1224 concupita
3025 1151 3275 1206 libidinis
3317 1165 3426 1204 non
3461 1155 3702 1220 pertrans-

469 1243 605 1294 etin
641 1239 812 1295 veteri
842 1241 964 1311 lege
987 1241 1054 1295 de
1077 1243 1330 1296 nefandis
1347 1244 1694 1310 criminibus,
1729 1261 1851 1315 qua:
1883 1246 1938 1298 in
1969 1262 2061 1298 oc-
2149 1249 2308 1297 eunt.
2344 1264 2369 1295 α
2401 1245 2508 1308 Qui
2534 1242 2755 1309 viderit,
2795 1261 2817 1293 ν
2851 1243 3034 1314 inquit
3061 1242 3357 1304 Dominus,
3396 1262 3419 1290 κ
3446 1240 3700 1294 mulierem

467 1331 617 1386 culto
649 1332 810 1396 liunt,
847 1336 903 1384 et
921 1348 988 1385 ea
1016 1332 1305 1388 nominare
1337 1332 1724 1404 turpissimum
1757 1337 1859 1400 est,
1895 1351 1963 1388 ne
2012 1339 2069 1387 et
2150 1333 2220 1386 ad
2253 1332 2758 1404 concupiscendum
2777 1349 2922 1398 eam,
2943 1333 3063 1401 jam
3097 1331 3410 1384 mmchatus
3436 1328 3706 1383 esteamln

469 1416 705 1476 dicentis
734 1437 795 1473 os
825 1424 880 1473 et
915 1437 1080 1474 aures
1104 1421 1451 1474 audientium
1467 1421 1870 1492 polluerentur,
1903 1439 2070 1493 gene—
2151 1423 2316 1476 corde
2347 1438 2448 1476 suo
2499 1423 2710 1489 (Matth.
2758 1425 2947 1488 xxvii).
2987 1439 3012 1474 ι)
3059 1421 3128 1474 Et
3151 1435 3255 1492 per
3282 1419 3501 1473 beatum
3527 1417 3618 1472 Job
3640 1415 3705 1470 di-

468 1508 662 1562 raliter
695 1509 984 1580 Scriptura
1003 1511 1292 1582 complexa
1310 1515 1396 1563 est
1413 1511 1602 1564 dicens
1627 1554 1636 1564 .
1663 1530 1686 1561 (ι
1711 1510 2069 1566 Verecundos
2151 1511 2331 1564 citur:
2371 1530 2395 1561 (ι
2429 1511 2621 1582 Pepigi
2669 1511 2848 1564 fmdus
2871 1527 2999 1565 cum
3029 1509 3204 1564 oculis
3228 1507 3387 1573 meis,
3420 1511 3482 1562 ut
3505 1523 3568 1560 ne
3591 1505 3709 1574 cogi-

470 1598 555 1651 vel
585 1603 904 1651 reverentes
919 1598 1082 1651 facite
1105 1598 1246 1652 ﬁlios
1271 1599 1442 1652 Israel
1473 1599 1542 1652 ab
1573 1599 1725 1653 omni
1765 1599 2068 1656 immundi-
2151 1606 2332 1654 tarem
2353 1600 2579 1670 quidem
2609 1601 2678 1654 de
2699 1599 2931 1670 virgine.
2955 1599 3134 1663 Quam
3157 1597 3311 1652 enim
3341 1601 3548 1668 partem
3566 1593 3708 1648 habe-

468 1685 568 1751 tia,
605 1707 631 1738 »
664 1687 733 1740 de
763 1703 872 1756 qua
901 1693 956 1740 et
983 1687 1190 1741 Paulus
1221 1689 1508 1758 apostolus
1525 1689 1776 1758 loquitur
1797 1707 1807 1741 :
1832 1711 1852 1741 tr
1881 1688 2071 1744 Forni-
2152 1689 2397 1744 retDeus
2415 1689 2472 1742 in
2499 1706 2588 1744 me
2607 1690 2869 1760 desuper,
2906 1691 2962 1742 et
2981 1687 3372 1742 hmreditatem
3386 1685 3707 1755 Omnipotens

473 1774 619 1828 catio
641 1781 830 1828 autem
861 1782 918 1829 et
947 1777 1129 1830 omnis
1171 1776 1526 1831 immunditia
1557 1783 1656 1832 aut
1692 1779 1929 1832 avaritia
1969 1762 2132 1833 necB
2153 1775 2222 1832 de
2237 1779 2596 1846 excelsis(Job
2617 1793 2770 1844 xxxx,
2813 1777 2906 1842 l)?
2956 1797 2978 1828 ι
3004 1777 3126 1832 Nisi
3171 1777 3326 1830 enim
3363 1774 3532 1829 actori
3565 1773 3707 1844 [Forte

472 1863 864 1918 nomineturin
887 1864 1038 1918 vobis
1061 1865 1206 1919 sicut
1227 1866 1386 1918 decet
1405 1871 1626 1920 sanctos
1653 1869 1862 1936 (Ephcs.
1882 1886 1931 1932 v,
1955 1869 2063 1937 3).»
2153 1867 2388 1937 auctori]
2436 1871 2628 1921 nostro
2681 1866 2947 1947 cogitatio
2977 1866 3131 1938 pravi
3159 1879 3469 1920 consensus
3495 1861 3709 1932 displice-

471 1954 616 2008 Nam
646 1959 702 2007 et
732 1954 1130 2024 prophetarum
1161 1955 1219 2010 in
1259 1955 1395 2010 locis
1429 1956 1687 2026 plurimis
1735 1955 2064 2023 invenimus,
2153 1960 2256 2020 ret,
2291 1971 2648 2026 nequaquam
2680 1971 2782 2026 per
2811 1955 3014 2009 Isaiam
3043 1955 3294 2008 diceret:
3325 1971 3351 2004 (ι
3382 1951 3593 2006 Auferte
3619 1964 3710 2003 ma-

471 2041 844 2096 idololatriam
896 2041 1321 2098 fornicationem
1369 2045 1730 2115 appellatam,
1778 2053 1843 2099 ut
1882 2045 2020 2100 illud
2055 2064 2066 2098 :
2152 2045 2269 2098 lum
2309 2045 2714 2114 cogitationum
2752 2049 3064 2098 vestrarum
3085 2043 3154 2096 ab
3178 2042 3359 2096 oculis
3380 2041 3516 2094 meis
3550 2042 3706 2106 (150.1,

475 2149 501 2182 α
535 2131 994 2198 Fornicabantur,
1029 2133 1231 2202 inquit,
1265 2138 1392 2204 post
1420 2134 1570 2188 idola
1615 2151 1716 2188 sua
1765 2141 1821 2188 et
1868 2135 2071 2206 spiritu
2159 2131 2265 2202 i6).
2302 2153 2327 2184 »
2363 2134 2431 2187 Et
2480 2134 2537 2186 in
2567 2133 2868 2203 Evangelio
2893 2132 3215 2204 Pharisaiis:
3251 2151 3280 2184 α
3313 2129 3456 2194 Quid
3487 2125 3708 2198 cogitatis

472 2219 854 2276 fornicationis
880 2221 1094 2275 seducti
1122 2228 1255 2276 sunt
1285 2223 1489 2290 (Escch.
1523 2240 1592 2289 v1,
1624 2223 1700 2292 9).
1727 2243 1754 2274 »
2153 2207 2305 2276 mala
2326 2223 2387 2276 in
2407 2222 2668 2276 cordibus
2705 2222 2903 2276 vestris
2939 2221 3148 2288 (Matth.
3173 2237 3251 2288 Ix,
3298 2217 3373 2286 4).
3411 2238 3435 2270 ip
3467 2216 3630 2288 [13111.]
3650 2215 3709 2269 Ex

2155 2310 2320 2364 corde
2344 2311 2494 2364 enim
2515 2310 2762 2381 primum
2785 2309 3179 2363 fornicationes
3199 2312 3342 2362 sunt
3359 2305 3648 2360 auferenda
3664 2307 3714 2356 ut

2155 2414 2268 2453 non
2288 2404 2659 2470 prorumpunt
2689 2397 2747 2452 in
2777 2415 2966 2469 opera,
3005 2394 3134 2451 hinc
3164 2402 3273 2462 est,
3308 2393 3453 2466 quod
3503 2411 3594 2466 per
3615 2409 3715 2465 pro-

2155 2487 2383 2562 phetam
2413 2487 2653 2542 dicitur:
2705 2511 2724 2534 «
2758 2485 3047 2557 Accingite
3097 2481 3322 2540 lumbos
3352 2490 3555 2537 vestros
3579 2497 3716 2552 super

2156 2575 2330 2630 ubera
2350 2583 2534 2630 vestra
2561 2577 2690 2642 (lsa.
2718 2593 2848 2642 xxn,
2874 2575 2983 2639 11),
3022 2594 3044 2624 ι
3075 2573 3178 2630 hoc
3205 2581 3318 2639 est,
3357 2573 3417 2628 in
3444 2571 3596 2626 corde
3619 2567 3716 2622 libi-

2154 2665 2313 2720 dines
2341 2671 2608 2731 resecate,
2635 2682 2756 2738 quae
2786 2663 2856 2719 ad
2885 2663 3104 2719 lumbos
3151 2662 3460 2736 pertinent.
3486 2659 3618 2715 Nam
3641 2671 3718 2712 cor

2149 2772 2324 2826 super
2369 2753 2542 2808 ubera
2568 2761 2671 2820 est,
2714 2771 2826 2808 non
2855 2753 2914 2807 in
2941 2750 3165 2807 lumbis.
3199 2751 3454 2807 Audiant
3491 2753 3542 2804 et
3568 2745 3617 2802 hi
3640 2741 3717 2818 qui

2154 2850 2442 2898 sectantur
2469 2841 2905 2906 immunditiam,
2932 2837 2990 2896 id
3018 2849 3122 2909 est,
3156 2841 3256 2915 qui
3278 2857 3391 2896 non
3409 2835 3607 2911 grande
3628 2852 3714 2912 puo

2152 2939 2277 2986 tant
2298 2949 2418 2986 esse
2439 2929 2672 2998 facinus,
2716 2931 2864 3002 quod
2895 2931 3016 2985 sine
3055 2930 3360 2985 concubitu
3400 2927 3562 2983 maris
3585 2931 3635 2980 et
3655 2921 3715 2978 fe-

2155 3021 2320 3076 minas
2357 3021 2414 3074 in
2445 3019 2679 3075 diversis
2721 3018 3010 3075 diabolicis
3065 3015 3556 3090 prostitutionibus
3580 3029 3712 3068 suam

544 2345 674 2398 CAP.
701 2345 864 2399 XLV.
889 2373 948 2383 —
968 2348 1219 2412 Qualiter
1239 2349 1472 2400 luxuria
1494 2353 1648 2400 curat
1669 2351 1998 2401 luxuriosos.

542 2451 881 2523 Plerumque
935 2452 1013 2515 hi,
1064 2470 1203 2526 quos
1250 2454 1366 2507 haec
1416 2452 1870 2508 immundissima
1913 2460 2076 2514 vexat

472 2539 676 2611 passio,
711 2546 904 2612 turpes
935 2549 992 2595 et
1033 2542 1346 2596 luxuriosos
1377 2543 1668 2614 proferunt
1697 2560 1982 2598 sermones
2019 2549 2076 2597 et

475 2627 648 2684 nimio
671 2625 917 2684 libidinis
948 2631 1148 2684 ardore
1169 2631 1421 2686 succensi
1451 2632 1523 2686 ad
1560 2632 1838 2704 speciosas
1879 2633 2075 2688 mulie-

476 2734 602 2771 rum
632 2717 839 2772 formas
860 2717 1180 2790 petulantes
1201 2720 1466 2789 ingerunt
1483 2721 1689 2786 oculos,
1718 2728 1774 2775 et
1789 2721 1937 2776 anxii
1967 2723 2073 2776 huc

472 2800 714 2877 illucque
735 2805 1084 2862 sollicitando
1106 2817 1412 2875 currentes,
1439 2811 1717 2880 quomodo
1739 2817 1794 2864 et
1823 2810 1914 2864 ubi
1939 2829 2073 2882 qua-

471 2889 711 2966 literque
755 2895 925 2950 etiam
973 2896 1031 2950 in
1075 2897 1490 2952 nefandissimis
1537 2899 1886 2966 criminibus,
1921 2898 2071 2972 quod

474 2982 641 3036 nimis
669 2989 833 3055 turpe
865 2989 950 3038 est
982 2985 1187 3053 dicere,
1220 3004 1377 3040 suam
1406 2987 1910 3042 immundissimam
1942 3005 2072 3060 pos-

473 3071 1165 3180 δίηξ,θκξ)¹θι’θ,ίίῐζίάίηεῖηι-
1383 3076 1600 3180 πεπυ
1837 3085 2070 3180 emta;
2093 3071 3380 3180 c5.3;.atbaaeaiiaasm,aqua
3403 3071 3720 3160 Mum

473 3160 734 3231 pretiosis
758 3179 816 3216 se
845 3161 1087 3216 induunt
1110 3162 1376 3231 vestibus,
1413 3171 1476 3218 ut
1519 3165 1696 3220 amari
1737 3167 1952 3238 possint
2003 3163 2072 3222 ab
2335 3160 2935 3270 ῌίξὲιῖιέωῖέΝθῶώ
2959 3160 3717 3266 ίωωαξιάίξθείωωυείροε,

472 3247 560 3304 his
589 3267 728 3355 quos
751 3250 809 3304 in
838 3269 940 3306 sua
969 3251 1195 3355 miseria
1233 3253 1470 3355 cupiunt
1507 3255 1807 3326 participes
1843 3255 2068 3322 habere,
2157 3283 2420 3342 sidebant
2449 3289 2502 3354 (Ῑ
2541 3287 2663 3340 θον,
2699 3299 2774 3352 η’
2817 3247 2916 3355 1‘0);
2951 3304 2972 3335 ,
2997 3289 3053 3338 et
3078 3247 3360 3340 rursum:
3390 3305 3414 3334 ε
3440 3247 3718 3336 ροηιίέειίο

473 3343 530 3392 et
558 3339 930 3442 quemn."un
961 3341 1232 3442 {iabouco
1264 3339 1430 3398 sumo
1460 3350 1516 3398 et
1561 3351 1763 3400 omam
1813 3350 2066 3417 Possunt”
2156 3381 2212 3431 et
2241 3376 2426 3432 omnis
2453 3339 2818 3430 immunditia
2864 3339 2966 3428 nec
2995 3373 3324 3428 nominetur
3352 3373 3411 3426 in
3433 3367 3576 3424 vobis
3589 3365 3716 3434 (Eph.

472 3444 602 3481 suas
631 3427 954 3484 demlorant
976 3429 1164 3485 faeies-
2172 3483 2226 3529 τ,
2243 3464 2350 3536 3).:
2372 3463 2569 3536 [Hier.]
2591 3463 2716 3518 Non
2748 3463 2900 3516 enim
2919 3460 3180 3526 diceret,¢
3201 3476 3428 3516 omnem
3457 3451 3720 3512 immundi-

475 3534 605 3588 CAP.
631 3536 820 3591 XLVI.
840 3569 904 3578 —
933 3540 1137 3606 Quibus
1166 3543 1331 3608 possit
1353 3543 1578 3594 indiciis
1622 3546 1870 3608 cognosci
1902 3545 2069 3596 lusu-

2153 3534 2352 3622 tiam,n
2375 3534 2482 3608 nisi
2503 3551 2736 3607 diversis
2757 3567 2823 3605 ex
2841 3549 3020 3606 modis
3046 3551 3294 3605 inﬂuxus
3323 3548 3546 3604 seminis
3572 3545 3716 3609 ﬁeret,

1175 3629 1368 3669 rwsus'
2151 3646 2312 3698 fieret
2330 3649 2388 3697 et
2407 3641 2793 3696 sordidissima
2816 3637 3066 3694 titillatio
3083 3639 3288 3694 carnis.
3309 3641 3493 3708 (ϐίω.)
3513 3633 3722 3691 Audiant

541 3716 750 3785 (Ci/Im)
773 3717 986 3780 QUibUS
1006 3724 1091 3772 est
1111 3719 1260 3772 enim
1276 3719 1390 3772 Vim
1412 3719 1695 3773 luxuriosa
1717 3719 2071 3790 θιὶωριιίιὶοει
2153 3732 2386 3787 Paulum
2416 3731 2730 3803 apostolum
2765 3725 3064 3794 dicentem,
3097 3746 3296 3782 omnes
3315 3727 3524 3800 pariter
3541 3722 3718 3780 adulte-

471 3803 795 3874 frequenter
822 3807 988 3860 verba
1016 3824 1155 3862 vana
1183 3812 1239 3860 et
1277 3808 1415 3860 falsa
1457 3816 1626 3878 atque
1669 3809 1954 3864 luxuriosa
1994 3810 2072 3863 lo-
2150 3823 2218 3888 ri,
2243 3821 2532 3887 luxuriosi,
2559 3819 2944 3885 fornicatores,
2971 3817 3269 3886 immundi,
3297 3817 3509 3882 molles,
3531 3828 3717 3868 mascu-

473 3900 741 3962 (Ιυυῐηυτη
774 3896 964 3964 vagari
997 3897 1184 3950 οευίοδ
1219 3913 1442 3967 semper
1462 3914 1562 3967 Pe"
1588 3897 1795 3952 formas
1820 3897 1994 3952 “lices
2015 3904 2072 3952 et
2151 3913 2332 3966 lorum
2362 3909 2767 3966 concubitores.
2801 3927 2827 3960 α
2850 3909 2976 3963 Non
3009 3907 3180 3974 enim,
3201 3907 3405 3979 inquit,
3430 3901 3715 3959 vocavitvos

471 3983 750 4051 speciosas
767 3984 1118 4053 permittunt,
1139 3986 1453 4055 pompatico
1467 3992 1521 4040 et
1543 3985 1863 4040 illecebroso
1873 4003 2068 4058 gressu
2150 4001 2300 4056 Deus
2312 3997 2368 4055 in
2382 3999 2745 4071 ignominiam
2757 3999 2854 4062 sed
2869 3995 2924 4051 in
2939 3993 3390 4062 sanctimoniam,
3403 4015 3427 4046 ι)
3451 3995 3626 4065 itaque
3637 3986 3714 4059 qui

474 4070 759 4136 incedunt»
791 4073 1072 4125 laSCiViam
1103 4072 1362 4143 δίιίευηῖ,
1404 4074 1692 4128 libidinem
1726 4081 1936 4140 amant:
1971 4093 2069 4131 ου·
2153 4070 3457 4161 haecspernitmonhominemspernit,sedDeum
3471 4075 3712 4156 quietiam

472 4157 764 4228 Piditatem
795 4161 1155 4230 aI’Plaiidlmi.
1182 4161 1351 4215 verba
1371 4161 1766 4233 militipiicanti
1783 4165 1928 4234 Silia?
1943 4181 2070 4218 θοη-
2151 4157 2596 4250 dedit—Spiritum
2617 4193 2780 4231 suum
2800 4157 3054 4230 sanctum
3070 4174 3126 4229 in
3139 4171 3538 4229 nobis.Etillud
3555 4189 3596 4222 εει
3610 4165 3716 4221 Hec

474 4247 845 4318 cupiscentias
869 4255 1174 4316 sectantur,
1207 4249 1535 4305 ebrietatem
1567 4251 1825 4322 diligunt,
1860 4253 1985 4308 lites
2016 4258 2072 4306 et
2153 4277 2256 4334 est,
2300 4247 2500 4340 inquit,
2533 4265 2793 4322 voluntas
2846 4266 2966 4332 Dei,
3013 4263 3384 4319 sanctiﬁcatio
3434 4265 3622 4322 vestra,
3665 4259 3715 4308 ut

475 4336 588 4391 ira“
605 4353 718 4391 “0n
735 4338 1001 4404 ἀθνίιδηίν
1029 4338 1320 4394 avaritiam
1339 4344 1395 4393 et
1416 4340 1820 4412 Philargyriam
1857 4357 1968 4396 ηοη
1991 4359 2073 4396 re“
2089 4398 2138 4422 η
2153 4336 2480 4413 abstinet-itis
2505 4374 2600 4410 vos
2638 4374 2673 4410 a
2701 4355 3088 4422 fornicatione,
3113 4363 3177 4409 ut
3203 4353 3346 4408 sciat
3365 4345 3715 4420 unusquisque

474 4425 714 4490 frenant,
745 4427 1086 4483 OtiOSita-tem
1120 4435 1330 4494 amant,
1362 4427 1521 4483 bonis
1553 4430 1800 4484 moribus
1831 4447 1944 4484 ηοη
1973 4431 2072 4485 (18-
2095 4425 2403 4500 Uvestrum
2432 4463 2526 4499 vas
2557 4463 2720 4499 suum
2748 4443 3031 4516 possidere
3050 4443 3108 4498 in
3133 4445 3346 4497 honore
3361 4448 3418 4496 et
3444 4435 3716 4494 sanctiﬁca-

469 4515 771 4582 _lectantur,
803 4516 951 4570 inter
979 4535 1073 4571 eos
1105 4518 1198 4589 qui
1243 4517 1312 4572 de
1340 4519 1597 4573 castitate
1633 4525 1691 4572 et
1729 4519 2074 4574 continentia
2156 4537 2326 4603 tione,
2365 4551 2478 4590 non
2499 4531 2558 4588 in
2575 4515 2834 4606 passiam
2858 4531 3144 4596 desiderii,
3164 4531 3314 4586 sicut
3333 4539 3390 4586 et
3407 4532 3717 4600 genm5,qua

476 4604 784 4672 loquuntur
807 4611 1013 4672 tacent,
1037 4607 1354 4678 scripturas
1375 4605 1697 4672 diVim‘Ssde
1719 4609 1830 4662 "ita
1851 4607 2070 4678 Ρυάίοίῑτ
2157 4625 2420 4695 ignorant
2444 4604 2624 4678 Deum
2659 4625 2705 4684 (Ι
2741 4622 2914 4676 Thess.
2962 4637 3029 4674 IV.
3069 4620 3118 4679 5)
3164 4640 3176 4686 ;
3217 4641 3242 4672 .n
3273 4626 3330 4674 et
3374 4616 3506 4672 illud
3532 4613 3584 4668 in
3611 4609 3718 4682 Epi—

475 4691 789 4759 fastidiunt,
823 4693 1074 4750 habitum
1105 4696 1426 4752 ordinatum
1457 4698 1918 4768 propositumque
1949 4713 2073 4752 con-

2157 4691 2302 4768 stola
2351 4711 2421 4766 ad
2470 4711 2734 4766 Hebraeos
2767 4730 2777 4764 :
2813 4728 2839 4761 ((
2879 4709 3099 4776 Pacem,
3133 4707 3335 4780 inquit,
3381 4699 3648 4760 sectamini
3673 4706 3719 4751 et

475 4781 792 4836 venientem
814 4788 928 4838 tam
947 4785 1273 4856 capillorum
1294 4801 1463 4856 quam
1484 4787 1720 4840 “suum
1742 4786 1887 4840 Sient
1917 4787 2076 4840 decet
2157 4801 2605 4863 sanctimoniam,
2641 4800 2760 4854 sine
2793 4815 2904 4870 qua
2931 4815 3096 4852 nemo
3125 4795 3334 4851 videbit
3359 4795 3530 4850 Deum
3561 4789 3714 4853 (Ilcbr.

477 4887 589 4927 non
633 4872 860 4938 habent,
909 4889 1133 4928 omnem
1181 4873 1597 4930 immunditiam
1633 4891 1745 4928 Ποῐὶ
1801 4875 2069 4942 ἀθνίῐθιηίῑε
2158 4889 2485 4960 vn,l4).Hic
2505 4906 2726 4960 quoque
2755 4873 3042 4942 evidenter
3059 4879 3716 4950 sinesanctimonia,quam

477 4962 574 5016 sed
604 4967 815 5016 amant-
2155 4981 2297 5034 solet
2316 4979 2696 5050 integritatem
2719 4977 2924 5032 mentis
2943 4976 3028 5031 vel
3055 4975 3358 5047 puritatem
3378 4967 3612 5041 corporis
3635 4978 3718 5032 ap-

477 5067 606 5122 CAP.
643 5069 858 5126 XLVII.
892 5101 958 5110 —
1017 5069 1320 5138 Increpatio
1367 5072 1627 5124 adversus
1667 5073 1979 5124 luriu'iosos
2025 5076 2074 5123 et
2155 5056 2780 5142 pellare,pronuntiavit
2799 5064 2976 5120 Deum
3011 5064 3234 5136 penitus
3248 5059 3416 5115 videri
3439 5074 3543 5111 non
3563 5065 3716 5125 posse-

1087 5145 1212 5209 forn
1223 5144 1467 5195 iccttores.

2160 5159 2206 5212 si
2239 5157 2467 5229 quidem
2499 5162 2556 5210 et
2584 5155 2673 5210 hic
2703 5153 2964 5210 similiter
3010 5153 3198 5219 infert,
3232 5147 3486 5206 eumdem
3513 5152 3716 5229 sensum

547 5248 796 5302 Audiant
821 5247 1091 5302 luxuriosi
1123 5247 1219 5320 qui
1263 5249 1544 5302 carnalem
1589 5253 1878 5303 sectantur
1922 5245 2080 5304 luxu-
2159 5243 2588 5317 explanans,Ne
2604 5243 2729 5314 quis
2745 5243 3068 5306 fornicator,
3094 5227 3714 5328 autprofanusmtnlisqu-

477 5333 618 5388 riam
648 5336 882 5392 Paulum
903 5338 1216 5408 apostolum
1247 5337 1577 5391 terribiliter
1607 5337 2071 5392 comminantem:
2157 5335 2406 5389 Audiant
2422 5333 2600 5405 hi-qui
2623 5350 2734 5387 non
2756 5329 2941 5385 carnis
2961 5330 3314 5418 corruptione
3334 5325 3428 5380 sed
3441 5318 3612 5418 cordis
3637 5315 3716 5409 de-

483 5443 504 5472 ι
533 5421 725 5496 Neque
737 5423 1118 5492 fornicatores,
1145 5426 1346 5500 inquit,
1363 5427 1721 5498 nequeidolis
1746 5433 2072 5491 servientes,
2159 5423 2442 5497 linquunt,
2475 5420 2815 5478 sententiam
2839 5419 3019 5476 sancti
3046 5417 3236 5474 Basilii
3259 5414 3593 5472 Cesariensis
3621 5417 3715 5472 θρι-

480 5523 661 5579 neque
693 5513 906 5578 molles,
937 5531 1120 5585 neque
1149 5515 1528 5570 masculorum
1557 5515 1960 5580 concubitores,
1991 5532 2084 5569 ne-
2166 5514 2336 5586 scepi.
2383 5511 2675 5568 Mulierem
2735 5509 2920 5582 inquit
2953 5507 3170 5580 ignoro,
3203 5513 3259 5561 et
3285 5505 3432 5576 virgo
3462 5505 3706 5592 neniam!

479 5612 587 5669 que
619 5599 789 5666 ﬂues,
823 5617 1004 5674 neque
1029 5584 1206 5669 avari,
1231 5620 1412 5675 neque
1433 5601 1659 5674 ebriosi,
1695 5621 1877 5677 neque
1913 5601 2084 5659 male-
2165 5584 2623 5672 ubi'intelligitur
2648 5616 2762 5655 non
2791 5601 2910 5655 tam
2942 5597 3002 5654 in
3032 5595 3295 5652 mulieres
3321 5608 3436 5649 esse
3465 5584 3711 5642 abstinen-
