3982 6158
229 336 374 394 1373
1188 338 1283 392 DE
1318 337 1538 393 VITIIS
1577 339 1665 394 ET
1702 339 1828 394 VIR

1912 340 2155 396 lTIBUS.
2183 378 2245 387 —
2281 340 2418 394 LIB.
2461 341 2560 396 III.
3343 295 3505 398 .1374

218 463 383 529 tiam,
407 478 578 535 quam
597 462 980 534 integritatem
998 463 1198 531 cordis,
1223 463 1380 519 unde‘
1393 468 1451 518 et
1469 464 1819 536 Augustinus
1838 467 1887 526 A
1909 472 1968 520 et
2003 466 2407 536 przemeditatio
2446 466 2660 532 mortis,
2700 466 2930 538 diesque
2958 467 3288 522 tremendus
3331 467 3506 522 futuri

221 552 516 624 episcopus
544 571 554 604 :
588 551 880 624 virginitas
909 553 1116 618 carnis,
1150 569 1353 626 corpus
1380 552 1676 619 intactum,
1713 554 1825 606 vir-
1902 555 2119 626 judicii,
2153 555 2248 608 sed
2271 561 2326 608 et
2348 573 2446 626 pro
2469 555 2817 610 absolutione
2845 557 3254 626 praeteritorum
3275 556 3506 612 delicto-

217 641 433 712 ginitas
460 641 662 696 animae
695 643 831 697 iides
873 642 1216 715 incorrupta.

222 748 356 802 CAP.
376 747 619 804 XLVIII.
646 777 709 788 -—
752 750 1005 806 Remedia
1065 755 1257 804 contra
1283 751 1539 804 morbum
1585 753 1826 805 luxuria:

296 835 362 872 ac
405 821 813 891 fornicationis,
869 823 1234 891 omniumque
1271 823 1695 876 immundorum
1737 837 1825 874 ne-

297 890 706 961 fandorumque
736 893 1064 945 criminum.

289 995 484 1064 (Casa)
504 996 715 1068 Duplex
747 1014 990 1070 namque
1013 999 1356 1069 oppugnatio
1384 1005 1470 1054 est
1503 999 1822 1054 fornicatio-

225 1083 315 1140 nis
344 1089 513 1158 atque
537 1085 792 1150 luxuria),
819 1092 1036 1144 armata
1059 1088 1190 1142 vitio
1221 1105 1561 1158 consurgens
1590 1089 1657 1142 ad
1690 1106 1826 1159 pra:-

222 1173 386 1238 lium,
410 1178 466 1227 et
487 1173 689 1228 idcirco
709 1175 968 1230 Similiter
986 1177 1036 1229 ei
1057 1176 1286 1245 gemina
1313 1182 1398 1230 est
1419 1177 1536 1232 acie
1559 1177 1824 1232 resisten-

224 1261 384 1325 dum,
409 1262 455 1315 si
485 1262 709 1333 quidem
739 1269 803 1316 ut
829 1264 1022 1318 morbo
1053 1265 1236 1318 carnis
1268 1265 1578 1336 animaeque
1598 1283 1825 1323 concre-

223 1357 348 1405 tum
369 1350 520 1405 virus
538 1352 795 1422 acquirit,
819 1353 898 1406 ita
920 1353 1026 1407 nis1
1053 1354 1305 1424 utrisque
1332 1354 1542 1425 pariter
1561 1354 1828 1408 dimican-

225 1439 378 1494 tibus
407 1448 649 1511 nequeat
667 1441 906 1513 [nequit]
924 1441 1210 1496 debellari.
1234 1442 1348 1497 Nec
1377 1444 1527 1497 enim
1550 1443 1754 1497 sufficit
1775 1444 1825 1496 ei

226 1529 326 1602 qui
378 1529 448 1584 ab
488 1531 592 1584 hoc
632 1530 1080 1588 immundissimo
1133 1532 1267 1586 vitio
1317 1533 1600 1586 desiderat
1639 1533 1826 1587 sanari

1907 661 2054 711 rum,
2078 651 2135 698 et
2162 662 2262 715 pro
2278 645 2638 716 adipiscenda
2663 653 2936 716 perpetua
2957 646 3158 700 mentis
3180 651 3237 698 et
3259 646 3504 716 corporis

1908 733 2150 804 puritate
2165 735 2402 787 multum
2414 734 2642 804 adjuvat
2656 735 3139 805 eleemosynarum
3153 735 3246 806 pia
3261 734 3502 804 largitio,

1907 827 1964 876 et
1992 822 2138 893 quod
2172 821 2353 891 majus
2385 827 2486 886 est,
2521 823 2667 876 hunc
2705 821 3220 877 immundissimum
3263 821 3504 877 fornica-

1905 911 2074 964 tionis
2099 909 2380 982 spiritum,
2417 909 2568 964 omni
2594 912 2798 966 mentis
2828 911 3137 965 intentione
3166 929 3279 965 non
3300 911 3506 966 nostris

1905 997 2114 1054 viribus
2147 997 2489 1054 confidentes
2518 1001 2812 1054 credamus
2842 1017 2941 1054 nos
2971 1017 3290 1070 expugnare
3322 1017 3500 1072 posse,

1907 1089 2010 1142 hoc
2037 1089 2185 1142 enim
2213 1089 2478 1160 perficere
2500 1089 2777 1143 ludastria
2806 1089 3055 1144 humana
3087 1105 3198 1143 non
3219 1090 3499 1160 prie-valet,

1908 1179 2001 1232 sed
2037 1175 2328 1249 opitulatio
2361 1185 2416 1231 et
2441 1177 2822 1232 misericordia
2851 1177 3092 1244 Domini,
3117 1195 3216 1232 nec
3239 1177 3427 1232 labore
3451 1183 3508 1230 et

1909 1267 2091 1320 studio
2125 1266 2348 1338 proprio
2378 1267 2664 1320 victoriam
2694 1263 2944 1321 obtinere
2987 1283 3087 1320 nos
3117 1285 3278 1338 posse
3308 1268 3504 1321 creda-

1910 1371 2052 1418 mus,
2098 1354 2204 1410 nisi
2249 1355 2520 1409 fuerimus
2571 1355 2756 1409 divino
2799 1356 3002 1410 auxilio
3050 1371 3134 1410 ac.
3158 1357 3503 1427 protectione

1908 1445 2142 1512 suil‘ulti,
2174 1443 2517 1516 impossibile
2549 1449 2634 1498 est
2666 1443 2816 1498 enim
2850 1445 3132 1499 hominem
3165 1446 3300 1512 suis,
3333 1453 3397 1500 ut
3426 1446 3506 1499 ita

1909 1531 2163 1600 dixerim,
2199 1533 2396 1604 pennis
2427 1533 2496 1586 ad
2517 1544 2632 1586 tam
2655 1533 2981 1604 praecelsum
3010 1533 3343 1604 molesteque
3371 1553 3506 1607 pra:-

225 1620 411 1676 solum
448 1621 735 1694 corporale
773 1621 1074 1692 jejunium,
1117 1621 1225 1677 nisi
1254 1622 1531 1693 praecedat
1567 1621 1828 1677 contritio
1913 1623 2088 1676 mium
2117 1619 2426 1688 subvolare,
2460 1621 2566 1675 nisi
2597 1639 2722 1676 eum
2751 1623 2937 1693 gratia
2965 1623 3064 1677 Dei
3091 1623 3159 1676 de
3193 1628 3356 1676 terrae
3387 1619 3506 1678 luto

224 1709 460 1780 spiritus
481 1713 539 1764 et
565 1709 762 1772 oratio,
789 1715 846 1764 et
873 1711 1140 1766 continua
1166 1717 1488 1766 sanctarum
1519 1710 1830 1781 Scriptura—
1911 1716 1968 1765 et
1993 1728 2150 1766 coeno
2171 1727 2403 1766 munere
2431 1711 2705 1766 castitatis
2734 1712 3004 1766 eduxerit.
3040 1711 3410 1783 Quapmpter,
3445 1717 3508 1765 ut

225 1815 356 1852 rum
385 1799 799 1868 meditatio;sed
819 1806 877 1854 et
887 1800 1156 1870 spiritalis
1181 1800 1551 1871 intelligentia
1573 1805 1629 1854 et
1651 1800 1827 1854 scien-
1842 1789 1888 1847 Β
1910 1807 2110 1854 cuncta
2127 1799 2296 1871 hujus
2318 1799 2495 1854 morbi
2513 1799 2762 1854 remedia
2781 1797 3024 1854 breviter
3042 1801 3303 1870 replicem
3321 1818 3332 1852 :
3349 1815 3508 1871 opor-

225 1887 310 1942 tia
339 1888 408 1942 ad
439 1889 899 1962 expurgationem
927 1887 1096 1960 hujus
1125 1889 1518 1962 impurissime:
1553 1887 1826 1961 passionis

225 1977 536 2052 plurimum
557 1978 801 2049 prodest,
815 1977 974 2032 labor
998 1979 1170 2034 etiam
1188 1995 1440 2050 opusque
1463 1994 1731 2034 manuum
1756 1978 1826 2032 ad

225 2065 401 2136 hujus
434 2065 551 2120 vitii
580 2066 1013 2122 refrenationem
1063 2067 1272 2138 Optime
1317 2068 1567 2138 adjuvat,
1602 2073 1658 2122 et
1696 2074 1826 2124 ante

226 2154 424 2209 omnia
451 2155 738 2212 humilitas
754 2173 902 2222 vera,
929 2157 1049 2210 sine
1077 2174 1188 2228 qua
1217 2157 1425 2212 nullius
1454 2156 1573 2210 vitii
1604 2156 1827 2228 penitus

222 2244 439 2314 poterit
465 2261 714 2316 unquam
744 2245 1064 2316 triumphus
1101 2245 1333 2318 acquiri,
1368 2262 1588 2302 summo
1617 2246 1827 2302 etenim

224 2333 419 2386 studio
438 2333 508 2387 ad
535 2335 911 2390 excoctionem
935 2335 1095 2390 istius
1123 2334 1300 2389 morbi
1323 2334 1668 2406 parcimonia
1682 2335 1828 2404 jeju-

224 2421 458 2475 niorum
487 2423 751 2478 sectanda
778 2429 862 2478 est
903 2441 914 2476 :
950 2440 1019 2478 ne
1056 2439 1310 2477 escarum
1349 2422 1694 2478 abundantia
1737 2439 1827 2476 re-

223 2509 377 2564 fecta
396 2527 522 2564 caro
548 2517 821 2566 rectorem
836 2529 1001 2568 suum
1013 2512 1274 2583 spiritum
1297 2512 1542 2582 dejiciat.
1562 2511 1662 2566 Hic
1678 2511 1828 2568 enim

225 2598 461 2653 morbus
489 2617 616 2654 cum
645 2602 894 2672 corporis
922 2599 1223 2656 afilictione
1253 2607 1310 2655 et
1337 2601 1670 2656 contritione
1703 2617 1826 2655 cor-

225 2687 318 2741 dis
345 2687 642 2743 solitudine
661 2706 882 2762 quoque
907 2707 971 2744 ac
993 2690 1299 2744 remotione
1319 2689 1550 2758 indiget,
1571 2696 1634 2743 ut
1653 2688 1829 2760 possit

227 2777 300 2832 ad
313 2776 596 2847 integrum
611 2779 868 2834 sanitatis
884 2785 1093 2832 statum
1109 2778 1421 2850 perniciosa
1434 2784 1672 2833 aestuum
1687 2775 1828 2832 febri

229 2866 490 2937 deposita
517 2868 824 2938 pervenire.
845 2869 1018 2922 Valde
1044 2869 1194 2923 enim
1223 2867 1450 2922 noxium
1482 2873 1582 2932 est,
1607 2867 1666 2922 in
1695 2884 1828 2925 ocu-

230 2954 418 3009 lorum
472 2955 870 3011 fornicatorum
926 2956 1232 3024 obtutibus,
1289 2957 1566 3030 speciosas
1623 2954 1828 3012 habere

1909 1893 1991 1945 tet
2009 1907 2158 1956 eum,
2191 1890 2288 1961 qui
2310 1887 2378 1944 ab
2407 1891 2510 1943 hac
2536 1890 2798 1960 pestifera
2819 1889 3134 1944 valetudine
3157 1891 3275 1944 vult
3299 1889 3503 1956 curari,

1908 1980 2186 2052 imprimis
2199 1977 2578 2034 indesinenter
2603 1978 2886 2033 nocturnis
2902 1985 2957 2032 et
2967 1979 3248 2033 diuturnis
3260 1975 3518 2050 precibus

1909 2083 1942 2122 a
1961 2069 2199 2123 Domino
2222 2085 2280 2122 se
2302 2068 2544 2138 postulet
2561 2067 2810 2138 purgari,
2827 2065 3159 2140 vigiliisque,
3176 2065 3507 2122 lectionibus

1909 2155 2080 2212 sacris
2111 2155 2534 2228 scripturarum,
2568 2156 3045 2223 meditationibus,
3079 2155 3506 2228 compunctione

1909 2231 2136 2314 scilicet,
2183 2245 2518 2300 contritione
2559 2247 2742 2300 cordis
2783 2253 2840 2300 et
2877 2245 3126 2318 corporis
3173 2243 3501 2311 remotione,

1909 2352 2179 2390 manuum
2208 2334 2550 2406 operatione,
2586 2341 2754 2405 atque
2785 2333 3060 2388 indefesso
3083 2333 3303 2406 jejunio
3323 2333 3506 2406 pervi-

1907 2426 2062 2496 gilet.
2091 2423 2211 2479 Huc
2239 2439 2416 2496 usque
2447 2439 2511 2477 eo
2532 2439 2640 2494 quo
2659 2425 2835 2478 sancti
2868 2423 3229 2479 ecclesiarum
3251 2425 3352 2479 Dei
3381 2423 3507 2480 doc-

1911 2523 2061 2569 tores
2111 2520 2233 2568 octo
2282 2511 2612 2585 principalia
2671 2513 2802 2567 vitia
2853 2513 3287 2586 descripserunt,
3339 2519 3507 2589 prout

1909 2601 2180 2676 exiguitas
2203 2618 2400 2657 sensus
2427 2601 2834 2673 nostri'potult,
2865 2601 3135 2672 largiente
3157 2601 3414 2670 Domino,
3439 2621 3503 2656 ex

1909 2693 2256 2748 diversorum
2295 2699 2517 2763 patrum
2561 2691 2755 2746 edictis
2797 2692 2865 2745 de
2910 2692 3144 2761 origine,
3188 2689 3498 2756 vexatione,

1910 2782 2150 2848 indiciis,
2171 2781 2650 2852 increpationibus
2669 2781 3044 2852 remediisque
3066 2781 3391 2836 eorumdem
3423 2779 3505 2834 vi-

1909 2870 2118 2924 tiorum
2138 2887 2315 2942 pauca
2343 2871 2718 2941 excerpsimus
2738 2870 3080 2934 testimonia,
3106 2885 3254 2923 nunc
3285 2884 3506 2940 quoque

1911 2965 2086 3015 restat
2117 2967 2181 3015 ut
2210 2961 2518 3018 secundum
2546 2959 2907 3015 traditionem
2935 2964 3259 3014 sanctorum
3275 2959 3508 3012 Patrum

229 3043 462 3110 formas,
495 3051 554 3100 et
578 3062 691 3100 non
724 3047 906 3102 solum
931 3046 1230 3117 speciosas,
1262 3063 1456 3100 verum
1487 3045 1657 3100 etiam
1697 3063 1829 3116 qua-
1853 3108 1889 3124 n
1912 3051 2302 3122 Egyptiorum
2320 3047 2806 3120 Orientaliumque
2823 3049 3018 3104 eadem
3031 3048 3182 3112 vitia,
3199 3063 3507 3118 eorumque

230 3133 539 3204 lescunque
574 3133 672 3188 ubi
701 3135 995 3190 fornicatio
1026 3141 1125 3190 aut
1165 3135 1549 3190 fornicationis
1586 3135 1826 3206 suspicio

229 3240 358 3278 esse
395 3231 600 3296 potest.
643 3223 846 3296 (Hicin)
872 3225 1044 3280 David
1078 3225 1230 3280 enim
1274 3230 1520 3290 sanctus,
1553 3230 1610 3278 et
1639 3240 1833 3280 secun-

229 3313 370 3367 dum
399 3329 496 3368 cor
523 3313 746 3368 Domini
774 3315 1002 3380 electus,
1045 3313 1335 3370 Bersabeae
1366 3319 1562 3385 captus
1601 3318 1685 3370 est
1733 3329 1832 3368 nu-

229 3401 432 3467 ditate,
482 3409 824 3478 quapropter
877 3404 1154 3460 adulterio
1214 3403 1404 3475 junxit
1448 3401 1829 3456 homicidium.

230 3490 503 3546 Salomon
533 3491 681 3548 enim
719 3493 868 3564 quod
897 3493 1077 3548 noluit
1115 3492 1374 3546 recedere
1415 3508 1449 3545 a
1484 3490 1830 3556 mulieribus,

228 3580 472 3658 recessit
496 3597 528 3634 a
557 3580 814 3648 Domino,
851 3587 910 3636 et
947 3599 1016 3636 ne
1045 3579 1248 3652 aliquis
1285 3581 1352 3634 de
1384 3579 1673 3649 sanguinis
1703 3595 1833 3650 pro-

227 3669 552 3740 pinquitate
597 3671 859 3735 coniidat,
916 3671 974 3725 in
1026 3671 1284 3724 illicitum
1343 3670 1587 3724 Thamar
1629 3667 1836 3724 sororis

225 3759 480 3814 Ammon
500 3758 673 3814 frater
696 3760 903 3814 exarsit
929 3759 1267 3814 incendium.
1289 3761 1478 3828 (Ua.ss.)
1495 3757 1668 3812 Valde
1686 3755 1836 3810 enim

227 3847 466 3920 prodest
475 3847 546 3902 ad
562 3848 1031 3919 exstinguendum
1044 3846 1428 3903 fornicationis
1443 3845 1703 3901 ardorem
1718 3846 1835 3900 lon-

222 3952 305 4006 ge
317 3936 579 3991 recedere
588 3936 659 3991 ab
670 3937 757 3992 his
779 3955 1018 4010 quorum
1034 3943 1292 4008 aspectus
1314 3953 1413 3991 nos
1431 3935 1759 4008 pertrahere
1779 3942 1836 3990 et

225 4041 536 4098 provocare
547 4032 731 4096 potest
738 4027 809 4082 ad
821 4027 1249 4082 incitamentum
1263 4021 1672 4080 libidiniszillud
1684 4021 1834 4078 enim

227 4114 502 4189 primitus
534 4114 872 4190 expiandum
901 4121 1004 4184 est,
1042 4116 1190 4171 unde
1220 4115 1344 4172 fons
1373 4115 1497 4169 vitae
1526 4113 1835 4184 mortisque

230 4218 473 4257 manare
516 4204 889 4274 cognoscitur,
926 4204 1144 4258 dicente
1200 4205 1496 4260 Salomone
1537 4223 1548 4258 :
1598 4217 1623 4250 ((
1670 4204 1837 4261 Omni

228 4291 494 4346 custodia
526 4309 687 4346 serva
724 4309 820 4347 cor
857 4298 1018 4348 tuum
1049 4296 1229 4360 (Prov.
1277 4311 1349 4360 iv,
1401 4293 1521 4365 ‘23);
1567 4315 1593 4350 »
1637 4297 1836 4354 exinde

227 4379 392 4436 enim
417 4381 727 4452 procedunt
749 4380 1113 4454 cogitationes
1143 4382 1457 4443 luxuriosae,
1483 4385 1701 4442 dicente
1730 4388 1837 4442 Do-

1914 3139 2188 3206 ordinem,
2234 3145 2298 3193 ut
2332 3139 2605 3194 bonorum
2636 3138 2888 3192 omnium
2917 3143 3114 3190 auctor
3141 3137 3276 3190 dare
3305 3135 3506 3206 digna-

1914 3228 2084 3294 bitur,
2117 3227 2356 3283 breviter
2378 3227 2655 3298 carpendo
2685 3242 3110 3298 prosequamur.

1916 3371 2044 3425 CAP.
2068 3370 2260 3426 XLIX.
2286 3401 2351 3410 —
2375 3372 2446 3424 De
2473 3371 2876 3437 gastrimargz’a
2905 3375 3329 3437 caeterorumque
3349 3371 3512 3438 prin-

2210 3462 2477 3528 cipalium
2506 3459 2771 3512 vitiorum
2801 3459 3206 3525 rrcapz'tulatio.

1995 3586 2106 3652 (σει.
2128 3587 2180 3650 :.)
2213 3581 2622 3652 Gastrimargia
2645 3597 2843 3652 graece,
2868 3581 3039 3636 latine
3061 3579 3511 3652 concupiscentia

1915 3675 2080 3742 gulae,
2097 3673 2210 3726 sive
2227 3672 2500 3741 ingluvies
2519 3672 2726 3726 ventris
2742 3669 2965 3726 dicitur.
2988 3672 3081 3725 Est
3098 3671 3248 3724 enim
3265 3670 3512 3740 primum

1917 3761 2204 3833 corporale
2225 3767 2531 3831 peccatum,
2566 3777 2665 3830 per
2693 3760 2839 3832 quod
2874 3759 3041 3831 primi
3071 3759 3326 3814 homines
3347 3759 3509 3827 ejecti

1917 3857 2050 3906 sunt
2077 3851 2145 3904 de
2175 3849 2442 3904 Paradiso
2465 3855 2521 3902 et
2545 3865 2644 3919 per
2669 3849 2814 3919 quod
2847 3847 2990 3904 Esau
3017 3848 3391 3920 primogenita
3411 3865 3516 3904 sua

1917 3939 2166 3994 vendidit
2183 3938 2621 4010 concupiscendo
2651 3937 2992 4002 lenticulam,
3016 3938 3118 3992 hoc
3146 3937 3297 3992 enim
3317 3936 3512 3992 vitium

1916 4029 2097 4083 tribus
2115 4027 2294 4082 modis
2319 4027 2537 4082 videtur
2557 4043 2791 4097 regnare
2816 4027 2873 4079 in
2894 4026 3140 4090 homine,
3157 4027 3214 4080 id
3237 4032 3323 4080 est
3345 4045 3356 4078 :
3376 4026 3511 4082 dum

1917 4117 2086 4171 homo
2101 4133 2210 4171 non
2222 4115 2572 4182 necessitate,
2588 4115 2684 4168 sed
2695 4115 2840 4186 gula:
2859 4115 3309 4186 concupiscentia
3320 4115 3514 4170 antici-

1918 4223 2053 4278 pare
2067 4205 2221 4276 cupit
2240 4211 2509 4260 statutam
2534 4201 2846 4258 refectionis
2867 4203 3062 4256 horam
3083 4204 3356 4268 ;secundo
3376 4204 3509 4258 dum

1918 4293 2312 4348 tantummodo
2355 4293 2565 4346 ventris
2601 4290 2846 4362 ingluvie
2883 4297 2941 4344 et
2979 4291 3274 4345 saturitate
3311 4291 3513 4362 quibus

1919 4383 2288 4454 qualibusque
2308 4381 2448 4436 escis
2471 4397 2706 4435 onerare
2730 4379 3015 4434 desiderat
3032 4385 3313 4444 ventrem;
3344 4379 3512 4432 tertio

223 4469 390 4523 mino
421 4489 436 4524 :
473 4490 495 4520 ι
541 4470 622 4524 De
667 4471 833 4525 corde
879 4471 1031 4526 enim
1068 4476 1274 4525 exeunt
1301 4473 1608 4544 cogitiones
1643 4477 1821 4542 malae,
1851 4461 3366 4542 Ddumpretiosioribusaccuratioribusqueoblectatur
3381 4484 3534 4542 epu-I

221 4557 555 4624 homicidia,
591 4559 887 4626 adulteria,
907 4559 1323 4624 fornicationes,
1355 4567 1459 4616 etc.
1485 4564 1702 4634 (Matth.
1735 4581 1828 4634 xv,

223 4644 341 4721 i9),
371 4668 392 4696 α
428 4647 524 4701 sed
555 4653 611 4702 et
649 4648 745 4718 qui
782 4647 1023 4719 pleniter
1055 4649 1170 4702 vult
1199 4650 1615 4720 suggestionem
1660 4653 1830 4724 hujus

214 4735 519 4791 diabolicae
547 4735 866 4791 calliditatis
892 4737 1263 4808 exstinguere,
1299 4739 1546 4809 primum
1576 4743 1832 4811 recorda-

211 4826 441 4881 tionem
470 4826 724 4882 omnium
749 4825 1086 4884 feminarum
1123 4826 1193 4880 de
1221 4827 1387 4882 corde
1416 4846 1518 4886 suo
1548 4832 1827 4902 expellere

211 4914 474 4980 festinet,
504 4931 812 4986 earumque
841 4915 1185 4970 consortium
1229 4915 1654 4990 quibuscunque
1692 4938 1826 4976 con-

208 5001 380 5074 gruis
411 5002 592 5058 modis
625 5008 809 5074 potest
854 5003 1104 5074 effugiat.
1148 5005 1306 5060 Unde
1355 5012 1411 5060 et
1463 5007 1827 5066 beatissimus

209 5091 461 5145 antistes
484 5089 814 5146 Ambrosius
843 5091 992 5146 inter
1010 5098 1212 5148 caetera
1235 5093 1333 5159 ait,
1366 5095 1412 5148 si
1442 5095 1738 5152 intraveris
1767 5099 1826 5152 in

205 5179 516 5233 castellum
537 5195 607 5234 ne
636 5182 1049 5252 apprOpinques
1071 5182 1401 5238 mulieribus
1426 5190 1484 5237 et
1503 5201 1614 5240 non
1630 5186 1824 5242 demo-

209 5268 366 5322 reris
397 5268 456 5322 in
494 5269 844 5323 sermonibus
885 5271 1032 5342 apud
1063 5271 1239 5338 illam,
1273 5273 1553 5342 quomodo
1584 5273 1731 5328 enim
1777 5275 1824 5328 si

209 5357 350 5432 quis
399 5356 673 5426 deglutiat
708 5359 960 5424 hamum,
1005 5359 1085 5414 sic
1123 5360 1432 5414 attrahitur
1471 5361 1662 5416 anima
1704 5369 1820 5417 tua.

205 5446 271 5502 Ν
274 5461 368 5500 am
391 5452 449 5499 et
463 5445 672 5516 optime
686 5447 848 5517 juvat
861 5447 932 5502 ad
961 5448 1424 5518 exstinguendam
1443 5449 1825 5506 fornicationis

206 5535 512 5588 ﬂammam
537 5535 848 5588 recordatio
869 5541 1154 5607 perpetua
1169 5538 1545 5594 damnationis
1566 5538 1823 5610 ignisque

203 5622 419 5678 aeterni
436 5628 506 5683 .et
536 5624 950 5694 praeteritorum
985 5627 1386 5682 rememoratio
1420 5629 1694 5684 scelerum
1722 5644 1822 5685 seu

1913 4561 2000 4616 lis.
2032 4562 2240 4614 Contra
2268 4560 2410 4614 hanc
2441 4558 2751 4613 triformem
2781 4557 3016 4622 rabiem,
3048 4555 3320 4610 triformis
3350 4557 3510 4612 adbi-

1911 4648 2096 4704 benda
2115 4655 2201 4702 est
2219 4648 2453 4711 curatio,
2475 4647 2531 4700 id
2552 4653 2656 4710 est,
2675 4652 2739 4701 ut
2753 4647 2998 4719 primum
3019 4652 3272 4716 expectet
3289 4650 3513 4716 tempus

1912 4737 2228 4792 refectionis
2262 4736 2596 4806 legitimum.
2619 4736 2863 4806 Tempus
2892 4735 3043 4789 enim
3073 4734 3379 4789 Christiani
3411 4735 3512 4790 ho-

1913 4827 2079 4882 minis
2101 4826 2414 4897 legitimum
2445 4825 2785 4891 refectionis,
2816 4824 2924 4880 nisi
2955 4841 3054 4896 pro
3083 4823 3333 4895 corporis
3353 4823 3512 4880 infir-

1911 4916 2126 4984 mitate,
2146 4921 2276 4970 ante
2297 4917 2494 4970 horam
2517 4914 2628 4968 diei
2649 4914 2875 4968 tertiam
2894 4913 3230 4969 auctoritate
3245 4913 3514 4966 canonica

1908 5021 2021 5060 non
2051 5011 2136 5059 est
2161 5009 2438 5059 statutum
2461 5004 2559 5058 sed
2587 5002 2952 5076 prohibitum.
2979 5003 3224 5058 secundo
3254 5006 3319 5055 ut
3342 5001 3514 5055 etiam

1908 5095 2044 5167 ipsis
2073 5095 2160 5165 [de
2198 5094 2357 5166 ipsis]
2388 5093 2676 5147 vilioribus
2721 5092 2879 5157 cibis,
2915 5109 3026 5146 non
3069 5108 3170 5162 pro
3210 5090 3509 5156 desiderio,

1908 5185 2006 5240 sed
2035 5201 2137 5254 pro
2160 5183 2490 5238 necessitate
2511 5187 2568 5236 et
2589 5183 2998 5237 sustentatione
3020 5181 3271 5252 corporis
3299 5184 3506 5234 sumat.

1908 5276 2036 5345 Ipsa
2047 5274 2197 5328 enim
2212 5290 2359 5344 aqua
2369 5273 2588 5343 cibique
2604 5271 2856 5326 vilissimi
2877 5270 2923 5325 si
2942 5287 3041 5340 pro
3054 5269 3332 5323 desiderio
3343 5267 3509 5338 gulae,

1907 5368 1965 5416 et
1994 5379 2108 5418 non
2130 5380 2230 5434 pro
2256 5362 2588 5418 necessitate
2623 5359 2871 5431 corporis
2905 5364 3286 5424 assumantur,
3319 5375 3512 5428 pecca-

1905 5457 2028 5506 tum
2041 5451 2450 5522 gastrimargiae
2467 5467 2532 5505 ex
2545 5449 2745 5503 divinis
2757 5449 3162 5519 scripturarum
3177 5446 3516 5502 testimoniis

1907 5557 2027 5596 esse
2072 5540 2444 5611 cognoscitur.
2491 5539 2679 5594 Tertio
2731 5543 2793 5592 ut
2848 5536 3331 5609 qualibuscunque
3375 5535 3515 5592 escis

1902 5628 2298 5700 vilioribusque
2327 5634 2624 5683 contentus
2660 5628 2752 5694 sit,
2785 5628 2884 5681 sed
2921 5632 2978 5681 et
3019 5643 3121 5697 per
3161 5625 3505 5682 orationem:
