3982 6158
584 219 719 276 1375

1166 221 1228 276 Β.
1270 220 1542 276 RABANI
1581 221 1812 277 MAURI
1855 222 2192 280 ARCHIEP.

2234 226 2560 285 MOGUNT.
2602 217 2901 286 OPERUM
2949 230 3130 286 PARS
3165 231 3259 287 III.
3631 239 3732 296 137s

545 344 846 414 jejunium,
879 344 1300 412 abstinentiam,
1347 345 1852 420 assiduitatemque
1893 355 2216 420 quorum-A
2237 353 2564 410 recordetur
2590 355 2802 410 dictum
2841 373 2898 410 ει
2953 354 3248 422 Habentes,
3286 357 3463 428 inquit,
3499 362 3666 416 vietum
3693 372 3735 418 et

553 431 690 488 libet
717 449 950 505 operum
981 432 1278 500 bonorum,
1312 435 1419 489 hoc
1448 435 1825 491 miserrimum
1856 442 2160 509 superatur

555 521 771 576 vitium.

929 611 1060 666 CAP.
1093 613 1156 667 L.
1192 643 1258 652 —
1287 614 1362 668 De
1389 617 1780 684 fornicatione.

623 737 802 804 (Isid.)
842 736 1158 792 Fornicatio
1198 744 1284 793 est
1329 739 1512 794 omnis
1561 739 1856 796 immunda
1895 741 2152 812 pollutio.

550 825 743 880 Prima
757 825 1140 882 fornicationis
1161 828 1449 884 oculorum
1470 829 1584 884 tela
1601 835 1750 896 sunt,
1777 831 2024 885 secunda
2039 847 2158 885 ver-

551 913 771 970 borum.
803 915 948 970 Sunt
974 921 1165 971 autem
1186 917 1521 990 principalia
1535 935 1748 989 genera
1772 919 2158 976 fornicationis

551 1004 683 1070 duo,
703 1004 950 1075 primum
977 1005 1036 1060 in
1068 1023 1180 1078 qua
1199 1007 1376 1076 [Forte
1402 1011 1502 1075 leg.
1522 1007 1776 1078 inquam]
1799 1009 1862 1062 fit
1883 1026 1985 1080 per
2013 1026 2160 1064 com-

549 1092 870 1147 mistionem
901 1093 1085 1150 carnis
1113 1095 1226 1150 sive
1265 1112 1395 1150 cum
1433 1097 1663 1164 femina,
1697 1098 1784 1152 vel
1826 1097 1998 1152 etiam
2049 1099 2162 1154 alia

550 1198 882 1254 quacunque
901 1183 1260 1240 immunditia
1280 1187 1352 1240 ad
1375 1187 1711 1257 explendum
1734 1185 1985 1242 libidinis
2001 1187 2162 1242 ardo-

549 1285 688 1324 rem.
745 1271 878 1327 Haec
922 1279 1111 1328 autem
1154 1275 1396 1329 carnalis
1439 1275 1649 1330 dicitur
1691 1275 2004 1330 fornicatio.
2058 1277 2160 1330 Se-

547 1360 730 1414 cunda
762 1368 955 1416 autem
985 1361 1256 1434 spiritalis
1287 1363 1492 1418 dicitur
1533 1363 1828 1420 fornicatiu
1865 1381 1988 1436 quae
2035 1365 2157 1420 sola

549 1449 1001 1522 concupiscentia
1049 1457 1105 1504 et
1161 1451 1437 1506 desiderio
1475 1457 1878 1526 perpetratur:
1921 1453 1990 1508 de
2043 1470 2154 1526 qua

547 1537 820 1594 Dominus
867 1539 1003 1593 dicit
1032 1559 1047 1594 :
1085 1559 1110 1591 «
1142 1540 1250 1604 Qui
1278 1541 1480 1596 viderit
1519 1542 1815 1596 mulierem
1839 1543 1912 1597 ad
1955 1559 2152 1598 concu-

546 1625 880 1696 piscendum
917 1644 1062 1695 eam,
1105 1630 1227 1700 jam
1269 1631 1579 1686 mtechatus
1626 1638 1712 1686 est
1744 1632 1804 1686 in
1841 1633 2007 1686 corde
2049 1649 2150 1688 suo

2239 445 2524 510 vestitum,
2567 445 2655 500 his
2697 445 2952 500 contenti
2992 445 3164 500 simus
3191 445 3239 510 (Ι
3286 446 3412 500 Tim.
3441 461 3506 514 v1,
3541 449 3618 518 8);
3652 471 3674 504 ι
3695 460 3736 507 et

2239 532 2377 588 illud
2407 534 2556 606 quod
2581 533 2641 588 in
2663 535 2962 606 Evangelio
2983 534 3138 588 diviti
3165 534 3366 589 dictum
3387 543 3464 590 est
3489 553 3503 592 :
3532 556 3554 588 α
3580 539 3732 607 Stulte,

2237 623 2344 676 hac
2369 629 2530 678 nocte
2559 624 2807 678 animam
2837 630 2996 678 tuam
3025 628 3279 695 expetent
3303 639 3336 678 a
3367 629 3438 691 te,
3466 641 3570 696 qua:
3593 634 3734 683 autem

2238 713 2468 786 parasti,
2501 713 2662 784 cujus
2693 713 2908 768 erunt?
2935 715 3087 777 (Luc.
3119 726 3214 776 xu,
3255 709 3364 781 20,)
3397 733 3419 764 ι
3447 714 3528 768 sed
3563 720 3610 768 et
3638 718 3738 770 assi-

2239 803 2384 858 duus
2403 803 2506 858 Dei
2525 803 2696 858 timor
2713 809 2772 858 et
2793 802 3105 858 recordatio
3125 803 3508 874 praeteritorum
3530 805 3739 860 scelerum

2241 897 2298 948 et
2325 893 2577 949 fraterna
2601 893 2845 948 charitas
2873 899 2932 947 et
2963 908 3134 964 opera
3161 892 3540 956 misericordiae.
3561 895 3738 948 eleemo-

2241 1001 2621 1059 synarumque
2640 983 2735 1056 pia
2748 982 2994 1054 largitio,
3017 997 3251 1053 spesque
3267 981 3454 1036 futurae
3470 980 3737 1049 be::tudinis,

2242 1082 2302 1130 et
2324 1075 2502 1130 oratio
2525 1091 2654 1129 cum
2682 1073 2868 1128 cordis
2896 1071 3225 1140 cognatione
3246 1070 3412 1140 [Forte
3437 1072 3738 1143 contritione],

2243 1164 2484 1230 assidua,
2501 1164 2645 1218 hanc
2662 1161 3043 1234 serpentin'am
3065 1165 3122 1216 et
3141 1159 3460 1214 virulentam
3478 1158 3741 1215 m-n-tiﬁcant

2242 1253 2577 1325 passionem.

2721 1378 2850 1430 CAP.
2883 1376 3000 1430 LII.
3045 1405 3110 1414 —
3142 1376 3214 1430 De
3242 1377 3348 1426 ira.

2309 1522 2502 1590 (0ass.)
2543 1521 2645 1574 Irae
2689 1520 2802 1573 duo
2831 1523 2964 1573 sunt
2987 1532 3217 1588 genera,
3249 1532 3416 1570 unum
3445 1515 3739 1568 salutiferum.

2231 1611 2472 1664 alterum
2503 1608 2872 1662 mortiferum.
2889 1607 2982 1662 Ira
3008 1605 3274 1660 salutaris
3297 1611 3398 1670 est,
3413 1603 3607 1675 quando
3621 1603 3743 1656 homo

549 1674 764 1784 (Matth.
789 1733 837 1784 v,
871 1716 980 1784 28).
1017 1674 1200 1772 adisse
1229 1725 1419 1773 autem
1443 1725 1530 1774 est
1557 1720 1726 1790 hujus
1755 1721 2142 1792 impurissime!

2230 1703 2426 1752 contra
2459 1697 2686 1770 propria
2712 1696 2973 1752 irascitur
3011 1701 3244 1768 peccata
3270 1699 3327 1748 et
3355 1674 3528 1747 contra
3561 1692 3743 1791 seipsnm

545 1801 822 1870 passionis
841 1805 1088 1876 perfecta
1108 1793 1348 1874 curatio,
1367 1813 1431 1862 ut
1450 1805 1745 1864 subtrahat
1758 1825 1819 1863 se
1835 1809 2016 1864 modis
2034 1826 2150 1864 om-

544 1890 709 1948 nibus
741 1892 811 1948 ab
860 1911 1056 1951 eorum
1085 1896 1366 1951 consortio
1407 1901 1466 1951 et
1499 1897 1621 1952 visu
1662 1897 1759 1952 ubi
1799 1899 1918 1952 haec
1963 1899 2150 1955 latitat

547 1980 866 2037 miserrima
883 1984 1088 2054 passio,
1115 1990 1180 2039 et
1199 2001 1328 2040 cum
1357 1985 1613 2041 oratione
1641 1987 1886 2052 assidua,
1910 1987 2148 2044 lectione

543 2069 902 2140 creberrima,
916 2073 1234 2145 vigiliisque
1247 2076 1528 2130 continuis
1547 2076 1990 2131 recordationem
2003 2077 2148 2148 ignis

541 2159 736 2214 aeterni
776 2176 842 2216 ac
869 2161 1132 2217 timorem
1162 2164 1471 2234 praesentiae
1499 2165 1620 2230 Dei,
1655 2165 1920 2236 diemque
1949 2167 2147 2222 mortis

541 2246 751 2320 absque
788 2250 905 2305 ulla
941 2251 1358 2308 intermissione
1398 2255 1780 2325 pertimescat,
1819 2260 1878 2309 et
1901 2257 2140 2326 jejunla,

541 2337 896 2411 esuriemque
925 2341 1142 2412 diligat,
1166 2348 1224 2396 et
1251 2342 1608 2398 saturitatem
1639 2344 1848 2399 ventris
1875 2345 2140 2416 refugiat.

541 2424 784 2481 Pulchre
809 2435 1037 2484 sanctus
1067 2430 1398 2486 Ambrosius
1427 2432 1738 2504 episcopus,
1776 2437 1841 2488 ut
1867 2433 2144 2505 peritissi-

543 2529 670 2568 mus
694 2517 944 2572 medicus
964 2517 1187 2574 cuidam
1208 2521 1320 2574 tale
1343 2521 1501 2576 dedit
1519 2522 1814 2577 consilium
1839 2540 1850 2576 :
1877 2529 2062 2578 statue
2085 2523 2144 2578 in

541 2603 788 2672 pondere
804 2622 1005 2676 panem
1026 2613 1208 2675 tuum,
1235 2615 1294 2663 et
1309 2608 1438 2664 bibe
1457 2626 1724 2666 mensura
1737 2626 1943 2682 aquam
1961 2618 2138 2679 tuam,

549 2697 606 2744 et
631 2693 862 2764 spiritus
891 2696 1274 2754 fornicationis
1301 2698 1478 2771 fugiet
1505 2717 1541 2754 a
1567 2707 1643 2754 te.

892 2824 1022 2878 CAP.
1057 2823 1146 2878 LI.
1183 2855 1248 2864 —
1283 2825 1357 2880 De
1400 2826 1782 2894 philargyria.

617 2925 752 2991 (Isid
757 2928 794 2995 .)
809 2926 1180 3001 Philargyria,
1199 2947 1322 3002 quae
1337 2931 1742 3004 interpretatur
1756 2934 2008 3002 avaritia,
2024 2935 2138 2989 sive

542 3029 704 3067 amor
726 3016 992 3084 pecuniae,
1014 3020 1267 3074 omnium
1283 3021 1584 3076 criminum
1605 3023 1843 3077 materia
1861 3030 1966 3089 est,
1991 3024 2140 3078 unde
2157 2993 2198 3052 Ο

541 3107 600 3154 et
636 3103 936 3174 Apostolus
979 3107 1061 3160 ait
1091 3125 1102 3160 :
1157 3127 1184 3161 α
1218 3109 1396 3163 Radix
1443 3111 1695 3166 omnium
1737 3113 2016 3167 malorum
2056 3119 2143 3168 est

541 3191 819 3263 cupiditas
845 3195 893 3262 (Ι
923 3197 1063 3249 Tim.
1105 3213 1174 3264 νῐ,
1211 3195 1316 3270 10),
1351 3216 1378 3252 ι
1407 3201 1560 3254 omni
1588 3207 1818 3272 peccato
1846 3203 2006 3274 pejor
2033 3209 2137 3270 est,

539 3281 780 3336 avaritia
805 3288 863 3338 et
880 3300 1040 3339 amor
1065 3287 1451 3356 pecuniarum.
1479 3289 1639 3343 Unde
1660 3307 1761 3362 per
1781 3291 2140 3346 Salomonem

539 3368 744 3426 dicitur
766 3389 778 3424 :
803 3393 826 3424 ι
851 3373 1006 3428 Nihil
1037 3379 1124 3428 est
1145 3377 1434 3432 scelestius
1450 3394 1619 3449 quam
1641 3395 1833 3434 amare
1843 3381 2140 3451 pecuniam

541 3459 725 3526 (Booti.
749 3479 802 3529 κ,
819 3461 896 3532 9),
920 3483 942 3514 ι
966 3465 1083 3518 haec
1105 3466 1256 3519 enim
1268 3467 1516 3521 animam
1531 3484 1693 3522 suam
1711 3469 1965 3523 venalem
1985 3469 2136 3537 facit,

538 3549 804 3618 quoniam
833 3551 890 3606 in
925 3553 1039 3608 vita
1067 3570 1171 3608 sua
1201 3555 1440 3626 projecit
1467 3555 1668 3610 intima
1701 3573 1824 3611 sua.
1861 3557 1960 3612 Est
1989 3558 2141 3612 enim

535 3636 880 3710 philargyria
897 3643 1070 3712 pestis
1089 3643 1494 3710 insaturabilis,
1520 3649 1586 3698 ut
1605 3645 1686 3700 ait
1711 3645 1960 3717 quidam.
1987 3647 2142 3702 Sem-

536 3740 655 3794 per,
685 3725 886 3798 inquit,
918 3746 1118 3786 avarus
1146 3738 1291 3803 eget.
1319 3733 1468 3804 quia,
1499 3741 1710 3804 quanto
1742 3735 1921 3805 magis
1951 3735 2138 3807 acqui-

536 3814 614 3868 rit
637 3819 796 3870 tanto
834 3820 1078 3890 amplius
1107 3822 1328 3892 quaerit.
1364 3823 1490 3877 Non
1521 3823 1704 3878 solum
1735 3823 2010 3892 desiderio
2040 3841 2137 3878 au-

532 3903 701 3972 gendi
713 3907 1080 3975 excruciatur,
1095 3909 1195 3963 sed
1211 3911 1382 3965 etiam
1393 3911 1690 3967 amittendi
1703 3919 1856 3967 metu
1868 3913 2130 3981 afficitur,

534 3992 600 4046 ﬁt
649 3994 800 4048 enim
855 3996 970 4050 haec
1018 3999 1350 4054 insatiabilis
1395 4000 1596 4067 bestia,
1646 4003 1706 4056 in
1769 4002 2128 4074 acquirendo,

535 4080 809 4149 habendo,
840 4086 1102 4153 tenendo,
1136 4093 1193 4142 et
1223 4089 1369 4143 sicut
1396 4090 1741 4162 hydropicus
1772 4097 1981 4162 quanto
2009 4093 2135 4163 plus

533 4167 691 4238 bibit,
719 4176 878 4227 tanto
906 4174 1032 4244 plus
1069 4176 1207 4243 sitit,
1239 4177 1320 4231 sic
1347 4183 1406 4232 et
1447 4179 1564 4234 hzec
1595 4181 1780 4251 passio
1813 4185 1878 4234 ut
1922 4181 2134 4236 dictum

535 4263 639 4366 e‘st,
663 4267 872 4331 quanto
895 4263 1022 4334 plus
1045 4264 1232 4331 habet,
1258 4272 1417 4322 tanto
1448 4268 1577 4338 plus
1607 4268 1908 4338 desiderat.
1945 4269 2130 4336 (Casa)
2155 4309 2198 4366 Ο
2216 4285 2282 4334 ut
2325 4280 2493 4334 homo
2535 4277 2623 4332 sui
2672 4275 2846 4330 animi
2902 4275 3180 4345 impotens
3224 4273 3320 4339 sit,
3379 4270 3662 4366 faciisque‘
3679 4277 3764 4366 non
3794 4323 3805 4336 ο

2229 1787 2574 1858 indignatur,
2608 1787 2740 1841 dum
2787 1785 2934 1840 male
2974 1787 3111 1856 agit,
3155 1788 3214 1838 et
3251 1787 3441 1838 contra
3475 1779 3745 1835 lason-iantes

2229 1877 2412 1931 cordis
2459 1877 2546 1930 sui
2588 1881 2775 1930 motus
2811 1875 3174 1946 indignanter
3209 1872 3468 1935 infremit,
3499 1877 3548 1924 et
3573 1886 3628 1923 ea
3659 1885 3746 1938 quae

2229 1983 2396 2036 agere
2433 1971 2598 2037 turpe
2625 1971 2712 2019 est
2737 1981 2924 2018 coram
2953 1961 3295 2026 hominibus,
3333 1961 3415 2014 vel
3443 1957 3672 2031 proloqui,
3707 1957 3747 2010 in

2229 2055 2474 2110 latebras
2503 2053 2820 2108 ascendisse
2845 2053 2932 2107 sui
2952 2050 3197 2124 pectoris
3226 2049 3551 2119 indignatur,
3575 2045 3747 2116 angelo-

2228 2161 2358 2200 rum
2405 2144 2616 2198 scilicet
2657 2160 2722 2198 ac
2764 2141 2867 2198 Dei
2912 2141 3090 2214 ipsius
3130 2138 3498 2212 praesentiam,
3528 2134 3604 2190 cui
3638 2132 3750 2188 nulla

2228 2233 2406 2288 latent
2422 2238 2660 2299 secreta,
2685 2232 3106 2304 pertimescens.
3129 2229 3346 2284 Taliter
3362 2243 3458 2282 nos
3474 2223 3612 2279 intsci
3626 2224 3749 2276 etiam

2227 2322 2320 2378 ille
2346 2323 2621 2395 propheta
2648 2322 2812 2376 docet
2835 2321 2932 2392 qui
2962 2319 3097 2373 dicit
3129 2336 3143 2372 :
3183 2340 3206 2367 ι
3235 2313 3533 2372 Irascimini
3554 2317 3605 2367 et
3625 2311 3753 2366 nolite

2226 2428 2457 2484 peccare
2498 2414 2665 2479 (Psal.
2707 2426 2785 2476 1v,
2833 2408 2910 2478 5),
2962 2427 2988 2462 »
3027 2408 3085 2462 id
3127 2412 3239 2474 est,
3289 2402 3569 2460 irascimini
3606 2401 3756 2453 vestris

2225 2502 2374 2556 vitiis
2401 2518 2466 2555 ac
2511 2497 2967 2572 suggestionibus
3013 2496 3224 2568 pravis,
3278 2500 3336 2549 et
3363 2493 3523 2548 nolite
3563 2504 3754 2562 peccare.

2223 2591 2281 2646 id
2302 2597 2405 2658 est,
2438 2606 2638 2662 pravas
2669 2593 2728 2642 et
2757 2588 2938 2641 malas
2974 2585 3349 2655 cogitationes
3374 2588 3570 2636 vestras
3593 2596 3645 2632 ac
3665 2593 3756 2645 sug-

2221 2680 2506 2750 gestiones
2536 2678 2608 2732 ad
2652 2677 2909 2732 effectum
2961 2680 3016 2728 et
3055 2691 3200 2745 opus
3242 2673 3450 2727 malum
3493 2668 3748 2740 perducent.

2221 2769 2316 2823 ille
2326 2767 2535 2823 etenim
2551 2783 2679 2822 cum
2695 2782 2900 2838 aquam
2921 2765 2990 2818 de
3006 2763 3252 2818 cisterna
3267 2757 3656 2818 Bethleemitica
3665 2770 3740 2809 oon

2221 2857 2486 2929 cupisset,
2539 2873 2607 2910 ea
2643 2854 2749 2910 sibi
2801 2854 2992 2914 allata.
3033 2853 3214 2907 iratus
3260 2856 3452 2905 contra
3500 2842 3755 2917 cupiditatis

2221 2963 2337 3001 suae
2371 2945 2668 3012 desideria,
2705 2942 2896 2998 statim
2935 2941 3084 2996 fudit
3119 2957 3251 2995 eam
3285 2941 3346 2994 in
3374 2945 3534 3002 terra,
3577 2933 3756 2988 dicens:

2225 3054 2254 3088 α
2280 3034 2566 3105 Propitius
2588 3033 2664 3088 sit
2689 3019 2826 3087 mihi
2851 3031 3144 3095 Dominus,
3177 3046 3296 3084 non
3321 3027 3512 3082 faciam
3532 3027 3636 3088 hoc,
3659 3035 3756 3074 num

2221 3123 2554 3195 sanguinem
2584 3123 2822 3176 istorum
2870 3120 3166 3175 hominum
3217 3117 3316 3189 qui
3352 3113 3570 3190 profecti
3596 3115 3758 3166 suntet

2221 3213 2538 3267 animarum
2568 3209 2879 3282 periculum
2907 3207 3098 3262 bibam
3127 3209 3178 3275 (Ι
3206 3209 3332 3275 Reg.
3365 3201 3646 3270 xm',7)?)
3669 3195 3755 3251 Alia

2221 3308 2308 3356 est
2333 3306 2524 3356 autem
2552 3300 2639 3353 ira
2671 3297 2978 3364 mortifera,
3012 3313 3135 3368 quae
3171 3295 3353 3350 multa
3385 3295 3602 3365 generat
3630 3285 3754 3342 mala.

2221 3392 2339 3446 haec
2385 3389 2537 3446 enim
2585 3389 2633 3443 si
2681 3387 2835 3442 cordi
2877 3385 3104 3452 insidet,
3142 3385 3370 3440 oculum
3405 3381 3596 3437 mentis
3625 3374 3755 3432 noxiis

2221 3478 2469 3534 tenebris
2514 3476 2775 3543 obcaecat,
2813 3492 2916 3530 nec
2949 3474 3228 3547 judicium
3268 3479 3434 3528 rectae
3472 3461 3755 3524 discretionis

2223 3568 2530 3640 acquirere,
2565 3583 2668 3620 nec
2712 3566 2960 3620 honesta:
3001 3561 3494 3634 contemplationis
3524 3558 3754 3614 intuitum,

2223 3674 2326 3713 nec
2362 3655 2750 3711 maturitatem
2795 3653 3011 3710 consilii
3055 3651 3348 3725 possidere
3390 3646 3656 3722 permittit,
3685 3656 3756 3696 nec

2221 3746 2349 3802 vitae
2369 3744 2687 3818 participes,
2702 3759 2806 3799 nec
2818 3742 3052 3814 justiﬁes
3072 3748 3320 3805 tenaces,
3341 3756 3442 3794 nec
3463 3737 3567 3792 veri
3583 3730 3756 3789 luminis

2217 3851 2448 3907 capaces
2485 3839 2755 3906 poterunt
2799 3832 3037 3886 existere
3077 3829 3280 3900 morbo
3320 3828 3450 3884 huic
3487 3822 3682 3885 irretiti,
3709 3819 3758 3916 iit

2216 3930 2406 3980 autem
2437 3923 2554 3978 hac
2581 3923 2668 3976 ira
2694 3920 2998 3992 aliquando
3026 3919 3260 3990 propria
3281 3914 3636 3972 amaritudine
3655 3931 3664 3969 :
3683 3908 3758 3962 ali-

2217 4013 2440 4084 quando
2461 4010 2694 4066 alterius
2703 4008 3092 4081 provocatione
3107 4006 3388 4061 diabolico
3407 3997 3757 4093 instinctu,be

2216 4107 2406 4156 autem
2425 4101 2513 4154 ira
2530 4104 2777 4154 mentem
2797 4095 3008 4161 turbat,
3041 4101 3263 4156 rectum
3291 4093 3576 4149 consilium
3601 4085 3757 4160 perdit.

2217 4207 2340 4262 quae
2359 4190 2408 4244 si
2438 4188 2654 4243 ratione
2683 4203 2796 4241 non
2823 4185 3058 4256 regitur,
3089 4185 3148 4239 in
3176 4184 3428 4238 furorem
3453 4179 3678 4237 venitur.
3705 4172 3762 4226 ita

535 4347 800 4411 Quamvis
826 4350 982 4404 omni
1009 4351 1258 4408 humano
1285 4355 1482 4425 generi
1511 4355 1588 4410 sit
1608 4355 1836 4410 inimica
1862 4357 1978 4410 haec
2005 4373 2135 4428 pas—
2155 4347 2198 4366 ν
2217 4368 2530 4422 conveniat.
2564 4367 2740 4437 Cujus
2763 4363 2942 4418 morbi
2967 4364 3085 4418 haec
3106 4362 3220 4418 erit
3247 4360 3520 4416 medicina
3550 4354 3762 4427 perfecti.

531 4435 635 4502 sio,
670 4439 912 4492 maxime
949 4446 1140 4494 autem
1170 4444 1477 4510 monachis,
1511 4443 1882 4515 omnibusque
1921 4445 2135 4499 clericis

2217 4463 2281 4512 ut
2299 4455 2559 4528 primitus
2578 4454 2871 4508 credamus
2894 4471 2908 4519 ;
2930 4452 3082 4506 nullo
3107 4451 3279 4506 modo
3299 4451 3416 4504 sive
3439 4444 3660 4517 injustis,
3679 4440 3766 4495 sive

531 4523 731 4580 divinis
749 4529 1084 4584 consecratis
1104 4531 1306 4586 ofﬁciis
1335 4533 1814 4604 perniciosissima
1835 4538 1939 4598 est,
1956 4532 2132 4606 impu-
2210 4523 2380 4617 jus—tis
2401 4562 2466 4600 ex
2483 4543 2666 4600 causis
2688 4542 2857 4597 licere
2877 4540 3037 4596 nobis
3057 4540 3246 4604 irasci,
3269 4539 3490 4594 dicente
3509 4532 3764 4606 Apostolo:

532 4620 672 4684 gnat
723 4616 874 4670 enim
923 4633 1018 4671 eos
1063 4618 1379 4690 tripliciter.
1429 4623 1618 4676 Primo
1665 4621 1800 4676 facit
1850 4638 1945 4676 eos
1990 4623 2128 4677 velle

533 4703 822 4774 acquirere
861 4721 928 4760 ea
965 4723 1088 4778 quae
1131 4725 1202 4764 ne
1237 4716 1406 4764 antea
1463 4712 1690 4782 quidem
1741 4711 2126 4782 possederant,

533 4793 678 4848 sicut
719 4794 872 4848 G-iezi
908 4795 1212 4868 discipulus
1251 4799 1430 4852 sancti
1475 4795 1677 4854 Elisaei.
1710 4800 1873 4854 Unde
1909 4816 2035 4854 cum
2065 4816 2132 4854 eo

529 4887 738 4938 aeterna
766 4883 925 4956 lepra
950 4887 1126 4941 sancti
1159 4887 1340 4942 Elisaei
1369 4889 1763 4944 maledictione
1793 4889 2134 4960 perfundun-

529 4977 642 5026 tur.
672 4972 928 5027 Secundo
947 4973 1081 5029 facit
1099 4991 1194 5030 eos
1214 4991 1502 5032 resumere
1527 4979 1814 5049 pecunias,
1835 4983 1900 5032 ut
1925 4979 1955 5033 J
1962 4979 2130 5034 udam

529 5061 876 5132 proditorem
909 5062 1152 5130 Domini,
1198 5081 1338 5136 quas
1386 5071 1575 5134 antea,
1626 5067 1913 5122 Christum
1955 5067 2132 5123 secuti

533 5149 872 5220 abjecerant.
895 5148 1084 5206 Tertio
1107 5152 1240 5208 facit
1268 5170 1362 5208 eos
1391 5156 1640 5226 aliquam
1678 5172 1966 5211 reservare
1999 5174 2130 5228 par-

532 5244 666 5304 tem,
708 5257 837 5294 cum
879 5240 1086 5296 divitiis
1136 5243 1321 5296 saeculi
1369 5244 1441 5298 ad
1479 5251 1871 5316 paupertatem
1921 5247 2130 5302 Christi

532 5329 844 5397 transeunt,
876 5335 940 5384 ut
969 5331 1249 5386 Ananiam
1277 5337 1334 5387 et
1363 5333 1718 5404 Sapphiram,
1750 5350 1852 5406 pro
1881 5350 1992 5406 quo
2020 5350 2135 5389 una

535 5429 662 5467 cum
692 5415 774 5469 eis
801 5419 1105 5488 apostolico
1137 5437 1234 5475 ore
1269 5427 1448 5476 morte
1492 5423 1854 5478 mulctantur.
1887 5424 2018 5478 Haec
2051 5428 2138 5478 est

532 5511 546 5535 ι
552 5500 707 5570 gitur
722 5502 894 5573 hujus
910 5505 1028 5560 vitii
1046 5509 1292 5579 pcribcta
1313 5511 1530 5566 curatio
1551 5512 1598 5566 si
1616 5511 1756 5566 illud
1771 5512 2140 5584 apostolicum

2214 4653 2240 4686 «
2273 4634 2472 4690 Omnis
2491 4633 2577 4687 ira
2595 4639 2653 4688 et
2676 4631 2986 4702 indignatio
3015 4629 3250 4684 tollatur
3277 4645 3311 4683 a
3335 4626 3488 4683 vobis
3509 4623 3692 4694 (Ephes.
3710 4631 3766 4672 Iv.

2213 4723 2324 4794 31).
2356 4745 2372 4770 ι
2397 4723 2626 4778 Nullam
2650 4720 2880 4792 reliquit
2898 4720 3068 4790 hujus
3085 4718 3314 4790 generis
3333 4719 3493 4772 iram.
3517 4712 3613 4768 Sed
3631 4715 3680 4764 et
3694 4721 3769 4776 per

2214 4812 2548 4886 patientiam
2565 4816 2623 4864 et
2645 4808 3134 4864 mansuetudinem
3153 4825 3219 4862 ac
3233 4803 3709 4878 longanimitatem,
3725 4801 3767 4846 et

2215 4919 2316 4974 per
2341 4915 2530 4954 veram
2561 4899 2744 4970 cordis
2783 4897 3292 4969 compunctionem,
3324 4901 3384 4949 et
3413 4909 3514 4966 per
3538 4888 3764 4980 nationem

2215 4988 2653 5044 intellectualem
2707 4988 2857 5042 Deus
2914 4985 3115 5041 inserit
3178 4983 3462 5039 mentibus
3528 4980 3760 5033 humanis.

2216 5085 2274 5134 et
2301 5093 2404 5150 per
2430 5077 2690 5132 timorem
2715 5076 2855 5130 illud
2877 5075 3070 5147 [illius]
3094 5073 3414 5144 Evangelici
3436 5069 3596 5125 dicti:
3629 5087 3650 5116 α
3671 5063 3765 5150 ΟΨ·

2213 5147 2422 5238 nis_qui
2448 5165 2710 5221 irascitur
2735 5164 2896 5220 fratri
2925 5180 3047 5230 suo,
3072 5179 3200 5218 reus
3221 5163 3334 5216 erit
3356 5159 3562 5248 judicio
3582 5147 3758 5248 (Malm

2213 5272 2267 5325 v,
2301 5255 2414 5326 2'2),
2455 5275 2481 5308 »
2529 5261 2588 5309 et
2614 5271 2715 5326 per
2744 5253 3192 5308 recordationem
3219 5248 3490 5304 orationis
3519 5241 3765 5336 Dominin

2215 5344 2314 5400 ubi
2334 5345 2450 5400 Deo
2469 5343 2675 5399 dicitur
2699 5362 2710 5398 :
2739 5361 2765 5394 ι(
2788 5341 3022 5400 Dimitte
3042 5339 3201 5395 nobis
3222 5339 3416 5393 debita
3439 5340 3634 5395 nostra,
3655 5328 3766 5380 sicut

2220 5438 2278 5488 et
2295 5449 2398 5488 nos
2417 5433 2756 5488 dimittimus
2774 5429 3120 5486 debitoribus
3134 5428 3341 5484 nostris
3353 5424 3630 5494 (Man/avi,
3644 5413 3730 5476 l2}.
3750 5430 3766 5457 ι

2224 5513 2439 5584 optime
2466 5512 2726 5566 vincitur.
