3982 6158
333 279 468 337 1377

719 406 848 461 CAP.
890 407 1036 463 LIII.
1072 438 1136 448 -—
1167 409 1241 464 De
1281 412 1532 466 tristitia.

405 514 614 582 lBasiL)
650 512 773 568 Duo
831 519 964 568 sunt
1007 515 1158 570 enim
1205 533 1416 587 genera
1460 518 1721 586 tristitiae,
1754 535 1930 574 unum

324 602 638 656 secundum
667 603 866 666 Deum,
899 603 1139 659 alterum
1169 607 1478 661 secundum
1507 609 1772 663 saeculum
1797 626 1808 660 :
1835 609 1934 663 illa

325 707 454 762 quae
475 691 783 746 secundum
803 692 984 746 Deum
1003 693 1236 748 tristitia
1256 700 1360 760 est,
1385 697 1676 752 salutifera
1692 703 1778 752 est
1800 715 1810 750 :
1834 697 1933 751 illa

327 797 454 850 quae
469 781 778 835 secundum
799 782 1066 837 saeculum
1082 783 1390 839 mortifera.
1412 783 1730 840 Secundum
1751 787 1930 840 Deum

328 877 418 924 est
464 870 713 938 tristitia,
739 889 867 926 cum
913 889 1014 944 pro
1063 873 1315 928 mandati
1345 875 1690 946 negligentia
1716 877 1802 931 vel
1831 895 1931 948 pro

330 959 790 1030 przevaiicatione
807 961 1120 1028 tristamur,
1153 964 1461 1018 secundum
1484 965 1631 1036 quod
1662 965 1931 1038 scriptum

331 1055 422 1102 est
455 1067 468 1100 :
505 1069 530 1100 (ι
559 1049 814 1104 Tristitia
839 1051 1025 1106 tenuit
1039 1067 1129 1106 me
1157 1069 1259 1124 pro
1283 1053 1669 1124 peccatoribus
1692 1055 1932 1110 derelin-

333 1137 636 1208 quentibus
657 1139 839 1210 legem
853 1145 1028 1194 tuam.
1051 1142 1268 1209 )(UassJ
1301 1142 1390 1196 Fit
1413 1160 1542 1198 vero
1564 1143 1681 1198 haec
1700 1143 1933 1199 tristitia

335 1227 520 1280 modis
549 1227 727 1283 tribus
764 1247 776 1282 :
816 1228 1018 1300 primo,
1047 1247 1148 1301 pro
1177 1231 1524 1302 paenitudine
1557 1233 1889 1288 delictorum
1913 1252 1926 1300 ;

330 1317 598 1382 secundo,
650 1334 751 1389 pro
802 1319 1080 1374 desiderio
1135 1321 1530 1391 perfectionis:
1580 1322 1768 1386 tertio,
1828 1340 1929 1394 pro

331 1405 807 1477 contemplatione
833 1407 1035 1463 futurae
1066 1407 1405 1476 beatudims,
1424 1410 1494 1465 de
1517 1428 1628 1482 qua
1647 1417 1705 1466 et
1730 1411 1928 1467 beatus

329 1493 542 1549 Paulus
569 1497 854 1566 apostolus
894 1515 906 1550 :
939 1515 965 1551 α
997 1497 1131 1562 Quae
1160 1499 1470 1554 secundum
1498 1500 1680 1555 Deum
1707 1508 1812 1566 est,
1834 1501 1925 1556 in-

326 1583 472 1653 quit,
494 1583 725 1640 tristitia
743 1586 1133 1658 pmnitentiam
1163 1593 1220 1642 et
1246 1589 1487 1644 salutem
1509 1589 1770 1644 stabilem
1801 1607 1930 1662 ope-

323 1681 507 1740 ratur,
541 1675 727 1730 seculi
747 1681 940 1731 autem
967 1676 1202 1733 tristitia
1231 1683 1335 1746 est,
1367 1696 1492 1750 quae
1520 1685 1761 1734 mortem
1790 1697 1926 1752 ope-

326 1769 492 1818 ratur
522 1766 602 1831 (iI
622 1765 743 1820 Cor.
776 1782 870 1833 vn,
904 1766 1011 1836 40).
1046 1785 1072 1820 ι
1107 1767 1248 1822 Cum
1292 1768 1496 1840 aliquis
1525 1769 1594 1823 de
1623 1769 1790 1824 rebus
1829 1771 1930 1825 hu-

327 1853 533 1920 manis,
567 1870 688 1925 quae
739 1855 811 1910 ad
868 1857 1136 1910 saeculum
1191 1857 1494 1928 pertinent,
1541 1859 1924 1925 contristatur,

324 1943 448 1998 haec
477 1943 810 1998 miserabilis
829 1945 1015 2016 passio
1033 1947 1093 2000 in
1120 1946 1267 2001 bono
1294 1964 1462 2018 opere
1491 1947 1633 2002 nihil
1661 1950 1929 2020 perficere

323 2033 496 2099 valet,
521 2033 636 2088 haec
656 2034 910 2090 animum
930 2034 1143 2102 turbat,
1160 2041 1218 2091 et
1233 2054 1380 2108 saepe
1398 2037 1928 2109 perniciosissimam

324 2120 780 2192 desperationem
812 2125 1013 2180 anima:
1050 2125 1234 2196 injicit
1274 2127 1642 2198 delinquenti,
1667 2131 1724 2181 et
1761 2126 1930 2180 bono-

324 2226 460 2264 rum
479 2210 796 2267 futurorum
817 2230 974 2284 spem
994 2213 1290 2281 abstrahit,
1313 2216 1379 2270 ﬁt
1396 2221 1588 2270 autem
1605 2216 1723 2270 haec
1743 2217 1930 2271 saeculi

322 2299 564 2354 tristitia.
613 2301 794 2356 modis
840 2319 955 2366 sex,
989 2303 1291 2373 aliquando
1345 2320 1411 2358 ex
1440 2303 1794 2376 praecedente
1845 2305 1930 2359 ira

323 2386 634 2455 descendit,
663 2389 967 2461 aliquando
990 2407 1090 2462 pro
1111 2391 1411 2446 amissione
1440 2392 1602 2459 lucri,
1626 2392 1929 2464 aliquando

323 2492 432 2546 pro
459 2476 795 2550 detrimento
823 2478 979 2534 illato
1001 2479 1244 2547 advenit,
1265 2480 1567 2552 aliquando
1589 2498 1690 2552 pro
1719 2481 1930 2552 irroga-

323 2567 406 2620 tis
442 2573 746 2637 generatur
789 2568 1030 2639 injuriis,
1079 2569 1382 2640 aliquando
1440 2571 1511 2626 de
1557 2569 1930 2626 irrationabili

323 2655 535 2710 mentis
567 2655 890 2711 confusione
915 2657 1186 2728 procedit,
1219 2658 1523 2730 aliquando
1561 2659 1786 2714 mortali
1829 2659 1928 2713 de-

323 2743 648 2815 speratione
667 2761 768 2818 pro
797 2745 1072 2800 scelerum
1100 2746 1490 2817 magnitudine
1509 2747 1776 2803 nascitur.
1794 2749 1928 2812 Quae

323 2833 522 2888 omnia
549 2833 909 2890 tristitiamm
935 2851 1146 2906 genera
1173 2835 1474 2892 vincuntur
1496 2853 1598 2909 per
1617 2837 1928 2909 spiritalem

321 2921 582 2978 laetitiam
621 2929 680 2978 et
723 2923 1168 2991 meditationem,
1219 2930 1278 2980 et
1323 2943 1424 2997 per
1467 2925 1742 2982 bonorum
1769 2944 1927 2998 spem

321 3010 648 3068 futurorum
681 3017 738 3068 et
781 3012 1093 3086 priscarum
1138 3015 1578 3070 consolationem
1609 3015 1927 3088 Scriptura-

323 3117 477 3168 rum,
509 3118 608 3157 seu
651 3107 710 3156 et
745 3118 847 3173 per
875 3102 1190 3158 fraternum
1216 3103 1278 3158 in
1306 3103 1546 3174 spiritali
1571 3105 1926 3176 jucunditate

321 3190 690 3262 colloquium,
714 3197 1150 3263 sanctorumque
1177 3210 1411 3265 operum
1441 3194 1791 3249 exercitium.

760 3318 890 3371 CAP.
922 3317 1061 3373 LIV.
1095 3349 1159 3358 --
1191 3320 1263 3374 De
1292 3321 1500 3373 accdia.

406 3441 816 3510 (6’ass.)Acedia
833 3443 1251 3509 Graece,Latine
1272 3443 1506 3498 taedium
1533 3443 1648 3497 sive
1673 3444 1930 3498 anxietas

325 3529 538 3594 cordis,
571 3531 656 3584 vel
671 3531 842 3584 etiam
872 3531 1126 3586 otiositas
1147 3532 1352 3586 dicitur
1375 3550 1386 3584 :
1414 3531 1598 3587 afﬁnis
1616 3533 1733 3588 haec
1758 3531 1933 3587 tristi-

323 3618 442 3684 tiae,
475 3625 709 3674 excaecat
737 3619 890 3674 enim
921 3627 1170 3675 mentem
1215 3621 1428 3686 acedia,
1463 3621 1532 3675 ab
1571 3621 1726 3676 omni
1771 3637 1927 3676 com-

325 3707 696 3778 templatione
725 3709 996 3764 virtutum
1029 3715 1086 3763 et
1131 3709 1201 3764 ab
1229 3711 1491 3765 universo
1529 3709 1742 3766 intuitu
1772 3710 1934 3782 spiri-

324 3797 531 3852 talium
589 3815 854 3855 sensuum
911 3800 1044 3854 facit
1095 3800 1346 3854 animam
1405 3800 1730 3866 dormitare,
1787 3799 1932 3855 sicut

325 3885 530 3940 beatus
561 3887 782 3958 [David]
828 3888 1114 3959 eleganter
1160 3888 1432 3959 expressit
1467 3905 1478 3941 :
1518 3907 1541 3940 ι
1575 3887 1927 3955 Dormitavit,

322 3974 609 4045 inquiens,
627 3975 816 4032 anima
835 3993 962 4032 mea
993 3995 1107 4050 prae
1139 3977 1307 4032 taedio
1332 3978 1503 4048 (Psal.
1538 3991 1719 4045 cxvm,
1752 3976 1865 4046 ‘28),
1901 3995 1929 4030 ιι

324 4063 390 4118 id
419 4071 522 4131 est,
553 4081 668 4137 prie
709 4065 919 4120 acedia.
952 4065 1185 4138 Proprie
1235 4066 1372 4120 satis
1399 4083 1512 4122 non
1539 4083 1740 4139 corpus
1770 4065 1929 4134 dixit,

324 4151 430 4206 sed
447 4152 695 4208 animam
715 4153 1068 4222 dormitasse,
1084 4156 1149 4210 fit
1157 4155 1308 4210 enim
1327 4154 1630 4228 aliquando
1648 4155 1708 4210 in
1723 4160 1930 4220 mente,

327 4240 634 4312 aliquando
671 4259 922 4315 corpore,
957 4243 1257 4316 aliquando
1292 4250 1482 4300 mente
1527 4245 1695 4300 simul
1723 4249 1780 4299 et
1807 4260 1930 4299 cor-

1271 285 1366 340 DE
1401 285 1619 342 VITIIS
1660 287 1751 342 ET
1791 285 2242 342 VIRTUTIBUS.
2279 317 2344 326 -—
2383 285 2520 342 LIB.
2563 287 2664 342 III.

3476 245 3623 350 1378-

1945 409 2466 471 Aconversantibus
2484 411 2740 467 infestior
2757 413 2934 468 hostis
2950 431 3015 469 ac
3042 415 3326 486 frequens.
3345 417 3454 472 Sed
3482 418 3615 490 quia

2011 498 2071 554 in
2101 500 2286 571 prima
2303 501 2632 556 eorumdem
2662 495 3058 574 principalium
3086 504 3351 560 vitiorum
3372 505 3615 577 descrip-

2013 589 2165 643 tione
2195 589 2266 643 de
2293 589 2486 644 acedia
2527 590 2605 643 nil
2633 591 2944 662 tetigimus,
2981 598 3157 647 restat
3195 610 3417 665 quoque
3445 599 3509 650 ut
3545 595 3614 649 de

2013 677 2231 748 origine
2260 695 2324 732 ac
2351 679 2643 733 vexatione
2672 680 3006 752 iudiciisque
3036 687 3092 736 et
3140 683 3616 755 increpationibus

2014 766 2389 838 remediisque
2417 767 2588 834 illius,
2621 767 2767 824 sicut
2786 775 2844 824 et
2871 769 2941 824 de
2966 771 3182 824 caeteris
3211 771 3613 844 principalibus

2011 855 2162 909 vitiis
2177 857 2574 928 excerpsimus,
2589 857 2656 911 ad
2657 858 2890 928 juvante
2905 859 3162 922 Domino,
3195 877 3258 914 ex
3291 867 3612 917 sanctorum

2014 945 2245 1000 Patrum
2272 945 2554 1016 opusculis
2585 945 2824 1002 breviter
2851 964 3101 1019 congrua
3133 949 3421 1020 capiamus
3450 951 3612 1006 testi-

2011 1050 2219 1088 monia.

2173 1143 2303 1197 CAP.
2337 1143 2449 1196 LV.
2487 1174 2550 1183 —
2583 1145 2656 1198 De
2677 1149 2887 1199 natura
2917 1151 2964 1199 et
2990 1149 3206 1214 origine
3235 1149 3450 1202 arcadia.

2085 1265 2282 1321 Oritur
2299 1272 2490 1321 autem
2519 1269 2722 1323 acediae
2759 1269 2990 1340 spiritus
3017 1287 3081 1324 ex
3113 1270 3526 1327 intermissione
3556 1279 3614 1328 et

2013 1355 2358 1426 negligentia
2380 1355 2514 1411 boni
2533 1357 2736 1428 operis,
2756 1374 2858 1413 nec
2885 1375 2998 1414 non
3027 1365 3084 1413 et
3109 1377 3175 1414 ex
3201 1361 3458 1416 lectionis
3487 1379 3611 1416 ora-

2017 1443 2300 1516 tionisque
2326 1446 2594 1500 tarditate
2624 1461 2722 1501 seu
2753 1453 2811 1502 et
2837 1465 2899 1502 ex
2931 1448 3100 1518 hujus
3141 1450 3327 1504 saeculi
3353 1451 3609 1516 tristitia,

2014 1550 2080 1588 ac
2119 1551 2184 1588 ex
2213 1535 2606 1606 aspernatione
2653 1542 2822 1608 atque
2851 1542 3176 1608 contemptu
3206 1539 3525 1596 divinorum
3555 1547 3613 1596 et

2008 1623 2404 1695 principalium
2433 1631 2859 1696 praeceptorum.

2123 1750 2254 1802 CAP.
2287 1749 2426 1804 LVI.
2448 1781 2513 1790 —
2543 1752 2794 1817 Qualiter
2825 1753 3014 1805 acedia
3039 1757 3194 1806 vexat
3218 1755 3504 1806 acediosos.

2085 1875 2274 1942 (Casa)
2304 1874 2485 1938 Quem
2525 1875 2644 1930 haec
2681 1875 3016 1929 miserabilis
3045 1877 3294 1947 possidet
3326 1878 3512 1949 passio
3542 1879 3613 1932 ad

2010 1979 2177 2020 omne
2211 1979 2350 2034 opus
2383 1962 2591 2017 bonum
2635 1964 2768 2030 facit
2817 1965 3086 2030 desidem,
3121 1965 3342 2037 pigrum
3378 1972 3436 2020 et
3471 1967 3616 2022 iner-

2009 2057 2145 2118 tem,
2195 2069 2309 2107 non
2349 2069 2480 2107 eum
2527 2053 2586 2108 in
2617 2053 2844 2125 preprio
2871 2053 3118 2108 residere
3147 2055 3268 2109 loco
3315 2056 3610 2126 permittit,

2009 2141 2401 2196 lassitudinem
2431 2142 2681 2213 corporis
2700 2141 2918 2214 sibique
2940 2143 3184 2198 esuriem
3209 2144 3410 2215 quinta
3431 2151 3611 2200 sexta-

2011 2247 2120 2301 que
2147 2231 2288 2285 hora
2333 2235 2550 2285 tantam
2595 2231 2848 2298 suscitat,
2880 2239 2946 2287 ut
2982 2233 3138 2287 velut
3186 2233 3353 2303 longo
3390 2233 3608 2300 itinere,

2009 2320 2450 2391 gravissimoque
2469 2319 2659 2374 labore
2678 2320 2962 2376 confectus
2983 2320 3210 2376 sibimet
3229 2322 3410 2376 lassus
3429 2323 3614 2378 videa-

2009 2414 2122 2473 tur,
2147 2413 2205 2462 et
2220 2415 2356 2464 tunc
2375 2409 2504 2475 huc,
2524 2409 2655 2463 illuc
2676 2409 3032 2480 perambulat
3055 2411 3274 2477 anxius,
3301 2410 3614 2484 saepiusque

2009 2498 2326 2570 ingreditur
2373 2503 2432 2552 et
2476 2498 2765 2568 egreditur
2811 2499 3009 2552 cellam
3053 2516 3117 2552 ac
3153 2499 3328 2560 solem
3362 2501 3516 2556 velut
3542 2501 3614 2556 ad

2010 2604 2268 2642 occasum
2279 2587 2498 2642 tardius
2518 2592 2914 2659 properantem
2934 2587 3183 2642 crebrius
3201 2588 3472 2655 intuetur,
3491 2607 3609 2644 om-

2010 2676 2182 2748 nique
2223 2682 2352 2732 actu
2383 2675 2622 2748 spiritali
2651 2677 2908 2731 redditur
2935 2675 3145 2732 otiosus
3173 2694 3239 2732 ac
3267 2694 3494 2745 vacuus,
3526 2679 3609 2733 ni-

2009 2765 2200 2837 hilque
2245 2765 2400 2820 aliud
2449 2782 2774 2837 procurans,
2824 2783 2993 2837 quam
3043 2765 3139 2821 ubi
3198 2783 3377 2838 quove
3424 2768 3610 2822 colore

2012 2855 2359 2910 occasionem
2408 2854 2724 2910 retectionis
2783 2855 2986 2910 futura:
3044 2855 3226 2910 valeat
3270 2873 3607 2928 praeparare,

2010 2961 2170 2998 mens
2193 2943 2346 2999 enim
2377 2943 2540 2998 otiosi
2560 2943 2700 2998 nihil
2715 2944 2869 2998 aliud
2887 2944 3132 3015 cogitare
3153 2944 3327 3011 novit,
3352 2962 3522 3016 quam
3541 2947 3612 3000 de

2009 3033 2150 3089 escis
2176 3049 2242 3088 ac
2270 3038 2496 3088 ventre:
2527 3051 2555 3086 ι
2585 3035 2650 3088 In
2687 3033 2984 3088 desideriis
3027 3033 3179 3088 enim
3209 3039 3312 3099 est,
3346 3039 3412 3089 ut
3449 3051 3610 3090 sacra

2008 3127 2254 3178 testatur
2265 3121 2572 3194 Scriptura,
2589 3121 2772 3177 omnis
2799 3123 3012 3176 otiosus
3034 3124 3212 3188 (Prov.
3249 3127 3390 3192 xxx).
3427 3144 3454 3176 »

2011 3249 2142 3302 CAP.
2175 3247 2343 3302 LVII.
2369 3277 2433 3287 —
2470 3249 2676 3315 Quibus
2699 3249 2924 3302 indiciis
2947 3251 3292 3315 cognoscitur
3311 3249 3608 3303 acediosus.

2085 3356 2272 3420 (Casa)
2287 3355 2497 3408 Beatus
2527 3355 2732 3409 Paulus
2751 3355 3036 3425 apostolus
3052 3360 3115 3408 ut
3135 3371 3298 3408 verus
3319 3360 3376 3409 et
3398 3355 3617 3426 peritis-

2010 3443 2188 3498 simus
2217 3443 2466 3498 medicus
2495 3443 2701 3498 acedize
2739 3443 2972 3497 vulnera
3000 3443 3061 3496 in
3081 3442 3329 3514 Epistola
3356 3443 3427 3496 ad
3446 3443 3615 3498 Thes-

2010 3532 2386 3586 salonicenses
2406 3531 2649 3604 pleniter
2674 3531 2857 3602 aperit
2879 3531 3068 3585 dicens
3091 3549 3101 3584 :
3131 3549 3158 3583 α
3192 3531 3476 3600 Rogamus
3497 3549 3609 3598 vos,

2009 3620 2234 3685 fratres,
2265 3626 2332 3675 ut
2378 3619 2676 3674 abundetis
2726 3619 2925 3690 magis,
2970 3626 3028 3673 et
3073 3636 3300 3690 operam
3347 3619 3511 3684 detis,
3551 3627 3618 3674 ut

2012 3709 2189 3781 quieti
2211 3709 2353 3776 sitis,
2374 3715 2432 3764 et
2457 3714 2523 3764 ut
2546 3715 2733 3764 vestra
2761 3707 2988 3778 negotia
3017 3708 3198 3779 agatis
3226 3715 3283 3762 et
3305 3709 3614 3780 operemini

2013 3797 2274 3852 manibus
2298 3797 2514 3863 vestris,
2551 3803 2608 3850 et
2637 3803 2702 3852 ut
2731 3797 2964 3851 honeste
2995 3795 3294 3850 ambuletis
3319 3803 3376 3851 et
3405 3797 3615 3852 nullius

2012 3886 2224 3958 aliquid
2255 3886 2584 3940 desideratis
2616 3886 2665 3954 (Ι
2696 3887 2867 3940 Thess.
2909 3903 2978 3952 IV,
3018 3885 3068 3951 1,
3106 3885 3210 3953 10).
3249 3905 3272 3936 ι
3323 3886 3424 3940 His
3465 3885 3615 3940 enim

2012 3975 2236 4030 indiciis
2263 3975 2619 4046 cognoscitur
2639 3973 2949 4039 acediosus,
2971 3975 3152 4046 primo
3176 3973 3309 4046 quia
3329 3974 3614 4046 inquietus

2014 4071 2117 4130 est,
2149 4065 2394 4120 secundo
2423 4064 2556 4136 quia
2583 4064 2770 4142 aliena
2797 4069 2958 4119 curat
2985 4063 3230 4136 negotia,
3257 4064 3406 4136 quod
3435 4064 3616 4120 curio-

2015 4154 2200 4210 sitatis
2230 4158 2318 4210 est
2346 4154 2579 4220 malum,
2611 4153 2786 4208 tertio
2811 4153 2944 4225 quia
2993 4153 3334 4226 dedignatur
3373 4153 3616 4226 propriis

2013 4243 2234 4316 operari
2281 4242 2560 4308 manibus,
2592 4248 2793 4315 quarto
2832 4243 2980 4314 quod
3019 4243 3314 4298 inhoneste
3341 4242 3610 4309 ambulat,

327 4347 488 4402 pore,
505 4331 762 4387 omnibus
775 4333 926 4387 enim
951 4333 1668 4390 modisDeofamulantibus
1689 4334 1930 4388 multum
1947 4368 1997 4427 D
2015 4333 2212 4404 quinto
2243 4332 2392 4404 quod
2419 4331 2602 4386 aliena
2643 4331 2944 4427 desiderat.
3071 4332 3152 4427 in“
3177 4332 3287 4427 alio
3317 4333 3436 4427 loco
3464 4331 3616 4427 idem

330 4419 975 4493 nocercprobatur,dum
991 4422 1061 4477 ab
1081 4425 1234 4478 omni
1253 4430 1380 4479 actu
1397 4424 1674 4497 spirituali
1692 4419 1992 4478 redduno-
2013 4422 2299 4494 apostolus
2345 4426 2507 4476 notat
2561 4420 2846 4475 acediosos
2891 4438 2904 4474 :
2940 4438 2966 4470 α
3010 4419 3359 4484 Audivimus,
3408 4419 3613 4491 inquit,

329 4514 432 4562 tur
456 4509 640 4577 otiosi,
668 4527 734 4565 ac
761 4511 940 4566 vacui.
964 4511 1082 4566 Hoc
1101 4516 1292 4566 autem
1310 4512 1508 4567 vitium
1540 4511 1718 4567 sancti
1741 4511 1930 4566 Eccle-

329 4598 550 4652 siarmu
577 4599 678 4654 Dei
709 4600 962 4655 doctores
991 4601 1140 4656 inter
1167 4607 1290 4656 octo
1309 4601 1446 4657 vitia
1475 4601 1804 4674 principalia
1819 4616 1932 4654 non

2013 4511 2162 4565 inter
2188 4527 2284 4565 vos
2310 4509 2580 4581 quosdam
2601 4508 2894 4563 ambulare
2911 4509 3181 4582 inquiete,
3199 4527 3225 4562 ιι
3250 4514 3307 4562 et
3327 4508 3616 4579 subjungit

2014 4601 2205 4656 statim
2230 4599 2538 4654 secundum
2567 4598 2916 4668 languorem,
2945 4597 3040 4670 qui
3071 4597 3480 4668 inquietudinis
3504 4597 3612 4652 hu-

329 4687 831 4754 annuntiaverunt,
863 4689 961 4742 sed
989 4689 1092 4744 sub
1120 4689 1362 4746 tristitiae
1389 4689 1553 4746 titulo
1583 4705 1713 4746 eum
1735 4705 1932 4762 posue-
2007 4691 2102 4761 jus
2132 4694 2217 4744 est
2246 4687 2404 4742 radix
2424 4689 2500 4754 (ll
2531 4688 2700 4743 Thess.
2732 4704 2809 4754 in,
2844 4685 2970 4752 ll):
3007 4704 3033 4738 (ί
3059 4686 3218 4752 nihil,
3251 4686 3454 4760 inquit,
3479 4703 3612 4758 ope-

333 4782 487 4842 runt,
517 4782 572 4832 et
611 4776 671 4832 in
719 4777 971 4850 catalogo
1018 4778 1414 4851 praedictorum
1463 4777 1746 4843 vitiorum,
1781 4777 1931 4852 unde

329 4865 588 4921 acediam
625 4865 1040 4933 subtraxerunt,
1074 4873 1140 4924 ut
1168 4867 1365 4924 eadem
1394 4866 1530 4924 vitia
1557 4883 1682 4922 octo
1709 4867 1926 4929 ﬁerent,

327 4953 598 5010 invidiam
640 4961 969 5028 posuerunt,
1027 4957 1128 5012 sed
1191 4974 1223 5010 θ
1264 4962 1462 5012 contra
1507 4957 1686 5012 sancti
1733 4957 1932 5014 Patres

329 5043 582 5116 [Egyptii
602 5050 662 5102 et
685 5045 956 5102 Palestini
982 5044 1453 5119 orientaliumque
1479 5046 1795 5118 regionum,
1834 5046 1933 5120 qui

332 5133 720 5189 institutiones
763 5139 822 5190 et
865 5135 1238 5192 correctiones
1264 5135 1668 5193 monachorum
1695 5135 1935 5192 maxime

332 5215 774 5295 descripserunt,
787 5222 847 5279 in
876 5223 1240 5281 annotatione
1267 5223 1936 5297 principaliumvitiorum

333 5310 604 5366 invidiam
655 5317 806 5368 recte
853 5312 958 5368 sub
1001 5313 1278 5387 superbiae
1317 5313 1483 5368 titulo
1513 5314 1931 5381 ordinaverunt,

333 5399 588 5456 acediam
616 5417 747 5458 vero
775 5417 952 5458 unum
973 5419 1042 5459 ex
1070 5408 1194 5460 octo
1210 5401 1610 5475 principalibus
1636 5402 1786 5458 vitiis
1815 5419 1936 5458 esse

339 5487 782 5556 afﬁrmaverunt,
815 5491 886 5546 ob
933 5493 1039 5548 hoc
1081 5492 1339 5549 videlicet
1367 5491 1515 5564 quod
1553 5491 1841 5548 monachis
1868 5507 1934 5547 ac

226 5633 245 5650 ,
338 5578 609 5635 solitariis
632 5579 810 5652 magis
838 5585 1069 5654 experta
1095 5587 1180 5638 est
1205 5581 1323 5638 haec
1349 5579 1554 5653 passio,
1577 5584 1636 5636 et
1659 5579 1717 5634 in
1745 5595 1934 5634 eremo

2011 4784 2221 4844 rantes,
2258 4796 2281 4827 ι
2315 4776 2548 4832 tertium
2599 4792 2821 4848 quoque
2851 4775 3130 4843 morbum,
3165 4775 3260 4848 qui
3289 4793 3355 4831 ex
3383 4776 3490 4832 isto
3517 4793 3613 4831 ve-

2012 4867 2098 4922 lut
2108 4866 2335 4938 quidam
2348 4866 2698 4920 ramusculus
2713 4865 2910 4930 oritur,
2921 4882 2946 4916 ‹‹
2965 4864 3062 4920 sed
3081 4865 3298 4920 curiose
3314 4870 3564 4936 agentes.
3581 4883 3609 4918 ι

2013 4956 2151 5012 Ecce
2178 4955 2238 5010 in
2269 4955 2374 5009 hac
2415 4953 2694 5010 sententia
2725 4953 3012 5008 acediosos
3050 4953 3334 5026 inquietos
3379 4969 3519 5018 esse,
3555 4959 3613 5008 et

2015 5044 2243 5109 otiosos,
2273 5060 2339 5098 ac
2380 5043 2629 5099 curiosos
2651 5043 2964 5106 confirmat,
2990 5059 3158 5114 quem
3183 5042 3333 5098 enim
3359 5042 3476 5098 haec
3503 5041 3614 5098 mi-

2015 5133 2272 5190 serabilis
2303 5132 2760 5204 nequissimaque
2777 5131 2993 5188 cruciat
3019 5131 3224 5203 passio,
3247 5131 3320 5185 ad
3343 5131 3616 5186 orationis

2017 5221 2266 5278 studium
2296 5221 2431 5276 facit
2456 5220 2700 5292 pigrum,
2731 5226 2789 5276 et
2811 5220 3061 5276 desidem
3083 5225 3140 5274 et
3167 5219 3349 5274 somni
3379 5220 3492 5275 telo
3521 5219 3618 5274 eli-

2017 5311 2118 5378 dit,
2138 5310 2210 5366 ad
2239 5309 2494 5365 lectionis
2511 5325 2644 5364 vero
2667 5309 2994 5364 exercitium
3013 5308 3332 5380 fatigatum,
3353 5308 3612 5376 inertem,

2017 5399 2412 5456 dormitantem
2461 5397 2647 5453 reddit
2689 5403 2747 5452 et
2791 5397 3037 5470 pigrum,
3065 5402 3124 5453 et
3149 5397 3310 5470 quasi
3340 5402 3459 5453 toto
3498 5413 3620 5453 cor-

2015 5505 2150 5564 pere
2187 5487 2472 5544 vermibus
2510 5485 2758 5559 graviter
2787 5492 3115 5555 scatentem,
3147 5487 3220 5543 ad
3265 5487 3618 5544 exercitatio-

2015 5595 2148 5634 nem
2178 5593 2400 5650 quoque
2447 5575 2748 5648 cujuslibet
2774 5574 2906 5632 boni
2935 5576 3121 5648 operis
3146 5577 3374 5634 tardum
3401 5576 3534 5632 facit
3561 5581 3620 5632 et
