3892 6150
224 194 357 254 1381

1177 197 1272 251 DE
1308 196 1525 253 VITIIS
1563 196 1650 252 ET
1688 194 2138 253 VIRTUTIBUS.
2169 230 2233 240 —
2271 199 2407 261 LIB.
2451 200 2550 256 ΙΙΙ.
2628 226 2639 233 ~

3364 203 3503 264 1382

221 321 397 388 enim,
428 334 533 375 nec
555 319 857 375 solitudine
876 319 1141 386 defervet,
1174 320 1323 391 quod
1350 337 1452 375 nec
1481 322 1599 375 loco
1621 339 1632 374 :
1673 320 1825 374 novit
1839 321 1891 381 A
1908 322 2179 393 dejicit,et
2199 324 2327 378 inde
2341 327 2592 381 omnium
2609 333 2963 398 peccatorum
2984 336 3070 384 est
3084 332 3346 395 maxima,
3370 332 3503 403 quia

220 409 425 466 exaudi
460 410 657 480 [Fortc,
699 409 959 478 excludi],
993 426 1094 463 nec
1122 415 1287 463 aetate
1316 425 1678 473 marcescere,
1727 410 1823 463 sed

220 500 291 553 de
312 497 662 553 successibus
683 496 955 552 virtutum
977 498 1347 561 animatur,et
1365 516 1477 552 non
1497 500 1677 553 solum
1694 516 1823 569 par-

218 605 337 655 vos,
368 604 564 642 verum
595 587 766 641 etiam
796 604 1031 657 magnos
1059 592 1117 641 et
1144 587 1425 658 angelicos
1446 588 1595 641 viros
1621 588 1689 641 de
1713 588 1826 641 cul-

222 677 376 731 mine
400 678 670 730 virtutum
695 676 904 746 dejicit.
927 678 1219 747 (Ιοαηηρς.)
1239 678 1417 730 Grave
1439 683 1524 730 est
1540 677 1825 747 jactantiae

216 771 278 820 et
304 783 460 820 vanae
479 765 672 836 gloriae
686 765 883 819 vitium
909 770 967 819 et
990 765 1565 835 periculosumnimis,
1593 772 1649 818 et
1676 765 1826 836 quod

218 855 293 910 de
320 855 442 926 ipso
471 855 644 908 etiam
694 854 1048 924 perfectionis
1100 854 1324 924 fastigio
1367 854 1557 923 dejicit
1586 854 1821 908 animas.

216 944 400 1013 (Jesus
422 944 463 1009 ἲ)
494 943 593 997 Est
613 948 805 997 autem
840 944 1052 1014 species
1080 944 1215 997 mali
1243 944 1412 1013 hujus
1441 944 1644 1014 duplex
1674 960 1826 1013 qua:-

219 1032 375 1100 dam,
411 1033 694 1087 nonnullis
734 1032 884 1087 enim
931 1031 1134 1087 accidit
1171 1032 1229 1086 in
1262 1032 1399 1104 ipsis
1429 1032 1619 1086 statim
1650 1031 1827 1086 initiis

218 1139 458 1193 operum
478 1121 754 1177 bonorum
780 1138 907 1175 cum
918 1138 1118 1193 parum
1142 1122 1353 1193 aliquid
1372 1122 1455 1175 vel
1476 1120 1826 1175 abstinentiae

221 1211 624 1282 impenderint,
644 1212 728 1264 vel
743 1212 989 1283 pecuniae
1009 1211 1067 1264 in
1076 1228 1350 1281 pauperes
1372 1210 1823 1281 przerogaverint,

218 1305 281 1354 et
310 1317 440 1353 cum
474 1300 543 1353 de
585 1317 650 1354 eo
696 1300 776 1354 ita
817 1302 1027 1354 sentire
1072 1299 1331 1366 debeant,
1365 1300 1460 1370 qui
1488 1300 1647 1370 quasi
1679 1299 1825 1369 quod

218 1390 621 1460 impenderim,
658 1390 988 1460 adjecerint,
1036 1389 1117 1443 ita
1155 1393 1332 1458 agunt
1354 1395 1412 1443 et
1437 1388 1518 1442 ita
1556 1388 1823 1453 sentiunt,

216 1479 382 1548 quasi
410 1477 807 1533 eminentiores
841 1478 955 1534 sint
995 1477 1126 1545 illis,
1160 1477 1364 1549 quibus
1395 1477 1607 1547 aliquid
1633 1477 1821 1547 largiti

218 1571 375 1622 sunt.
402 1567 528 1621 Alia
549 1584 678 1621 vero
701 1572 787 1621 est
799 1567 1085 1637 jactantize
1121 1572 1179 1620 et
1196 1583 1352 1620 vanae
1376 1567 1567 1636 gloria)
1589 1566 1817 1637 species,

1906 417 2023 465 tam
2050 430 2150 484 per
2180 422 2410 468 virtutes
2441 432 2608 486 quam
2639 434 2738 487 per
2766 417 2899 471 vitia
2928 418 3234 474 humanam
3255 427 3504 475 mentem

1906 504 2262 567 exterminat,
2295 505 2477 558 omnis
2510 522 2742 575 peccans
2788 507 3062 577 superbus
3103 514 3205 573 est,
3248 526 3312 563 eo
3352 511 3503 581 quod

1908 589 2158 645 faciendo
2182 594 2352 647 vetita
2375 595 2721 665 contemptui
2747 596 2951 650 habeat
2979 598 3167 652 divina
3199 606 3497 670 praecepta.

1910 679 2076 734 Recte
2107 698 2238 751 ergo
2269 702 2289 732 α
2325 683 2547 737 initium
2577 685 2759 739 omnis
2786 686 2997 754 peccati
3028 687 3285 757 superbia
3311 689 3497 752 (Ecclz'.

1909 785 1958 832 x,
1986 768 2088 837 15),
2116 790 2136 819 ι
2174 771 2304 839 quia
2334 772 2439 825 nisi
2468 774 2813 843 przecesserit
2834 776 3225 830 mandatorum
3248 777 3349 831 Dei
3380 778 3501 832 ino-

1908 856 2206 924 bedicntia,
2238 862 2700 931 transgressionis
2728 879 2840 917 non
2861 864 3118 934 sequitur
3131 866 3502 936 culpa.Cujus

1910 946 2020 1000 duo
2042 953 2173 1000 sunt
2198 964 2425 1017 genera,
2460 966 2633 1004 unum
2665 952 2811 1021 quod
2841 952 3121 1022 spiritales
3140 970 3503 1027 summosque

1911 1036 2271 1105 pulsat,aliud
2295 1039 2441 1108 quod
2455 1039 2624 1113 etiam
2638 1040 2968 1110 incipientes
2984 1042 3345 1114 carnalesque
3358 1062 3504 1099 com-

1910 1124 2172 1194 plectitur
2196 1145 2207 1191 ;
2237 1132 2292 1178 et
2322 1127 2450 1181 licet
2475 1134 2778 1198 utrumque
2805 1130 3078 1201 superbiae
3105 1148 3284 1201 genus
3307 1139 3425 1187 tam
3445 1133 3502 1188 in

1910 1214 2089 1266 Deum
2119 1231 2287 1284 quam
2310 1216 2369 1269 in
2400 1217 2652 1271 homines
2681 1219 2845 1271 noxia
2885 1219 3041 1273 inﬂet
3085 1220 3271 1285 elatio,
3311 1227 3501 1277 tamen

1908 1301 2046 1355 illud
2080 1302 2323 1373 primum
2352 1306 2670 1375 sprcialiter
2699 1308 2940 1361 refertur
2970 1310 3039 1361 ad
3071 1309 3268 1375 Deum,
3299 1327 3500 1365 secun-

1910 1390 2042 1444 dum
2074 1392 2142 1444 ad
2167 1393 2418 1447 homines
2447 1395 2667 1465 proprie
2690 1396 2948 1465 pertinet,
2977 1398 3237 1467 superbia
3255 1400 3503 1466 enim,ut

1906 1478 2117 1534 dictum
2148 1489 2251 1543 est,
2278 1500 2472 1536 omnes
2494 1484 2702 1554 pariter
2718 1484 2964 1543 ,virtutes
2997 1493 3245 1552 evacuat,
3279 1496 3503 1544 cuncta-

1906 1585 2013 1637 que
2022 1571 2245 1639 justitia
2258 1578 2310 1625 et
2336 1573 2631 1627 sanctitate
2656 1573 2939 1626 hominem
2959 1576 3231 1644 exspoliat
3246 1579 3498 1646 ,(Prosp.)

218 1673 353 1711 cum
390 1657 515 1727 quis
543 1658 613 1711 ad
634 1672 914 1711 summam
938 1656 1201 1710 virtutem
1222 1673 1569 1727 perveniens,
1599 1673 1709 1710 non
1741 1638 1880 1709 to—B
1910 1664 1966 1711 et
1995 1659 2127 1729 quid
2159 1661 2421 1731 amplius,
2456 1678 2569 1715 non
2599 1663 2779 1716 solum
2804 1669 3095 1733 peccatum
3120 1671 3206 1718 est
3225 1664 3367 1735 ipsa,
3404 1638 3501 1720 sed

217 1754 346 1803 tum
389 1746 503 1799 Deo
545 1746 643 1800 sed
691 1745 807 1799 suis
834 1744 1117 1801 laboribus
1143 1762 1207 1800 ac
1255 1745 1454 1799 studiis
1485 1746 1737 1817 deputat,
1770 1752 1828 1799 et

217 1839 361 1894 dum
377 1837 448 1891 ab
482 1834 802 1891 hominibus
821 1834 1062 1904 gloriam
1084 1835 1303 1905 quaerit,
1338 1834 1521 1905 perdit
1550 1834 1675 1888 eam
1704 1851 1825 1905 quae

219 1945 257 1982 a
275 1929 396 1983 Deo
408 1930 750 1997 est,propter
769 1924 919 1995 quod
935 1925 1086 1978 omni
1101 1941 1308 1994 genere
1322 1924 1602 1994 fugiamus
1609 1925 1823 1994 jactan—

214 2017 314 2071 tia;
340 2016 558 2080 vitium,
597 2031 666 2068 ne
693 2014 836 2067 forte
867 2012 1220 2069 incurramus
1247 2030 1375 2067 eum
1405 2014 1622 2083 lapsum
1655 2030 1820 2083 quem

215 2105 481 2160 diabolus
508 2104 765 2158 incurrit.
821 2106 1052 2170 (Pl'08p.l
1078 2103 1149 2156 Ili
1172 2102 1342 2163 enim,
1367 2119 1506 2172 quos
1526 2103 1641 2156 haec
1662 2108 1822 2156 vexat

213 2195 432 2266 passio,
461 2194 685 2248 laudem
707 2193 1012 2247 humanam
1042 2192 1111 2245 de
1140 2191 1299 2245 bonis
1325 2209 1447 2261 quze
1475 2198 1652 2261 agunt
1679 2192 1819 2245 reci-

216 2301 358 2355 pere
382 2283 721 2347 desiderant,
747 2287 803 2336 et
829 2282 897 2335 de
928 2280 1190 2352 operibus
1215 2297 1452 2350 quorum
1484 2280 1587 2334 sibi
1617 2280 1820 2334 conscii

214 2389 339 2428 non
363 2377 495 2427 sunt
523 2370 763 2442 turpiter
771 2370 1009 2439 jactant,
1032 2376 1088 2422 et
1107 2386 1166 2423 se
1185 2369 1252 2423 ab
1276 2368 1597 2423 hominibus
1618 2370 1820 2441 praedi-

216 2462 340 2516 cari
356 2478 456 2532 per
479 2462 635 2515 nefas
667 2460 946 2523 affectant,
979 2465 1311 2527 sanctosque
1330 2459 1475 2511 viros
1488 2459 1573 2512 sui
1604 2476 1822 2530 compa-

215 2550 447 2605 ratione
497 2550 823 2620 depravant,
865 2554 923 2601 et
950 2546 1075 2600 ideo
1106 2547 1253 2601 bona
1280 2547 1493 2601 faciunt
1520 2548 1820 2621 aliquando

220 2656 356 2695 cum
378 2656 583 2710 magno
613 2638 892 2702 labore,ut
911 2636 980 2690 ab
1002 2636 1551 2706 hominibus,quibus
1576 2638 1815 2708 placere,

224 2745 347 2783 non
359 2727 496 2794 Deo,
521 2726 1077 2782 desiderantlaudem
1103 2726 1395 2796 recipiant.
1422 2726 1578 2779 Unde
1601 2725 1823 2779 etVeri-

224 2824 320 2872 tas
348 2816 459 2870 ait:
516 2834 543 2866 (ι
572 2817 753 2869 Amen
780 2814 906 2869 dico
935 2813 1109 2877 vobis,
1145 2820 1479 2885 receperunt
1508 2815 1821 2868 mercedem

217 2923 388 2962 suam
415 2906 637 2978 (Matth.
668 2922 738 2970 IV,
770 2904 883 2972 25).
922 2924 943 2954 ι
976 2908 1117 2958 Cum
1148 2905 1297 2958 enim
1323 2922 1423 2975 pro
1460 2910 1611 2958 recto
1634 2922 1819 2975 opere,

216 3002 286 3051 ut
304 3001 535 3049 sanctus
569 3010 715 3065 papa
735 2993 815 3047 ait
836 2993 1159 3064 Gregorius,
1184 2995 1306 3047 laus
1323 2993 1645 3048 transitoria
1676 3010 1822 3064 quze-

216 3082 991 3151 ritur,zeternaretributione
1011 3100 1100 3135 res
1122 3082 1292 3152 digna
1310 3082 1402 3137 vili
1424 3083 1603 3153 pretio
1618 3099 1823 3135 venun-

152 3211 157 3214 -
214 3175 411 3228 datur.
446 3173 621 3243 Cujus
650 3173 864 3226 miserae
895 3171 1168 3242 passionis
1220 3171 1339 3224 haec
1378 3176 1463 3225 est
1490 3170 1736 3242 perfecta
1768 3177 1824 3223 et

215 3262 470 3318 salubris
491 3262 786 3327 medicina,
818 3259 1129 3315 recordatio
1158 3260 1357 3314 divina;
1385 3258 1652 3315 bonitatis
1681 3260 1822 3313 assi-

217 3352 355 3415 dua,
395 3368 496 3421 per
523 3368 691 3421 quam
725 3350 916 3404 omnia
942 3349 1091 3403 bona
1130 3349 1373 3402 humano
1399 3349 1593 3420 generi
1623 3349 1825 3403 collata

219 3442 615 3505 fuerunt,sunt
626 3448 1145 3510 eruntque;necnon
1162 3443 1217 3492 et
1230 3438 1408 3492 oratio
1423 3439 1684 3492 continua
1699 3455 1823 3491 cum

219 3530 497 3601 lacrymis
507 3531 802 3600 cordisque
813 3527 1324 3599 compunctione,et
1341 3528 1655 3581 divinarum
1677 3527 1825 3581 Scri-

218 3628 528 3692 pturarum
582 3619 960 3673 intentissima
989 3618 1171 3675 lectio.
1201 3636 1297 3671 seu
1331 3623 1387 3671 et
1417 3617 1826 3689 praeteritorum

217 3709 542 3764 recordatio
568 3714 941 3780 peccatorum,
986 3724 1294 3777 eorumque
1318 3705 1711 3760 rememoratio
1736 3706 1826 3758 bo-

214 3816 434 3853 norum
460 3797 555 3868 qui
583 3814 737 3851 vanze
765 3797 963 3866 gloriae
997 3796 1190 3849 morbo
1211 3795 1411 3865 dejecti
1446 3800 1594 3861 sunt,
1622 3794 1719 3848 sed
1770 3800 1827 3847 et

215 3886 541 3941 recordatio
572 3886 795 3940 Domini
841 3884 1165 3939 sententiae:
1218 3903 1243 3934 (ί
1286 3885 1597 3948 Quomodo,
1643 3883 1828 3954 inquit

215 3975 465 4048 potestis
486 3992 580 4028 vos
609 3974 835 4028 credere
858 3974 955 4044 qui
983 3972 1223 4042 gloriam
1253 3971 1323 4025 ab
1357 3972 1593 4026 invicem
1615 3972 1827 4042 accepi-

217 4066 351 4129 stis,
389 4070 443 4118 et
470 4064 710 4134 gloriam
741 4080 864 4135 quae
896 4079 932 4115 a
969 4063 1087 4116 solo
1138 4062 1253 4116 Deo
1284 4068 1370 4114 est
1419 4077 1531 4115 non
1578 4061 1827 4131 quaeritis

216 4156 411 4221 (Joan.
442 4169 495 4216 v,
527 4153 615 4215 44)
642 4171 655 4219 ;
692 4171 714 4203 ο
751 4157 810 4205 et
837 4150 1074 4221 apostoli
1119 4149 1280 4204 Pauli
1307 4169 1319 4203 :
1361 4168 1383 4200 (ι
1419 4149 1478 4203 Si
1508 4149 1827 4204 hominibus

222 4243 532 4313 placerem,
564 4239 774 4295 Christi
801 4256 994 4294 servus
1023 4255 1133 4293 non
1163 4255 1343 4292 essem
1392 4237 1531 4305 (Gal.
1564 4255 1600 4305 ι,
1638 4238 1721 4301 10)
1749 4258 1761 4305 ;
1799 4257 1824 4290 ι

221 4304 321 4386 et:
365 4352 388 4382 ι
420 4304 607 4384 Nolite
627 4329 749 4384 ﬁeri
768 4328 953 4383 inanis
969 4328 1163 4398 gloriae
1189 4327 1376 4399 cupidi
1399 4329 1538 4394 (Gal.
1562 4304 1613 4393 v,
1648 4304 1777 4399 26);
1797 4304 1886 4380 »Β

221 4426 289 4474 et
305 4419 485 4474 sancti
502 4418 679 4475 David
692 4418 979 4489 prophetae
996 4433 1009 4472 :
1032 4436 1057 4468 «
1077 4417 1355 4482 Quoniam
1373 4416 1521 4472 Deus
1537 4416 1827 4488 dissipavit

222 4526 359 4564 ossa
387 4525 452 4563 eo
464 4525 589 4562 rum
620 4508 715 4578 qui
742 4506 1065 4561 hominibus
1110 4506 1333 4579 placent
1357 4507 1528 4579 (Psal.
1567 4522 1656 4571 LII,
1685 4503 1761 4573 6),
1798 4526 1821 4557 ι

223 4606 290 4653 et
305 4615 479 4669 super
505 4597 697 4652 omnia
723 4598 771 4651 si
799 4596 1177 4652 intentissima
1193 4597 1391 4650 divinae
1406 4595 1672 4650 bonitatis
1704 4596 1826 4650 laus

220 4689 287 4743 in
318 4689 507 4755 corde,
540 4703 635 4741 ore
667 4692 836 4757 atque
865 4703 1033 4758 opere
1067 4701 1196 4739 cum
1223 4684 1425 4739 timore
1456 4685 1672 4749 mortis,
1706 4685 1831 4739 vitae

220 4777 528 4850 prasentis
576 4793 800 4848 semper
856 4782 987 4830 ante
1045 4775 1235 4831 oculos
1262 4790 1392 4829 cum
1419 4774 1684 4845 lacrymis
1714 4791 1830 4828 ver-

218 4872 405 4923 setur.

643 4956 774 5009 CAP.
803 4953 943 5009 LXI.
972 4983 1040 4994 --
1068 4955 1141 5008 Dc
1169 4955 1445 5022 superbia.

305 5062 585 5134 Superbia
612 5067 699 5116 est
725 5068 908 5116 mater
926 5067 983 5115 et
1006 5061 1163 5131 origo
1182 5077 1248 5115 ac
1268 5059 1465 5131 regina
1486 5059 1737 5113 omnium
1760 5058 1833 5112 vi-

226 5154 446 5207 tiorum
473 5169 574 5222 per
591 5169 759 5222 quam
782 5151 967 5221 angeli
993 5150 1317 5204 ceciderunt
1335 5150 1403 5203 de
1422 5150 1585 5211 coelo;
1605 5156 1663 5202 et
1689 5149 1834 5203 sicut

228 5249 320 5297 est
348 5243 511 5312 origo
539 5241 791 5295 omnium
819 5240 1141 5305 criminum,
1176 5240 1255 5293 ita
1305 5239 1472 5293 ruina
1501 5243 1829 5294 cunctarum

228 5332 531 5389 virtutum.
559 5330 681 5401 ipsa
693 5335 780 5385 est
791 5330 942 5384 enim
954 5329 1012 5384 in
1024 5335 1252 5401 peccato
1269 5328 1472 5399 prima,
1486 5327 1678 5398 ipsain
1698 5343 1831 5381 con-

230 5421 391 5475 ﬂictu
414 5426 717 5491 postrema,
741 5420 858 5473 haec
876 5418 1023 5473 enim
1046 5417 1215 5472 autin
1227 5416 1452 5470 exordio
1472 5419 1717 5469 mentem
1733 5430 1835 5483 per

228 5513 532 5579 peccatum
559 5508 885 5578 prosternit,
934 5514 1034 5561 aut
1086 5506 1384 5560 novissime
1437 5505 1505 5560 de
1538 5502 1831 5557 virtutibus

1908 1747 2079 1801 etiam
2111 1750 2327 1804 nullum
2360 1758 2650 1820 peccatum
2690 1751 2811 1804 fieri
2844 1758 3029 1822 potest
3054 1759 3153 1806 aut
3183 1755 3382 1823 potuit,
3417 1756 3501 1808 vel

1909 1839 2115 1908 poterit
2141 1839 2261 1892 sine
2303 1840 2440 1910 ipsa.
2478 1841 2674 1909 (Casa)
2704 1840 2811 1905 Qui
2842 1841 3069 1895 morbus
3098 1842 3231 1896 licet
3270 1844 3503 1898 ultimus

1907 1926 1981 1981 sit
2010 1926 2065 1980 in
2095 1929 2355 1982 conflictu
2368 1929 2628 1983 vitiorum
2654 1934 2821 1999 atque
2840 1930 2899 1983 in
2922 1930 3117 1983 ordine
3136 1937 3380 2001 ponatur
3400 1949 3501 2002 po-

1904 2022 2166 2077 stremus,
2185 2018 2399 2087 origine
2412 2024 2599 2072 tamen
2626 2024 2683 2073 et
2700 2024 2951 2089 tempore
2969 2019 3182 2089 primus
3195 2028 3296 2084 est,
3312 2022 3499 2076 saevis-

1903 2107 2047 2160 sima
2076 2112 2133 2161 et
2162 2106 2541 2177 superioribus
2569 2107 3093 2161 cunctisimmanior
3107 2106 3300 2171 bestia,
3326 2109 3505 2178 perfe-

1904 2202 2020 2249 ctos
2041 2196 2282 2250 maxime
2300 2202 2525 2249 tentans
2553 2204 2608 2248 et
2628 2196 3033 2266 propemodum
3049 2196 3167 2265 jam
3198 2197 3410 2267 positos
3440 2198 3499 2252 in

1904 2284 2386 2338 consummatione
2422 2284 2688 2338 virtutum
2718 2301 2906 2337 morsu
2935 2283 3141 2337 diriore
3170 2285 3494 2355 depascens.

1908 2376 2119 2441 (1)0321.)
2146 2374 2513 2443 Cognoscitur
2532 2373 2757 2444 quidem
2778 2373 2866 2426 hic
2882 2373 3254 2444 nequissimus
3270 2374 3499 2429 morbus

1904 2481 1969 2517 ex
1998 2481 2062 2517 eo
2094 2464 2239 2535 quod
2269 2480 2491 2534 semper
2513 2480 2577 2516 ea
2610 2479 2731 2533 quae
2760 2462 3132 2516 eminentiora
3152 2470 3285 2516 sunt
3298 2464 3498 2534 quaerit

1904 2559 1960 2607 et
1987 2559 2212 2625 exoptat
2260 2558 2601 2621 cunctosque
2642 2551 2896 2622 despicit,
2947 2558 3010 2605 ut
3041 2552 3252 2606 cunctis
3290 2559 3496 2607 semet-

1902 2643 2085 2715 ipsum
2106 2642 2449 2713 superiorem
2478 2641 2699 2694 efficiat.
2735 2643 2923 2709 (ίῖιιεδ.)
2953 2642 3197 2694 Curatur
3227 2646 3417 2695 autem
3449 2641 3497 2695 si

1904 2732 2096 2785 credat
2123 2731 2413 2785 sententiae
2444 2732 2566 2801 ejus
2597 2730 2691 2800 qui
2722 2729 2892 2783 dixit:
2915 2748 2938 2779 (ι
2972 2731 3116 2784 Deus
3138 2729 3393 2801 superbis
3416 2747 3499 2783 re-

1905 2821 2057 2875 sistit
2079 2824 2208 2883 (Jac.
2234 2838 2304 2881 1v,
2332 2818 2385 2888 6)
2422 2839 2469 2885 ι,
2496 2824 2553 2872 et
2580 2819 2626 2872 si
2658 2836 2716 2872 se
2747 2818 3036 2872 abstrahat
3065 2824 3123 2872 et
3158 2820 3381 2872 recedat
3428 2819 3498 2872 ab

1909 2909 2169 2963 omnibus
2197 2907 2578 2962 occasionibus
2611 2908 2887 2971 elationis,
2910 2908 3033 2961 etsi
3066 2924 3194 2960 vero
3214 2913 3272 2961 et
3300 2908 3501 2963 humili

1908 3000 2074 3053 corde
2104 2998 2361 3052 omnibus
2394 3014 2452 3051 se
2480 2997 2731 3051 viliorem
2759 3003 2816 3051 et
2858 2996 3180 3049 inferiorem
3218 3002 3406 3050 mente
3445 3002 3502 3051 et

1904 3105 2033 3142 voce
2063 3089 2253 3141 credat
2271 3106 2335 3140 ac
2349 3086 2694 3158 pronuntiet,
2718 3086 2835 3139 etsi
2864 3086 3118 3139 universa
3144 3102 3265 3155 quae
3293 3085 3505 3139 fuerint

1906 3179 1957 3231 ei
1986 3178 2250 3247 irrogata,
2300 3176 2503 3239 tristia,
2538 3175 2621 3228 vel
2675 3175 2965 3239 damnosa,
2988 3174 3391 3244 patientissime
3420 3180 3504 3229 to-

1907 3269 2065 3331 leret,
2099 3274 2156 3319 et
2180 3266 2226 3318 si
2258 3282 2479 3336 semper
2496 3264 2717 3319 Domini
2739 3270 2794 3317 et
2814 3270 3135 3317 sanctorum
3157 3265 3205 3334 ej
3216 3280 3279 3316 us
3294 3264 3505 3317 recolat

1908 3356 2212 3427 passiones,
2242 3361 2297 3407 et
2314 3354 2360 3406 si
2379 3372 2438 3407 se
2460 3354 2665 3423 cogitet
2684 3353 2793 3405 cito
2808 3353 2875 3405 de
2895 3353 2998 3404 hoc
3017 3352 3217 3405 saeculo
3234 3352 3503 3421 migratu-

1906 3462 2053 3506 rum,
2088 3452 2144 3498 et
2172 3444 2249 3497 sic
2285 3442 2593 3496 certissime
2620 3442 2811 3494 credat
2846 3440 3057 3510 absque
3094 3438 3195 3493 Dei
3223 3439 3501 3509 adjutorio

1908 3534 1985 3587 nil
2016 3533 2145 3586 boni
2177 3549 2338 3603 posse
2368 3531 2631 3597 cogitare,
2667 3529 2818 3598 loqui
2845 3530 2928 3581 vel
2959 3528 3157 3592 facere,
3199 3534 3256 3581 et
3284 3529 3331 3581 si
3371 3546 3499 3582 ora-

1907 3622 2068 3688 tioni,
2102 3620 2323 3675 lectioni
2356 3619 2579 3673 assidue
2608 3636 2735 3672 cum
2762 3616 3189 3687 compunctione
3220 3617 3502 3671 cordisin-

1908 3713 2088 3766 sistat.

1909 3856 2038 3909 CAP.
2064 3853 2228 3911 LXII.
2259 3884 2317 3893 --
2342 3855 2414 3906 Dr
2434 3870 2522 3915 ,κεπτ
2554 3854 2819 3904 vitiorum
2860 3854 3149 3904 cul‘zctmlia
3178 3856 3225 3905 ct
3257 3851 3502 3904 duorum

2170 3996 2171 3999 η
2242 3927 2310 3977 ab
2342 3927 2409 3975 iis
2438 3925 2823 3977 dissidentium
2850 3925 3184 3989 cognatione.

1985 4070 2217 4139 tSerap.)
2240 4068 2369 4121 Haec
2400 4066 2575 4137 igitur
2604 4071 2726 4120 octo
2750 4065 2889 4120 vitia
2916 4065 3045 4119 licet
3072 4066 3319 4120 diversos
3347 4072 3504 4121 ortus

1910 4175 1974 4212 ac
2002 4157 2300 4211 dissimiles
2330 4155 2659 4210 efﬁcientias
2688 4154 2950 4221 habeant,
2965 4154 3063 4208 sed
3088 4160 3277 4214 tamen
3293 4154 3499 4225 priora,

1911 4249 1968 4302 id
1989 4245 2517 4317 est,gastrimargia,
2542 4244 2853 4302 fornicatio,
2877 4243 3237 4314 philargyria,
3274 4244 3376 4308 ira,
3409 4244 3506 4296 tri-

1908 4338 2082 4404 stitia,
2107 4336 2317 4399 accdia,
2347 4334 2588 4405 quadam
2615 4333 2765 4387 inter
2793 4350 2852 4386 se
2882 4333 3230 4402 cognatione,
3256 4338 3314 4386 et
3342 4338 3404 4384 ut
3426 4332 3505 4386 ita

1908 4427 2142 4482 dixerim
2168 4423 2644 4487 concatenatione,
2678 4438 2925 4475 connexa
2944 4428 3094 4481 sunt,
3114 4420 3192 4474 ita
3220 4425 3287 4474 ut
3304 4421 3505 4491 prioris

1910 4514 2275 4571 exuberantia
2306 4511 2592 4583 sequentis
2617 4510 2893 4564 efﬁciatur
2920 4509 3230 4562 exordium.
3264 4510 3408 4562 Nam
3436 4510 3504 4564 de

1913 4604 2259 4660 abundantia
2282 4600 2691 4672 gastrimargim
2740 4598 3182 4663 fornicationem,
3225 4598 3293 4651 de
3330 4598 3541 4657 forni-.

1913 4696 2131 4750 catione
2162 4690 2584 4763 philargyriam,
2617 4689 2685 4742 de
2725 4687 3072 4758 philargyria
3100 4687 3259 4751 iram,
3304 4688 3373 4741 de
3421 4688 3507 4741 ira

1913 4783 2220 4846 tristitiam,
2239 4782 2309 4835 de
2326 4778 2558 4834 tristitia
2568 4777 2839 4841 acediam,
2858 4794 3083 4830 necesse
3104 4782 3189 4830 est
3208 4777 3503 4847 pullulare,

1912 4874 2149 4943 ideoque
2170 4871 2339 4925 simili
2360 4874 2555 4922 contra
2574 4868 2688 4920 haec
2710 4866 2874 4919 modo
2886 4871 3053 4935 atque
3067 4866 3262 4919 eadem
3288 4864 3505 4918 ratione

1913 4963 2278 5034 pugnandum
2295 4964 2398 5023 est,
2423 4963 2480 5011 et
2497 4974 2531 5010 a
2548 4954 2988 5028 praecedentibus
3008 4970 3227 5023 semper
3242 4953 3507 5006 adversus

1914 5058 2213 5122 sequentes
2233 5046 2717 5120 oportetnosinire
2734 5044 3073 5108 certamina;
3107 5042 3323 5096 facilius
3355 5041 3505 5095 enim

1915 5140 2214 5211 cujuslibet
2231 5134 2945 5192 arborisnoxialatitudoac
2974 5132 3278 5202 proceritas
3310 5147 3506 5185 exare-

1915 5232 2036 5297 scit,
2053 5230 2100 5284 si
2130 5235 2259 5283 ante
2284 5227 2498 5281 radices
2519 5227 2659 5295 ejus,
2677 5222 2877 5293 quibus
2895 5220 3159 5275 innititur
3178 5221 3262 5273 vel
3284 5220 3507 5274 nudata;

1914 5320 2141 5379 fuerint,
2156 5319 2239 5372 vel
2258 5315 2503 5380 succisaz,
2527 5311 2922 5367 etinfestantes
2944 5311 3208 5365 humores
3230 5325 3507 5380 aquarum

1916 5410 2181 5466 continuo
2200 5405 2573 5467 siccabuntur,
2598 5418 2727 5457 cum
2743 5406 3043 5472 generator
3061 5415 3256 5454 earum
3281 5399 3406 5454 fons
3443 5416 3509 5453 ac

1918 5500 2259 5571 proﬂuentes
2285 5510 2439 5551 vente
2466 5491 2660 5549 solerti
2687 5490 2968 5546 industria
2994 5488 3505 5556 fuerintobturataa,
