  <div class='ocr_page' id='page_1' title='image "/cluster/home/n/w/nwhite01/storage/ocr_20150623/112/hvd.32044054759774/697.png"; bbox 0 0 4018 6168; ppageno 0'>
   <div class='ocr_carea' id='block_1_1' title="bbox 533 202 670 258">
    <p class='ocr_par' dir='ltr' id='par_1_1' title="bbox 533 202 670 258">
     <span class='ocr_line' id='line_1_1' title="bbox 533 202 670 258; baseline 0.022 -2"><span class='ocrx_word' id='word_1_1' title='bbox 533 202 670 258; x_wconf 77' lang='grc'><strong>1383</strong></span> 
     </span>
    </p>
   </div>
   <div class='ocr_carea' id='block_1_2' title="bbox 1142 184 3200 276">
    <p class='ocr_par' dir='ltr' id='par_1_2' title="bbox 1142 184 3200 276">
     <span class='ocr_line' id='line_1_2' title="bbox 1142 184 3200 276; baseline -0.002 -18"><span class='ocrx_word' id='word_1_2' title='bbox 1142 203 1205 258; x_wconf 90' lang='lat' dir='ltr'><strong>B.</strong></span> <span class='ocrx_word' id='word_1_3' title='bbox 1246 202 1520 259; x_wconf 62' lang='lat' dir='ltr'><strong>suam</strong></span> <span class='ocrx_word' id='word_1_4' title='bbox 1556 202 1792 260; x_wconf 78' lang='lat' dir='ltr'><strong>MAURI</strong></span> <span class='ocrx_word' id='word_1_5' title='bbox 1826 198 2147 259; x_wconf 83' lang='lat' dir='ltr'><strong>ARCHIEP</strong></span> <span class='ocrx_word' id='word_1_6' title='bbox 2181 196 2508 257; x_wconf 71' lang='lat' dir='ltr'><strong>uocum.</strong></span> <span class='ocrx_word' id='word_1_7' title='bbox 2549 184 2848 276; x_wconf 79' lang='lat' dir='ltr'><strong>QPERUM</strong></span> <span class='ocrx_word' id='word_1_8' title='bbox 2883 199 3069 256; x_wconf 60' lang='lat' dir='ltr'><strong>rans</strong></span> <span class='ocrx_word' id='word_1_9' title='bbox 3105 199 3200 256; x_wconf 90' lang='lat' dir='ltr'>III.</span> 
     </span>
    </p>
   </div>
   <div class='ocr_carea' id='block_1_3' title="bbox 3624 200 3731 261">
    <p class='ocr_par' dir='ltr' id='par_1_3' title="bbox 3624 200 3731 261">
     <span class='ocr_line' id='line_1_3' title="bbox 3624 200 3731 261; baseline 0.037 -4"><span class='ocrx_word' id='word_1_10' title='bbox 3624 200 3731 261; x_wconf 69' lang='grc'><strong>1384</strong></span> 
     </span>
    </p>
   </div>
   <div class='ocr_carea' id='block_1_4' title="bbox 440 303 3734 400">
    <p class='ocr_par' dir='ltr' id='par_1_4' title="bbox 440 303 3734 400">
     <span class='ocr_line' id='line_1_4' title="bbox 440 303 3734 400; baseline 0.001 -20"><span class='ocrx_word' id='word_1_11' title='bbox 440 303 454 311; x_wconf 56' lang='grc'><em>’</em></span> <span class='ocrx_word' id='word_1_12' title='bbox 532 324 899 397; x_wconf 79' lang='lat' dir='ltr'><strong>quamobrem</strong></span> <span class='ocrx_word' id='word_1_13' title='bbox 928 331 992 380; x_wconf 89' lang='lat' dir='ltr'><strong>ut</strong></span> <span class='ocrx_word' id='word_1_14' title='bbox 1019 325 1214 381; x_wconf 88' lang='lat' dir='ltr'><strong>acedia</strong></span> <span class='ocrx_word' id='word_1_15' title='bbox 1231 326 1507 395; x_wconf 79' lang='lat' dir='ltr'><strong>vincatur,</strong></span> <span class='ocrx_word' id='word_1_16' title='bbox 1524 333 1657 384; x_wconf 83' lang='lat' dir='ltr'><strong>ante</strong></span> <span class='ocrx_word' id='word_1_17' title='bbox 1684 326 2002 400; x_wconf 88' lang='lat' dir='ltr'><strong>superanda</strong></span> <span class='ocrx_word' id='word_1_18' title='bbox 2026 323 2133 380; x_wconf 85' lang='lat' dir='ltr'><strong>tri-</strong></span> <span class='ocrx_word' id='word_1_19' title='bbox 2152 324 2205 384; x_wconf 84' lang='lat' dir='ltr'><strong>A</strong></span> <span class='ocrx_word' id='word_1_20' title='bbox 2222 324 2482 381; x_wconf 82' lang='lat' dir='ltr'><strong>nuditate</strong></span> <span class='ocrx_word' id='word_1_21' title='bbox 2505 325 2752 382; x_wconf 86' lang='lat' dir='ltr'><strong>fundari.</strong></span> <span class='ocrx_word' id='word_1_22' title='bbox 2776 325 2952 397; x_wconf 83' lang='lat' dir='ltr'><strong>Cujus</strong></span> <span class='ocrx_word' id='word_1_23' title='bbox 2979 322 3140 379; x_wconf 89' lang='lat' dir='ltr'><strong>nobis</strong></span> <span class='ocrx_word' id='word_1_24' title='bbox 3157 323 3416 396; x_wconf 70' lang='lat' dir='ltr'><strong>passionis</strong></span> <span class='ocrx_word' id='word_1_25' title='bbox 3429 323 3591 379; x_wconf 78' lang='lat' dir='ltr'><strong>inesse</strong></span> <span class='ocrx_word' id='word_1_26' title='bbox 3604 328 3734 382; x_wconf 75' lang='lat' dir='ltr'><strong>vesti-</strong></span> 
     </span>
    </p>
   </div>
   <div class='ocr_carea' id='block_1_5' title="bbox 531 415 2132 490">
    <p class='ocr_par' dir='ltr' id='par_1_5' title="bbox 531 415 2132 490">
     <span class='ocr_line' id='line_1_5' title="bbox 531 415 2132 490; baseline 0 -21"><span class='ocrx_word' id='word_1_27' title='bbox 531 415 689 469; x_wconf 89' lang='lat' dir='ltr'><strong>stitia</strong></span> <span class='ocrx_word' id='word_1_28' title='bbox 714 419 800 469; x_wconf 91' lang='lat' dir='ltr'><strong>est</strong></span> <span class='ocrx_word' id='word_1_29' title='bbox 821 433 835 482; x_wconf 88' lang='lat'><strong>;</strong></span> <span class='ocrx_word' id='word_1_30' title='bbox 859 420 925 470; x_wconf 91' lang='lat' dir='ltr'><strong>ut</strong></span> <span class='ocrx_word' id='word_1_31' title='bbox 940 415 1173 470; x_wconf 70' lang='lat' dir='ltr'><strong>tristitia</strong></span> <span class='ocrx_word' id='word_1_32' title='bbox 1187 417 1553 488; x_wconf 87' lang='lat' dir='ltr'><strong>propellatur,</strong></span> <span class='ocrx_word' id='word_1_33' title='bbox 1564 417 1653 473; x_wconf 88' lang='lat' dir='ltr'><strong>ira</strong></span> <span class='ocrx_word' id='word_1_34' title='bbox 1662 416 1819 490; x_wconf 89' lang='lat' dir='ltr'><strong>prius</strong></span> <span class='ocrx_word' id='word_1_35' title='bbox 1843 421 1930 471; x_wconf 90' lang='lat' dir='ltr'><strong>est</strong></span> <span class='ocrx_word' id='word_1_36' title='bbox 1940 419 2132 470; x_wconf 85' lang='lat' dir='ltr'><strong>extru-</strong></span> 
     </span>
    </p>
   </div>
   <div class='ocr_carea' id='block_1_6' title="bbox 530 503 2128 578">
    <p class='ocr_par' dir='ltr' id='par_1_6' title="bbox 530 503 2128 578">
     <span class='ocr_line' id='line_1_6' title="bbox 530 503 2128 578; baseline 0 -21"><span class='ocrx_word' id='word_1_37' title='bbox 530 503 741 571; x_wconf 90' lang='lat' dir='ltr'><strong>denda;</strong></span> <span class='ocrx_word' id='word_1_38' title='bbox 765 509 830 558; x_wconf 91' lang='lat' dir='ltr'><strong>ut</strong></span> <span class='ocrx_word' id='word_1_39' title='bbox 848 504 1240 575; x_wconf 82' lang='lat' dir='ltr'><strong>exstinguatur</strong></span> <span class='ocrx_word' id='word_1_40' title='bbox 1256 505 1362 572; x_wconf 88' lang='lat' dir='ltr'><strong>ira,</strong></span> <span class='ocrx_word' id='word_1_41' title='bbox 1385 505 1734 578; x_wconf 87' lang='lat' dir='ltr'><strong>philargyria</strong></span> <span class='ocrx_word' id='word_1_42' title='bbox 1747 504 2014 560; x_wconf 89' lang='lat' dir='ltr'><strong>calcanda</strong></span> <span class='ocrx_word' id='word_1_43' title='bbox 2023 508 2128 570; x_wconf 89' lang='lat' dir='ltr'><strong>est;</strong></span> 
     </span>
    </p>
   </div>
   <div class='ocr_carea' id='block_1_7' title="bbox 529 592 2126 667">
    <p class='ocr_par' dir='ltr' id='par_1_7' title="bbox 529 592 2126 667">
     <span class='ocr_line' id='line_1_7' title="bbox 529 592 2126 667; baseline -0.001 -20"><span class='ocrx_word' id='word_1_44' title='bbox 529 596 597 647; x_wconf 91' lang='lat' dir='ltr'><strong>ut</strong></span> <span class='ocrx_word' id='word_1_45' title='bbox 614 593 884 647; x_wconf 88' lang='lat' dir='ltr'><strong>evellatur</strong></span> <span class='ocrx_word' id='word_1_46' title='bbox 896 592 1260 666; x_wconf 85' lang='lat' dir='ltr'><strong>philargyria,</strong></span> <span class='ocrx_word' id='word_1_47' title='bbox 1285 594 1580 650; x_wconf 88' lang='lat' dir='ltr'><strong>fornicatio</strong></span> <span class='ocrx_word' id='word_1_48' title='bbox 1602 594 2012 667; x_wconf 81' lang='lat' dir='ltr'><strong>compescenda</strong></span> <span class='ocrx_word' id='word_1_49' title='bbox 2023 596 2126 660; x_wconf 89' lang='lat' dir='ltr'><strong>est;</strong></span> 
     </span>
    </p>
   </div>
   <div class='ocr_carea' id='block_1_8' title="bbox 527 681 2131 756">
    <p class='ocr_par' dir='ltr' id='par_1_8' title="bbox 527 681 2131 756">
     <span class='ocr_line' id='line_1_8' title="bbox 527 681 2131 756; baseline 0.001 -21"><span class='ocrx_word' id='word_1_50' title='bbox 527 685 596 736; x_wconf 90' lang='lat' dir='ltr'><strong>ut</strong></span> <span class='ocrx_word' id='word_1_51' title='bbox 620 681 914 737; x_wconf 89' lang='lat' dir='ltr'><strong>fornicatio</strong></span> <span class='ocrx_word' id='word_1_52' title='bbox 943 681 1268 749; x_wconf 85' lang='lat' dir='ltr'><strong>subruatur,</strong></span> <span class='ocrx_word' id='word_1_53' title='bbox 1289 685 1702 756; x_wconf 72' lang='lat' dir='ltr'><strong>gastrimargiae</strong></span> <span class='ocrx_word' id='word_1_54' title='bbox 1725 689 1814 740; x_wconf 89' lang='lat' dir='ltr'><strong>est</strong></span> <span class='ocrx_word' id='word_1_55' title='bbox 1828 684 2024 738; x_wconf 85' lang='lat' dir='ltr'><strong>vitium</strong></span> <span class='ocrx_word' id='word_1_56' title='bbox 2037 699 2131 737; x_wconf 88' lang='lat' dir='ltr'><strong>ca-</strong></span> 
     </span>
    </p>
   </div>
   <div class='ocr_carea' id='block_1_9' title="bbox 530 769 2135 841">
    <p class='ocr_par' dir='ltr' id='par_1_9' title="bbox 530 769 2135 841">
     <span class='ocr_line' id='line_1_9' title="bbox 530 769 2135 841; baseline 0 -16"><span class='ocrx_word' id='word_1_57' title='bbox 530 769 872 841; x_wconf 88' lang='lat' dir='ltr'><strong>stigandum.</strong></span> <span class='ocrx_word' id='word_1_58' title='bbox 913 771 1162 828; x_wconf 89' lang='lat' dir='ltr'><strong>Residua</strong></span> <span class='ocrx_word' id='word_1_59' title='bbox 1199 789 1330 828; x_wconf 89' lang='lat' dir='ltr'><strong>vero</strong></span> <span class='ocrx_word' id='word_1_60' title='bbox 1367 773 1499 839; x_wconf 91' lang='lat' dir='ltr'><strong>duo,</strong></span> <span class='ocrx_word' id='word_1_61' title='bbox 1530 773 1588 828; x_wconf 93' lang='lat' dir='ltr'>id</span> <span class='ocrx_word' id='word_1_62' title='bbox 1618 780 1703 830; x_wconf 89' lang='lat' dir='ltr'><strong>est</strong></span> <span class='ocrx_word' id='word_1_63' title='bbox 1734 772 2039 829; x_wconf 88' lang='lat' dir='ltr'><strong>cenodoxia</strong></span> <span class='ocrx_word' id='word_1_64' title='bbox 2077 776 2135 826; x_wconf 91' lang='lat' dir='ltr'><strong>et</strong></span> 
     </span>
    </p>
   </div>
   <div class='ocr_carea' id='block_1_10' title="bbox 532 859 2134 936">
    <p class='ocr_par' dir='ltr' id='par_1_10' title="bbox 532 859 2134 936">
     <span class='ocr_line' id='line_1_10' title="bbox 532 859 2134 936; baseline 0 -22"><span class='ocrx_word' id='word_1_65' title='bbox 532 859 814 932; x_wconf 83' lang='lat' dir='ltr'><strong>superbia,</strong></span> <span class='ocrx_word' id='word_1_66' title='bbox 847 859 953 916; x_wconf 86' lang='lat' dir='ltr'>sibi</span> <span class='ocrx_word' id='word_1_67' title='bbox 982 861 1211 932; x_wconf 88' lang='lat' dir='ltr'><strong>quidem</strong></span> <span class='ocrx_word' id='word_1_68' title='bbox 1232 862 1494 918; x_wconf 84' lang='lat' dir='ltr'><strong>similiter</strong></span> <span class='ocrx_word' id='word_1_69' title='bbox 1520 862 1636 931; x_wconf 89' lang='lat' dir='ltr'><strong>illa,</strong></span> <span class='ocrx_word' id='word_1_70' title='bbox 1657 879 1770 936; x_wconf 89' lang='lat' dir='ltr'><strong>qua</strong></span> <span class='ocrx_word' id='word_1_71' title='bbox 1787 863 1857 917; x_wconf 89' lang='lat' dir='ltr'><strong>de</strong></span> <span class='ocrx_word' id='word_1_72' title='bbox 1879 860 2134 934; x_wconf 88' lang='lat' dir='ltr'><strong>superio-</strong></span> 
     </span>
    </p>
   </div>
   <div class='ocr_carea' id='block_1_11' title="bbox 531 947 2134 1023">
    <p class='ocr_par' dir='ltr' id='par_1_11' title="bbox 531 947 2134 1023">
     <span class='ocr_line' id='line_1_11' title="bbox 531 947 2134 1023; baseline 0.001 -20"><span class='ocrx_word' id='word_1_73' title='bbox 531 947 689 1004; x_wconf 82' lang='lat' dir='ltr'><strong>ribus</strong></span> <span class='ocrx_word' id='word_1_74' title='bbox 708 949 856 1004; x_wconf 85' lang='lat' dir='ltr'>vitiis</span> <span class='ocrx_word' id='word_1_75' title='bbox 875 950 1120 1006; x_wconf 84' lang='lat' dir='ltr'><strong>diximus</strong></span> <span class='ocrx_word' id='word_1_76' title='bbox 1133 951 1353 1007; x_wconf 87' lang='lat' dir='ltr'><strong>ratione</strong></span> <span class='ocrx_word' id='word_1_77' title='bbox 1384 953 1722 1023; x_wconf 84' lang='lat' dir='ltr'><strong>junguntur,</strong></span> <span class='ocrx_word' id='word_1_78' title='bbox 1754 951 1836 1006; x_wconf 91' lang='lat' dir='ltr'><strong>ita</strong></span> <span class='ocrx_word' id='word_1_79' title='bbox 1859 955 1926 1006; x_wconf 89' lang='lat' dir='ltr'><strong>ut</strong></span> <span class='ocrx_word' id='word_1_80' title='bbox 1950 950 2134 1005; x_wconf 89' lang='lat' dir='ltr'><strong>incre-</strong></span> 
     </span>
    </p>
   </div>
   <div class='ocr_carea' id='block_1_12' title="bbox 532 1038 2140 1110">
    <p class='ocr_par' dir='ltr' id='par_1_12' title="bbox 532 1038 2140 1110">
     <span class='ocr_line' id='line_1_12' title="bbox 532 1038 2140 1110; baseline 0.001 -18"><span class='ocrx_word' id='word_1_81' title='bbox 532 1044 787 1094; x_wconf 88' lang='lat' dir='ltr'><strong>mentum</strong></span> <span class='ocrx_word' id='word_1_82' title='bbox 816 1038 1020 1110; x_wconf 84' lang='lat' dir='ltr'><strong>prioris</strong></span> <span class='ocrx_word' id='word_1_83' title='bbox 1050 1046 1210 1095; x_wconf 88' lang='lat' dir='ltr'><strong>ortus</strong></span> <span class='ocrx_word' id='word_1_84' title='bbox 1239 1040 1514 1096; x_wconf 83' lang='lat' dir='ltr'><strong>efficiatur</strong></span> <span class='ocrx_word' id='word_1_85' title='bbox 1533 1040 1785 1096; x_wconf 81' lang='lat' dir='ltr'><strong>alterius.</strong></span> <span class='ocrx_word' id='word_1_86' title='bbox 1805 1038 2140 1095; x_wconf 73' lang='lat' dir='ltr'><strong>Cenodoxiae</strong></span> 
     </span>
    </p>
   </div>
   <div class='ocr_carea' id='block_1_13' title="bbox 533 1126 2137 1202">
    <p class='ocr_par' dir='ltr' id='par_1_13' title="bbox 533 1126 2137 1202">
     <span class='ocr_line' id='line_1_13' title="bbox 533 1126 2137 1202; baseline 0 -20"><span class='ocrx_word' id='word_1_87' title='bbox 533 1127 688 1183; x_wconf 91' lang='lat' dir='ltr'><strong>enim</strong></span> <span class='ocrx_word' id='word_1_88' title='bbox 714 1126 1080 1184; x_wconf 79' lang='lat' dir='ltr'><strong>exuberantia</strong></span> <span class='ocrx_word' id='word_1_89' title='bbox 1123 1129 1401 1201; x_wconf 71' lang='lat' dir='ltr'><strong>superbiae</strong></span> <span class='ocrx_word' id='word_1_90' title='bbox 1448 1129 1700 1186; x_wconf 86' lang='lat' dir='ltr'><strong>fomitem</strong></span> <span class='ocrx_word' id='word_1_91' title='bbox 1729 1128 1898 1202; x_wconf 89' lang='lat' dir='ltr'><strong>parit,</strong></span> <span class='ocrx_word' id='word_1_92' title='bbox 1928 1128 2028 1184; x_wconf 91' lang='lat' dir='ltr'><strong>sed</strong></span> <span class='ocrx_word' id='word_1_93' title='bbox 2065 1126 2137 1182; x_wconf 89' lang='lat' dir='ltr'><strong>ab</strong></span> 
     </span>
    </p>
   </div>
   <div class='ocr_carea' id='block_1_14' title="bbox 533 1215 2136 1291">
    <p class='ocr_par' dir='ltr' id='par_1_14' title="bbox 533 1215 2136 1291">
     <span class='ocr_line' id='line_1_14' title="bbox 533 1215 2136 1291; baseline -0.001 -20"><span class='ocrx_word' id='word_1_94' title='bbox 533 1215 646 1272; x_wconf 90' lang='lat' dir='ltr'><strong>illis</strong></span> <span class='ocrx_word' id='word_1_95' title='bbox 669 1234 766 1272; x_wconf 86' lang='lat' dir='ltr'><strong>sex</strong></span> <span class='ocrx_word' id='word_1_96' title='bbox 795 1216 1076 1288; x_wconf 79' lang='lat' dir='ltr'><strong>prioribus</strong></span> <span class='ocrx_word' id='word_1_97' title='bbox 1099 1217 1251 1274; x_wconf 89' lang='lat' dir='ltr'><strong>vitiis</strong></span> <span class='ocrx_word' id='word_1_98' title='bbox 1278 1219 1503 1291; x_wconf 89' lang='lat' dir='ltr'><strong>penitus</strong></span> <span class='ocrx_word' id='word_1_99' title='bbox 1533 1218 1828 1285; x_wconf 87' lang='lat' dir='ltr'><strong>dissident,</strong></span> <span class='ocrx_word' id='word_1_100' title='bbox 1843 1234 1947 1272; x_wconf 91' lang='lat' dir='ltr'><strong>nec</strong></span> <span class='ocrx_word' id='word_1_101' title='bbox 1963 1215 2136 1272; x_wconf 87' lang='lat' dir='ltr'><strong>simili</strong></span> 
     </span>
    </p>
   </div>
   <div class='ocr_carea' id='block_1_15' title="bbox 533 1306 2135 1380">
    <p class='ocr_par' dir='ltr' id='par_1_15' title="bbox 533 1306 2135 1380">
     <span class='ocr_line' id='line_1_15' title="bbox 533 1306 2135 1380; baseline 0 -20"><span class='ocrx_word' id='word_1_102' title='bbox 533 1323 662 1360; x_wconf 92' lang='lat' dir='ltr'><strong>cum</strong></span> <span class='ocrx_word' id='word_1_103' title='bbox 693 1306 776 1361; x_wconf 90' lang='lat' dir='ltr'><strong>eis</strong></span> <span class='ocrx_word' id='word_1_104' title='bbox 803 1307 1072 1362; x_wconf 84' lang='lat' dir='ltr'><strong>societate</strong></span> <span class='ocrx_word' id='word_1_105' title='bbox 1099 1308 1464 1374; x_wconf 70' lang='lat' dir='ltr'><strong>foederantur,</strong></span> <span class='ocrx_word' id='word_1_106' title='bbox 1499 1308 1782 1380; x_wconf 88' lang='lat' dir='ltr'><strong>siquidem</strong></span> <span class='ocrx_word' id='word_1_107' title='bbox 1810 1323 1925 1362; x_wconf 91' lang='lat' dir='ltr'><strong>non</strong></span> <span class='ocrx_word' id='word_1_108' title='bbox 1951 1306 2135 1361; x_wconf 89' lang='lat' dir='ltr'><strong>solum</strong></span> 
     </span>
    </p>
   </div>
   <div class='ocr_carea' id='block_1_16' title="bbox 534 1395 2139 1468">
    <p class='ocr_par' dir='ltr' id='par_1_16' title="bbox 534 1395 2139 1468">
     <span class='ocr_line' id='line_1_16' title="bbox 534 1395 2139 1468; baseline -0.001 -18"><span class='ocrx_word' id='word_1_109' title='bbox 534 1395 748 1451; x_wconf 90' lang='lat' dir='ltr'><strong>nullam</strong></span> <span class='ocrx_word' id='word_1_110' title='bbox 780 1412 845 1450; x_wconf 87' lang='lat' dir='ltr'><strong>ex</strong></span> <span class='ocrx_word' id='word_1_111' title='bbox 874 1395 986 1452; x_wconf 91' lang='lat' dir='ltr'><strong>illis</strong></span> <span class='ocrx_word' id='word_1_112' title='bbox 1016 1396 1365 1452; x_wconf 80' lang='lat' dir='ltr'><strong>occasionem</strong></span> <span class='ocrx_word' id='word_1_113' title='bbox 1412 1413 1529 1452; x_wconf 69' lang='lat' dir='ltr'><strong>sua:</strong></span> <span class='ocrx_word' id='word_1_114' title='bbox 1569 1395 1953 1468; x_wconf 84' lang='lat' dir='ltr'><strong>generationis</strong></span> <span class='ocrx_word' id='word_1_115' title='bbox 1997 1395 2139 1450; x_wconf 88' lang='lat' dir='ltr'><strong>acci-</strong></span> 
     </span>
    </p>
   </div>
   <div class='ocr_carea' id='block_1_17' title="bbox 534 1483 2139 1558">
    <p class='ocr_par' dir='ltr' id='par_1_17' title="bbox 534 1483 2139 1558">
     <span class='ocr_line' id='line_1_17' title="bbox 534 1483 2139 1558; baseline -0.001 -18"><span class='ocrx_word' id='word_1_116' title='bbox 534 1484 821 1556; x_wconf 87' lang='lat' dir='ltr'><strong>piunt,sed</strong></span> <span class='ocrx_word' id='word_1_117' title='bbox 831 1485 1002 1540; x_wconf 84' lang='lat' dir='ltr'><strong>etiam</strong></span> <span class='ocrx_word' id='word_1_118' title='bbox 1011 1485 1292 1541; x_wconf 89' lang='lat' dir='ltr'><strong>contrario</strong></span> <span class='ocrx_word' id='word_1_119' title='bbox 1302 1486 1468 1541; x_wconf 91' lang='lat' dir='ltr'><strong>modo</strong></span> <span class='ocrx_word' id='word_1_120' title='bbox 1478 1491 1648 1558; x_wconf 89' lang='lat' dir='ltr'><strong>atque</strong></span> <span class='ocrx_word' id='word_1_121' title='bbox 1658 1485 1853 1541; x_wconf 89' lang='lat' dir='ltr'><strong>ordine</strong></span> <span class='ocrx_word' id='word_1_122' title='bbox 1866 1483 2139 1539; x_wconf 88' lang='lat' dir='ltr'><strong>suscitan-</strong></span> 
     </span>
    </p>
   </div>
   <div class='ocr_carea' id='block_1_18' title="bbox 2209 412 3733 488">
    <p class='ocr_par' dir='ltr' id='par_1_18' title="bbox 2209 412 3733 488">
     <span class='ocr_line' id='line_1_18' title="bbox 2209 412 3733 488; baseline 0.003 -20"><span class='ocrx_word' id='word_1_123' title='bbox 2209 413 2323 485; x_wconf 89' lang='lat' dir='ltr'><strong>gia,</strong></span> <span class='ocrx_word' id='word_1_124' title='bbox 2340 414 2449 470; x_wconf 89' lang='lat' dir='ltr'><strong>isto</strong></span> <span class='ocrx_word' id='word_1_125' title='bbox 2460 431 2683 488; x_wconf 89' lang='lat' dir='ltr'><strong>quoque</strong></span> <span class='ocrx_word' id='word_1_126' title='bbox 2698 415 3081 488; x_wconf 89' lang='lat' dir='ltr'><strong>deprehensus</strong></span> <span class='ocrx_word' id='word_1_127' title='bbox 3100 412 3291 484; x_wconf 79' lang='lat' dir='ltr'><strong>[Forte,</strong></span> <span class='ocrx_word' id='word_1_128' title='bbox 3311 413 3733 488; x_wconf 80' lang='lat' dir='ltr'><strong>deprehendimus]</strong></span> 
     </span>
    </p>
   </div>
   <div class='ocr_carea' id='block_1_19' title="bbox 2212 501 3733 577">
    <p class='ocr_par' dir='ltr' id='par_1_19' title="bbox 2212 501 3733 577">
     <span class='ocr_line' id='line_1_19' title="bbox 2212 501 3733 577; baseline 0.001 -20"><span class='ocrx_word' id='word_1_129' title='bbox 2212 502 2440 558; x_wconf 90' lang='lat' dir='ltr'><strong>indicio.</strong></span> <span class='ocrx_word' id='word_1_130' title='bbox 2473 504 2617 559; x_wconf 90' lang='lat' dir='ltr'><strong>Cum</strong></span> <span class='ocrx_word' id='word_1_131' title='bbox 2638 504 2782 559; x_wconf 87' lang='lat' dir='ltr'><strong>forte</strong></span> <span class='ocrx_word' id='word_1_132' title='bbox 2808 503 2881 559; x_wconf 89' lang='lat' dir='ltr'><strong>ad</strong></span> <span class='ocrx_word' id='word_1_133' title='bbox 2906 501 3262 559; x_wconf 83' lang='lat' dir='ltr'><strong>refectionem</strong></span> <span class='ocrx_word' id='word_1_134' title='bbox 3286 501 3482 558; x_wconf 83' lang='lat' dir='ltr'><strong>detenti</strong></span> <span class='ocrx_word' id='word_1_135' title='bbox 3505 504 3568 558; x_wconf 89' lang='lat' dir='ltr'><strong>ab</strong></span> <span class='ocrx_word' id='word_1_136' title='bbox 3585 504 3733 577; x_wconf 84' lang='lat' dir='ltr'><strong>aliquo</strong></span> 
     </span>
    </p>
   </div>
   <div class='ocr_carea' id='block_1_20' title="bbox 2212 591 3736 663">
    <p class='ocr_par' dir='ltr' id='par_1_20' title="bbox 2212 591 3736 663">
     <span class='ocr_line' id='line_1_20' title="bbox 2212 591 3736 663; baseline 0.002 -17"><span class='ocrx_word' id='word_1_137' title='bbox 2212 592 2474 661; x_wconf 83' lang='lat' dir='ltr'><strong>fratrum,</strong></span> <span class='ocrx_word' id='word_1_138' title='bbox 2489 593 2737 648; x_wconf 89' lang='lat' dir='ltr'><strong>contenti</strong></span> <span class='ocrx_word' id='word_1_139' title='bbox 2768 609 2882 648; x_wconf 87' lang='lat' dir='ltr'><strong>non</strong></span> <span class='ocrx_word' id='word_1_140' title='bbox 2908 608 3103 648; x_wconf 89' lang='lat' dir='ltr'><strong>sumus</strong></span> <span class='ocrx_word' id='word_1_141' title='bbox 3125 608 3388 663; x_wconf 88' lang='lat' dir='ltr'><strong>eosapore</strong></span> <span class='ocrx_word' id='word_1_142' title='bbox 3412 591 3547 647; x_wconf 85' lang='lat' dir='ltr'><strong>cibos</strong></span> <span class='ocrx_word' id='word_1_143' title='bbox 3558 608 3736 649; x_wconf 81' lang='lat' dir='ltr'><strong>sumere</strong></span> 
     </span>
    </p>
   </div>
   <div class='ocr_carea' id='block_1_21' title="bbox 2217 679 3737 754">
    <p class='ocr_par' dir='ltr' id='par_1_21' title="bbox 2217 679 3737 754">
     <span class='ocr_line' id='line_1_21' title="bbox 2217 679 3737 754; baseline 0.001 -19"><span class='ocrx_word' id='word_1_144' title='bbox 2217 697 2328 752; x_wconf 91' lang='lat' dir='ltr'><strong>quo</strong></span> <span class='ocrx_word' id='word_1_145' title='bbox 2355 679 2427 735; x_wconf 91' lang='lat' dir='ltr'><strong>ab</strong></span> <span class='ocrx_word' id='word_1_146' title='bbox 2456 681 2753 737; x_wconf 84' lang='lat' dir='ltr'><strong>exhibente</strong></span> <span class='ocrx_word' id='word_1_147' title='bbox 2781 681 2993 737; x_wconf 89' lang='lat' dir='ltr'><strong>conditi</strong></span> <span class='ocrx_word' id='word_1_148' title='bbox 3019 686 3169 748; x_wconf 90' lang='lat' dir='ltr'><strong>sunt,</strong></span> <span class='ocrx_word' id='word_1_149' title='bbox 3193 681 3290 736; x_wconf 89' lang='lat' dir='ltr'><strong>sed</strong></span> <span class='ocrx_word' id='word_1_150' title='bbox 3316 680 3557 752; x_wconf 85' lang='lat' dir='ltr'><strong>quiddam</strong></span> <span class='ocrx_word' id='word_1_151' title='bbox 3581 698 3737 754; x_wconf 87' lang='lat' dir='ltr'><strong>super-</strong></span> 
     </span>
    </p>
   </div>
   <div class='ocr_carea' id='block_1_22' title="bbox 2214 769 3736 844">
    <p class='ocr_par' dir='ltr' id='par_1_22' title="bbox 2214 769 3736 844">
     <span class='ocr_line' id='line_1_22' title="bbox 2214 769 3736 844; baseline 0.001 -20"><span class='ocrx_word' id='word_1_152' title='bbox 2214 770 2373 826; x_wconf 89' lang='lat' dir='ltr'><strong>fundi</strong></span> <span class='ocrx_word' id='word_1_153' title='bbox 2408 771 2493 827; x_wconf 89' lang='lat' dir='ltr'><strong>eis</strong></span> <span class='ocrx_word' id='word_1_154' title='bbox 2514 771 2602 825; x_wconf 91' lang='lat' dir='ltr'><strong>vel</strong></span> <span class='ocrx_word' id='word_1_155' title='bbox 2633 770 2803 842; x_wconf 88' lang='lat' dir='ltr'><strong>adjici</strong></span> <span class='ocrx_word' id='word_1_156' title='bbox 2833 771 3158 843; x_wconf 90' lang='lat' dir='ltr'><strong>importuna</strong></span> <span class='ocrx_word' id='word_1_157' title='bbox 3192 775 3357 842; x_wconf 53' lang='lat' dir='ltr'><strong>etme</strong></span> <span class='ocrx_word' id='word_1_158' title='bbox 3380 769 3619 826; x_wconf 77' lang='lat' dir='ltr'><strong>eﬂrenata</strong></span> <span class='ocrx_word' id='word_1_159' title='bbox 3637 786 3736 844; x_wconf 80' lang='lat' dir='ltr'><strong>pos-</strong></span> 
     </span>
    </p>
   </div>
   <div class='ocr_carea' id='block_1_23' title="bbox 2214 859 3738 932">
    <p class='ocr_par' dir='ltr' id='par_1_23' title="bbox 2214 859 3738 932">
     <span class='ocr_line' id='line_1_23' title="bbox 2214 859 3738 932; baseline 0.001 -19"><span class='ocrx_word' id='word_1_160' title='bbox 2214 859 2394 914; x_wconf 90' lang='lat' dir='ltr'><strong>cimus</strong></span> <span class='ocrx_word' id='word_1_161' title='bbox 2416 859 2709 915; x_wconf 85' lang='lat' dir='ltr'><strong>libertate:</strong></span> <span class='ocrx_word' id='word_1_162' title='bbox 2744 859 2894 932; x_wconf 91' lang='lat' dir='ltr'><strong>quod</strong></span> <span class='ocrx_word' id='word_1_163' title='bbox 2920 859 3043 914; x_wconf 83' lang='lat' dir='ltr'><strong>ﬁeri</strong></span> <span class='ocrx_word' id='word_1_164' title='bbox 3066 859 3288 932; x_wconf 86' lang='lat' dir='ltr'><strong>penitus</strong></span> <span class='ocrx_word' id='word_1_165' title='bbox 3316 876 3423 914; x_wconf 91' lang='lat' dir='ltr'><strong>non</strong></span> <span class='ocrx_word' id='word_1_166' title='bbox 3447 865 3637 931; x_wconf 85' lang='lat' dir='ltr'><strong>oportet</strong></span> <span class='ocrx_word' id='word_1_167' title='bbox 3657 860 3738 914; x_wconf 87' lang='lat' dir='ltr'><strong>tri-</strong></span> 
     </span>
    </p>
   </div>
   <div class='ocr_carea' id='block_1_24' title="bbox 2213 947 3740 1021">
    <p class='ocr_par' dir='ltr' id='par_1_24' title="bbox 2213 947 3740 1021">
     <span class='ocr_line' id='line_1_24' title="bbox 2213 947 3740 1021; baseline 0.001 -20"><span class='ocrx_word' id='word_1_168' title='bbox 2213 947 2319 1002; x_wconf 91' lang='lat' dir='ltr'><strong>bus</strong></span> <span class='ocrx_word' id='word_1_169' title='bbox 2349 949 2420 1003; x_wconf 92' lang='lat' dir='ltr'><strong>de</strong></span> <span class='ocrx_word' id='word_1_170' title='bbox 2466 948 2669 1015; x_wconf 87' lang='lat' dir='ltr'><strong>causis,</strong></span> <span class='ocrx_word' id='word_1_171' title='bbox 2699 948 2882 1020; x_wconf 90' lang='lat' dir='ltr'><strong>primo</strong></span> <span class='ocrx_word' id='word_1_172' title='bbox 2911 948 3045 1021; x_wconf 84' lang='lat' dir='ltr'><strong>quia</strong></span> <span class='ocrx_word' id='word_1_173' title='bbox 3071 965 3231 1004; x_wconf 89' lang='lat' dir='ltr'><strong>mens</strong></span> <span class='ocrx_word' id='word_1_174' title='bbox 3259 947 3541 1004; x_wconf 85' lang='lat' dir='ltr'><strong>Christiani</strong></span> <span class='ocrx_word' id='word_1_175' title='bbox 3564 964 3740 1020; x_wconf 78' lang='lat' dir='ltr'><strong>semper</strong></span> 
     </span>
    </p>
   </div>
   <div class='ocr_carea' id='block_1_25' title="bbox 2217 1036 3740 1110">
    <p class='ocr_par' dir='ltr' id='par_1_25' title="bbox 2217 1036 3740 1110">
     <span class='ocr_line' id='line_1_25' title="bbox 2217 1036 3740 1110; baseline 0 -18"><span class='ocrx_word' id='word_1_176' title='bbox 2217 1036 2386 1092; x_wconf 90' lang='lat' dir='ltr'><strong>debet</strong></span> <span class='ocrx_word' id='word_1_177' title='bbox 2408 1037 2469 1093; x_wconf 90' lang='lat' dir='ltr'><strong>in</strong></span> <span class='ocrx_word' id='word_1_178' title='bbox 2498 1038 2651 1094; x_wconf 89' lang='lat' dir='ltr'><strong>omni</strong></span> <span class='ocrx_word' id='word_1_179' title='bbox 2675 1037 2987 1094; x_wconf 69' lang='lat' dir='ltr'><strong>tolerantiae</strong></span> <span class='ocrx_word' id='word_1_180' title='bbox 3014 1055 3081 1093; x_wconf 91' lang='lat' dir='ltr'><strong>ac</strong></span> <span class='ocrx_word' id='word_1_181' title='bbox 3107 1036 3392 1110; x_wconf 86' lang='lat' dir='ltr'><strong>parcitatis</strong></span> <span class='ocrx_word' id='word_1_182' title='bbox 3408 1036 3740 1093; x_wconf 68' lang='lat' dir='ltr'><strong>exercitatione</strong></span> 
     </span>
    </p>
   </div>
   <div class='ocr_carea' id='block_1_26' title="bbox 2215 1125 3742 1199">
    <p class='ocr_par' dir='ltr' id='par_1_26' title="bbox 2215 1125 3742 1199">
     <span class='ocr_line' id='line_1_26' title="bbox 2215 1125 3742 1199; baseline 0.001 -19"><span class='ocrx_word' id='word_1_183' title='bbox 2215 1127 2513 1193; x_wconf 91' lang='lat' dir='ltr'><strong>versari,et</strong></span> <span class='ocrx_word' id='word_1_184' title='bbox 2525 1127 2833 1183; x_wconf 90' lang='lat' dir='ltr'><strong>secundum</strong></span> <span class='ocrx_word' id='word_1_185' title='bbox 2853 1126 3186 1199; x_wconf 87' lang='lat' dir='ltr'><strong>Apostolum</strong></span> <span class='ocrx_word' id='word_1_186' title='bbox 3202 1127 3412 1182; x_wconf 90' lang='lat' dir='ltr'><strong>discere</strong></span> <span class='ocrx_word' id='word_1_187' title='bbox 3429 1127 3485 1181; x_wconf 92' lang='lat' dir='ltr'><strong>in</strong></span> <span class='ocrx_word' id='word_1_188' title='bbox 3496 1125 3742 1198; x_wconf 84' lang='lat' dir='ltr'><strong>quibusest</strong></span> 
     </span>
    </p>
   </div>
   <div class='ocr_carea' id='block_1_27' title="bbox 2216 1215 3743 1288">
    <p class='ocr_par' dir='ltr' id='par_1_27' title="bbox 2216 1215 3743 1288">
     <span class='ocr_line' id='line_1_27' title="bbox 2216 1215 3743 1288; baseline 0 -18"><span class='ocrx_word' id='word_1_189' title='bbox 2216 1216 2499 1272; x_wconf 73' lang='lat' dir='ltr'><strong>sufﬁciens</strong></span> <span class='ocrx_word' id='word_1_190' title='bbox 2520 1217 3003 1272; x_wconf 89' lang='lat' dir='ltr'><strong>esse.Nullatenus</strong></span> <span class='ocrx_word' id='word_1_191' title='bbox 3023 1216 3176 1272; x_wconf 89' lang='lat' dir='ltr'><strong>enim</strong></span> <span class='ocrx_word' id='word_1_192' title='bbox 3186 1215 3392 1288; x_wconf 87' lang='lat' dir='ltr'><strong>poterit</strong></span> <span class='ocrx_word' id='word_1_193' title='bbox 3404 1215 3743 1271; x_wconf 76' lang='lat' dir='ltr'><strong>veloccultuvel</strong></span> 
     </span>
    </p>
   </div>
   <div class='ocr_carea' id='block_1_28' title="bbox 2217 1304 3746 1378">
    <p class='ocr_par' dir='ltr' id='par_1_28' title="bbox 2217 1304 3746 1378">
     <span class='ocr_line' id='line_1_28' title="bbox 2217 1304 3746 1378; baseline 0.001 -18"><span class='ocrx_word' id='word_1_194' title='bbox 2217 1306 2441 1377; x_wconf 87' lang='lat' dir='ltr'><strong>majora</strong></span> <span class='ocrx_word' id='word_1_195' title='bbox 2466 1306 2718 1378; x_wconf 89' lang='lat' dir='ltr'><strong>corporis</strong></span> <span class='ocrx_word' id='word_1_196' title='bbox 2742 1305 3024 1361; x_wconf 89' lang='lat' dir='ltr'><strong>desideria</strong></span> <span class='ocrx_word' id='word_1_197' title='bbox 3050 1305 3352 1373; x_wconf 82' lang='lat' dir='ltr'><strong>refrenare,</strong></span> <span class='ocrx_word' id='word_1_198' title='bbox 3376 1304 3601 1377; x_wconf 86' lang='lat' dir='ltr'><strong>quisquis</strong></span> <span class='ocrx_word' id='word_1_199' title='bbox 3615 1305 3746 1375; x_wconf 80' lang='lat' dir='ltr'><strong>degu-</strong></span> 
     </span>
    </p>
   </div>
   <div class='ocr_carea' id='block_1_29' title="bbox 2218 1394 3749 1461">
    <p class='ocr_par' dir='ltr' id='par_1_29' title="bbox 2218 1394 3749 1461">
     <span class='ocr_line' id='line_1_29' title="bbox 2218 1394 3749 1461; baseline -0.001 -11"><span class='ocrx_word' id='word_1_200' title='bbox 2218 1395 2464 1450; x_wconf 89' lang='lat' dir='ltr'><strong>statione</strong></span> <span class='ocrx_word' id='word_1_201' title='bbox 2484 1395 2717 1451; x_wconf 76' lang='lat' dir='ltr'><strong>modicae</strong></span> <span class='ocrx_word' id='word_1_202' title='bbox 2738 1395 3094 1450; x_wconf 86' lang='lat' dir='ltr'><strong>insuavitatis</strong></span> <span class='ocrx_word' id='word_1_203' title='bbox 3116 1395 3378 1461; x_wconf 77' lang='lat' dir='ltr'><strong>offensus,</strong></span> <span class='ocrx_word' id='word_1_204' title='bbox 3395 1410 3464 1450; x_wconf 89' lang='lat' dir='ltr'><strong>ne</strong></span> <span class='ocrx_word' id='word_1_205' title='bbox 3477 1394 3749 1450; x_wconf 86' lang='lat' dir='ltr'><strong>admomeu-</strong></span> 
     </span>
    </p>
   </div>
   <div class='ocr_carea' id='block_1_30' title="bbox 2216 1474 3743 1557">
    <p class='ocr_par' dir='ltr' id='par_1_30' title="bbox 2216 1474 3743 1557">
     <span class='ocr_line' id='line_1_30' title="bbox 2216 1474 3743 1557; baseline -0.002 -18"><span class='ocrx_word' id='word_1_206' title='bbox 2216 1488 2340 1539; x_wconf 91' lang='lat' dir='ltr'><strong>tum</strong></span> <span class='ocrx_word' id='word_1_207' title='bbox 2363 1483 2592 1557; x_wconf 89' lang='lat' dir='ltr'><strong>quidem</strong></span> <span class='ocrx_word' id='word_1_208' title='bbox 2621 1484 2850 1540; x_wconf 87' lang='lat' dir='ltr'><strong>delicias</strong></span> <span class='ocrx_word' id='word_1_209' title='bbox 2868 1474 3122 1556; x_wconf 77' lang='lat' dir='ltr'><strong>gutturis</strong></span> <span class='ocrx_word' id='word_1_210' title='bbox 3145 1485 3234 1540; x_wconf 90' lang='lat' dir='ltr'><strong>sui</strong></span> <span class='ocrx_word' id='word_1_211' title='bbox 3261 1483 3493 1539; x_wconf 88' lang='lat' dir='ltr'><strong>valuerit</strong></span> <span class='ocrx_word' id='word_1_212' title='bbox 3507 1483 3743 1553; x_wconf 73' lang='lat' dir='ltr'><strong>castigem;</strong></span> 
     </span>
    </p>
   </div>
   <div class='ocr_carea' id='block_1_31' title="bbox 534 1571 3747 1657">
    <p class='ocr_par' dir='ltr' id='par_1_31' title="bbox 534 1571 3747 1657">
     <span class='ocr_line' id='line_1_31' title="bbox 534 1571 3747 1657; baseline -0.001 -29"><span class='ocrx_word' id='word_1_213' title='bbox 534 1580 648 1629; x_wconf 91' lang='lat' dir='ltr'><strong>tur.</strong></span> <span class='ocrx_word' id='word_1_214' title='bbox 672 1574 816 1629; x_wconf 82' lang='lat' dir='ltr'><strong>Nam</strong></span> <span class='ocrx_word' id='word_1_215' title='bbox 839 1573 948 1628; x_wconf 90' lang='lat' dir='ltr'><strong>illis</strong></span> <span class='ocrx_word' id='word_1_216' title='bbox 964 1574 1168 1629; x_wconf 80' lang='lat' dir='ltr'><strong>evulsis</strong></span> <span class='ocrx_word' id='word_1_217' title='bbox 1180 1574 1302 1630; x_wconf 75' lang='lat' dir='ltr'><strong>haec</strong></span> <span class='ocrx_word' id='word_1_218' title='bbox 1319 1575 1572 1630; x_wconf 90' lang='lat' dir='ltr'><strong>eventius</strong></span> <span class='ocrx_word' id='word_1_219' title='bbox 1595 1576 1790 1646; x_wconf 72' lang='lat' dir='ltr'><strong>(Forte,</strong></span> <span class='ocrx_word' id='word_1_220' title='bbox 1806 1574 2131 1642; x_wconf 84' lang='lat' dir='ltr'><strong>ferventius,</strong></span> <span class='ocrx_word' id='word_1_221' title='bbox 2150 1596 2199 1657; x_wconf 81' lang='grc' dir='ltr'>Β</span> <span class='ocrx_word' id='word_1_222' title='bbox 2220 1573 2465 1628; x_wconf 91' lang='lat' dir='ltr'><strong>secundo</strong></span> <span class='ocrx_word' id='word_1_223' title='bbox 2491 1573 2639 1644; x_wconf 90' lang='lat' dir='ltr'><strong>quod</strong></span> <span class='ocrx_word' id='word_1_224' title='bbox 2664 1590 3072 1646; x_wconf 89' lang='lat' dir='ltr'><strong>nonnunquam</strong></span> <span class='ocrx_word' id='word_1_225' title='bbox 3100 1572 3288 1629; x_wconf 88' lang='lat' dir='ltr'><strong>evenit</strong></span> <span class='ocrx_word' id='word_1_226' title='bbox 3311 1579 3378 1628; x_wconf 91' lang='lat' dir='ltr'><strong>ut</strong></span> <span class='ocrx_word' id='word_1_227' title='bbox 3401 1572 3470 1628; x_wconf 88' lang='lat' dir='ltr'><strong>ad</strong></span> <span class='ocrx_word' id='word_1_228' title='bbox 3492 1573 3661 1627; x_wconf 83' lang='lat' dir='ltr'><strong>horam</strong></span> <span class='ocrx_word' id='word_1_229' title='bbox 3674 1571 3747 1626; x_wconf 86' lang='lat' dir='ltr'><strong>de-</strong></span> 
     </span>
    </p>
   </div>
   <div class='ocr_carea' id='block_1_32' title="bbox 534 1662 2136 1734">
    <p class='ocr_par' dir='ltr' id='par_1_32' title="bbox 534 1662 2136 1734">
     <span class='ocr_line' id='line_1_32' title="bbox 534 1662 2136 1734; baseline 0.001 -18"><span class='ocrx_word' id='word_1_230' title='bbox 534 1665 616 1717; x_wconf 74' lang='lat' dir='ltr'><strong>rel</strong></span> <span class='ocrx_word' id='word_1_231' title='bbox 636 1662 968 1734; x_wconf 85' lang='lat' dir='ltr'><strong>evidentius]</strong></span> <span class='ocrx_word' id='word_1_232' title='bbox 992 1663 1350 1731; x_wconf 85' lang='lat' dir='ltr'><strong>fructificant,</strong></span> <span class='ocrx_word' id='word_1_233' title='bbox 1367 1669 1424 1719; x_wconf 89' lang='lat' dir='ltr'><strong>et</strong></span> <span class='ocrx_word' id='word_1_234' title='bbox 1443 1664 1669 1719; x_wconf 90' lang='lat' dir='ltr'><strong>illorum</strong></span> <span class='ocrx_word' id='word_1_235' title='bbox 1688 1670 1871 1720; x_wconf 85' lang='lat' dir='ltr'><strong>morte</strong></span> <span class='ocrx_word' id='word_1_236' title='bbox 1893 1664 2136 1720; x_wconf 89' lang='lat' dir='ltr'><strong>vivacius</strong></span> 
     </span>
    </p>
   </div>
   <div class='ocr_carea' id='block_1_33' title="bbox 535 1751 2135 1824">
    <p class='ocr_par' dir='ltr' id='par_1_33' title="bbox 535 1751 2135 1824">
     <span class='ocr_line' id='line_1_33' title="bbox 535 1751 2135 1824; baseline 0.001 -17"><span class='ocrx_word' id='word_1_237' title='bbox 535 1751 817 1824; x_wconf 87' lang='lat' dir='ltr'><strong>pullulant</strong></span> <span class='ocrx_word' id='word_1_238' title='bbox 836 1757 1006 1822; x_wconf 89' lang='lat' dir='ltr'><strong>atque</strong></span> <span class='ocrx_word' id='word_1_239' title='bbox 1017 1758 1394 1808; x_wconf 88' lang='lat' dir='ltr'><strong>succrescunt.</strong></span> <span class='ocrx_word' id='word_1_240' title='bbox 1409 1753 1571 1809; x_wconf 91' lang='lat' dir='ltr'><strong>Unde</strong></span> <span class='ocrx_word' id='word_1_241' title='bbox 1591 1752 1761 1808; x_wconf 90' lang='lat' dir='ltr'><strong>etiam</strong></span> <span class='ocrx_word' id='word_1_242' title='bbox 1773 1753 1993 1809; x_wconf 89' lang='lat' dir='ltr'><strong>diverso</strong></span> <span class='ocrx_word' id='word_1_243' title='bbox 2011 1770 2135 1808; x_wconf 90' lang='lat' dir='ltr'><strong>mo-</strong></span> 
     </span>
    </p>
   </div>
   <div class='ocr_carea' id='block_1_34' title="bbox 538 1839 2135 1914">
    <p class='ocr_par' dir='ltr' id='par_1_34' title="bbox 538 1839 2135 1914">
     <span class='ocr_line' id='line_1_34' title="bbox 538 1839 2135 1914; baseline 0.002 -19"><span class='ocrx_word' id='word_1_244' title='bbox 538 1839 609 1895; x_wconf 92' lang='lat' dir='ltr'><strong>do</strong></span> <span class='ocrx_word' id='word_1_245' title='bbox 628 1839 698 1895; x_wconf 87' lang='lat' dir='ltr'><strong>ab</strong></span> <span class='ocrx_word' id='word_1_246' title='bbox 723 1840 811 1894; x_wconf 87' lang='lat' dir='ltr'><strong>his</strong></span> <span class='ocrx_word' id='word_1_247' title='bbox 831 1840 1050 1896; x_wconf 91' lang='lat' dir='ltr'><strong>duobus</strong></span> <span class='ocrx_word' id='word_1_248' title='bbox 1068 1841 1644 1914; x_wconf 89' lang='lat' dir='ltr'><strong>vitiisimpugnamur,</strong></span> <span class='ocrx_word' id='word_1_249' title='bbox 1678 1842 1738 1897; x_wconf 93' lang='lat' dir='ltr'><strong>in</strong></span> <span class='ocrx_word' id='word_1_250' title='bbox 1774 1842 2135 1914; x_wconf 90' lang='lat' dir='ltr'><strong>unumquod-</strong></span> 
     </span>
    </p>
   </div>
   <div class='ocr_carea' id='block_1_35' title="bbox 536 1929 2140 2000">
    <p class='ocr_par' dir='ltr' id='par_1_35' title="bbox 536 1929 2140 2000">
     <span class='ocr_line' id='line_1_35' title="bbox 536 1929 2140 2000; baseline 0.001 -16"><span class='ocrx_word' id='word_1_251' title='bbox 536 1946 646 2000; x_wconf 86' lang='lat' dir='ltr'><strong>que</strong></span> <span class='ocrx_word' id='word_1_252' title='bbox 686 1929 911 1985; x_wconf 90' lang='lat' dir='ltr'><strong>illorum</strong></span> <span class='ocrx_word' id='word_1_253' title='bbox 955 1946 1052 1985; x_wconf 85' lang='lat' dir='ltr'><strong>sex</strong></span> <span class='ocrx_word' id='word_1_254' title='bbox 1094 1930 1357 1986; x_wconf 88' lang='lat' dir='ltr'><strong>vitiorum</strong></span> <span class='ocrx_word' id='word_1_255' title='bbox 1401 1937 1539 1987; x_wconf 90' lang='lat' dir='ltr'><strong>tunc</strong></span> <span class='ocrx_word' id='word_1_256' title='bbox 1591 1931 1911 1997; x_wconf 87' lang='lat' dir='ltr'><strong>incidimus,</strong></span> <span class='ocrx_word' id='word_1_257' title='bbox 1945 1947 2076 1987; x_wconf 90' lang='lat' dir='ltr'><strong>cum</strong></span> <span class='ocrx_word' id='word_1_258' title='bbox 2103 1948 2140 1986; x_wconf 89' lang='lat' dir='ltr'><strong>a</strong></span> 
     </span>
    </p>
   </div>
   <div class='ocr_carea' id='block_1_36' title="bbox 535 2018 2136 2091">
    <p class='ocr_par' dir='ltr' id='par_1_36' title="bbox 535 2018 2136 2091">
     <span class='ocr_line' id='line_1_36' title="bbox 535 2018 2136 2091; baseline 0.001 -17"><span class='ocrx_word' id='word_1_259' title='bbox 535 2018 978 2091; x_wconf 85' lang='lat' dir='ltr'><strong>praecedentibus</strong></span> <span class='ocrx_word' id='word_1_260' title='bbox 998 2035 1191 2076; x_wconf 87' lang='lat' dir='ltr'><strong>eorum</strong></span> <span class='ocrx_word' id='word_1_261' title='bbox 1211 2020 1484 2077; x_wconf 87' lang='lat' dir='ltr'><strong>fuerimus</strong></span> <span class='ocrx_word' id='word_1_262' title='bbox 1497 2021 1638 2088; x_wconf 87' lang='lat' dir='ltr'><strong>elisi,</strong></span> <span class='ocrx_word' id='word_1_263' title='bbox 1665 2021 1725 2076; x_wconf 90' lang='lat' dir='ltr'><strong>in</strong></span> <span class='ocrx_word' id='word_1_264' title='bbox 1737 2022 1855 2077; x_wconf 72' lang='lat' dir='ltr'><strong>haec</strong></span> <span class='ocrx_word' id='word_1_265' title='bbox 1871 2037 2004 2077; x_wconf 89' lang='lat' dir='ltr'><strong>vero</strong></span> <span class='ocrx_word' id='word_1_266' title='bbox 2023 2021 2136 2076; x_wconf 89' lang='lat' dir='ltr'><strong>duo</strong></span> 
     </span>
    </p>
   </div>
   <div class='ocr_carea' id='block_1_37' title="bbox 2219 1661 3749 1735">
    <p class='ocr_par' dir='ltr' id='par_1_37' title="bbox 2219 1661 3749 1735">
     <span class='ocr_line' id='line_1_37' title="bbox 2219 1661 3749 1735; baseline 0 -19"><span class='ocrx_word' id='word_1_267' title='bbox 2219 1662 2296 1716; x_wconf 87' lang='lat' dir='ltr'><strong>sit</strong></span> <span class='ocrx_word' id='word_1_268' title='bbox 2319 1661 2418 1717; x_wconf 90' lang='lat' dir='ltr'><strong>illa</strong></span> <span class='ocrx_word' id='word_1_269' title='bbox 2446 1662 2658 1734; x_wconf 86' lang='lat' dir='ltr'><strong>species</strong></span> <span class='ocrx_word' id='word_1_270' title='bbox 2686 1679 2810 1734; x_wconf 75' lang='lat' dir='ltr'><strong>quae</strong></span> <span class='ocrx_word' id='word_1_271' title='bbox 2836 1663 3156 1735; x_wconf 86' lang='lat' dir='ltr'><strong>postulatur</strong></span> <span class='ocrx_word' id='word_1_272' title='bbox 3193 1680 3230 1717; x_wconf 90' lang='lat' dir='ltr'><strong>a</strong></span> <span class='ocrx_word' id='word_1_273' title='bbox 3256 1661 3434 1730; x_wconf 89' lang='lat' dir='ltr'><strong>nobis,</strong></span> <span class='ocrx_word' id='word_1_274' title='bbox 3463 1667 3517 1716; x_wconf 89' lang='lat' dir='ltr'><strong>et</strong></span> <span class='ocrx_word' id='word_1_275' title='bbox 3540 1676 3749 1717; x_wconf 83' lang='lat' dir='ltr'><strong>verecun-</strong></span> 
     </span>
    </p>
   </div>
   <div class='ocr_carea' id='block_1_38' title="bbox 2216 1749 3749 1824">
    <p class='ocr_par' dir='ltr' id='par_1_38' title="bbox 2216 1749 3749 1824">
     <span class='ocr_line' id='line_1_38' title="bbox 2216 1749 3749 1824; baseline -0.001 -19"><span class='ocrx_word' id='word_1_276' title='bbox 2216 1749 2368 1805; x_wconf 88' lang='lat' dir='ltr'><strong>diam</strong></span> <span class='ocrx_word' id='word_1_277' title='bbox 2379 1751 2705 1807; x_wconf 89' lang='lat' dir='ltr'><strong>necessitati</strong></span> <span class='ocrx_word' id='word_1_278' title='bbox 2719 1752 2806 1806; x_wconf 90' lang='lat' dir='ltr'><strong>vel</strong></span> <span class='ocrx_word' id='word_1_279' title='bbox 2819 1751 3130 1823; x_wconf 74' lang='lat' dir='ltr'><strong>frugalitati</strong></span> <span class='ocrx_word' id='word_1_280' title='bbox 3139 1750 3488 1824; x_wconf 85' lang='lat' dir='ltr'><strong>suscipientis</strong></span> <span class='ocrx_word' id='word_1_281' title='bbox 3506 1749 3749 1805; x_wconf 88' lang='lat' dir='ltr'><strong>incutimus</strong></span> 
     </span>
    </p>
   </div>
   <div class='ocr_carea' id='block_1_39' title="bbox 2217 1838 3751 1914">
    <p class='ocr_par' dir='ltr' id='par_1_39' title="bbox 2217 1838 3751 1914">
     <span class='ocr_line' id='line_1_39' title="bbox 2217 1838 3751 1914; baseline -0.001 -20"><span class='ocrx_word' id='word_1_282' title='bbox 2217 1838 2567 1911; x_wconf 89' lang='lat' dir='ltr'><strong>publicantes</strong></span> <span class='ocrx_word' id='word_1_283' title='bbox 2585 1840 2799 1895; x_wconf 84' lang='lat' dir='ltr'><strong>scilicet.</strong></span> <span class='ocrx_word' id='word_1_284' title='bbox 2824 1847 3220 1914; x_wconf 88' lang='lat' dir='ltr'><strong>paupertatem</strong></span> <span class='ocrx_word' id='word_1_285' title='bbox 3243 1842 3386 1913; x_wconf 88' lang='lat' dir='ltr'><strong>ejus,</strong></span> <span class='ocrx_word' id='word_1_286' title='bbox 3401 1855 3557 1912; x_wconf 89' lang='lat' dir='ltr'><strong>quam</strong></span> <span class='ocrx_word' id='word_1_287' title='bbox 3569 1838 3751 1893; x_wconf 85' lang='lat' dir='ltr'><strong>soliDeo</strong></span> 
     </span>
    </p>
   </div>
   <div class='ocr_carea' id='block_1_40' title="bbox 2217 1926 3750 2002">
    <p class='ocr_par' dir='ltr' id='par_1_40' title="bbox 2217 1926 3750 2002">
     <span class='ocr_line' id='line_1_40' title="bbox 2217 1926 3750 2002; baseline -0.003 -18"><span class='ocrx_word' id='word_1_288' title='bbox 2217 1929 2500 2001; x_wconf 80' lang='lat' dir='ltr'><strong>cognitam</strong></span> <span class='ocrx_word' id='word_1_289' title='bbox 2529 1946 2653 1985; x_wconf 89' lang='lat' dir='ltr'><strong>esse</strong></span> <span class='ocrx_word' id='word_1_290' title='bbox 2670 1930 2968 1985; x_wconf 89' lang='lat' dir='ltr'><strong>maluerat.</strong></span> <span class='ocrx_word' id='word_1_291' title='bbox 2990 1930 3182 1986; x_wconf 89' lang='lat' dir='ltr'><strong>Tertio</strong></span> <span class='ocrx_word' id='word_1_292' title='bbox 3206 1930 3358 2002; x_wconf 93' lang='lat' dir='ltr'><strong>quod</strong></span> <span class='ocrx_word' id='word_1_293' title='bbox 3372 1929 3629 1984; x_wconf 79' lang='lat' dir='ltr'><strong>interdum</strong></span> <span class='ocrx_word' id='word_1_294' title='bbox 3643 1926 3750 1981; x_wconf 84' lang='lat' dir='ltr'><strong>solet</strong></span> 
     </span>
    </p>
   </div>
   <div class='ocr_carea' id='block_1_41' title="bbox 2218 2017 3756 2092">
    <p class='ocr_par' dir='ltr' id='par_1_41' title="bbox 2218 2017 3756 2092">
     <span class='ocr_line' id='line_1_41' title="bbox 2218 2017 3756 2092; baseline -0.003 -20"><span class='ocrx_word' id='word_1_295' title='bbox 2218 2034 2388 2090; x_wconf 90' lang='lat' dir='ltr'><strong>sapor</strong></span> <span class='ocrx_word' id='word_1_296' title='bbox 2410 2018 2526 2085; x_wconf 91' lang='lat' dir='ltr'><strong>ille,</strong></span> <span class='ocrx_word' id='word_1_297' title='bbox 2555 2035 2725 2091; x_wconf 89' lang='lat' dir='ltr'><strong>quem</strong></span> <span class='ocrx_word' id='word_1_298' title='bbox 2745 2036 2848 2074; x_wconf 90' lang='lat' dir='ltr'><strong>nos</strong></span> <span class='ocrx_word' id='word_1_299' title='bbox 2877 2019 3244 2092; x_wconf 87' lang='lat' dir='ltr'><strong>adipiscimur</strong></span> <span class='ocrx_word' id='word_1_300' title='bbox 3267 2018 3394 2073; x_wconf 88' lang='lat' dir='ltr'><strong>aliis</strong></span> <span class='ocrx_word' id='word_1_301' title='bbox 3419 2017 3690 2089; x_wconf 87' lang='lat' dir='ltr'><strong>displicere,</strong></span> <span class='ocrx_word' id='word_1_302' title='bbox 3712 2021 3756 2069; x_wconf 77' lang='lat' dir='ltr'><strong>et</strong></span> 
     </span>
    </p>
   </div>
   <div class='ocr_carea' id='block_1_42' title="bbox 532 2103 3757 2183">
    <p class='ocr_par' dir='ltr' id='par_1_42' title="bbox 532 2103 3757 2183">
     <span class='ocr_line' id='line_1_42' title="bbox 532 2103 3757 2183; baseline -0.001 -23"><span class='ocrx_word' id='word_1_303' title='bbox 532 2106 770 2164; x_wconf 88' lang='lat' dir='ltr'><strong>victores</strong></span> <span class='ocrx_word' id='word_1_304' title='bbox 785 2113 843 2163; x_wconf 91' lang='lat' dir='ltr'><strong>et</strong></span> <span class='ocrx_word' id='word_1_305' title='bbox 858 2108 940 2163; x_wconf 87' lang='lat' dir='ltr'><strong>vel</strong></span> <span class='ocrx_word' id='word_1_306' title='bbox 960 2109 1202 2164; x_wconf 86' lang='lat' dir='ltr'><strong>maxime</strong></span> <span class='ocrx_word' id='word_1_307' title='bbox 1230 2116 1359 2182; x_wconf 90' lang='lat' dir='ltr'><strong>post</strong></span> <span class='ocrx_word' id='word_1_308' title='bbox 1393 2111 1713 2183; x_wconf 90' lang='lat' dir='ltr'><strong>triumphos</strong></span> <span class='ocrx_word' id='word_1_309' title='bbox 1749 2110 2137 2183; x_wconf 88' lang='lat' dir='ltr'><strong>periclitamur</strong></span> <span class='ocrx_word' id='word_1_310' title='bbox 2219 2106 2540 2163; x_wconf 87' lang='lat' dir='ltr'><strong>invenimur</strong></span> <span class='ocrx_word' id='word_1_311' title='bbox 2556 2107 2825 2179; x_wconf 88' lang='lat' dir='ltr'><strong>injuriam</strong></span> <span class='ocrx_word' id='word_1_312' title='bbox 2855 2107 3068 2176; x_wconf 89' lang='lat' dir='ltr'><strong>multis,</strong></span> <span class='ocrx_word' id='word_1_313' title='bbox 3095 2108 3231 2164; x_wconf 91' lang='lat' dir='ltr'><strong>dum</strong></span> <span class='ocrx_word' id='word_1_314' title='bbox 3252 2113 3457 2162; x_wconf 68' lang='lat' dir='ltr'><strong>nostra:</strong></span> <span class='ocrx_word' id='word_1_315' title='bbox 3470 2106 3600 2178; x_wconf 68' lang='lat' dir='ltr'><strong>gulae</strong></span> <span class='ocrx_word' id='word_1_316' title='bbox 3615 2121 3669 2158; x_wconf 87' lang='lat' dir='ltr'><strong>ac</strong></span> <span class='ocrx_word' id='word_1_317' title='bbox 3684 2103 3757 2157; x_wconf 88' lang='lat' dir='ltr'><strong>de-</strong></span> 
     </span>
    </p>
   </div>
   <div class='ocr_carea' id='block_1_43' title="bbox 535 2191 3757 2272">
    <p class='ocr_par' dir='ltr' id='par_1_43' title="bbox 535 2191 3757 2272">
     <span class='ocr_line' id='line_1_43' title="bbox 535 2191 3757 2272; baseline -0.001 -21"><span class='ocrx_word' id='word_1_318' title='bbox 535 2196 842 2253; x_wconf 89' lang='lat' dir='ltr'><strong>incurrere.</strong></span> <span class='ocrx_word' id='word_1_319' title='bbox 868 2198 1072 2254; x_wconf 88' lang='lat' dir='ltr'><strong>Omnia</strong></span> <span class='ocrx_word' id='word_1_320' title='bbox 1099 2198 1276 2271; x_wconf 88' lang='lat' dir='ltr'><strong>igitur</strong></span> <span class='ocrx_word' id='word_1_321' title='bbox 1300 2199 1438 2254; x_wconf 88' lang='lat' dir='ltr'><strong>vitia</strong></span> <span class='ocrx_word' id='word_1_322' title='bbox 1465 2199 1941 2272; x_wconf 87' lang='lat' dir='ltr'><strong>quemadmodum</strong></span> <span class='ocrx_word' id='word_1_323' title='bbox 1960 2199 2138 2255; x_wconf 90' lang='lat' dir='ltr'><strong>incre—</strong></span> <span class='ocrx_word' id='word_1_324' title='bbox 2217 2195 2426 2252; x_wconf 89' lang='lat' dir='ltr'><strong>siderio</strong></span> <span class='ocrx_word' id='word_1_325' title='bbox 2455 2196 2776 2252; x_wconf 86' lang='lat' dir='ltr'><strong>satisfacere</strong></span> <span class='ocrx_word' id='word_1_326' title='bbox 2804 2197 3080 2270; x_wconf 88' lang='lat' dir='ltr'><strong>cupimus,</strong></span> <span class='ocrx_word' id='word_1_327' title='bbox 3111 2197 3385 2269; x_wconf 90' lang='lat' dir='ltr'><strong>irrogare,</strong></span> <span class='ocrx_word' id='word_1_328' title='bbox 3415 2200 3622 2268; x_wconf 80' lang='lat' dir='ltr'><strong>propter</strong></span> <span class='ocrx_word' id='word_1_329' title='bbox 3641 2191 3757 2264; x_wconf 86' lang='lat' dir='ltr'><strong>quod</strong></span> 
     </span>
    </p>
   </div>
   <div class='ocr_carea' id='block_1_44' title="bbox 536 2282 3758 2361">
    <p class='ocr_par' dir='ltr' id='par_1_44' title="bbox 536 2282 3758 2361">
     <span class='ocr_line' id='line_1_44' title="bbox 536 2282 3758 2361; baseline -0.002 -21"><span class='ocrx_word' id='word_1_330' title='bbox 536 2291 726 2341; x_wconf 89' lang='lat' dir='ltr'><strong>mento</strong></span> <span class='ocrx_word' id='word_1_331' title='bbox 753 2287 1187 2358; x_wconf 65' lang='lat' dir='ltr'><strong>praecedentium</strong></span> <span class='ocrx_word' id='word_1_332' title='bbox 1213 2293 1578 2360; x_wconf 81' lang='lat' dir='ltr'><strong>generantur,</strong></span> <span class='ocrx_word' id='word_1_333' title='bbox 1611 2289 1694 2344; x_wconf 89' lang='lat' dir='ltr'><strong>ita</strong></span> <span class='ocrx_word' id='word_1_334' title='bbox 1719 2288 1946 2361; x_wconf 80' lang='lat' dir='ltr'><strong>illorum</strong></span> <span class='ocrx_word' id='word_1_335' title='bbox 1969 2287 2136 2343; x_wconf 90' lang='lat' dir='ltr'><strong>dimi-</strong></span> <span class='ocrx_word' id='word_1_336' title='bbox 2219 2286 2557 2341; x_wconf 85' lang='lat' dir='ltr'><strong>omnimodis</strong></span> <span class='ocrx_word' id='word_1_337' title='bbox 2576 2286 2693 2342; x_wconf 80' lang='lat' dir='ltr'><strong>haec</strong></span> <span class='ocrx_word' id='word_1_338' title='bbox 2708 2286 2769 2342; x_wconf 92' lang='lat' dir='ltr'><strong>in</strong></span> <span class='ocrx_word' id='word_1_339' title='bbox 2787 2285 2948 2342; x_wconf 90' lang='lat' dir='ltr'><strong>nobis</strong></span> <span class='ocrx_word' id='word_1_340' title='bbox 2973 2285 3405 2358; x_wconf 86' lang='lat' dir='ltr'><strong>estcastiganda</strong></span> <span class='ocrx_word' id='word_1_341' title='bbox 3421 2284 3641 2340; x_wconf 84' lang='lat' dir='ltr'><strong>libertas.</strong></span> <span class='ocrx_word' id='word_1_342' title='bbox 3655 2282 3758 2336; x_wconf 82' lang='lat' dir='ltr'><strong>For-</strong></span> 
     </span>
    </p>
   </div>
   <div class='ocr_carea' id='block_1_45' title="bbox 536 2374 3761 2450">
    <p class='ocr_par' dir='ltr' id='par_1_45' title="bbox 536 2374 3761 2450">
     <span class='ocr_line' id='line_1_45' title="bbox 536 2374 3761 2450; baseline -0.001 -21"><span class='ocrx_word' id='word_1_343' title='bbox 536 2375 770 2431; x_wconf 86' lang='lat' dir='ltr'><strong>nutione</strong></span> <span class='ocrx_word' id='word_1_344' title='bbox 798 2382 1132 2448; x_wconf 87' lang='lat' dir='ltr'><strong>purgantur,</strong></span> <span class='ocrx_word' id='word_1_345' title='bbox 1165 2382 1224 2432; x_wconf 91' lang='lat' dir='ltr'><strong>et</strong></span> <span class='ocrx_word' id='word_1_346' title='bbox 1246 2377 1352 2433; x_wconf 91' lang='lat' dir='ltr'><strong>hac</strong></span> <span class='ocrx_word' id='word_1_347' title='bbox 1368 2377 1943 2450; x_wconf 90' lang='lat' dir='ltr'><strong>ratione,utsuperbia</strong></span> <span class='ocrx_word' id='word_1_348' title='bbox 1962 2376 2141 2450; x_wconf 88' lang='lat' dir='ltr'><strong>possit</strong></span> <span class='ocrx_word' id='word_1_349' title='bbox 2220 2374 2519 2430; x_wconf 87' lang='lat' dir='ltr'><strong>nicationis</strong></span> <span class='ocrx_word' id='word_1_350' title='bbox 2543 2391 2756 2446; x_wconf 90' lang='lat' dir='ltr'><strong>genera</strong></span> <span class='ocrx_word' id='word_1_351' title='bbox 2781 2380 2916 2430; x_wconf 91' lang='lat' dir='ltr'><strong>sunt</strong></span> <span class='ocrx_word' id='word_1_352' title='bbox 2937 2375 3069 2430; x_wconf 89' lang='lat' dir='ltr'><strong>tria.</strong></span> <span class='ocrx_word' id='word_1_353' title='bbox 3092 2375 3352 2430; x_wconf 89' lang='lat' dir='ltr'><strong>Primum</strong></span> <span class='ocrx_word' id='word_1_354' title='bbox 3376 2374 3516 2448; x_wconf 88' lang='lat' dir='ltr'><strong>quod</strong></span> <span class='ocrx_word' id='word_1_355' title='bbox 3538 2389 3627 2446; x_wconf 87' lang='lat' dir='ltr'><strong>per</strong></span> <span class='ocrx_word' id='word_1_356' title='bbox 3646 2387 3761 2426; x_wconf 67' lang='lat' dir='ltr'><strong>com~</strong></span> 
     </span>
    </p>
   </div>
   <div class='ocr_carea' id='block_1_46' title="bbox 538 2460 3758 2538">
    <p class='ocr_par' dir='ltr' id='par_1_46' title="bbox 538 2460 3758 2538">
     <span class='ocr_line' id='line_1_46' title="bbox 538 2460 3758 2538; baseline -0.002 -18"><span class='ocrx_word' id='word_1_357' title='bbox 538 2464 776 2536; x_wconf 85' lang='lat' dir='ltr'><strong>explodi,</strong></span> <span class='ocrx_word' id='word_1_358' title='bbox 810 2465 1115 2521; x_wconf 80' lang='lat' dir='ltr'><strong>ccnodoxia</strong></span> <span class='ocrx_word' id='word_1_359' title='bbox 1152 2472 1239 2521; x_wconf 89' lang='lat' dir='ltr'><strong>est</strong></span> <span class='ocrx_word' id='word_1_360' title='bbox 1278 2466 1651 2538; x_wconf 73' lang='lat' dir='ltr'><strong>praefocanda,</strong></span> <span class='ocrx_word' id='word_1_361' title='bbox 1695 2472 1754 2522; x_wconf 91' lang='lat' dir='ltr'><strong>et</strong></span> <span class='ocrx_word' id='word_1_362' title='bbox 1799 2466 1881 2522; x_wconf 90' lang='lat' dir='ltr'><strong>ita</strong></span> <span class='ocrx_word' id='word_1_363' title='bbox 1916 2483 2142 2538; x_wconf 89' lang='lat' dir='ltr'><strong>semper</strong></span> <span class='ocrx_word' id='word_1_364' title='bbox 2220 2463 2546 2518; x_wconf 87' lang='lat' dir='ltr'><strong>mixtionem</strong></span> <span class='ocrx_word' id='word_1_365' title='bbox 2592 2480 2755 2519; x_wconf 87' lang='lat' dir='ltr'><strong>sexus</strong></span> <span class='ocrx_word' id='word_1_366' title='bbox 2803 2463 3099 2536; x_wconf 89' lang='lat' dir='ltr'><strong>utriusque</strong></span> <span class='ocrx_word' id='word_1_367' title='bbox 3146 2463 3458 2536; x_wconf 86' lang='lat' dir='ltr'><strong>perﬁcitur,</strong></span> <span class='ocrx_word' id='word_1_368' title='bbox 3505 2460 3758 2516; x_wconf 85' lang='lat' dir='ltr'><strong>secundum</strong></span> 
     </span>
    </p>
   </div>
   <div class='ocr_carea' id='block_1_47' title="bbox 538 2547 3760 2628">
    <p class='ocr_par' dir='ltr' id='par_1_47' title="bbox 538 2547 3760 2628">
     <span class='ocr_line' id='line_1_47' title="bbox 538 2547 3760 2628; baseline -0.002 -21"><span class='ocrx_word' id='word_1_369' title='bbox 538 2552 820 2624; x_wconf 75' lang='lat' dir='ltr'><strong>prioribus</strong></span> <span class='ocrx_word' id='word_1_370' title='bbox 847 2555 1145 2626; x_wconf 90' lang='lat' dir='ltr'><strong>superatis,</strong></span> <span class='ocrx_word' id='word_1_371' title='bbox 1177 2555 1473 2627; x_wconf 87' lang='lat' dir='ltr'><strong>sequentia</strong></span> <span class='ocrx_word' id='word_1_372' title='bbox 1499 2555 1911 2628; x_wconf 88' lang='lat' dir='ltr'><strong>conquiescent,</strong></span> <span class='ocrx_word' id='word_1_373' title='bbox 1947 2560 2004 2611; x_wconf 92' lang='lat' dir='ltr'><strong>et</strong></span> <span class='ocrx_word' id='word_1_374' title='bbox 2041 2572 2138 2610; x_wconf 86' lang='lat' dir='ltr'><strong>ex-</strong></span> <span class='ocrx_word' id='word_1_375' title='bbox 2219 2551 2432 2625; x_wconf 86' lang='lat' dir='ltr'><strong>absque</strong></span> <span class='ocrx_word' id='word_1_376' title='bbox 2460 2552 2700 2608; x_wconf 88' lang='lat' dir='ltr'><strong>femineo</strong></span> <span class='ocrx_word' id='word_1_377' title='bbox 2726 2558 2900 2620; x_wconf 88' lang='lat' dir='ltr'><strong>tactu,</strong></span> <span class='ocrx_word' id='word_1_378' title='bbox 2933 2569 3035 2625; x_wconf 92' lang='lat' dir='ltr'><strong>pro</strong></span> <span class='ocrx_word' id='word_1_379' title='bbox 3067 2569 3180 2625; x_wconf 91' lang='lat' dir='ltr'><strong>quo</strong></span> <span class='ocrx_word' id='word_1_380' title='bbox 3217 2551 3543 2626; x_wconf 72' lang='lat' dir='ltr'><strong>patriarcha:</strong></span> <span class='ocrx_word' id='word_1_381' title='bbox 3562 2549 3694 2606; x_wconf 69' lang='lat' dir='ltr'><strong>lude</strong></span> <span class='ocrx_word' id='word_1_382' title='bbox 3714 2547 3760 2602; x_wconf 48' lang='lat' dir='ltr'><strong>ti.</strong></span> 
     </span>
    </p>
   </div>
   <div class='ocr_carea' id='block_1_48' title="bbox 536 2636 3758 2718">
    <p class='ocr_par' dir='ltr' id='par_1_48' title="bbox 536 2636 3758 2718">
     <span class='ocr_line' id='line_1_48' title="bbox 536 2636 3758 2718; baseline -0.001 -22"><span class='ocrx_word' id='word_1_383' title='bbox 536 2642 838 2698; x_wconf 87' lang='lat' dir='ltr'><strong>stinctione</strong></span> <span class='ocrx_word' id='word_1_384' title='bbox 848 2643 1282 2715; x_wconf 63' lang='lat' dir='ltr'><strong>praecedentium</strong></span> <span class='ocrx_word' id='word_1_385' title='bbox 1294 2644 1532 2701; x_wconf 67' lang='lat' dir='ltr'><strong>residua:</strong></span> <span class='ocrx_word' id='word_1_386' title='bbox 1552 2645 1842 2718; x_wconf 88' lang='lat' dir='ltr'><strong>passiones</strong></span> <span class='ocrx_word' id='word_1_387' title='bbox 1860 2649 2031 2717; x_wconf 88' lang='lat' dir='ltr'><strong>atque</strong></span> <span class='ocrx_word' id='word_1_388' title='bbox 2048 2645 2134 2700; x_wconf 87' lang='lat' dir='ltr'><strong>la-</strong></span> <span class='ocrx_word' id='word_1_389' title='bbox 2217 2640 2326 2696; x_wconf 91' lang='lat' dir='ltr'><strong>lius</strong></span> <span class='ocrx_word' id='word_1_390' title='bbox 2349 2658 2385 2696; x_wconf 92' lang='lat' dir='ltr'><strong>a</strong></span> <span class='ocrx_word' id='word_1_391' title='bbox 2409 2641 2649 2697; x_wconf 90' lang='lat' dir='ltr'><strong>Domino</strong></span> <span class='ocrx_word' id='word_1_392' title='bbox 2679 2658 2977 2714; x_wconf 90' lang='lat' dir='ltr'><strong>percussus</strong></span> <span class='ocrx_word' id='word_1_393' title='bbox 3003 2641 3233 2713; x_wconf 87' lang='lat' dir='ltr'><strong>legitur,</strong></span> <span class='ocrx_word' id='word_1_394' title='bbox 3252 2641 3405 2714; x_wconf 89' lang='lat' dir='ltr'><strong>quod</strong></span> <span class='ocrx_word' id='word_1_395' title='bbox 3424 2641 3480 2696; x_wconf 92' lang='lat' dir='ltr'><strong>in</strong></span> <span class='ocrx_word' id='word_1_396' title='bbox 3511 2636 3758 2711; x_wconf 78' lang='lat' dir='ltr'><strong>Scripturis</strong></span> 
     </span>
    </p>
   </div>
   <div class='ocr_carea' id='block_1_49' title="bbox 534 2729 3762 2806">
    <p class='ocr_par' dir='ltr' id='par_1_49' title="bbox 534 2729 3762 2806">
     <span class='ocr_line' id='line_1_49' title="bbox 534 2729 3762 2806; baseline -0.001 -21"><span class='ocrx_word' id='word_1_397' title='bbox 534 2729 670 2787; x_wconf 88' lang='lat' dir='ltr'><strong>bore</strong></span> <span class='ocrx_word' id='word_1_398' title='bbox 700 2737 1063 2798; x_wconf 87' lang='lat' dir='ltr'><strong>marcescent,</strong></span> <span class='ocrx_word' id='word_1_399' title='bbox 1085 2739 1146 2788; x_wconf 91' lang='lat' dir='ltr'><strong>et</strong></span> <span class='ocrx_word' id='word_1_400' title='bbox 1163 2733 1294 2788; x_wconf 91' lang='lat' dir='ltr'><strong>licet</strong></span> <span class='ocrx_word' id='word_1_401' title='bbox 1309 2733 1430 2790; x_wconf 68' lang='lat' dir='ltr'><strong>haec</strong></span> <span class='ocrx_word' id='word_1_402' title='bbox 1461 2751 1584 2806; x_wconf 79' lang='lat' dir='ltr'><strong>quae</strong></span> <span class='ocrx_word' id='word_1_403' title='bbox 1622 2734 1982 2806; x_wconf 78' lang='lat' dir='ltr'><strong>praediximus</strong></span> <span class='ocrx_word' id='word_1_404' title='bbox 2010 2740 2136 2789; x_wconf 90' lang='lat' dir='ltr'><strong>octo</strong></span> <span class='ocrx_word' id='word_1_405' title='bbox 2216 2729 2424 2786; x_wconf 88' lang='lat' dir='ltr'><strong>sanctis</strong></span> <span class='ocrx_word' id='word_1_406' title='bbox 2452 2729 2813 2786; x_wconf 90' lang='lat' dir='ltr'><strong>immunditia</strong></span> <span class='ocrx_word' id='word_1_407' title='bbox 2838 2736 3219 2803; x_wconf 90' lang='lat' dir='ltr'><strong>nuncupatur,</strong></span> <span class='ocrx_word' id='word_1_408' title='bbox 3242 2746 3417 2804; x_wconf 89' lang='lat' dir='ltr'><strong>super</strong></span> <span class='ocrx_word' id='word_1_409' title='bbox 3441 2745 3547 2803; x_wconf 89' lang='lat' dir='ltr'><strong>quo</strong></span> <span class='ocrx_word' id='word_1_410' title='bbox 3568 2729 3762 2800; x_wconf 78' lang='lat' dir='ltr'><strong>Aposto-</strong></span> 
     </span>
    </p>
   </div>
   <div class='ocr_carea' id='block_1_50' title="bbox 535 2813 3761 2892">
    <p class='ocr_par' dir='ltr' id='par_1_50' title="bbox 535 2813 3761 2892">
     <span class='ocr_line' id='line_1_50' title="bbox 535 2813 3761 2892; baseline -0 -20"><span class='ocrx_word' id='word_1_411' title='bbox 535 2819 775 2874; x_wconf 91' lang='lat' dir='ltr'><strong>vitiailla</strong></span> <span class='ocrx_word' id='word_1_412' title='bbox 786 2837 955 2892; x_wconf 90' lang='lat' dir='ltr'><strong>quam</strong></span> <span class='ocrx_word' id='word_1_413' title='bbox 969 2822 1530 2878; x_wconf 89' lang='lat' dir='ltr'><strong>commemoravimus</strong></span> <span class='ocrx_word' id='word_1_414' title='bbox 1539 2823 1758 2879; x_wconf 90' lang='lat' dir='ltr'><strong>ratione</strong></span> <span class='ocrx_word' id='word_1_415' title='bbox 1773 2822 1878 2878; x_wconf 90' lang='lat' dir='ltr'><strong>sibi</strong></span> <span class='ocrx_word' id='word_1_416' title='bbox 1893 2822 2129 2877; x_wconf 89' lang='lat' dir='ltr'><strong>invicem</strong></span> <span class='ocrx_word' id='word_1_417' title='bbox 2154 2872 2200 2892; x_wconf 61' lang='grc' dir='ltr'>η</span> <span class='ocrx_word' id='word_1_418' title='bbox 2217 2819 2306 2874; x_wconf 90' lang='lat' dir='ltr'><strong>lus</strong></span> <span class='ocrx_word' id='word_1_419' title='bbox 2330 2837 2344 2873; x_wconf 88' lang='lat'><strong>:</strong></span> <span class='ocrx_word' id='word_1_420' title='bbox 2371 2840 2395 2868; x_wconf 76' lang='grc' dir='ltr'>ι</span> <span class='ocrx_word' id='word_1_421' title='bbox 2426 2819 2561 2876; x_wconf 91' lang='lat' dir='ltr'><strong>Dico</strong></span> <span class='ocrx_word' id='word_1_422' title='bbox 2575 2825 2766 2875; x_wconf 89' lang='lat' dir='ltr'><strong>autem</strong></span> <span class='ocrx_word' id='word_1_423' title='bbox 2782 2820 3035 2892; x_wconf 90' lang='lat' dir='ltr'><strong>innuptis</strong></span> <span class='ocrx_word' id='word_1_424' title='bbox 3061 2825 3117 2876; x_wconf 92' lang='lat' dir='ltr'><strong>et</strong></span> <span class='ocrx_word' id='word_1_425' title='bbox 3144 2819 3352 2888; x_wconf 86' lang='lat' dir='ltr'><strong>viduis,</strong></span> <span class='ocrx_word' id='word_1_426' title='bbox 3368 2819 3569 2875; x_wconf 91' lang='lat' dir='ltr'><strong>bonum</strong></span> <span class='ocrx_word' id='word_1_427' title='bbox 3587 2821 3662 2872; x_wconf 86' lang='lat' dir='ltr'><strong>est</strong></span> <span class='ocrx_word' id='word_1_428' title='bbox 3678 2813 3761 2869; x_wconf 79' lang='lat' dir='ltr'><strong>illis</strong></span> 
     </span>
    </p>
   </div>
   <div class='ocr_carea' id='block_1_51' title="bbox 535 2872 3764 2984">
    <p class='ocr_par' dir='ltr' id='par_1_51' title="bbox 535 2872 3764 2984">
     <span class='ocr_line' id='line_1_51' title="bbox 578 2872 3497 2892; baseline -0.001 -1"><span class='ocrx_word' id='word_1_429' title='bbox 724 2872 1755 2892; x_wconf 45' lang='lat' dir='ltr'><strong>1—m-&quot;w—«w-v—w—m—&quot;mww</strong></span> <span class='ocrx_word' id='word_1_430' title='bbox 1773 2872 2129 2878; x_wconf 57' lang='grc' dir='ltr'><strong>--η---ν--π-</strong></span> <span class='ocrx_word' id='word_1_431' title='bbox 2334 2872 2339 2873; x_wconf 50' lang='grc' dir='ltr'><em>ν</em></span> <span class='ocrx_word' id='word_1_432' title='bbox 2427 2872 2550 2876; x_wconf 67' lang='grc' dir='ltr'><strong>-η-</strong></span> <span class='ocrx_word' id='word_1_433' title='bbox 2580 2872 3030 2892; x_wconf 22' lang='grc' dir='ltr'><strong>η-πμιήη</strong></span> <span class='ocrx_word' id='word_1_434' title='bbox 3070 2872 3117 2876; x_wconf 62' lang='grc' dir='ltr'>η</span> 
     </span>
     <span class='ocr_line' id='line_1_52' title="bbox 535 2872 3764 2984; baseline -0.002 -21"><span class='ocrx_word' id='word_1_435' title='bbox 535 2925 788 2964; x_wconf 83' lang='lat' dir='ltr'><strong>connexa</strong></span> <span class='ocrx_word' id='word_1_436' title='bbox 815 2914 987 2981; x_wconf 89' lang='lat' dir='ltr'><strong>atque</strong></span> <span class='ocrx_word' id='word_1_437' title='bbox 1014 2910 1287 2982; x_wconf 87' lang='lat' dir='ltr'><strong>permista</strong></span> <span class='ocrx_word' id='word_1_438' title='bbox 1316 2912 1450 2979; x_wconf 90' lang='lat' dir='ltr'><strong>sint,</strong></span> <span class='ocrx_word' id='word_1_439' title='bbox 1489 2911 1821 2984; x_wconf 88' lang='lat' dir='ltr'><strong>specialibus</strong></span> <span class='ocrx_word' id='word_1_440' title='bbox 1849 2918 2043 2967; x_wconf 89' lang='lat' dir='ltr'><strong>tamen</strong></span> <span class='ocrx_word' id='word_1_441' title='bbox 2070 2911 2130 2967; x_wconf 93' lang='lat' dir='ltr'><strong>in</strong></span> <span class='ocrx_word' id='word_1_442' title='bbox 2151 2872 2202 2937; x_wconf 84' lang='lat' dir='ltr'>C</span> <span class='ocrx_word' id='word_1_443' title='bbox 2219 2908 2267 2962; x_wconf 88' lang='lat' dir='ltr'><strong>si</strong></span> <span class='ocrx_word' id='word_1_444' title='bbox 2295 2908 2377 2963; x_wconf 90' lang='lat' dir='ltr'><strong>sic</strong></span> <span class='ocrx_word' id='word_1_445' title='bbox 2402 2908 2816 2980; x_wconf 88' lang='lat' dir='ltr'><strong>permanserint</strong></span> <span class='ocrx_word' id='word_1_446' title='bbox 2840 2909 2986 2964; x_wconf 88' lang='lat' dir='ltr'><strong>sicut</strong></span> <span class='ocrx_word' id='word_1_447' title='bbox 3013 2912 3073 2964; x_wconf 91' lang='lat' dir='ltr'><strong>et</strong></span> <span class='ocrx_word' id='word_1_448' title='bbox 3107 2925 3233 2979; x_wconf 86' lang='lat' dir='ltr'><strong>ego,</strong></span> <span class='ocrx_word' id='word_1_449' title='bbox 3249 2908 3402 2980; x_wconf 88' lang='lat' dir='ltr'><strong>quod</strong></span> <span class='ocrx_word' id='word_1_450' title='bbox 3426 2906 3474 2964; x_wconf 88' lang='lat' dir='ltr'><strong>si</strong></span> <span class='ocrx_word' id='word_1_451' title='bbox 3497 2921 3602 2962; x_wconf 89' lang='lat' dir='ltr'><strong>non</strong></span> <span class='ocrx_word' id='word_1_452' title='bbox 3621 2901 3764 2960; x_wconf 74' lang='lat' dir='ltr'><strong>conti«</strong></span> 
     </span>
    </p>
   </div>
   <div class='ocr_carea' id='block_1_52' title="bbox 537 2991 3766 3072">
    <p class='ocr_par' dir='ltr' id='par_1_52' title="bbox 537 2991 3766 3072">
     <span class='ocr_line' id='line_1_53' title="bbox 537 2991 3766 3072; baseline 0.001 -20"><span class='ocrx_word' id='word_1_453' title='bbox 537 3003 782 3069; x_wconf 89' lang='lat' dir='ltr'><strong>quatuor</strong></span> <span class='ocrx_word' id='word_1_454' title='bbox 798 2999 1225 3070; x_wconf 89' lang='lat' dir='ltr'><strong>conjugationes</strong></span> <span class='ocrx_word' id='word_1_455' title='bbox 1244 3005 1302 3055; x_wconf 92' lang='lat' dir='ltr'><strong>et</strong></span> <span class='ocrx_word' id='word_1_456' title='bbox 1317 3001 1545 3072; x_wconf 83' lang='lat' dir='ltr'><strong>copulas</strong></span> <span class='ocrx_word' id='word_1_457' title='bbox 1556 3001 1900 3056; x_wconf 84' lang='lat' dir='ltr'><strong>dividuntur.</strong></span> <span class='ocrx_word' id='word_1_458' title='bbox 1925 3000 2140 3056; x_wconf 90' lang='lat' dir='ltr'><strong>Gastri-</strong></span> <span class='ocrx_word' id='word_1_459' title='bbox 2220 3002 2375 3064; x_wconf 88' lang='lat' dir='ltr'><strong>nent,</strong></span> <span class='ocrx_word' id='word_1_460' title='bbox 2407 2996 2642 3064; x_wconf 88' lang='lat' dir='ltr'><strong>nubant,</strong></span> <span class='ocrx_word' id='word_1_461' title='bbox 2677 2997 2879 3053; x_wconf 90' lang='lat' dir='ltr'><strong>melius</strong></span> <span class='ocrx_word' id='word_1_462' title='bbox 2906 3003 2993 3053; x_wconf 90' lang='lat' dir='ltr'><strong>est</strong></span> <span class='ocrx_word' id='word_1_463' title='bbox 3021 2997 3173 3053; x_wconf 89' lang='lat' dir='ltr'><strong>enim</strong></span> <span class='ocrx_word' id='word_1_464' title='bbox 3202 2996 3420 3052; x_wconf 90' lang='lat' dir='ltr'><strong>nubere</strong></span> <span class='ocrx_word' id='word_1_465' title='bbox 3445 3012 3605 3069; x_wconf 85' lang='lat' dir='ltr'><strong>quam</strong></span> <span class='ocrx_word' id='word_1_466' title='bbox 3628 2991 3703 3049; x_wconf 77' lang='lat' dir='ltr'><strong>uri</strong></span> <span class='ocrx_word' id='word_1_467' title='bbox 3729 2991 3766 3056; x_wconf 70' lang='grc' dir='ltr'><strong>(Ι</strong></span> 
     </span>
    </p>
   </div>
   <div class='ocr_carea' id='block_1_53' title="bbox 537 3085 3767 3160">
    <p class='ocr_par' dir='ltr' id='par_1_53' title="bbox 537 3085 3767 3160">
     <span class='ocr_line' id='line_1_54' title="bbox 537 3085 3767 3160; baseline -0.002 -19"><span class='ocrx_word' id='word_1_468' title='bbox 537 3087 766 3157; x_wconf 83' lang='lat' dir='ltr'><strong>margiae</strong></span> <span class='ocrx_word' id='word_1_469' title='bbox 793 3103 1037 3159; x_wconf 89' lang='lat' dir='ltr'><strong>namque</strong></span> <span class='ocrx_word' id='word_1_470' title='bbox 1063 3087 1359 3143; x_wconf 87' lang='lat' dir='ltr'><strong>fornicatio</strong></span> <span class='ocrx_word' id='word_1_471' title='bbox 1388 3089 1660 3160; x_wconf 88' lang='lat' dir='ltr'><strong>peculiari</strong></span> <span class='ocrx_word' id='word_1_472' title='bbox 1688 3089 2138 3145; x_wconf 87' lang='lat' dir='ltr'><strong>consideratione</strong></span> <span class='ocrx_word' id='word_1_473' title='bbox 2220 3087 2343 3143; x_wconf 74' lang='lat' dir='ltr'><strong>Dor.</strong></span> <span class='ocrx_word' id='word_1_474' title='bbox 2372 3100 2468 3153; x_wconf 87' lang='lat' dir='ltr'><strong>vn,</strong></span> <span class='ocrx_word' id='word_1_475' title='bbox 2498 3085 2578 3156; x_wconf 85' lang='lat'><strong>9).</strong></span> <span class='ocrx_word' id='word_1_476' title='bbox 2617 3104 2640 3137; x_wconf 72' lang='grc' dir='ltr'><strong><em>ι</em></strong></span> <span class='ocrx_word' id='word_1_477' title='bbox 2679 3085 2934 3141; x_wconf 88' lang='lat' dir='ltr'><strong>Tertium</strong></span> <span class='ocrx_word' id='word_1_478' title='bbox 2965 3086 3115 3158; x_wconf 89' lang='lat' dir='ltr'><strong>quod</strong></span> <span class='ocrx_word' id='word_1_479' title='bbox 3143 3087 3340 3141; x_wconf 90' lang='lat' dir='ltr'><strong>animo</strong></span> <span class='ocrx_word' id='word_1_480' title='bbox 3379 3102 3446 3141; x_wconf 88' lang='lat' dir='ltr'><strong>ac</strong></span> <span class='ocrx_word' id='word_1_481' title='bbox 3470 3088 3642 3139; x_wconf 89' lang='lat' dir='ltr'><strong>mente</strong></span> <span class='ocrx_word' id='word_1_482' title='bbox 3664 3095 3767 3134; x_wconf 84' lang='lat' dir='ltr'><strong>oon-</strong></span> 
     </span>
    </p>
   </div>
   <div class='ocr_carea' id='block_1_54' title="bbox 536 3167 3770 3248">
    <p class='ocr_par' dir='ltr' id='par_1_54' title="bbox 536 3167 3770 3248">
     <span class='ocr_line' id='line_1_55' title="bbox 536 3167 3770 3248; baseline 0.002 -19"><span class='ocrx_word' id='word_1_483' title='bbox 536 3175 858 3240; x_wconf 86' lang='lat' dir='ltr'><strong>faederatur,</strong></span> <span class='ocrx_word' id='word_1_484' title='bbox 898 3175 1256 3248; x_wconf 64' lang='lat' dir='ltr'><strong>philargyria:</strong></span> <span class='ocrx_word' id='word_1_485' title='bbox 1293 3176 1399 3243; x_wconf 88' lang='lat' dir='ltr'><strong>ira,</strong></span> <span class='ocrx_word' id='word_1_486' title='bbox 1429 3177 1676 3234; x_wconf 70' lang='lat' dir='ltr'><strong>tristitiae</strong></span> <span class='ocrx_word' id='word_1_487' title='bbox 1722 3178 1932 3247; x_wconf 88' lang='lat' dir='ltr'><strong>acedia,</strong></span> <span class='ocrx_word' id='word_1_488' title='bbox 1966 3195 2134 3234; x_wconf 91' lang='lat' dir='ltr'><strong>ceno-</strong></span> <span class='ocrx_word' id='word_1_489' title='bbox 2219 3174 2444 3246; x_wconf 86' lang='lat' dir='ltr'><strong>cipitur,</strong></span> <span class='ocrx_word' id='word_1_490' title='bbox 2487 3175 2558 3230; x_wconf 92' lang='lat' dir='ltr'><strong>de</strong></span> <span class='ocrx_word' id='word_1_491' title='bbox 2588 3191 2700 3247; x_wconf 92' lang='lat' dir='ltr'><strong>quo</strong></span> <span class='ocrx_word' id='word_1_492' title='bbox 2722 3175 2996 3231; x_wconf 90' lang='lat' dir='ltr'><strong>Dominus</strong></span> <span class='ocrx_word' id='word_1_493' title='bbox 3022 3175 3082 3230; x_wconf 92' lang='lat' dir='ltr'><strong>in</strong></span> <span class='ocrx_word' id='word_1_494' title='bbox 3101 3174 3410 3246; x_wconf 87' lang='lat' dir='ltr'><strong>Evangelio</strong></span> <span class='ocrx_word' id='word_1_495' title='bbox 3429 3173 3530 3228; x_wconf 81' lang='lat' dir='ltr'><strong>ait:</strong></span> <span class='ocrx_word' id='word_1_496' title='bbox 3550 3194 3572 3224; x_wconf 80' lang='grc' dir='ltr'>ι</span> <span class='ocrx_word' id='word_1_497' title='bbox 3599 3169 3694 3236; x_wconf 72' lang='lat' dir='ltr'><strong>Qui</strong></span> <span class='ocrx_word' id='word_1_498' title='bbox 3712 3167 3770 3220; x_wconf 61' lang='lat'><strong>&#39;5&#39;</strong></span> 
     </span>
    </p>
   </div>
   <div class='ocr_carea' id='block_1_55' title="bbox 535 3263 3769 3340">
    <p class='ocr_par' dir='ltr' id='par_1_55' title="bbox 535 3263 3769 3340">
     <span class='ocr_line' id='line_1_56' title="bbox 535 3263 3769 3340; baseline -0.001 -20"><span class='ocrx_word' id='word_1_499' title='bbox 535 3264 710 3320; x_wconf 68' lang='lat' dir='ltr'><strong>doxiar:</strong></span> <span class='ocrx_word' id='word_1_500' title='bbox 736 3264 999 3336; x_wconf 90' lang='lat' dir='ltr'><strong>superbia</strong></span> <span class='ocrx_word' id='word_1_501' title='bbox 1026 3264 1380 3322; x_wconf 88' lang='lat' dir='ltr'><strong>familiariter</strong></span> <span class='ocrx_word' id='word_1_502' title='bbox 1406 3267 1800 3340; x_wconf 88' lang='lat' dir='ltr'><strong>conjungatur.</strong></span> <span class='ocrx_word' id='word_1_503' title='bbox 2215 3263 2364 3318; x_wconf 89' lang='lat' dir='ltr'><strong>derit</strong></span> <span class='ocrx_word' id='word_1_504' title='bbox 2390 3263 2688 3319; x_wconf 89' lang='lat' dir='ltr'><strong>mulierem</strong></span> <span class='ocrx_word' id='word_1_505' title='bbox 2715 3264 2788 3320; x_wconf 90' lang='lat' dir='ltr'><strong>ad</strong></span> <span class='ocrx_word' id='word_1_506' title='bbox 2816 3264 3330 3336; x_wconf 86' lang='lat' dir='ltr'><strong>concupiscendum</strong></span> <span class='ocrx_word' id='word_1_507' title='bbox 3361 3279 3506 3327; x_wconf 86' lang='lat' dir='ltr'><strong>eam,</strong></span> <span class='ocrx_word' id='word_1_508' title='bbox 3536 3263 3644 3333; x_wconf 87' lang='lat' dir='ltr'><strong>jam</strong></span> <span class='ocrx_word' id='word_1_509' title='bbox 3664 3272 3769 3313; x_wconf 68' lang='lat' dir='ltr'><strong>mm-</strong></span> 
     </span>
    </p>
   </div>
   <div class='ocr_carea' id='block_1_56' title="bbox 535 3407 2129 3537">
    <p class='ocr_par' dir='ltr' id='par_1_56' title="bbox 535 3407 2129 3537">
     <span class='ocr_line' id='line_1_57' title="bbox 535 3407 2129 3537; baseline 0.002 -74"><span class='ocrx_word' id='word_1_510' title='bbox 535 3407 666 3463; x_wconf 74' lang='lat' dir='ltr'><strong>CAP.</strong></span> <span class='ocrx_word' id='word_1_511' title='bbox 690 3409 886 3465; x_wconf 83' lang='lat' dir='ltr'><strong>LXIII.</strong></span> <span class='ocrx_word' id='word_1_512' title='bbox 908 3439 975 3450; x_wconf 95' lang='lat'><strong>—</strong></span> <span class='ocrx_word' id='word_1_513' title='bbox 994 3411 1070 3464; x_wconf 81' lang='lat' dir='ltr'><strong>De</strong></span> <span class='ocrx_word' id='word_1_514' title='bbox 1091 3411 1658 3537; x_wconf 52' lang='lat' dir='ltr'><strong>origineftqualitatc</strong></span> <span class='ocrx_word' id='word_1_515' title='bbox 1689 3413 2129 3482; x_wconf 75' lang='lat' dir='ltr'><strong>uniuscujusque</strong></span> 
     </span>
     <span class='ocr_line' id='line_1_58' title="bbox 1256 3498 1404 3536; baseline 0 0"><span class='ocrx_word' id='word_1_516' title='bbox 1256 3498 1310 3536; x_wconf 75' lang='grc' dir='ltr'><strong>υε</strong></span> <span class='ocrx_word' id='word_1_517' title='bbox 1342 3499 1404 3536; x_wconf 82' lang='lat' dir='ltr'><strong>u.</strong></span> 
     </span>
    </p>
   </div>
   <div class='ocr_carea' id='block_1_57' title="bbox 1256 3498 1404 3536">
    <p class='ocr_par' dir='ltr' id='par_1_57' title="bbox 1256 3498 1404 3536">
     <span class='ocr_line' id='line_1_59' title="bbox 1256 3498 1404 3536; baseline 0 0"><span class='ocrx_word' id='word_1_518' title='bbox 1256 3498 1404 3536; x_wconf 74' lang='grc' dir='ltr'><strong>υεειι.</strong></span> 
     </span>
    </p>
   </div>
   <div class='ocr_carea' id='block_1_58' title="bbox 603 3606 2128 3686">
    <p class='ocr_par' dir='ltr' id='par_1_58' title="bbox 603 3606 2128 3686">
     <span class='ocr_line' id='line_1_60' title="bbox 603 3606 2128 3686; baseline 0.003 -21"><span class='ocrx_word' id='word_1_519' title='bbox 603 3606 838 3678; x_wconf 69' lang='grc' dir='ltr'><strong>(ϐθναρ.)</strong></span> <span class='ocrx_word' id='word_1_520' title='bbox 869 3608 940 3664; x_wconf 91' lang='lat' dir='ltr'><strong>Et</strong></span> <span class='ocrx_word' id='word_1_521' title='bbox 963 3613 1031 3664; x_wconf 91' lang='lat' dir='ltr'><strong>ut</strong></span> <span class='ocrx_word' id='word_1_522' title='bbox 1055 3608 1384 3681; x_wconf 88' lang='lat' dir='ltr'><strong>singillatim</strong></span> <span class='ocrx_word' id='word_1_523' title='bbox 1413 3626 1564 3666; x_wconf 92' lang='lat' dir='ltr'><strong>nunc</strong></span> <span class='ocrx_word' id='word_1_524' title='bbox 1591 3611 1663 3668; x_wconf 90' lang='lat' dir='ltr'><strong>de</strong></span> <span class='ocrx_word' id='word_1_525' title='bbox 1683 3611 2128 3686; x_wconf 87' lang='lat' dir='ltr'><strong>uniuscujusque</strong></span> 
     </span>
    </p>
   </div>
   <div class='ocr_carea' id='block_1_59' title="bbox 532 3695 2133 3774">
    <p class='ocr_par' dir='ltr' id='par_1_59' title="bbox 532 3695 2133 3774">
     <span class='ocr_line' id='line_1_61' title="bbox 532 3695 2133 3774; baseline 0.006 -25"><span class='ocrx_word' id='word_1_526' title='bbox 532 3696 652 3752; x_wconf 90' lang='lat' dir='ltr'><strong>vitii</strong></span> <span class='ocrx_word' id='word_1_527' title='bbox 660 3695 960 3768; x_wconf 89' lang='lat' dir='ltr'><strong>generibus</strong></span> <span class='ocrx_word' id='word_1_528' title='bbox 979 3697 1768 3773; x_wconf 83' lang='lat' dir='ltr'><strong>disputemus,gastrimargiae</strong></span> <span class='ocrx_word' id='word_1_529' title='bbox 1777 3718 1987 3774; x_wconf 89' lang='lat' dir='ltr'><strong>genera</strong></span> <span class='ocrx_word' id='word_1_530' title='bbox 1998 3707 2133 3758; x_wconf 91' lang='lat' dir='ltr'><strong>sunt</strong></span> 
     </span>
    </p>
   </div>
   <div class='ocr_carea' id='block_1_60' title="bbox 532 3785 2129 3862">
    <p class='ocr_par' dir='ltr' id='par_1_60' title="bbox 532 3785 2129 3862">
     <span class='ocr_line' id='line_1_62' title="bbox 532 3785 2129 3862; baseline 0.001 -20"><span class='ocrx_word' id='word_1_531' title='bbox 532 3785 671 3842; x_wconf 88' lang='lat' dir='ltr'><strong>tria:</strong></span> <span class='ocrx_word' id='word_1_532' title='bbox 694 3785 942 3859; x_wconf 90' lang='lat' dir='ltr'><strong>primum</strong></span> <span class='ocrx_word' id='word_1_533' title='bbox 970 3787 1121 3860; x_wconf 92' lang='lat' dir='ltr'><strong>quod</strong></span> <span class='ocrx_word' id='word_1_534' title='bbox 1149 3787 1222 3842; x_wconf 91' lang='lat' dir='ltr'><strong>ad</strong></span> <span class='ocrx_word' id='word_1_535' title='bbox 1251 3787 1613 3845; x_wconf 87' lang='lat' dir='ltr'><strong>refectionem</strong></span> <span class='ocrx_word' id='word_1_536' title='bbox 1651 3796 1917 3862; x_wconf 88' lang='lat' dir='ltr'><strong>perurget</strong></span> <span class='ocrx_word' id='word_1_537' title='bbox 1946 3789 2129 3846; x_wconf 82' lang='lat' dir='ltr'><strong>homi-</strong></span> 
     </span>
    </p>
   </div>
   <div class='ocr_carea' id='block_1_61' title="bbox 531 3876 2126 3951">
    <p class='ocr_par' dir='ltr' id='par_1_61' title="bbox 531 3876 2126 3951">
     <span class='ocr_line' id='line_1_63' title="bbox 531 3876 2126 3951; baseline 0.004 -22"><span class='ocrx_word' id='word_1_538' title='bbox 531 3891 683 3942; x_wconf 91' lang='lat' dir='ltr'><strong>nem,</strong></span> <span class='ocrx_word' id='word_1_539' title='bbox 715 3879 849 3931; x_wconf 91' lang='lat' dir='ltr'><strong>ante</strong></span> <span class='ocrx_word' id='word_1_540' title='bbox 876 3876 1077 3932; x_wconf 88' lang='lat' dir='ltr'><strong>horam</strong></span> <span class='ocrx_word' id='word_1_541' title='bbox 1105 3881 1377 3933; x_wconf 83' lang='lat' dir='ltr'><strong>statutam</strong></span> <span class='ocrx_word' id='word_1_542' title='bbox 1407 3894 1473 3933; x_wconf 90' lang='lat' dir='ltr'><strong>ac</strong></span> <span class='ocrx_word' id='word_1_543' title='bbox 1497 3877 1811 3951; x_wconf 89' lang='lat' dir='ltr'><strong>legitimam</strong></span> <span class='ocrx_word' id='word_1_544' title='bbox 1839 3879 2126 3948; x_wconf 90' lang='lat' dir='ltr'><strong>festinare,</strong></span> 
     </span>
    </p>
   </div>
   <div class='ocr_carea' id='block_1_62' title="bbox 530 3963 2130 4041">
    <p class='ocr_par' dir='ltr' id='par_1_62' title="bbox 530 3963 2130 4041">
     <span class='ocr_line' id='line_1_64' title="bbox 530 3963 2130 4041; baseline 0.004 -23"><span class='ocrx_word' id='word_1_545' title='bbox 530 3963 841 4020; x_wconf 89' lang='lat' dir='ltr'><strong>secundum</strong></span> <span class='ocrx_word' id='word_1_546' title='bbox 870 3965 1021 4036; x_wconf 89' lang='lat' dir='ltr'><strong>quod</strong></span> <span class='ocrx_word' id='word_1_547' title='bbox 1049 3965 1364 4037; x_wconf 81' lang='lat' dir='ltr'><strong>explatione</strong></span> <span class='ocrx_word' id='word_1_548' title='bbox 1391 3967 1602 4023; x_wconf 75' lang='lat' dir='ltr'><strong>ventris</strong></span> <span class='ocrx_word' id='word_1_549' title='bbox 1648 3980 1707 4024; x_wconf 90' lang='lat' dir='ltr'><strong>et</strong></span> <span class='ocrx_word' id='word_1_550' title='bbox 1751 3968 2130 4041; x_wconf 83' lang='lat' dir='ltr'><strong>quarumlibet</strong></span> 
     </span>
    </p>
   </div>
   <div class='ocr_carea' id='block_1_63' title="bbox 531 4053 2129 4130">
    <p class='ocr_par' dir='ltr' id='par_1_63' title="bbox 531 4053 2129 4130">
     <span class='ocr_line' id='line_1_65' title="bbox 531 4053 2129 4130; baseline 0.004 -22"><span class='ocrx_word' id='word_1_551' title='bbox 531 4069 790 4109; x_wconf 90' lang='lat' dir='ltr'><strong>escarum</strong></span> <span class='ocrx_word' id='word_1_552' title='bbox 816 4053 1122 4109; x_wconf 85' lang='lat' dir='ltr'><strong>voracitate</strong></span> <span class='ocrx_word' id='word_1_553' title='bbox 1153 4054 1397 4122; x_wconf 80' lang='lat' dir='ltr'><strong>laetatur,</strong></span> <span class='ocrx_word' id='word_1_554' title='bbox 1426 4055 1680 4126; x_wconf 87' lang='lat' dir='ltr'><strong>tertium,</strong></span> <span class='ocrx_word' id='word_1_555' title='bbox 1711 4057 1861 4130; x_wconf 91' lang='lat' dir='ltr'><strong>quod</strong></span> <span class='ocrx_word' id='word_1_556' title='bbox 1899 4075 2129 4115; x_wconf 87' lang='lat' dir='ltr'><strong>accura-</strong></span> 
     </span>
    </p>
   </div>
   <div class='ocr_carea' id='block_1_64' title="bbox 528 4140 2130 4214">
    <p class='ocr_par' dir='ltr' id='par_1_64' title="bbox 528 4140 2130 4214">
     <span class='ocr_line' id='line_1_66' title="bbox 528 4140 2130 4214; baseline 0.005 -18"><span class='ocrx_word' id='word_1_557' title='bbox 528 4140 703 4196; x_wconf 89' lang='lat' dir='ltr'><strong>tiores</strong></span> <span class='ocrx_word' id='word_1_558' title='bbox 728 4158 795 4197; x_wconf 89' lang='lat' dir='ltr'><strong>ac</strong></span> <span class='ocrx_word' id='word_1_559' title='bbox 832 4141 1259 4200; x_wconf 88' lang='lat' dir='ltr'><strong>delicatissimos</strong></span> <span class='ocrx_word' id='word_1_560' title='bbox 1301 4144 1586 4202; x_wconf 89' lang='lat' dir='ltr'><strong>desiderat</strong></span> <span class='ocrx_word' id='word_1_561' title='bbox 1627 4145 1798 4202; x_wconf 88' lang='lat' dir='ltr'><strong>cibos.</strong></span> <span class='ocrx_word' id='word_1_562' title='bbox 1839 4147 1975 4214; x_wconf 72' lang='lat' dir='ltr'><strong>Quae</strong></span> <span class='ocrx_word' id='word_1_563' title='bbox 2017 4147 2130 4204; x_wconf 87' lang='lat' dir='ltr'><strong>tria</strong></span> 
     </span>
    </p>
   </div>
   <div class='ocr_carea' id='block_1_65' title="bbox 2215 3348 3768 3422">
    <p class='ocr_par' dir='ltr' id='par_1_65' title="bbox 2215 3348 3768 3422">
     <span class='ocr_line' id='line_1_67' title="bbox 2215 3348 3768 3422; baseline -0.004 -15"><span class='ocrx_word' id='word_1_564' title='bbox 2215 3351 2414 3408; x_wconf 90' lang='lat' dir='ltr'><strong>chatus</strong></span> <span class='ocrx_word' id='word_1_565' title='bbox 2443 3358 2530 3408; x_wconf 90' lang='lat' dir='ltr'><strong>est</strong></span> <span class='ocrx_word' id='word_1_566' title='bbox 2555 3369 2681 3408; x_wconf 89' lang='lat' dir='ltr'><strong>eam</strong></span> <span class='ocrx_word' id='word_1_567' title='bbox 2708 3353 2770 3408; x_wconf 91' lang='lat' dir='ltr'><strong>in</strong></span> <span class='ocrx_word' id='word_1_568' title='bbox 2797 3353 2964 3408; x_wconf 90' lang='lat' dir='ltr'><strong>corde</strong></span> <span class='ocrx_word' id='word_1_569' title='bbox 3009 3369 3113 3408; x_wconf 91' lang='lat' dir='ltr'><strong>suo</strong></span> <span class='ocrx_word' id='word_1_570' title='bbox 3143 3354 3362 3422; x_wconf 72' lang='lat' dir='ltr'><strong>(Matth.</strong></span> <span class='ocrx_word' id='word_1_571' title='bbox 3394 3370 3446 3420; x_wconf 87' lang='lat' dir='ltr'><strong>v,</strong></span> <span class='ocrx_word' id='word_1_572' title='bbox 3478 3351 3584 3420; x_wconf 75' lang='lat'><strong>28).</strong></span> <span class='ocrx_word' id='word_1_573' title='bbox 3614 3370 3638 3402; x_wconf 73' lang='grc' dir='ltr'>ι</span> <span class='ocrx_word' id='word_1_574' title='bbox 3663 3348 3768 3411; x_wconf 81' lang='lat' dir='ltr'><strong>Qua:</strong></span> 
     </span>
    </p>
   </div>
   <div class='ocr_carea' id='block_1_66' title="bbox 2207 3434 3766 3514">
    <p class='ocr_par' dir='ltr' id='par_1_66' title="bbox 2207 3434 3766 3514">
     <span class='ocr_line' id='line_1_68' title="bbox 2207 3434 3766 3514; baseline -0.003 -18"><span class='ocrx_word' id='word_1_575' title='bbox 2207 3440 2318 3496; x_wconf 87' lang='lat' dir='ltr'><strong>tria</strong></span> <span class='ocrx_word' id='word_1_576' title='bbox 2330 3458 2541 3514; x_wconf 91' lang='lat' dir='ltr'><strong>genera</strong></span> <span class='ocrx_word' id='word_1_577' title='bbox 2551 3441 3054 3514; x_wconf 85' lang='lat' dir='ltr'><strong>beatusApostolus</strong></span> <span class='ocrx_word' id='word_1_578' title='bbox 3075 3441 3202 3514; x_wconf 87' lang='lat' dir='ltr'><strong>pari</strong></span> <span class='ocrx_word' id='word_1_579' title='bbox 3217 3442 3387 3497; x_wconf 88' lang='lat' dir='ltr'><strong>modo</strong></span> <span class='ocrx_word' id='word_1_580' title='bbox 3412 3434 3766 3509; x_wconf 70' lang='lat' dir='ltr'><strong>exstinguenda</strong></span> 
     </span>
    </p>
   </div>
   <div class='ocr_carea' id='block_1_67' title="bbox 2208 3528 3767 3602">
    <p class='ocr_par' dir='ltr' id='par_1_67' title="bbox 2208 3528 3767 3602">
     <span class='ocr_line' id='line_1_69' title="bbox 2208 3528 3767 3602; baseline 0.002 -18"><span class='ocrx_word' id='word_1_581' title='bbox 2208 3529 2583 3602; x_wconf 89' lang='lat' dir='ltr'><strong>pronuntians</strong></span> <span class='ocrx_word' id='word_1_582' title='bbox 2609 3548 2623 3584; x_wconf 88' lang='lat'>:</span> <span class='ocrx_word' id='word_1_583' title='bbox 2660 3551 2686 3582; x_wconf 72' lang='grc' dir='ltr'><strong><em>ι</em></strong></span> <span class='ocrx_word' id='word_1_584' title='bbox 2715 3531 3068 3597; x_wconf 83' lang='lat' dir='ltr'><strong>Mortiﬁcate,</strong></span> <span class='ocrx_word' id='word_1_585' title='bbox 3095 3530 3303 3602; x_wconf 87' lang='lat' dir='ltr'><strong>inquit,</strong></span> <span class='ocrx_word' id='word_1_586' title='bbox 3333 3528 3582 3585; x_wconf 88' lang='lat' dir='ltr'><strong>membra</strong></span> <span class='ocrx_word' id='word_1_587' title='bbox 3604 3530 3767 3587; x_wconf 58' lang='lat' dir='ltr'><strong>vestras</strong></span> 
     </span>
    </p>
   </div>
   <div class='ocr_carea' id='block_1_68' title="bbox 2212 3613 3766 3692">
    <p class='ocr_par' dir='ltr' id='par_1_68' title="bbox 2212 3613 3766 3692">
     <span class='ocr_line' id='line_1_70' title="bbox 2212 3613 3766 3692; baseline -0.005 -17"><span class='ocrx_word' id='word_1_588' title='bbox 2212 3635 2336 3691; x_wconf 81' lang='lat' dir='ltr'><strong>quae</strong></span> <span class='ocrx_word' id='word_1_589' title='bbox 2351 3624 2485 3675; x_wconf 92' lang='lat' dir='ltr'><strong>sunt</strong></span> <span class='ocrx_word' id='word_1_590' title='bbox 2497 3635 2670 3692; x_wconf 89' lang='lat' dir='ltr'><strong>super</strong></span> <span class='ocrx_word' id='word_1_591' title='bbox 2685 3613 3766 3687; x_wconf 80' lang='lat' dir='ltr'><strong>terram,fornicationem,immunditiam.</strong></span> 
     </span>
    </p>
   </div>
   <div class='ocr_carea' id='block_1_69' title="bbox 2211 3703 3772 3781">
    <p class='ocr_par' dir='ltr' id='par_1_69' title="bbox 2211 3703 3772 3781">
     <span class='ocr_line' id='line_1_71' title="bbox 2211 3703 3772 3781; baseline -0.004 -19"><span class='ocrx_word' id='word_1_592' title='bbox 2211 3707 2524 3774; x_wconf 90' lang='lat' dir='ltr'><strong>libidinem,</strong></span> <span class='ocrx_word' id='word_1_593' title='bbox 2558 3713 2663 3764; x_wconf 85' lang='lat' dir='ltr'><strong>etc.</strong></span> <span class='ocrx_word' id='word_1_594' title='bbox 2724 3711 2910 3781; x_wconf 79' lang='lat' dir='ltr'><strong>(Calas.</strong></span> <span class='ocrx_word' id='word_1_595' title='bbox 2938 3723 3019 3774; x_wconf 78' lang='lat' dir='ltr'><strong>in,</strong></span> <span class='ocrx_word' id='word_1_596' title='bbox 3050 3708 3125 3778; x_wconf 88' lang='grc'><strong>5).</strong></span> <span class='ocrx_word' id='word_1_597' title='bbox 3185 3727 3210 3761; x_wconf 77' lang='grc' dir='ltr'><strong><em>ι</em></strong></span> <span class='ocrx_word' id='word_1_598' title='bbox 3246 3709 3320 3764; x_wconf 83' lang='lat' dir='ltr'><strong>Et</strong></span> <span class='ocrx_word' id='word_1_599' title='bbox 3345 3708 3552 3764; x_wconf 90' lang='lat' dir='ltr'><strong>iterum</strong></span> <span class='ocrx_word' id='word_1_600' title='bbox 3577 3704 3640 3760; x_wconf 90' lang='lat' dir='ltr'><strong>de</strong></span> <span class='ocrx_word' id='word_1_601' title='bbox 3661 3703 3772 3758; x_wconf 84' lang='lat' dir='ltr'><strong>duo-</strong></span> 
     </span>
    </p>
   </div>
   <div class='ocr_carea' id='block_1_70' title="bbox 2210 3793 3771 3870">
    <p class='ocr_par' dir='ltr' id='par_1_70' title="bbox 2210 3793 3771 3870">
     <span class='ocr_line' id='line_1_72' title="bbox 2210 3793 3771 3870; baseline -0.004 -19"><span class='ocrx_word' id='word_1_602' title='bbox 2210 3795 2315 3852; x_wconf 90' lang='lat' dir='ltr'><strong>bus</strong></span> <span class='ocrx_word' id='word_1_603' title='bbox 2344 3798 2416 3853; x_wconf 90' lang='lat' dir='ltr'><strong>ad</strong></span> <span class='ocrx_word' id='word_1_604' title='bbox 2465 3797 2734 3870; x_wconf 88' lang='lat' dir='ltr'><strong>Ephesios</strong></span> <span class='ocrx_word' id='word_1_605' title='bbox 2758 3817 2771 3852; x_wconf 91' lang='lat'><strong>:</strong></span> <span class='ocrx_word' id='word_1_606' title='bbox 2819 3815 2848 3852; x_wconf 70' lang='grc' dir='ltr'><strong>ι</strong></span> <span class='ocrx_word' id='word_1_607' title='bbox 2895 3797 3214 3854; x_wconf 82' lang='lat' dir='ltr'><strong>Fornicatio</strong></span> <span class='ocrx_word' id='word_1_608' title='bbox 3241 3803 3303 3853; x_wconf 90' lang='lat' dir='ltr'><strong>et</strong></span> <span class='ocrx_word' id='word_1_609' title='bbox 3329 3793 3676 3852; x_wconf 84' lang='lat' dir='ltr'><strong>immunditia</strong></span> <span class='ocrx_word' id='word_1_610' title='bbox 3691 3804 3771 3845; x_wconf 82' lang='lat' dir='ltr'><strong>nec</strong></span> 
     </span>
    </p>
   </div>
   <div class='ocr_carea' id='block_1_71' title="bbox 2209 3884 3768 3957">
    <p class='ocr_par' dir='ltr' id='par_1_71' title="bbox 2209 3884 3768 3957">
     <span class='ocr_line' id='line_1_73' title="bbox 2209 3884 3768 3957; baseline -0.004 -16"><span class='ocrx_word' id='word_1_611' title='bbox 2209 3885 2574 3957; x_wconf 78' lang='lat' dir='ltr'><strong>nominentur</strong></span> <span class='ocrx_word' id='word_1_612' title='bbox 2615 3887 2676 3942; x_wconf 90' lang='lat' dir='ltr'><strong>in</strong></span> <span class='ocrx_word' id='word_1_613' title='bbox 2720 3886 2876 3942; x_wconf 86' lang='lat' dir='ltr'><strong>vobis</strong></span> <span class='ocrx_word' id='word_1_614' title='bbox 2902 3887 3115 3957; x_wconf 75' lang='lat' dir='ltr'><strong>(Ephes.</strong></span> <span class='ocrx_word' id='word_1_615' title='bbox 3170 3903 3226 3954; x_wconf 86' lang='lat' dir='ltr'><strong>v,</strong></span> <span class='ocrx_word' id='word_1_616' title='bbox 3281 3886 3359 3957; x_wconf 88' lang='lat'><strong>3).</strong></span> <span class='ocrx_word' id='word_1_617' title='bbox 3395 3905 3424 3941; x_wconf 60' lang='grc' dir='ltr'>υ</span> <span class='ocrx_word' id='word_1_618' title='bbox 3456 3886 3524 3942; x_wconf 87' lang='lat' dir='ltr'><strong>Et</strong></span> <span class='ocrx_word' id='word_1_619' title='bbox 3560 3884 3768 3939; x_wconf 86' lang='lat' dir='ltr'><strong>iterum:</strong></span> 
     </span>
    </p>
   </div>
   <div class='ocr_carea' id='block_1_72' title="bbox 2213 3970 3767 4048">
    <p class='ocr_par' dir='ltr' id='par_1_72' title="bbox 2213 3970 3767 4048">
     <span class='ocr_line' id='line_1_74' title="bbox 2213 3970 3767 4048; baseline -0.003 -20"><span class='ocrx_word' id='word_1_620' title='bbox 2213 3993 2242 4028; x_wconf 70' lang='grc' dir='ltr'>ί</span> <span class='ocrx_word' id='word_1_621' title='bbox 2254 3975 2398 4031; x_wconf 90' lang='lat' dir='ltr'><strong>Illud</strong></span> <span class='ocrx_word' id='word_1_622' title='bbox 2409 3981 2600 4032; x_wconf 90' lang='lat' dir='ltr'><strong>autem</strong></span> <span class='ocrx_word' id='word_1_623' title='bbox 2628 3975 2827 4032; x_wconf 90' lang='lat' dir='ltr'><strong>scitote</strong></span> <span class='ocrx_word' id='word_1_624' title='bbox 2848 3975 2996 4048; x_wconf 88' lang='lat' dir='ltr'><strong>quod</strong></span> <span class='ocrx_word' id='word_1_625' title='bbox 3016 3975 3200 4030; x_wconf 89' lang='lat' dir='ltr'><strong>omnis</strong></span> <span class='ocrx_word' id='word_1_626' title='bbox 3229 3976 3558 4041; x_wconf 89' lang='lat' dir='ltr'><strong>fornicator,</strong></span> <span class='ocrx_word' id='word_1_627' title='bbox 3570 3977 3662 4027; x_wconf 88' lang='lat' dir='ltr'><strong>aut</strong></span> <span class='ocrx_word' id='word_1_628' title='bbox 3681 3970 3767 4024; x_wconf 72' lang='lat' dir='ltr'><strong>iur</strong></span> 
     </span>
    </p>
   </div>
   <div class='ocr_carea' id='block_1_73' title="bbox 2209 4061 3766 4138">
    <p class='ocr_par' dir='ltr' id='par_1_73' title="bbox 2209 4061 3766 4138">
     <span class='ocr_line' id='line_1_75' title="bbox 2209 4061 3766 4138; baseline -0.004 -17"><span class='ocrx_word' id='word_1_629' title='bbox 2209 4064 2580 4132; x_wconf 88' lang='lat' dir='ltr'><strong>mundus,aut</strong></span> <span class='ocrx_word' id='word_1_630' title='bbox 2597 4082 2819 4133; x_wconf 89' lang='lat' dir='ltr'><strong>avarus,</strong></span> <span class='ocrx_word' id='word_1_631' title='bbox 2844 4065 2993 4138; x_wconf 91' lang='lat' dir='ltr'><strong>quod</strong></span> <span class='ocrx_word' id='word_1_632' title='bbox 3004 4070 3093 4120; x_wconf 90' lang='lat' dir='ltr'><strong>est</strong></span> <span class='ocrx_word' id='word_1_633' title='bbox 3108 4063 3393 4121; x_wconf 91' lang='lat' dir='ltr'><strong>idolorum</strong></span> <span class='ocrx_word' id='word_1_634' title='bbox 3403 4061 3649 4128; x_wconf 83' lang='lat' dir='ltr'><strong>servitus,</strong></span> <span class='ocrx_word' id='word_1_635' title='bbox 3676 4071 3766 4114; x_wconf 84' lang='lat' dir='ltr'><strong>non</strong></span> 
     </span>
    </p>
   </div>
   <div class='ocr_carea' id='block_1_74' title="bbox 2208 4149 3764 4227">
    <p class='ocr_par' dir='ltr' id='par_1_74' title="bbox 2208 4149 3764 4227">
     <span class='ocr_line' id='line_1_76' title="bbox 2208 4149 3764 4227; baseline -0.001 -18"><span class='ocrx_word' id='word_1_636' title='bbox 2208 4153 2382 4210; x_wconf 90' lang='lat' dir='ltr'><strong>habet</strong></span> <span class='ocrx_word' id='word_1_637' title='bbox 2408 4154 2795 4210; x_wconf 65' lang='lat' dir='ltr'><strong>hereditatem</strong></span> <span class='ocrx_word' id='word_1_638' title='bbox 2836 4154 3100 4227; x_wconf 62' lang='lat' dir='ltr'><strong>imregno</strong></span> <span class='ocrx_word' id='word_1_639' title='bbox 3131 4154 3345 4210; x_wconf 79' lang='lat' dir='ltr'><strong>Christi</strong></span> <span class='ocrx_word' id='word_1_640' title='bbox 3375 4160 3435 4210; x_wconf 88' lang='lat' dir='ltr'><strong>et</strong></span> <span class='ocrx_word' id='word_1_641' title='bbox 3460 4153 3561 4210; x_wconf 85' lang='lat' dir='ltr'><strong>Dei</strong></span> <span class='ocrx_word' id='word_1_642' title='bbox 3587 4149 3764 4220; x_wconf 72' lang='grc' dir='ltr'><strong>(ΒρΙιεεο</strong></span> 
     </span>
    </p>
   </div>
   <div class='ocr_carea' id='block_1_75' title="bbox 530 4229 3769 4316">
    <p class='ocr_par' dir='ltr' id='par_1_75' title="bbox 530 4229 3769 4316">
     <span class='ocr_line' id='line_1_77' title="bbox 530 4229 3769 4316; baseline 0.002 -29"><span class='ocrx_word' id='word_1_643' title='bbox 530 4247 646 4287; x_wconf 91' lang='lat' dir='ltr'><strong>non</strong></span> <span class='ocrx_word' id='word_1_644' title='bbox 658 4229 765 4286; x_wconf 92' lang='lat' dir='ltr'><strong>levi</strong></span> <span class='ocrx_word' id='word_1_645' title='bbox 784 4230 1077 4303; x_wconf 91' lang='lat' dir='ltr'><strong>dispendio</strong></span> <span class='ocrx_word' id='word_1_646' title='bbox 1101 4232 1484 4290; x_wconf 86' lang='lat' dir='ltr'><strong>Christianum</strong></span> <span class='ocrx_word' id='word_1_647' title='bbox 1505 4234 1734 4303; x_wconf 88' lang='lat' dir='ltr'><strong>feriunt,</strong></span> <span class='ocrx_word' id='word_1_648' title='bbox 1762 4235 1872 4292; x_wconf 91' lang='lat' dir='ltr'><strong>nisi</strong></span> <span class='ocrx_word' id='word_1_649' title='bbox 1902 4236 1973 4292; x_wconf 91' lang='lat' dir='ltr'><strong>ab</strong></span> <span class='ocrx_word' id='word_1_650' title='bbox 2000 4254 2124 4293; x_wconf 90' lang='lat' dir='ltr'><strong>om-</strong></span> <span class='ocrx_word' id='word_1_651' title='bbox 2141 4245 2258 4310; x_wconf 90' lang='lat' dir='ltr'><strong>Dv,</strong></span> <span class='ocrx_word' id='word_1_652' title='bbox 2295 4243 2348 4311; x_wconf 81' lang='lat'><strong>5)</strong></span> <span class='ocrx_word' id='word_1_653' title='bbox 2407 4262 2431 4295; x_wconf 78' lang='grc' dir='ltr'><strong><em>ι</em></strong></span> <span class='ocrx_word' id='word_1_654' title='bbox 2464 4244 2600 4308; x_wconf 84' lang='lat' dir='ltr'><strong>Quae</strong></span> <span class='ocrx_word' id='word_1_655' title='bbox 2626 4243 2741 4300; x_wconf 90' lang='lat' dir='ltr'><strong>tria</strong></span> <span class='ocrx_word' id='word_1_656' title='bbox 2781 4248 2849 4300; x_wconf 92' lang='lat' dir='ltr'><strong>ut</strong></span> <span class='ocrx_word' id='word_1_657' title='bbox 2895 4259 2932 4299; x_wconf 93' lang='lat' dir='ltr'><strong>a</strong></span> <span class='ocrx_word' id='word_1_658' title='bbox 2965 4242 3127 4299; x_wconf 90' lang='lat' dir='ltr'><strong>nobis</strong></span> <span class='ocrx_word' id='word_1_659' title='bbox 3149 4243 3275 4316; x_wconf 85' lang='lat' dir='ltr'><strong>pari</strong></span> <span class='ocrx_word' id='word_1_660' title='bbox 3302 4241 3677 4298; x_wconf 85' lang='lat' dir='ltr'><strong>observatione</strong></span> <span class='ocrx_word' id='word_1_661' title='bbox 3697 4249 3769 4291; x_wconf 74' lang='lat' dir='ltr'><strong>cs-</strong></span> 
     </span>
    </p>
   </div>
   <div class='ocr_carea' id='block_1_76' title="bbox 530 4319 2125 4398">
    <p class='ocr_par' dir='ltr' id='par_1_76' title="bbox 530 4319 2125 4398">
     <span class='ocr_line' id='line_1_78' title="bbox 530 4319 2125 4398; baseline 0.004 -22"><span class='ocrx_word' id='word_1_662' title='bbox 530 4321 697 4377; x_wconf 90' lang='lat' dir='ltr'><strong>nibus</strong></span> <span class='ocrx_word' id='word_1_663' title='bbox 707 4319 832 4377; x_wconf 91' lang='lat' dir='ltr'><strong>istis</strong></span> <span class='ocrx_word' id='word_1_664' title='bbox 852 4321 976 4394; x_wconf 89' lang='lat' dir='ltr'><strong>pari</strong></span> <span class='ocrx_word' id='word_1_665' title='bbox 990 4320 1176 4377; x_wconf 89' lang='lat' dir='ltr'><strong>studio</strong></span> <span class='ocrx_word' id='word_1_666' title='bbox 1196 4327 1366 4394; x_wconf 90' lang='lat' dir='ltr'><strong>atque</strong></span> <span class='ocrx_word' id='word_1_667' title='bbox 1386 4322 1742 4381; x_wconf 86' lang='lat' dir='ltr'><strong>observantia</strong></span> <span class='ocrx_word' id='word_1_668' title='bbox 1758 4326 2125 4398; x_wconf 89' lang='lat' dir='ltr'><strong>semetipsum</strong></span> 
     </span>
    </p>
   </div>
   <div class='ocr_carea' id='block_1_77' title="bbox 530 4409 2124 4484">
    <p class='ocr_par' dir='ltr' id='par_1_77' title="bbox 530 4409 2124 4484">
     <span class='ocr_line' id='line_1_79' title="bbox 530 4409 2124 4484; baseline 0.005 -20"><span class='ocrx_word' id='word_1_669' title='bbox 530 4410 789 4481; x_wconf 80' lang='lat' dir='ltr'><strong>expedire</strong></span> <span class='ocrx_word' id='word_1_670' title='bbox 805 4409 1173 4466; x_wconf 89' lang='lat' dir='ltr'><strong>contenderit.</strong></span> <span class='ocrx_word' id='word_1_671' title='bbox 1188 4411 1334 4467; x_wconf 90' lang='lat' dir='ltr'><strong>Nam</strong></span> <span class='ocrx_word' id='word_1_672' title='bbox 1356 4413 1833 4484; x_wconf 88' lang='lat' dir='ltr'><strong>quemadmodum</strong></span> <span class='ocrx_word' id='word_1_673' title='bbox 1845 4415 2124 4472; x_wconf 90' lang='lat' dir='ltr'><strong>absolutio</strong></span> 
     </span>
    </p>
   </div>
   <div class='ocr_carea' id='block_1_78' title="bbox 525 4498 2124 4576">
    <p class='ocr_par' dir='ltr' id='par_1_78' title="bbox 525 4498 2124 4576">
     <span class='ocr_line' id='line_1_80' title="bbox 525 4498 2124 4576; baseline 0.005 -23"><span class='ocrx_word' id='word_1_674' title='bbox 525 4498 727 4569; x_wconf 87' lang='lat' dir='ltr'><strong>jejunii</strong></span> <span class='ocrx_word' id='word_1_675' title='bbox 757 4504 889 4554; x_wconf 85' lang='lat' dir='ltr'><strong>ante</strong></span> <span class='ocrx_word' id='word_1_676' title='bbox 917 4499 1114 4554; x_wconf 90' lang='lat' dir='ltr'><strong>horam</strong></span> <span class='ocrx_word' id='word_1_677' title='bbox 1136 4501 1463 4556; x_wconf 88' lang='lat' dir='ltr'><strong>canonicam</strong></span> <span class='ocrx_word' id='word_1_678' title='bbox 1490 4503 1915 4576; x_wconf 79' lang='lat' dir='ltr'><strong>legitimumque</strong></span> <span class='ocrx_word' id='word_1_679' title='bbox 1937 4505 2124 4561; x_wconf 81' lang='lat' dir='ltr'><strong>nulla-</strong></span> 
     </span>
    </p>
   </div>
   <div class='ocr_carea' id='block_1_79' title="bbox 530 4588 2126 4665">
    <p class='ocr_par' dir='ltr' id='par_1_79' title="bbox 530 4588 2126 4665">
     <span class='ocr_line' id='line_1_81' title="bbox 530 4588 2126 4665; baseline 0.005 -24"><span class='ocrx_word' id='word_1_680' title='bbox 530 4593 696 4643; x_wconf 89' lang='lat' dir='ltr'><strong>tenus</strong></span> <span class='ocrx_word' id='word_1_681' title='bbox 721 4588 1111 4660; x_wconf 69' lang='lat' dir='ltr'><strong>prxesumenda</strong></span> <span class='ocrx_word' id='word_1_682' title='bbox 1136 4595 1242 4657; x_wconf 89' lang='lat' dir='ltr'><strong>est,</strong></span> <span class='ocrx_word' id='word_1_683' title='bbox 1285 4589 1367 4646; x_wconf 87' lang='lat' dir='ltr'><strong>ita</strong></span> <span class='ocrx_word' id='word_1_684' title='bbox 1407 4595 1467 4646; x_wconf 91' lang='lat' dir='ltr'><strong>et</strong></span> <span class='ocrx_word' id='word_1_685' title='bbox 1512 4593 1722 4648; x_wconf 84' lang='lat' dir='ltr'><strong>ventris</strong></span> <span class='ocrx_word' id='word_1_686' title='bbox 1760 4593 2033 4665; x_wconf 88' lang='lat' dir='ltr'><strong>ingluvies</strong></span> <span class='ocrx_word' id='word_1_687' title='bbox 2066 4600 2126 4652; x_wconf 87' lang='lat' dir='ltr'><strong>et</strong></span> 
     </span>
    </p>
   </div>
   <div class='ocr_carea' id='block_1_80' title="bbox 531 4680 2126 4756">
    <p class='ocr_par' dir='ltr' id='par_1_80' title="bbox 531 4680 2126 4756">
     <span class='ocr_line' id='line_1_82' title="bbox 531 4680 2126 4756; baseline 0.005 -25"><span class='ocrx_word' id='word_1_688' title='bbox 531 4690 786 4732; x_wconf 88' lang='lat' dir='ltr'><strong>escarum</strong></span> <span class='ocrx_word' id='word_1_689' title='bbox 805 4682 1136 4748; x_wconf 89' lang='lat' dir='ltr'><strong>sumptuosa</strong></span> <span class='ocrx_word' id='word_1_690' title='bbox 1150 4684 1322 4752; x_wconf 89' lang='lat' dir='ltr'><strong>atque</strong></span> <span class='ocrx_word' id='word_1_691' title='bbox 1332 4680 1610 4753; x_wconf 85' lang='lat' dir='ltr'><strong>exquisita</strong></span> <span class='ocrx_word' id='word_1_692' title='bbox 1619 4683 1953 4756; x_wconf 76' lang='lat' dir='ltr'><strong>praeparatio</strong></span> <span class='ocrx_word' id='word_1_693' title='bbox 1972 4683 2126 4739; x_wconf 90' lang='lat' dir='ltr'><strong>simi-</strong></span> 
     </span>
    </p>
   </div>
   <div class='ocr_carea' id='block_1_81' title="bbox 527 4765 2124 4838">
    <p class='ocr_par' dir='ltr' id='par_1_81' title="bbox 527 4765 2124 4838">
     <span class='ocr_line' id='line_1_83' title="bbox 527 4765 2124 4838; baseline 0.006 -18"><span class='ocrx_word' id='word_1_694' title='bbox 527 4765 661 4821; x_wconf 91' lang='lat' dir='ltr'><strong>liter</strong></span> <span class='ocrx_word' id='word_1_695' title='bbox 687 4766 1052 4838; x_wconf 87' lang='lat' dir='ltr'><strong>amputanda,</strong></span> <span class='ocrx_word' id='word_1_696' title='bbox 1082 4784 1148 4824; x_wconf 79' lang='lat' dir='ltr'><strong>ex</strong></span> <span class='ocrx_word' id='word_1_697' title='bbox 1176 4767 1265 4823; x_wconf 90' lang='lat' dir='ltr'><strong>his</strong></span> <span class='ocrx_word' id='word_1_698' title='bbox 1291 4767 1444 4824; x_wconf 86' lang='lat' dir='ltr'><strong>enim</strong></span> <span class='ocrx_word' id='word_1_699' title='bbox 1468 4769 1650 4827; x_wconf 90' lang='lat' dir='ltr'><strong>tribus</strong></span> <span class='ocrx_word' id='word_1_700' title='bbox 1678 4771 1861 4827; x_wconf 89' lang='lat' dir='ltr'><strong>causis</strong></span> <span class='ocrx_word' id='word_1_701' title='bbox 1891 4772 2124 4830; x_wconf 70' lang='lat' dir='ltr'><strong>diversae</strong></span> 
     </span>
    </p>
   </div>
   <div class='ocr_carea' id='block_1_82' title="bbox 528 4854 2123 4932">
    <p class='ocr_par' dir='ltr' id='par_1_82' title="bbox 528 4854 2123 4932">
     <span class='ocr_line' id='line_1_84' title="bbox 528 4854 2123 4932; baseline 0.006 -21"><span class='ocrx_word' id='word_1_702' title='bbox 528 4872 595 4911; x_wconf 90' lang='lat' dir='ltr'><strong>ac</strong></span> <span class='ocrx_word' id='word_1_703' title='bbox 621 4854 877 4928; x_wconf 81' lang='lat' dir='ltr'><strong>pessimae</strong></span> <span class='ocrx_word' id='word_1_704' title='bbox 911 4855 1256 4914; x_wconf 89' lang='lat' dir='ltr'><strong>valetudines</strong></span> <span class='ocrx_word' id='word_1_705' title='bbox 1302 4858 1508 4915; x_wconf 71' lang='lat' dir='ltr'><strong>animae</strong></span> <span class='ocrx_word' id='word_1_706' title='bbox 1547 4866 1917 4932; x_wconf 89' lang='lat' dir='ltr'><strong>procreantur</strong></span> <span class='ocrx_word' id='word_1_707' title='bbox 1944 4880 1961 4918; x_wconf 87' lang='lat'><strong>:</strong></span> <span class='ocrx_word' id='word_1_708' title='bbox 1990 4879 2123 4920; x_wconf 88' lang='lat' dir='ltr'><strong>nam</strong></span> 
     </span>
    </p>
   </div>
   <div class='ocr_carea' id='block_1_83' title="bbox 527 4944 2125 5028">
    <p class='ocr_par' dir='ltr' id='par_1_83' title="bbox 527 4944 2125 5028">
     <span class='ocr_line' id='line_1_85' title="bbox 527 4944 2125 5028; baseline 0.005 -27"><span class='ocrx_word' id='word_1_709' title='bbox 527 4945 600 5002; x_wconf 89' lang='lat' dir='ltr'><strong>de</strong></span> <span class='ocrx_word' id='word_1_710' title='bbox 621 4945 824 5028; x_wconf 73' lang='lat' dir='ltr'><strong>prima,</strong></span> <span class='ocrx_word' id='word_1_711' title='bbox 857 4944 1307 5017; x_wconf 84' lang='lat' dir='ltr'><strong>congregationis</strong></span> <span class='ocrx_word' id='word_1_712' title='bbox 1333 4946 1527 5003; x_wconf 90' lang='lat' dir='ltr'><strong>odium</strong></span> <span class='ocrx_word' id='word_1_713' title='bbox 1553 4948 1827 5021; x_wconf 90' lang='lat' dir='ltr'><strong>gignitur,</strong></span> <span class='ocrx_word' id='word_1_714' title='bbox 1853 4957 2024 5025; x_wconf 90' lang='lat' dir='ltr'><strong>atque</strong></span> <span class='ocrx_word' id='word_1_715' title='bbox 2035 4969 2125 5009; x_wconf 83' lang='lat' dir='ltr'><strong>ex-</strong></span> 
     </span>
    </p>
   </div>
   <div class='ocr_carea' id='block_1_84' title="bbox 528 5034 2122 5109">
    <p class='ocr_par' dir='ltr' id='par_1_84' title="bbox 528 5034 2122 5109">
     <span class='ocr_line' id='line_1_86' title="bbox 528 5034 2122 5109; baseline 0.006 -20"><span class='ocrx_word' id='word_1_716' title='bbox 528 5034 660 5090; x_wconf 90' lang='lat' dir='ltr'><strong>inde</strong></span> <span class='ocrx_word' id='word_1_717' title='bbox 685 5034 887 5091; x_wconf 90' lang='lat' dir='ltr'><strong>horror</strong></span> <span class='ocrx_word' id='word_1_718' title='bbox 909 5039 967 5090; x_wconf 90' lang='lat' dir='ltr'><strong>et</strong></span> <span class='ocrx_word' id='word_1_719' title='bbox 983 5034 1348 5091; x_wconf 86' lang='lat' dir='ltr'><strong>intolerantia</strong></span> <span class='ocrx_word' id='word_1_720' title='bbox 1364 5035 1619 5109; x_wconf 84' lang='lat' dir='ltr'><strong>ejusdem</strong></span> <span class='ocrx_word' id='word_1_721' title='bbox 1633 5040 1940 5096; x_wconf 90' lang='lat' dir='ltr'><strong>concrescit</strong></span> <span class='ocrx_word' id='word_1_722' title='bbox 1968 5041 2122 5098; x_wconf 56' lang='lat' dir='ltr'><strong>habi.</strong></span> 
     </span>
    </p>
   </div>
   <div class='ocr_carea' id='block_1_85' title="bbox 527 5122 2123 5202">
    <p class='ocr_par' dir='ltr' id='par_1_85' title="bbox 527 5122 2123 5202">
     <span class='ocr_line' id='line_1_87' title="bbox 527 5122 2123 5202; baseline 0.005 -23"><span class='ocrx_word' id='word_1_723' title='bbox 527 5123 720 5191; x_wconf 86' lang='lat' dir='ltr'><strong>taculi,</strong></span> <span class='ocrx_word' id='word_1_724' title='bbox 740 5140 910 5197; x_wconf 89' lang='lat' dir='ltr'><strong>quam</strong></span> <span class='ocrx_word' id='word_1_725' title='bbox 928 5123 1050 5180; x_wconf 90' lang='lat' dir='ltr'><strong>sine</strong></span> <span class='ocrx_word' id='word_1_726' title='bbox 1065 5122 1236 5180; x_wconf 89' lang='lat' dir='ltr'><strong>dubio</strong></span> <span class='ocrx_word' id='word_1_727' title='bbox 1253 5141 1384 5181; x_wconf 83' lang='lat' dir='ltr'><strong>mox</strong></span> <span class='ocrx_word' id='word_1_728' title='bbox 1401 5125 1688 5192; x_wconf 89' lang='lat' dir='ltr'><strong>discessio,</strong></span> <span class='ocrx_word' id='word_1_729' title='bbox 1719 5145 1785 5185; x_wconf 88' lang='lat' dir='ltr'><strong>ac</strong></span> <span class='ocrx_word' id='word_1_730' title='bbox 1815 5129 1953 5202; x_wconf 84' lang='lat' dir='ltr'><strong>fuga</strong></span> <span class='ocrx_word' id='word_1_731' title='bbox 1975 5131 2123 5187; x_wconf 89' lang='lat' dir='ltr'><strong>velo-</strong></span> 
     </span>
    </p>
   </div>
   <div class='ocr_carea' id='block_1_86' title="bbox 527 5211 2122 5289">
    <p class='ocr_par' dir='ltr' id='par_1_86' title="bbox 527 5211 2122 5289">
     <span class='ocr_line' id='line_1_88' title="bbox 527 5211 2122 5289; baseline 0.007 -23"><span class='ocrx_word' id='word_1_732' title='bbox 527 5211 752 5268; x_wconf 85' lang='lat' dir='ltr'><strong>cissima</strong></span> <span class='ocrx_word' id='word_1_733' title='bbox 777 5211 1170 5286; x_wconf 80' lang='lat' dir='ltr'><strong>subsequatur.</strong></span> <span class='ocrx_word' id='word_1_734' title='bbox 1199 5212 1281 5270; x_wconf 90' lang='lat' dir='ltr'><strong>De</strong></span> <span class='ocrx_word' id='word_1_735' title='bbox 1307 5215 1556 5271; x_wconf 90' lang='lat' dir='ltr'><strong>secunda</strong></span> <span class='ocrx_word' id='word_1_736' title='bbox 1581 5216 1747 5289; x_wconf 90' lang='lat' dir='ltr'><strong>igniti</strong></span> <span class='ocrx_word' id='word_1_737' title='bbox 1782 5219 2016 5276; x_wconf 69' lang='lat' dir='ltr'><strong>luxuriae</strong></span> <span class='ocrx_word' id='word_1_738' title='bbox 2053 5236 2122 5277; x_wconf 89' lang='lat' dir='ltr'><strong>ac</strong></span> 
     </span>
    </p>
   </div>
   <div class='ocr_carea' id='block_1_87' title="bbox 527 5298 2123 5366">
    <p class='ocr_par' dir='ltr' id='par_1_87' title="bbox 527 5298 2123 5366">
     <span class='ocr_line' id='line_1_89' title="bbox 527 5298 2123 5366; baseline 0.008 -12"><span class='ocrx_word' id='word_1_739' title='bbox 527 5298 778 5357; x_wconf 88' lang='lat' dir='ltr'><strong>libidinis</strong></span> <span class='ocrx_word' id='word_1_740' title='bbox 804 5301 986 5358; x_wconf 87' lang='lat' dir='ltr'><strong>aculei</strong></span> <span class='ocrx_word' id='word_1_741' title='bbox 1019 5302 1378 5362; x_wconf 88' lang='lat' dir='ltr'><strong>suscitantur.</strong></span> <span class='ocrx_word' id='word_1_742' title='bbox 1399 5303 1593 5360; x_wconf 87' lang='lat' dir='ltr'><strong>Tertia</strong></span> <span class='ocrx_word' id='word_1_743' title='bbox 1616 5305 1791 5362; x_wconf 90' lang='lat' dir='ltr'><strong>etiam</strong></span> <span class='ocrx_word' id='word_1_744' title='bbox 1829 5308 2123 5366; x_wconf 82' lang='lat' dir='ltr'><strong>inextrica-</strong></span> 
     </span>
    </p>
   </div>
   <div class='ocr_carea' id='block_1_88' title="bbox 531 5385 2120 5472">
    <p class='ocr_par' dir='ltr' id='par_1_88' title="bbox 531 5385 2120 5472">
     <span class='ocr_line' id='line_1_90' title="bbox 531 5385 2120 5472; baseline 0.01 -32"><span class='ocrx_word' id='word_1_745' title='bbox 531 5385 670 5442; x_wconf 89' lang='lat' dir='ltr'><strong>biles</strong></span> <span class='ocrx_word' id='word_1_746' title='bbox 701 5389 1057 5464; x_wconf 70' lang='lat' dir='ltr'><strong>philargyrize</strong></span> <span class='ocrx_word' id='word_1_747' title='bbox 1085 5393 1314 5464; x_wconf 89' lang='lat' dir='ltr'><strong>laqueos</strong></span> <span class='ocrx_word' id='word_1_748' title='bbox 1345 5393 1520 5450; x_wconf 87' lang='lat' dir='ltr'><strong>nectit</strong></span> <span class='ocrx_word' id='word_1_749' title='bbox 1538 5394 1845 5453; x_wconf 85' lang='lat' dir='ltr'><strong>cervicibus</strong></span> <span class='ocrx_word' id='word_1_750' title='bbox 1871 5398 2120 5472; x_wconf 87' lang='lat' dir='ltr'><strong>captivo-</strong></span> 
     </span>
    </p>
   </div>
   <div class='ocr_carea' id='block_1_89' title="bbox 530 5479 2120 5558">
    <p class='ocr_par' dir='ltr' id='par_1_89' title="bbox 530 5479 2120 5558">
     <span class='ocr_line' id='line_1_91' title="bbox 530 5479 2120 5558; baseline 0.009 -27"><span class='ocrx_word' id='word_1_751' title='bbox 530 5491 679 5546; x_wconf 88' lang='lat' dir='ltr'><strong>rum,</strong></span> <span class='ocrx_word' id='word_1_752' title='bbox 708 5493 812 5535; x_wconf 89' lang='lat' dir='ltr'><strong>nec</strong></span> <span class='ocrx_word' id='word_1_753' title='bbox 840 5479 1142 5552; x_wconf 82' lang='lat' dir='ltr'><strong>aliquando</strong></span> <span class='ocrx_word' id='word_1_754' title='bbox 1169 5482 1456 5540; x_wconf 90' lang='lat' dir='ltr'><strong>hominem</strong></span> <span class='ocrx_word' id='word_1_755' title='bbox 1481 5483 1622 5541; x_wconf 89' lang='lat' dir='ltr'><strong>sinit</strong></span> <span class='ocrx_word' id='word_1_756' title='bbox 1647 5485 1896 5558; x_wconf 82' lang='lat' dir='ltr'><strong>perfecta</strong></span> <span class='ocrx_word' id='word_1_757' title='bbox 1910 5487 2120 5546; x_wconf 88' lang='lat' dir='ltr'><strong>Christi</strong></span> 
     </span>
    </p>
   </div>
   <div class='ocr_carea' id='block_1_90' title="bbox 2205 4331 3767 4404">
    <p class='ocr_par' dir='ltr' id='par_1_90' title="bbox 2205 4331 3767 4404">
     <span class='ocr_line' id='line_1_92' title="bbox 2205 4331 3767 4404; baseline -0.003 -18"><span class='ocrx_word' id='word_1_758' title='bbox 2205 4337 2444 4388; x_wconf 90' lang='lat' dir='ltr'><strong>veantur</strong></span> <span class='ocrx_word' id='word_1_759' title='bbox 2453 4332 2654 4388; x_wconf 90' lang='lat' dir='ltr'><strong>similis</strong></span> <span class='ocrx_word' id='word_1_760' title='bbox 2669 4350 2774 4389; x_wconf 90' lang='lat' dir='ltr'><strong>nos</strong></span> <span class='ocrx_word' id='word_1_761' title='bbox 2787 4350 2984 4389; x_wconf 87' lang='lat' dir='ltr'><strong>eorum</strong></span> <span class='ocrx_word' id='word_1_762' title='bbox 3002 4349 3037 4387; x_wconf 87' lang='lat' dir='ltr'><strong>a</strong></span> <span class='ocrx_word' id='word_1_763' title='bbox 3063 4349 3240 4404; x_wconf 91' lang='lat' dir='ltr'><strong>regno</strong></span> <span class='ocrx_word' id='word_1_764' title='bbox 3265 4331 3479 4388; x_wconf 86' lang='lat' dir='ltr'><strong>Christi</strong></span> <span class='ocrx_word' id='word_1_765' title='bbox 3498 4337 3656 4402; x_wconf 88' lang='lat' dir='ltr'><strong>atque</strong></span> <span class='ocrx_word' id='word_1_766' title='bbox 3674 4339 3767 4380; x_wconf 80' lang='lat' dir='ltr'><strong>una</strong></span> 
     </span>
    </p>
   </div>
   <div class='ocr_carea' id='block_1_91' title="bbox 2205 4407 3770 4495">
    <p class='ocr_par' dir='ltr' id='par_1_91' title="bbox 2205 4407 3770 4495">
     <span class='ocr_line' id='line_1_93' title="bbox 2205 4407 3770 4495; baseline -0.003 -18"><span class='ocrx_word' id='word_1_767' title='bbox 2205 4421 2455 4477; x_wconf 88' lang='lat' dir='ltr'><strong>deterret</strong></span> <span class='ocrx_word' id='word_1_768' title='bbox 2476 4423 2739 4478; x_wconf 85' lang='lat' dir='ltr'><strong>exclusio.</strong></span> <span class='ocrx_word' id='word_1_769' title='bbox 2770 4422 3134 4495; x_wconf 66' lang='lat' dir='ltr'><strong>Philargyrus</strong></span> <span class='ocrx_word' id='word_1_770' title='bbox 3150 4407 3368 4493; x_wconf 78' lang='lat' dir='ltr'><strong>genera</strong></span> <span class='ocrx_word' id='word_1_771' title='bbox 3380 4426 3514 4476; x_wconf 90' lang='lat' dir='ltr'><strong>sunt</strong></span> <span class='ocrx_word' id='word_1_772' title='bbox 3534 4418 3658 4483; x_wconf 83' lang='lat' dir='ltr'><strong>tria,</strong></span> <span class='ocrx_word' id='word_1_773' title='bbox 3675 4412 3770 4487; x_wconf 80' lang='lat' dir='ltr'><strong>pri-</strong></span> 
     </span>
    </p>
   </div>
   <div class='ocr_carea' id='block_1_92' title="bbox 2204 4502 3768 4583">
    <p class='ocr_par' dir='ltr' id='par_1_92' title="bbox 2204 4502 3768 4583">
     <span class='ocr_line' id='line_1_94' title="bbox 2204 4502 3768 4583; baseline -0.006 -17"><span class='ocrx_word' id='word_1_774' title='bbox 2204 4527 2363 4566; x_wconf 90' lang='lat' dir='ltr'><strong>mum</strong></span> <span class='ocrx_word' id='word_1_775' title='bbox 2420 4511 2570 4583; x_wconf 90' lang='lat' dir='ltr'><strong>quod</strong></span> <span class='ocrx_word' id='word_1_776' title='bbox 2622 4511 3085 4572; x_wconf 87' lang='lat' dir='ltr'><strong>abrenuntiantes</strong></span> <span class='ocrx_word' id='word_1_777' title='bbox 3112 4509 3325 4566; x_wconf 88' lang='lat' dir='ltr'><strong>divitiis</strong></span> <span class='ocrx_word' id='word_1_778' title='bbox 3352 4527 3421 4566; x_wconf 91' lang='lat' dir='ltr'><strong>ac</strong></span> <span class='ocrx_word' id='word_1_779' title='bbox 3445 4502 3768 4564; x_wconf 79' lang='lat' dir='ltr'><strong>facultatibus</strong></span> 
     </span>
    </p>
   </div>
   <div class='ocr_carea' id='block_1_93' title="bbox 2204 4599 3768 4672">
    <p class='ocr_par' dir='ltr' id='par_1_93' title="bbox 2204 4599 3768 4672">
     <span class='ocr_line' id='line_1_95' title="bbox 2204 4599 3768 4672; baseline -0.004 -18"><span class='ocrx_word' id='word_1_780' title='bbox 2204 4599 2323 4655; x_wconf 89' lang='lat' dir='ltr'><strong>suis</strong></span> <span class='ocrx_word' id='word_1_781' title='bbox 2360 4599 2589 4672; x_wconf 90' lang='lat' dir='ltr'><strong>spoliari</strong></span> <span class='ocrx_word' id='word_1_782' title='bbox 2642 4617 2757 4656; x_wconf 91' lang='lat' dir='ltr'><strong>non</strong></span> <span class='ocrx_word' id='word_1_783' title='bbox 2811 4599 2965 4668; x_wconf 89' lang='lat' dir='ltr'><strong>sinit,</strong></span> <span class='ocrx_word' id='word_1_784' title='bbox 3011 4599 3323 4656; x_wconf 90' lang='lat' dir='ltr'><strong>secundum</strong></span> <span class='ocrx_word' id='word_1_785' title='bbox 3353 4599 3503 4672; x_wconf 89' lang='lat' dir='ltr'><strong>quod</strong></span> <span class='ocrx_word' id='word_1_786' title='bbox 3523 4612 3587 4651; x_wconf 88' lang='lat' dir='ltr'><strong>ea</strong></span> <span class='ocrx_word' id='word_1_787' title='bbox 3610 4609 3719 4666; x_wconf 69' lang='lat' dir='ltr'><strong>qua:</strong></span> <span class='ocrx_word' id='word_1_788' title='bbox 3737 4605 3768 4644; x_wconf 67' lang='grc' dir='ltr'>α</span> 
     </span>
    </p>
   </div>
   <div class='ocr_carea' id='block_1_94' title="bbox 2203 4685 3771 4762">
    <p class='ocr_par' dir='ltr' id='par_1_94' title="bbox 2203 4685 3771 4762">
     <span class='ocr_line' id='line_1_96' title="bbox 2203 4685 3771 4762; baseline -0.002 -18"><span class='ocrx_word' id='word_1_789' title='bbox 2203 4687 2364 4744; x_wconf 88' lang='lat' dir='ltr'><strong>nobis</strong></span> <span class='ocrx_word' id='word_1_790' title='bbox 2390 4688 2647 4762; x_wconf 88' lang='lat' dir='ltr'><strong>dispersa</strong></span> <span class='ocrx_word' id='word_1_791' title='bbox 2673 4694 2824 4756; x_wconf 90' lang='lat' dir='ltr'><strong>sunt,</strong></span> <span class='ocrx_word' id='word_1_792' title='bbox 2856 4690 2942 4745; x_wconf 88' lang='lat' dir='ltr'><strong>vel</strong></span> <span class='ocrx_word' id='word_1_793' title='bbox 2967 4688 3352 4761; x_wconf 89' lang='lat' dir='ltr'><strong>indigentibus</strong></span> <span class='ocrx_word' id='word_1_794' title='bbox 3380 4685 3771 4749; x_wconf 48' lang='lat' dir='ltr'><strong>distribuam-</strong></span> 
     </span>
    </p>
   </div>
   <div class='ocr_carea' id='block_1_95' title="bbox 2203 4770 3766 4851">
    <p class='ocr_par' dir='ltr' id='par_1_95' title="bbox 2203 4770 3766 4851">
     <span class='ocr_line' id='line_1_97' title="bbox 2203 4770 3766 4851; baseline -0.004 -19"><span class='ocrx_word' id='word_1_795' title='bbox 2203 4794 2426 4833; x_wconf 90' lang='lat' dir='ltr'><strong>sumere</strong></span> <span class='ocrx_word' id='word_1_796' title='bbox 2473 4795 2577 4837; x_wconf 88' lang='lat' dir='ltr'><strong>nos</strong></span> <span class='ocrx_word' id='word_1_797' title='bbox 2604 4779 2821 4851; x_wconf 90' lang='lat' dir='ltr'><strong>majore</strong></span> <span class='ocrx_word' id='word_1_798' title='bbox 2857 4777 3165 4851; x_wconf 90' lang='lat' dir='ltr'><strong>cupiditate</strong></span> <span class='ocrx_word' id='word_1_799' title='bbox 3211 4776 3535 4850; x_wconf 86' lang='lat' dir='ltr'><strong>persuadet,</strong></span> <span class='ocrx_word' id='word_1_800' title='bbox 3564 4770 3766 4830; x_wconf 82' lang='lat' dir='ltr'><strong>tertium</strong></span> 
     </span>
    </p>
   </div>
   <div class='ocr_carea' id='block_1_96' title="bbox 2205 4858 3768 4941">
    <p class='ocr_par' dir='ltr' id='par_1_96' title="bbox 2205 4858 3768 4941">
     <span class='ocr_line' id='line_1_98' title="bbox 2205 4858 3768 4941; baseline -0.007 -18"><span class='ocrx_word' id='word_1_801' title='bbox 2205 4867 2355 4940; x_wconf 90' lang='lat' dir='ltr'><strong>quod</strong></span> <span class='ocrx_word' id='word_1_802' title='bbox 2382 4884 2452 4924; x_wconf 89' lang='lat' dir='ltr'><strong>ea</strong></span> <span class='ocrx_word' id='word_1_803' title='bbox 2478 4884 2604 4940; x_wconf 77' lang='lat' dir='ltr'><strong>quae</strong></span> <span class='ocrx_word' id='word_1_804' title='bbox 2625 4884 2730 4924; x_wconf 89' lang='lat' dir='ltr'><strong>nec</strong></span> <span class='ocrx_word' id='word_1_805' title='bbox 2756 4872 2929 4924; x_wconf 87' lang='lat' dir='ltr'><strong>antea</strong></span> <span class='ocrx_word' id='word_1_806' title='bbox 2952 4867 3180 4941; x_wconf 89' lang='lat' dir='ltr'><strong>quidem</strong></span> <span class='ocrx_word' id='word_1_807' title='bbox 3207 4867 3561 4940; x_wconf 87' lang='lat' dir='ltr'><strong>possedimus</strong></span> <span class='ocrx_word' id='word_1_808' title='bbox 3579 4858 3768 4918; x_wconf 86' lang='lat' dir='ltr'><strong>deside-</strong></span> 
     </span>
    </p>
   </div>
   <div class='ocr_carea' id='block_1_97' title="bbox 2202 4955 3764 5030">
    <p class='ocr_par' dir='ltr' id='par_1_97' title="bbox 2202 4955 3764 5030">
     <span class='ocr_line' id='line_1_99' title="bbox 2202 4955 3764 5030; baseline -0.004 -20"><span class='ocrx_word' id='word_1_809' title='bbox 2202 4955 2321 5011; x_wconf 91' lang='lat' dir='ltr'><strong>rari</strong></span> <span class='ocrx_word' id='word_1_810' title='bbox 2375 4956 2702 5029; x_wconf 74' lang='lat' dir='ltr'><strong>adquiarive</strong></span> <span class='ocrx_word' id='word_1_811' title='bbox 2747 4957 3076 5030; x_wconf 89' lang='lat' dir='ltr'><strong>[acquirive]</strong></span> <span class='ocrx_word' id='word_1_812' title='bbox 3117 4955 3425 5028; x_wconf 88' lang='lat' dir='ltr'><strong>compellit.</strong></span> <span class='ocrx_word' id='word_1_813' title='bbox 3455 4955 3558 5011; x_wconf 64' lang='lat' dir='ltr'><strong>Irae</strong></span> <span class='ocrx_word' id='word_1_814' title='bbox 3581 4960 3764 5023; x_wconf 80' lang='lat' dir='ltr'><strong>genera</strong></span> 
     </span>
    </p>
   </div>
   <div class='ocr_carea' id='block_1_98' title="bbox 2201 5033 3764 5127">
    <p class='ocr_par' dir='ltr' id='par_1_98' title="bbox 2201 5033 3764 5127">
     <span class='ocr_line' id='line_1_100' title="bbox 2201 5033 3764 5127; baseline 0 -28"><span class='ocrx_word' id='word_1_815' title='bbox 2201 5048 2336 5100; x_wconf 87' lang='lat' dir='ltr'><strong>sunt</strong></span> <span class='ocrx_word' id='word_1_816' title='bbox 2357 5045 2490 5114; x_wconf 91' lang='lat' dir='ltr'><strong>tria,</strong></span> <span class='ocrx_word' id='word_1_817' title='bbox 2541 5062 2720 5103; x_wconf 90' lang='lat' dir='ltr'><strong>unum</strong></span> <span class='ocrx_word' id='word_1_818' title='bbox 2750 5046 2900 5118; x_wconf 90' lang='lat' dir='ltr'><strong>quod</strong></span> <span class='ocrx_word' id='word_1_819' title='bbox 2925 5045 3234 5127; x_wconf 79' lang='lat' dir='ltr'><strong>exardescit</strong></span> <span class='ocrx_word' id='word_1_820' title='bbox 3256 5045 3610 5106; x_wconf 85' lang='lat' dir='ltr'><strong>intrinsecus,</strong></span> <span class='ocrx_word' id='word_1_821' title='bbox 3639 5033 3764 5112; x_wconf 68' lang='lat' dir='ltr'><strong>quod</strong></span> 
     </span>
    </p>
   </div>
   <div class='ocr_carea' id='block_1_99' title="bbox 2202 5133 3762 5212">
    <p class='ocr_par' dir='ltr' id='par_1_99' title="bbox 2202 5133 3762 5212">
     <span class='ocr_line' id='line_1_101' title="bbox 2202 5133 3762 5212; baseline -0.008 -20"><span class='ocrx_word' id='word_1_822' title='bbox 2202 5134 2393 5191; x_wconf 66' lang='lat' dir='ltr'><strong>Graece</strong></span> <span class='ocrx_word' id='word_1_823' title='bbox 2420 5135 2583 5212; x_wconf 74' lang='grc' dir='ltr'><strong>θυμὸς</strong></span> <span class='ocrx_word' id='word_1_824' title='bbox 2608 5135 2834 5203; x_wconf 89' lang='lat' dir='ltr'><strong>dicitur,</strong></span> <span class='ocrx_word' id='word_1_825' title='bbox 2861 5134 3014 5192; x_wconf 87' lang='lat' dir='ltr'><strong>aliud</strong></span> <span class='ocrx_word' id='word_1_826' title='bbox 3042 5135 3193 5207; x_wconf 88' lang='lat' dir='ltr'><strong>quod</strong></span> <span class='ocrx_word' id='word_1_827' title='bbox 3218 5135 3277 5189; x_wconf 91' lang='lat' dir='ltr'><strong>in</strong></span> <span class='ocrx_word' id='word_1_828' title='bbox 3296 5133 3531 5189; x_wconf 88' lang='lat' dir='ltr'><strong>verbum</strong></span> <span class='ocrx_word' id='word_1_829' title='bbox 3563 5135 3621 5185; x_wconf 88' lang='lat' dir='ltr'><strong>et</strong></span> <span class='ocrx_word' id='word_1_830' title='bbox 3644 5140 3762 5199; x_wconf 79' lang='lat' dir='ltr'><strong>opus</strong></span> 
     </span>
    </p>
   </div>
   <div class='ocr_carea' id='block_1_100' title="bbox 2201 5213 3761 5303">
    <p class='ocr_par' dir='ltr' id='par_1_100' title="bbox 2201 5213 3761 5303">
     <span class='ocr_line' id='line_1_102' title="bbox 2201 5213 3761 5303; baseline -0.003 -24"><span class='ocrx_word' id='word_1_831' title='bbox 2201 5223 2574 5297; x_wconf 79' lang='lat' dir='ltr'><strong>effectumque</strong></span> <span class='ocrx_word' id='word_1_832' title='bbox 2618 5224 2937 5297; x_wconf 88' lang='lat' dir='ltr'><strong>prorumpit</strong></span> <span class='ocrx_word' id='word_1_833' title='bbox 2972 5224 3123 5297; x_wconf 90' lang='lat' dir='ltr'><strong>quod</strong></span> <span class='ocrx_word' id='word_1_834' title='bbox 3148 5223 3278 5303; x_wconf 81' lang='grc' dir='ltr'><strong>ὀρνή</strong></span> <span class='ocrx_word' id='word_1_835' title='bbox 3308 5226 3676 5294; x_wconf 83' lang='lat' dir='ltr'><strong>nuncupatur,</strong></span> <span class='ocrx_word' id='word_1_836' title='bbox 3703 5213 3761 5268; x_wconf 74' lang='lat' dir='ltr'><strong>de</strong></span> 
     </span>
    </p>
   </div>
   <div class='ocr_carea' id='block_1_101' title="bbox 2202 5303 3757 5386">
    <p class='ocr_par' dir='ltr' id='par_1_101' title="bbox 2202 5303 3757 5386">
     <span class='ocr_line' id='line_1_103' title="bbox 2202 5303 3757 5386; baseline -0.006 -17"><span class='ocrx_word' id='word_1_837' title='bbox 2202 5311 2405 5384; x_wconf 88' lang='lat' dir='ltr'><strong>quibus</strong></span> <span class='ocrx_word' id='word_1_838' title='bbox 2433 5313 2799 5386; x_wconf 85' lang='lat' dir='ltr'><strong>etApostolus</strong></span> <span class='ocrx_word' id='word_1_839' title='bbox 2817 5331 2867 5367; x_wconf 71' lang='grc' dir='ltr'><strong>ια</strong></span> <span class='ocrx_word' id='word_1_840' title='bbox 2897 5313 3062 5370; x_wconf 89' lang='lat' dir='ltr'><strong>Nunc</strong></span> <span class='ocrx_word' id='word_1_841' title='bbox 3076 5318 3267 5368; x_wconf 88' lang='lat' dir='ltr'><strong>autem</strong></span> <span class='ocrx_word' id='word_1_842' title='bbox 3282 5310 3566 5383; x_wconf 87' lang='lat' dir='ltr'><strong>deponite,</strong></span> <span class='ocrx_word' id='word_1_843' title='bbox 3577 5303 3757 5378; x_wconf 69' lang='lat' dir='ltr'><strong>inqu</strong></span> 
     </span>
    </p>
   </div>
   <div class='ocr_carea' id='block_1_102' title="bbox 2201 5393 3758 5474">
    <p class='ocr_par' dir='ltr' id='par_1_102' title="bbox 2201 5393 3758 5474">
     <span class='ocr_line' id='line_1_104' title="bbox 2201 5393 3758 5474; baseline -0.004 -18"><span class='ocrx_word' id='word_1_844' title='bbox 2201 5406 2260 5458; x_wconf 91' lang='lat' dir='ltr'><strong>et</strong></span> <span class='ocrx_word' id='word_1_845' title='bbox 2271 5419 2367 5457; x_wconf 90' lang='lat' dir='ltr'><strong>vos</strong></span> <span class='ocrx_word' id='word_1_846' title='bbox 2396 5418 2622 5458; x_wconf 90' lang='lat' dir='ltr'><strong>omnem</strong></span> <span class='ocrx_word' id='word_1_847' title='bbox 2655 5401 3269 5474; x_wconf 86' lang='lat' dir='ltr'><strong>iram,indignationem</strong></span> <span class='ocrx_word' id='word_1_848' title='bbox 3304 5401 3499 5468; x_wconf 63' lang='lat' dir='ltr'><strong>(Colax.</strong></span> <span class='ocrx_word' id='word_1_849' title='bbox 3526 5412 3599 5463; x_wconf 83' lang='grc' dir='ltr'><strong>ιιι,</strong></span> <span class='ocrx_word' id='word_1_850' title='bbox 3628 5393 3704 5459; x_wconf 82' lang='lat'><strong>8).</strong></span> <span class='ocrx_word' id='word_1_851' title='bbox 3732 5407 3758 5445; x_wconf 71' lang='grc' dir='ltr'><strong>ιι</strong></span> 
     </span>
    </p>
   </div>
   <div class='ocr_carea' id='block_1_103' title="bbox 2199 5480 3757 5564">
    <p class='ocr_par' dir='ltr' id='par_1_103' title="bbox 2199 5480 3757 5564">
     <span class='ocr_line' id='line_1_105' title="bbox 2199 5480 3757 5564; baseline -0.006 -17"><span class='ocrx_word' id='word_1_852' title='bbox 2199 5490 2454 5548; x_wconf 88' lang='lat' dir='ltr'><strong>Tertium</strong></span> <span class='ocrx_word' id='word_1_853' title='bbox 2481 5491 2635 5564; x_wconf 85' lang='lat' dir='ltr'><strong>quod</strong></span> <span class='ocrx_word' id='word_1_854' title='bbox 2647 5508 2761 5548; x_wconf 90' lang='lat' dir='ltr'><strong>non</strong></span> <span class='ocrx_word' id='word_1_855' title='bbox 2769 5497 2836 5550; x_wconf 90' lang='lat' dir='ltr'><strong>ut</strong></span> <span class='ocrx_word' id='word_1_856' title='bbox 2852 5491 2950 5548; x_wconf 91' lang='lat' dir='ltr'><strong>illa</strong></span> <span class='ocrx_word' id='word_1_857' title='bbox 2965 5492 3236 5548; x_wconf 80' lang='lat' dir='ltr'><strong>effervens</strong></span> <span class='ocrx_word' id='word_1_858' title='bbox 3260 5489 3331 5546; x_wconf 87' lang='lat' dir='ltr'><strong>ad</strong></span> <span class='ocrx_word' id='word_1_859' title='bbox 3356 5489 3553 5545; x_wconf 83' lang='lat' dir='ltr'><strong>horam</strong></span> 
     </span>
    </p>
   </div>
  </div>
