4018 6168
319 207 457 266 1385
665 215 672 222 ’
1256 210 1352 266 DE
1387 209 1606 266 VITIIS
1643 211 1732 266 ET
1769 210 1918 265 VIR']

2001 210 2222 266 TIBUS.
2257 243 2322 252 —
2359 213 2496 268 LIB.
2529 215 2630 271 III.
3037 217 3045 226 ’
3451 217 3590 277 1386

313 339 428 399 tur,
461 333 560 388 sed
586 350 690 406 per
707 333 826 388 dies
854 339 912 388 et
935 339 1192 406 tempora
1219 340 1557 396 reservatur,
1578 352 1700 406 qua:
1720 352 1902 390 ILHNIC
1923 337 1971 395 A
1993 341 2360 406 prosternunt
2390 357 2402 392 :
2436 338 2516 393 ita
2545 344 2603 394 et
2636 340 2784 396 vitiis
2813 357 3034 412 semper
3061 339 3470 398 robustioribus
3492 360 3590 399 su-

315 421 537 476 dicitur.
569 422 703 486 Quae
742 423 932 476 omnia
971 423 1172 494 aequali
1211 426 1344 478 sunt
1389 441 1423 478 a
1450 422 1610 478 nobis
1668 425 1901 478 horrore
1983 425 2194 495 paratis
2216 431 2386 497 atque
2410 427 2816 484 inﬁrmioribus
2832 429 3279 499 succedentibus,
3299 431 3593 502 parabitur

315 511 654 566 damnanda.
688 511 952 568 Tristitia;
971 529 1181 582 genera
1209 517 1342 567 sunt
1367 513 1478 567 duo
1502 532 1514 566 :
1548 529 1724 568 unum
1753 514 1903 584 quod
1986 512 2144 566 nobis
2187 513 2399 586 absque
2421 517 2536 570 ullo
2563 517 2888 573 discrimine
2911 519 3157 590 perfecta
3187 519 3438 574 victoria.
3475 521 3592 575 Nec

316 601 400 654 vel
429 600 721 654 iracundia
747 601 1038 657 desinente
1069 603 1153 656 vel
1182 603 1251 657 de
1283 603 1439 657 illato
1458 603 1664 680 damno
1685 619 1750 656 ac
1763 603 1905 658 desi-

315 689 472 743 derio
501 690 807 760 praepedito
833 697 1161 763 cassatoque
1195 698 1534 762 generatur;
1569 692 1721 746 aliud
1761 693 1910 764 quod

313 778 382 831 de
411 777 784 833 irrationabili
821 781 1026 834 mentis
1062 781 1359 845 anxietate,
1393 799 1492 836 seu
1519 781 1908 853 desperatione

311 865 622 944 descendit.
658 869 876 924 Acediaa
893 887 1104 939 genera
1133 876 1267 925 sunt
1281 871 1390 924 duo
1429 890 1440 924 :
1476 888 1648 926 unum
1671 872 1820 942 quod
1838 871 1910 942 ad

315 971 576 1010 somnum
618 957 931 1028 praecipitat
969 965 1293 1026 aestuantes,
1327 960 1481 1014 aliud
1525 960 1675 1030 quod
1713 961 1908 1016 cellam

315 1043 572 1100 deserere
602 1063 666 1100 ac
690 1046 884 1117 fugere
912 1049 1256 1104 cohortatur.
1275 1049 1753 1104 Coenodoxialicct
1765 1051 1911 1104 mul-

312 1133 554 1189 tiformis
573 1152 639 1189 ac
669 1137 964 1208 multiplex
993 1137 1085 1204 sit,
1119 1145 1176 1192 et
1203 1139 1260 1192 in
1296 1139 1544 1192 diversas
1589 1137 1802 1208 species
1823 1139 1912 1194 di-

312 1221 553 1289 vidatur,
583 1241 794 1295 genera
820 1231 1014 1280 tamen
1041 1227 1164 1297 ejus
1193 1233 1328 1280 sunt
1356 1227 1467 1280 duo
1493 1244 1505 1279 :
1533 1225 1780 1296 primum
1801 1243 1911 1299 quo

313 1328 417 1383 pro
445 1313 763 1369 carnalibus
788 1314 955 1370 rebus
992 1332 1056 1370 ac
1091 1316 1404 1370 manifestis
1435 1315 1773 1370 extollimur.
1809 1316 1912 1370 Se-

312 1402 562 1457 cundum
592 1420 703 1475 quo
726 1421 827 1475 pro
875 1405 1264 1476 spiritualibus
1291 1411 1348 1460 et
1377 1404 1608 1460 occultis
1634 1405 1910 1460 desiderio

311 1507 468 1545 vana;
489 1491 672 1546 laudis
697 1492 985 1548 inﬂamur.

389 1589 522 1644 ΟΜ).
555 1591 912 1647 LXIV—De
955 1594 1118 1646 varia
1153 1595 1557 1661 oppugnatione
1587 1597 1841 1648 omnimn

959 1666 1248 1716 vitiorum.

383 1757 581 1829 (Casa)
603 1762 732 1816 Haec
761 1766 886 1815 octo
907 1760 1045 1814 vitia
1064 1777 1191 1816 cum
1219 1777 1384 1815 omne
1413 1759 1704 1817 hominum
1731 1779 1910 1834 genus

311 1847 555 1916 pulsent,
572 1866 682 1904 non
709 1856 903 1904 tamen
932 1867 1044 1905 uno
1072 1851 1238 1904 modo
1257 1852 1539 1922 impetunt
1557 1858 1819 1907 cunctos:
1849 1854 1909 1906 in

316 1935 430 1989 alio
478 1953 720 2010 namque
775 1939 1007 2011 spiritus
1051 1940 1437 1994 fornicationis
1466 1943 1649 1996 locum
1693 1941 1911 1996 obtinet

312 2025 703 2098 principalem,
731 2029 788 2082 in
815 2029 926 2083 alio
956 2029 1344 2102 superequitat
1371 2030 1544 2098 furor,
1579 2031 1637 2086 in
1665 2032 1776 2086 alio
1804 2048 1910 2086 caa-

313 2115 559 2170 nodoxia
570 2117 816 2172 vindicat
833 2119 1212 2190 tyrannidem,
1229 2119 1290 2173 in
1309 2119 1418 2174 alio
1435 2135 1622 2174 arcem
1645 2121 1910 2192 superbia

311 2207 492 2272 tenet,
510 2211 568 2260 et
596 2223 722 2261 cum
751 2213 971 2263 constet
999 2225 1192 2263 omnes
1203 2208 1273 2262 ab
1293 2209 1905 2282 omnibusimpugnari,

313 2291 536 2349 diverso
563 2300 757 2351 tamen
785 2297 952 2352 modo
975 2303 1032 2352 et
1059 2297 1254 2352 ordine
1302 2297 1510 2368 singuli
1557 2299 1902 2354 laboramus.

315 2390 450 2444 CAP.
490 2393 651 2447 LXV.
682 2425 746 2435 -
770 2397 838 2449 De
878 2397 1218 2449 instituendo
1249 2397 1512 2450 adversus
1559 2399 1697 2450 cilia
1742 2403 1913 2451 certa-

494 2468 646 2520 mine
663 2468 966 2521 secundum
997 2469 1245 2535 ipsarum
1275 2469 1709 2534 infestationem.

394 2559 629 2632 (Serap.)
653 2562 1031 2628 Quamobrem
1061 2562 1140 2616 ita
1170 2561 1332 2616 nobis
1357 2563 1622 2618 adversus
1641 2564 1757 2628 haec
1778 2565 1914 2618 arri-

317 2649 524 2720 pienda
542 2659 674 2706 sunt
691 2653 902 2724 praelia,
921 2658 988 2706 ut
1015 2651 1401 2722 unusquisque
1418 2652 1617 2706 vitium
1651 2670 1760 2724 quo
1790 2670 1913 2708 ma-

318 2737 492 2792 xime'
525 2740 822 2796 infestatur
861 2742 1176 2813 explorans,
1203 2741 1470 2795 adversus
1513 2741 1652 2796 illud
1680 2742 1916 2814 arripiat

317 2827 630 2899 principale
659 2837 966 2898 certamen,
999 2847 1225 2884 omnem
1264 2846 1458 2884 curam
1487 2831 1691 2885 mentis
1716 2849 1782 2886 ac
1809 2832 1916 2886 sol-

315 2912 668 2974 licitudinem
695 2937 829 2991 erga
857 2921 1008 2976 illius
1037 2919 1521 2991 impugnationem
1569 2919 1913 2975 observatio-

317 3019 562 3076 nemque
591 3009 858 3079 deﬁgens,
882 3009 1148 3064 adversus
1171 3009 1308 3063 illud
1330 3008 1659 3080 quotidiana
1671 3009 1914 3080 jejunio-
1931 3006 1982 3069 C

321 3106 451 3146 rum
483 3095 729 3168 dirigens
743 3097 975 3169 spicula.
999 3103 1196 3152 contra
1219 3097 1360 3152 illud
1385 3098 1598 3152 cunctis
1615 3098 1914 3152 momentis
1985 3158 1994 3170 η

321 3184 509 3238 cordis
523 3187 764 3257 suspiria
777 3186 1082 3257 crebraque
1090 3187 1407 3256 gemituum
1419 3188 1531 3242 tela
1541 3193 1915 3258 contorquens

321 3280 591 3334 adversus
627 3275 764 3329 illud
821 3275 1141 3346 vigiliarum
1183 3275 1403 3330 labores
1432 3293 1498 3330 ac
1527 3275 1917 3330 meditationes

316 3369 410 3425 sui
440 3365 621 3422 cordis
649 3364 997 3437 impendens,
1043 3364 1426 3420 indesinentes
1466 3381 1689 3438 quoque
1717 3365 1920 3420 oratio-

316 3473 462 3514 num
491 3456 655 3510 fletus
676 3454 747 3508 ad
775 3455 957 3510 Deum
986 3453 1227 3508 fundens
1257 3461 1314 3510 et
1339 3454 1778 3526 impugnationis
1803 3471 1918 3510 suae

321 3543 772 3608 exstinctionem,
791 3541 861 3596 ab
883 3542 979 3596 illo
1001 3543 1319 3614 specialiter
1339 3560 1404 3598 ac
1419 3543 1634 3614 jugiter
1646 3560 1877 3614 poscens
1901 3561 1912 3596 :

317 3632 669 3706 impossibile
691 3648 937 3702 namque
968 3637 1054 3686 est
1080 3633 1149 3686 de
1169 3632 1421 3704 qualibet
1445 3633 1706 3704 passione
1723 3632 1920 3686 trium-

315 3725 498 3798 phum
528 3719 848 3792 quempiam
875 3721 1204 3790 promereri,
1239 3721 1566 3792 priusquam
1583 3720 1920 3775 intellexerit

316 3811 602 3868 industria
638 3809 724 3863 vel
779 3806 971 3862 labore
1013 3808 1240 3878 proprio
1277 3808 1566 3862 victoriam
1597 3807 1920 3863 certaminis

314 3906 503 3956 semet
529 3898 780 3954 obtinere
835 3913 950 3952 non
996 3913 1160 3968 posse
1189 3915 1201 3963 ;
1235 3913 1362 3952 cum
1406 3903 1617 3964 tamen,
1650 3904 1715 3952 ut
1740 3897 1923 3951 valeat

315 3988 643 4053 emundari,
665 4003 893 4042 necesse
917 3986 992 4040 sit
1019 4003 1149 4041 eum
1170 3987 1262 4041 die
1291 3991 1572 4058 noctuque
1599 4003 1660 4040 se
1688 3986 1746 4040 in
1766 3986 1920 4040 omni

316 4093 462 4134 cura
490 4082 547 4132 et
571 4075 948 4132 sollicitudine
978 4091 1328 4146 permanere,
1372 4091 1608 4145 cumque
1645 4091 1704 4128 se
1747 4073 1818 4128 ab
1856 4090 1926 4129 ea

245 4190 254 4200 ·
319 4167 566 4222 senserit
584 4165 923 4228 absolutum,
945 4180 1140 4218 rursus
1162 4163 1407 4218 latebras
1425 4164 1510 4218 sui
1539 4162 1720 4218 cordis
1751 4163 1923 4218 simili

1987 605 2178 656 tamen
2247 605 2560 675 putandum
2612 609 2759 678 quod
2803 608 3188 680 principaliter
3224 609 3350 679 quis
3397 615 3596 664 contra

1991 707 2165 745 unum
2195 692 2470 748 dimicans
2492 695 2712 762 vitium,
2750 702 2808 750 et
2854 698 3006 751 velut
3041 696 3320 752 incautius
3351 697 3593 752 aliorum

1990 779 2104 832 tela
2133 781 2495 853 prospiciens,
2531 785 2820 856 inopinato
2857 785 2972 840 ictu
3003 785 3220 840 facilius
3249 787 3433 842 valeat
3459 803 3592 841 sau-

1991 867 2145 934 ciari,
2173 871 2320 940 quod
2343 888 2698 943 nequaquam
2726 875 2860 940 ﬁet;
2894 874 3238 946 impossibile
3253 880 3595 947 namqueest

1995 973 2124 1010 eum
2158 959 2253 1028 qui
2275 977 2375 1030 pro
2405 962 2588 1016 cordis
2616 963 2702 1017 sui
2725 963 3123 1018 emundatione
3153 964 3422 1019 sollicitus
3459 981 3596 1034 erga

1993 1044 2476 1116 impugnationem
2489 1050 2609 1104 vitii
2623 1051 2920 1122 cujuslibet
2929 1052 3299 1107 intentionem
3311 1069 3426 1108 suae
3437 1069 3595 1108 men-

1995 1133 2068 1188 tis
2096 1137 2419 1204 armaverit,
2452 1139 2718 1194 adversus
2737 1146 2939 1196 caetera
2958 1157 3180 1212 quoque
3206 1141 3344 1196 vitia
3359 1157 3594 1212 genera-

1993 1222 2105 1278 lem
2138 1225 2438 1295 quemdam
2457 1227 2768 1296 horrorem,
2792 1235 2848 1284 et
2875 1230 3188 1284 custodiam
3218 1229 3460 1284 similem
3477 1246 3592 1285 non

1993 1311 2218 1367 habere.
2253 1314 2374 1378 Quo
2407 1315 2558 1370 enim
2585 1317 2752 1371 modo
2771 1317 2857 1372 vel
2886 1319 2956 1373 de
2984 1319 3083 1373 illa
3112 1335 3226 1390 qua
3252 1317 3462 1373 absolvi
3492 1319 3592 1373 de-

1996 1402 2208 1457 siderat
2237 1405 2496 1476 passione
2526 1405 2836 1462 merebitur
2864 1407 3118 1462 obtinere
3157 1407 3466 1475 victoriam,
3498 1407 3596 1480 qui

1995 1508 2056 1550 se
2085 1492 2380 1564 indignum
2412 1493 2762 1565 purgationis
2789 1495 3020 1566 praemio
3051 1497 3291 1550 aliorum
3303 1495 3438 1550 facit
3461 1512 3594 1552 con-

1994 1581 2148 1652 tagio
2176 1582 2438 1637 vitiorum
2459 1584 2484 1636 Ἰ
2513 1584 2623 1638 Sed
2660 1600 2787 1638 cum
2820 1584 3143 1656 principalis
3189 1585 3366 1640 nostri
3413 1585 3594 1640 cordis

1929 1669 1974 1728 B
1993 1669 2230 1725 intentio
2253 1672 2408 1726 velut
2419 1672 2716 1742 specialem
2739 1672 2846 1726 sibi
2873 1689 3121 1744 pugnam
3146 1674 3596 1729 adversusunam

1993 1759 2272 1830 exceperit
2303 1761 2643 1832 passionem,
2676 1779 2778 1833 pro
2823 1762 2948 1833 ipsa
2990 1761 3174 1816 orabit
3199 1763 3469 1817 attentius
3497 1779 3598 1833 pe-

1991 1848 2187 1903 culiari
2217 1849 2592 1904 sollicitudine
2623 1868 2688 1906 ac
2715 1851 2902 1905 studio
2931 1850 3272 1922 supplicans,
3292 1857 3358 1906 ut
3378 1868 3504 1906 eam
3517 1851 3599 1906 di-

1991 1937 2257 2007 ligentius
2288 1938 2602 2006 observare,
2635 1947 2692 1994 et
2735 1957 2835 2011 per
2879 1941 2995 1994 haec
3023 1941 3262 1994 celerem
3313 1945 3599 1994 mereatur

1991 2025 2244 2082 obtinere
2265 2027 2585 2083 victoriam:
2619 2029 2770 2083 hunc
2788 2024 3032 2100 namque
3058 2045 3159 2083 nos
3183 2029 3439 2084 ordinem
3451 2045 3596 2100 prae-

1991 2115 2196 2171 liorum
2225 2134 2482 2172 exercere
2533 2116 2757 2183 debere,
2797 2134 2899 2172 nec
2925 2123 3118 2172 tamen
3147 2117 3216 2171 de
3253 2122 3448 2172 nostra
3481 2117 3597 2170 vir-

1991 2210 2114 2259 tute
2143 2206 2424 2260 confidere
2446 2206 2617 2260 etiam
2639 2206 2928 2276 legislator
2945 2206 3035 2260 his
3054 2205 3217 2261 docet
3229 2205 3412 2260 verbis
3433 2224 3444 2260 :
3470 2207 3596 2260 Non

1992 2292 2219 2347 timebis
2249 2310 2362 2360 eos,
2390 2294 2523 2365 quia
2549 2295 2823 2349 Dominus
2848 2295 2998 2350 Deus
3026 2299 3157 2349 tuus
3201 2293 3260 2348 in
3291 2294 3474 2349 medio
3512 2294 3598 2349 tui

1995 2387 2098 2436 est.
2131 2383 2283 2436 Deus
2328 2400 2567 2455 magnus
2597 2388 2654 2438 et
2681 2383 2970 2450 terribilis,
3014 2385 3135 2454 ipse
3163 2387 3458 2439 consumet
3492 2401 3596 2438 na-

1993 2469 2176 2525 tiones
2189 2472 2293 2526 has
2322 2471 2378 2525 in
2410 2477 2709 2544 conspectu
2734 2477 2831 2528 tuo
2860 2473 3152 2544 paulatim,
3175 2478 3345 2544 atque
3357 2489 3459 2544 per
3471 2489 3598 2544 par-

1994 2563 2100 2612 tes.
2134 2559 2258 2614 Non
2287 2561 2497 2631 poteris
2525 2561 2712 2615 delere
2741 2578 2836 2616 eas
2865 2562 3078 2633 pariter
3101 2580 3114 2628 ;
3145 2579 3217 2616 ne
3247 2562 3389 2616 forte
3409 2561 3593 2616 multi-

1997 2647 2278 2718 plicentur
2297 2655 2495 2704 contra
2521 2655 2578 2704 te
2610 2650 2802 2704 bestia:
2831 2655 3014 2716 terrae,
3047 2650 3314 2723 dabitque
3358 2667 3453 2705 eos
3483 2651 3596 2706 Do-

1996 2735 2183 2791 minus
2211 2737 2360 2791 Deus
2387 2744 2519 2792 tuus
2548 2739 2607 2792 in
2635 2745 2936 2810 conspectu
2959 2744 3078 2807 tuo,
3113 2745 3172 2793 et
3210 2739 3510 2794 interficiet
3536 2739 3600 2792 i1-

1995 2824 2098 2892 los,
2133 2821 2309 2880 donec
2330 2826 2554 2897 penitus
2583 2827 2898 2882 deleantur.

2071 2931 2202 2985 CAP.
2234 2931 2423 2986 LXVI.
2440 2963 2505 2972 —
2537 2934 2610 2987 De
2635 2933 2845 2990 duobus
2867 2935 3135 2987 vitiorum
3155 2935 3445 3000 generibus
3473 2939 3522 2989 et

2313 3006 2608 3070 efﬁcientia
2629 3020 2818 3058 eorum
2847 3005 3284 3072 quadripartito.

2071 3089 2266 3160 (Casa)
2296 3091 2512 3145 Horum
2537 3091 2710 3162 igitur
2736 3090 3002 3145 vitiorum
3038 3107 3248 3162 genera
3283 3097 3418 3146 sunt
3445 3091 3558 3148 duo
3581 3111 3608 3160 ;,

1997 3183 2097 3232 aut
2113 3179 2262 3232 enim
2283 3180 2562 3234 naturalia
2585 3185 2737 3246 sunt,
2761 3185 2827 3234 ut
2852 3181 3282 3251 gastrimargia;
3315 3186 3415 3236 aut
3441 3188 3598 3237 extra

1999 3273 2361 3334 naturam,ut
2384 3269 2726 3341 philargyria
2750 3288 2762 3336 ;
2795 3269 3096 3324 efficientia
3120 3286 3252 3324 vero
3274 3271 3602 3342 quadripar-

1999 3356 2107 3410 tita
2135 3363 2220 3410 est
2241 3375 2252 3409 :
2288 3358 2542 3428 quaedam
2569 3358 2720 3412 enim
2741 3358 2862 3412 sine
2879 3359 3098 3413 actione
3113 3358 3324 3412 carnali
3345 3375 3602 3414 consum-

2000 3444 2144 3497 mari
2173 3461 2286 3498 non
2316 3451 2568 3516 possunt,
2597 3451 2662 3500 ut
2684 3452 2770 3500 est
2781 3447 3180 3517 gastrimargia
3195 3453 3253 3500 et
3273 3446 3597 3516 fornicatio;

2003 3533 2260 3603 quaedam
2289 3550 2420 3588 vero
2449 3534 2620 3588 etiam
2651 3534 2774 3588 sine
2796 3534 2913 3588 ulla
2931 3534 3178 3605 corporis
3207 3534 3427 3590 actione
3451 3552 3602 3590 com-

2001 3621 2244 3691 plentur,
2278 3628 2344 3676 ut
2391 3629 2477 3676 est
2505 3622 2770 3694 superbia
2823 3629 2882 3676 et
2925 3623 3267 3678 caenodoxia.
3315 3625 3601 3679 Nonnulla

2000 3711 2390 3766 commotionis
2419 3728 2534 3766 suae
2565 3728 2734 3766 causa
2774 3711 3118 3766 extrinsecus
3146 3711 3393 3784 capiunt,
3426 3719 3492 3767 ut
3518 3719 3604 3768 est

2001 3797 2346 3870 philargyria
2376 3806 2434 3854 et
2459 3801 2548 3854 ira
2571 3819 2584 3868 ;
2619 3801 2730 3855 alia
2761 3817 2892 3854 vero
2921 3800 3205 3854 intestinis
3233 3799 3479 3856 motibus
3507 3819 3602 3856 ex-

2001 3887 2264 3955 citantur,
2297 3894 2362 3943 ut
2388 3875 2693 3944 est'acedia
2721 3896 2891 3962 atque
2921 3889 3172 3944 tristitia.

2055 3994 2186 4048 CAP.
2205 3996 2422 4050 LXVII.
2456 4027 2522 4037 —
2550 3999 2946 4066 Recapitulatio
2975 3998 3039 4052 de
3064 4000 3476 4068 gastrimargiz
3501 4005 3550 4054 et

2145 4068 2540 4134 fornicationis
2563 4071 2817 4138 passione
2848 4074 2898 4123 et
2927 4072 3214 4123 curatione
3241 4085 3458 4124 earum.

2056 4170 2494 4246 'Gastrimargia
2517 4179 2574 4230 et
2606 4175 2898 4230 fornicatio
2928 4192 3056 4230 cum
3084 4175 3420 4231 naturaliter
3445 4176 3606 4232 nobis

321 4256 640 4312 intentione
659 4254 981 4326 perlustrat,
1005 4259 1062 4307 et
1081 4253 1320 4325 excipiat
1335 4251 1441 4307 sibi
1461 4269 1631 4322 quam
1661 4252 1810 4306 inter
1839 4250 2196 4335 re-Dins'mt,
2228 4283 2361 4321 nam
2390 4281 2797 4335 nonnunquam
2827 4264 2999 4318 etiam
3029 4265 3150 4319 sine
3175 4265 3291 4319 υιιο
3321 4265 3496 4319 animi
3521 4267 3605 4319 in-

321 4345 510 4416 liquas
520 4341 865 4416 perspexerit
881 4341 1166 4407 diriorem,
1191 4348 1360 4412 atque
1375 4341 1640 4396 adversus
1651 4357 1775 4395 eam
1793 4358 1922 4412 spe-

321 4433 526 4488 cialius
551 4431 742 4486 omnia
758 4431 992 4502 spiritus
1008 4447 1168 4485 arma
1193 4435 1574 4497 commoveat;
1603 4437 1660 4485 et
1687 4431 1769 4484 ita
1782 4447 1924 4484 sem-

323 4538 430 4594 per
446 4519 809 4575 validioribus
821 4519 1099 4590 superatis
1124 4519 1362 4574 celerem
1393 4520 1462 4573 de
1483 4519 1722 4573 residuis
1749 4519 1921 4574 habe-

323 4611 412 4666 bit
428 4611 763 4681 facilemque
782 4609 1092 4674 victoriam,
1113 4609 1244 4680 quia
1256 4613 1313 4662 et
1341 4609 1922 4680 menstriumphorum

320 4717 589 4773 processu
617 4699 887 4754 reddetur
913 4698 1110 4753 fortior
1139 4703 1196 4752 et
1222 4697 1499 4751 inﬁrmior
1522 4713 1712 4768 pugna
1732 4714 1922 4752 succe-

322 4791 466 4849 dens
494 4788 902 4860 promptiorem
921 4787 972 4841 ei
1001 4791 1333 4858 proventum
1362 4785 1529 4840 faciet
1558 4786 1880 4857 praeliorum
1908 4804 1920 4853 ;

327 4883 390 4933 et
419 4878 542 4932 ﬁeri
572 4877 716 4932 solet
745 4875 814 4930 ab
841 4875 930 4929 his
962 4875 1056 4946 qui
1083 4891 1272 4930 coram
1301 4875 1526 4945 regibus
1545 4875 1927 4945 mundihujus

329 4965 649 5038 omnigenis
676 4963 941 5035 congredi
969 4962 1162 5018 bestiis
1193 4964 1550 5036 praemiorum
1581 4962 1928 5033 contempla-

327 5055 486 5109 tione
509 5059 870 5118 censuerunt,
900 5053 1050 5124 quod
1080 5052 1382 5124 spectaculi
1408 5068 1587 5122 genus
1600 5052 1765 5122 vulgo
1794 5067 1928 5121 pan-

329 5160 565 5215 carpum
593 5148 968 5213 nuncupatur,
1004 5143 1082 5208 hi,
1110 5143 1358 5212 inquam,
1391 5141 1537 5196 feras
1567 5155 1928 5210 quascunque

331 5232 594 5286 fortiores
619 5230 820 5284 robore
850 5231 934 5284 vel
964 5231 1201 5284 feritatis
1230 5229 1384 5282 rabie
1404 5233 1813 5298 conspexerunt
1841 5228 1928 5281 di-

330 5320 532 5386 riores,
556 5319 823 5374 adversus
853 5335 947 5373 eas
978 5319 1173 5390 prima:
1208 5315 1616 5387 congressionis
1645 5325 1930 5370 certamen

330 5409 636 5480 arripiunt,
665 5407 870 5480 quibus
890 5408 1176 5463 exstinctis
1205 5406 1450 5476 reliquas
1471 5422 1594 5476 quae
1617 5406 1805 5458 minus
1824 5410 1932 5458 ter-

332 5498 528 5554 ribiles
581 5498 882 5570 minusque
929 5496 1288 5552 vehementes
1317 5499 1451 5550 sunt
1489 5493 1641 5550 exitu
1687 5493 1934 5550 faciliore

577 5599 844 5663 PATBOL.
877 5597 1062 5662 CXII.

2003 4360 2307 4414 citamento
2325 4355 2499 4409 solius
2513 4353 2874 4424 instigatione
2894 4369 2959 4406 ac
2977 4353 3200 4424 pruritu
3220 4353 3402 4407 carnis
3415 4353 3604 4408 oriun-

2003 4455 2116 4513 tur,
2151 4445 2392 4500 materia
2417 4448 2610 4496 tamen
2638 4447 2703 4496 ut
2729 4449 3191 4496 consummentur
3209 4448 3377 4512 egent
3399 4442 3607 4496 extrin-

2007 4552 2184 4599 secus,
2201 4540 2260 4587 et
2279 4533 2360 4586 ita
2376 4531 2435 4585 in
2449 4531 2704 4585 effectum
2727 4529 3003 4600 corporali
3017 4530 3235 4583 actione
3249 4529 3602 4600 perveniunt.

2008 4625 2137 4678 Haec
2168 4622 2278 4676 duo
2310 4619 2630 4691 specialiter
2655 4618 2790 4672 vitia
2817 4635 2940 4688 qum
2974 4617 3286 4672 ministerio
3307 4620 3490 4674 carnis
3515 4637 3605 4675 ex-

2006 4713 2234 4784 plentur
2257 4715 2414 4763 extra
2439 4708 2596 4762 illam
2637 4707 2945 4778 spiritalem
2983 4707 3186 4762 animae
3217 4725 3410 4762 curam
3439 4715 3606 4780 egent

2008 4799 2335 4873 piculiarius
2352 4797 2522 4851 etiam
2538 4797 2883 4851 continentia
2903 4796 3195 4868 corporali,
3213 4813 3334 4868 quae
3346 4797 3426 4867 jej
3435 4797 3599 4862 uniis,

2008 4889 2212 4960 vigiliis
2243 4893 2300 4942 et
2343 4887 2527 4958 operis
2589 4885 2924 4941 contritione
2980 4885 3288 4956 perﬁcitur,
3348 4885 3436 4939 his
3480 4902 3604 4956 qua:

2012 4977 2254 5049 [hisque]
2287 4975 2458 5030 fuerit
2483 4975 2720 5029 remotio
2764 4974 2954 5028 localis
2983 4974 3267 5044 adjuncta,
3301 4973 3434 5043 quia
3459 4973 3606 5028 sicut

2009 5067 2306 5121 amborum
2331 5065 2486 5130 vitio,
2508 5063 2563 5116 id
2593 5069 2697 5129 est,
2729 5063 2930 5117 animae
2960 5068 3019 5117 et
3055 5061 3304 5132 corporis
3328 5078 3604 5132 generan-

2009 5163 2122 5222 tur,
2155 5155 2236 5208 ita
2262 5151 2514 5225 superari
2557 5151 2666 5206 nisi
2717 5151 3010 5222 utriusque
3064 5149 3256 5204 labore
3293 5165 3405 5204 non
3444 5156 3604 5220 pote-

2011 5249 2162 5299 runt.

2013 5335 2144 5389 Car.
2176 5332 2422 5388 LXVIII.
2452 5362 2515 5371 —
2549 5332 2674 5398 Quae
2722 5331 2980 5383 carnalia
3028 5330 3108 5381 rel
3157 5343 3276 5394 qua!
3319 5329 3606 5395 spiritalia

2511 5403 2778 5455 dicantur
2803 5417 2908 5453 esse
2932 5402 3087 5452 vitia.

2087 5493 2278 5564 (Cass.)
2312 5490 2577 5556 Quamvis
2601 5470 2817 5546 beatus
2865 5487 3072 5543 Paulus
3101 5487 3386 5560 apostolus
3415 5477 3606 5544 omnia

3296 5590 3375 5649 44
