4018 6168
493 256 633 321 i887

1056 257 1138 310 'B.
1181 255 1454 309 RABANI
1492 255 1722 318 MAUBI
1761 255 2098 314 ARCHIEP.
2138 254 2464 313 MOGUNT.
2507 254 2805 313 OPERUM
2843 255 3026 310 PARS
3063 257 3158 311 Ill.

3568 257 3678 318 13$

476 381 614 446 vitia
636 381 976 452 generaliter
1007 378 1456 452 pronuntiaverit
1475 395 1598 432 esse
1623 381 1889 443 carnalia,
1907 381 2078 451 siqui-
2093 383 2144 442 Α
2159 379 2373 448 aliquid
2400 379 2656 434 relaxans
2684 397 2719 434 a
2746 385 2926 449 empto
2954 379 3182 444 fervore,
3215 381 3478 450 impertias
3494 383 3539 436 ei
3563 386 3682 452 quod

479 471 609 531 dem
636 470 960 533 inimicitias
989 475 1046 524 et
1066 469 1198 535 iras,
1230 473 1400 538 atque
1426 468 1848 534 hmreses,inter
1877 476 2080 524 caetera

473 561 658 622 carnis
680 575 814 630 pera
848 557 1246 622 numeraverit,
1263 573 1364 612 nos
1393 562 1587 614 tamen
1615 558 1686 612 ad
1707 558 1932 612 illorum
1979 576 2076 614 cu-

477 649 724 710 rationes
762 654 930 727 atque
958 653 1190 708 naturas
1218 645 1544 715 diligentius
1591 647 1930 716 colligendas
1968 649 2074 702 du-

475 736 606 808 plici
631 753 700 800 ea
723 735 997 798 divisione
1015 733 1431 804 distinguimus.
1449 735 1594 795 Nam
1617 751 1682 791 ex
1711 734 1798 789 his
1819 735 2075 805 quaedam

473 825 714 888 dicimus
742 841 863 880 esse
909 823 1174 889 carnalia,
1205 823 1482 892 quaedam
1516 838 1644 877 vero
1691 823 1985 894 spiritalia,
2020 830 2078 878 et

472 913 573 976 illa
599 913 827 985 quidem
847 913 1097 976 carnalia
1121 929 1243 982 quae
1275 911 1591 982 specialiter
1617 913 1689 968 ad
1717 918 1932 970 motum
1955 929 2077 966 sen-

474 1020 712 1074 sumque
743 1003 1028 1073 pertinent
1051 1000 1254 1066 carnis,
1290 1000 1493 1072 quibus
1533 1001 1628 1062 illa
1660 1001 1742 1060 ita
1768 1002 2078 1058 delectatur

476 1108 544 1153 ac
570 1092 837 1162 pascitur,
869 1097 934 1154 ut
960 1091 1131 1152 etiam
1175 1090 1394 1161 quietas
1427 1089 1624 1152 incitet
1671 1095 1906 1156 mentes,
1941 1091 2078 1150 invi-

475 1187 678 1252 tasun
703 1197 799 1242 eas
827 1195 1233 1250 nonnunquam
1263 1179 1556 1250 pertrahat
1581 1180 1652 1239 ad
1681 1196 1795 1234 sua;
1817 1181 2073 1236 volunta-

387 1303 394 1308 -
476 1269 549 1329 tis
576 1285 886 1336 assensum.
921 1269 991 1325 de
1012 1268 1214 1339 quibus
1233 1268 1430 1322 beatus
1461 1268 1772 1338 apostolus:
1803 1286 1828 1318 «
1862 1269 1924 1324 In
1947 1269 2072 1338 qui-

474 1357 599 1425 bus,
631 1358 729 1424 ait,
761 1364 821 1419 et
846 1374 950 1414 nos
969 1371 1163 1414 omnes
1192 1356 1498 1427 aliquando
1527 1357 1836 1411 conversati
1878 1374 2074 1414 sumus

475 1447 536 1502 in
569 1445 862 1508 desideriis
881 1445 1065 1506 carnis
1087 1451 1314 1511 nostras,
1330 1445 1596 1506 facientes
1618 1447 1931 1516 voluptates
1945 1463 2075 1500 car-

475 1535 564 1596 nis
591 1540 650 1598 et
672 1535 1096 1606 cogitationum,
1113 1540 1170 1589 et
1211 1549 1436 1590 eramus
1465 1541 1669 1596 natura
1689 1535 1788 1588 ﬁlii
1811 1534 1906 1588 ira:
1933 1534 2078 1588 sicut

479 1629 538 1680 et
591 1625 778 1687 umeri.
840 1625 1048 1692 (Ephes.
1082 1641 1140 1689 ιι.
1173 1622 1245 1692 3).
1283 1642 1309 1675 »
1342 1623 1628 1694 Spiritalia
1679 1640 1810 1678 vero
1840 1623 2078 1682 dicimus

2160 468 2518 522 continentia
2541 469 2773 525 modum
2794 473 2851 522 et
2865 485 3184 524 mensuram
3201 470 3358 538 justas
3379 470 3685 527 districtionis

2159 557 2408 621 excedat,
2440 573 2510 612 ne
2541 557 2836 612 resolvaris
2856 559 2976 626 ejus
3007 555 3362 628 sulijectione,
3396 559 3686 629 vel-sugges-

2158 646 2330 710 tione,
2357 662 2428 700 ne
2447 645 2716 701 irridente
2745 645 3184 716 impugnationis
3212 647 3489 700 securitate
3514 665 3608 718 qua
3629 651 3689 702 vi-

2157 735 2306 790 deris
2323 735 2606 805 paulisper
2620 752 2653 790 a
2665 735 2982 792 carnalibus
2993 735 3285 790 incentivis
3298 735 3462 790 factus
3472 738 3688 807 quietior,

2160 825 2228 878 ad
2251 824 2552 895 pristinam
2582 825 2968 880 remissionem
2995 825 3079 878 vel
3103 824 3414 899 prieteritas
3438 826 3564 894 gulae
3583 844 3690 880 cou-

2161 913 2534 984 cupiscentias
2561 915 2892 979 revertaris;
2926 931 3028 984 per
3044 913 3149 971 hoc
3177 914 3323 968 enim
3349 913 3474 968 dicit
3504 916 3692 984 spiritus

2157 1001 2250 1056 ille
2281 1019 2448 1073 quem
2471 1003 2698 1066 viceras,
2722 1021 2747 1053 (ι
2781 1004 3050 1062 Revertar
3062 993 3352 1058 indomum
3373 1019 3553 1062 meam.
3573 1005 3690 1057 unde

2159 1091 2299 1148 exivi
2327 1112 2354 1142 »
2373 1099 2430 1146 et
2455 1093 2821 1163 procedentes
2851 1109 2916 1148 ex
2945 1109 3012 1156 eo
3038 1091 3328 1146 confestim
3351 1097 3548 1162 septem
3559 1093 3690 1163 spiri-

2154 1185 2246 1234 tus
2271 1180 2534 1236 vitiorum
2557 1181 2808 1236 eruntibi
2839 1181 3081 1236 acriores
3113 1198 3282 1251 quam
3306 1181 3401 1236 illa
3425 1181 3692 1250 passioqua

2155 1269 2214 1324 in
2241 1270 2562 1340 primordiis
2591 1270 2773 1326 fuerat
2802 1276 3084 1340 superata,
3119 1269 3216 1340 qui
3245 1276 3300 1324 te
3345 1286 3463 1326 mox
3489 1270 3550 1324 ad
3574 1269 3692 1324 dete-

2156 1358 2307 1412 riora
2326 1359 2654 1430 pertrahent
2677 1375 2890 1428 genera
2918 1364 3294 1430 peccatorum.

2159 1520 2289 1574 CAP.
2325 1521 2486 1574 LXX.
2509 1551 2572 1560 --
2593 1520 2762 1586 Quod.
2779 1523 2988 1573 devicta
2998 1523 3252 1588 passione
3270 1523 3422 1588 gula,
3437 1522 3698 1589 {aliundea-

2285 1593 2485 1651 (lzcs.si't
2511 1593 2666 1644 labor
2687 1594 2760 1644 ad
2789 1595 3019 1644 virtutes
3051 1597 3267 1644 caeteras
3297 1591 3603 1646 obtinendas.

481 1730 605 1784 qum
623 1713 892 1775 instinctu
921 1713 1124 1773 animae
1147 1713 1320 1772 solius
1334 1718 1457 1768 orta
1478 1729 1590 1772 non
1621 1712 1802 1770 solum
1817 1713 1956 1772 nihil
1986 1729 2077 1766 vo-
2095 1725 2138 1784 B
2231 1717 2584 1786 Quapropter
2611 1722 2668 1769 et
2685 1715 3043 1769 continentiae
3074 1714 3459 1769 incubantibus
3487 1715 3620 1768 nobis
3641 1715 3698 1766 fe-

479 1801 714 1872 luptatis
732 1801 1028 1864 conferunt
1059 1801 1232 1862 carni,
1263 1801 1360 1857 sed
1381 1802 1553 1862 etiam
1580 1801 1926 1870 gravissimis
1953 1817 2078 1858 eam

477 1889 844 1961 languoribus
857 1889 1158 1952 aﬂicientia
1179 1890 1508 1952 miserrimae
1521 1891 1892 1959 iucunditatis
1915 1896 2077 1960 pastu

481 1978 729 2041 animum
759 1984 983 2041 tantum
1001 1977 1261 2036 nutriunt
1279 1985 1664 2048 aegrotantem,
1681 1985 1737 2032 et
1750 1979 1952 2033 idcirco
1964 1981 2080 2033 haec

481 2066 709 2138 quidem
735 2067 976 2137 simplici
997 2067 1182 2123 cordis
1207 2067 1464 2136 indigent
1495 2067 1787 2128 medicina.
1822 2069 1956 2131 Quae
1983 2085 2080 2125 au-

477 2162 594 2210 tem
621 2157 870 2217 carnalia
897 2162 1031 2213 sunt
1057 2172 1170 2217 non
1199 2156 1307 2214 nisi
1339 2157 1566 2226 duplici,
1601 2157 2078 2226 quemadmodum

477 2245 737 2311 diximus.
775 2246 848 2306 ad
893 2245 1195 2304 sanitatem
1225 2245 1515 2302 curatione
1547 2245 1896 2316 perveniunt,
1929 2246 2077 2300 unde

477 2333 711 2404 puritati
735 2333 1090 2394 studentibus
1103 2334 1408 2404 plurimum
1430 2333 1642 2390 confert
1664 2341 1728 2388 ut
1744 2335 1946 2390 harum
1959 2351 2076 2392 car-

478 2423 692 2482 nalium
723 2423 1052 2494 passionum
1079 2423 1231 2494 ipsas
1259 2423 1526 2480 materias
1541 2422 1645 2476 sibi
1669 2423 1930 2496 primitus
1950 2423 2077 2480 sub-

476 2513 726 2578 trahunt,
758 2511 960 2582 quibus
992 2517 1178 2582 potest
1196 2512 1282 2566 vel
1307 2512 1522 2569 occasio
1547 2512 1630 2566 vel
1656 2513 1968 2566 recordatio
1989 2529 2080 2568 ea-

481 2601 741 2662 rumdem
771 2600 1094 2670 passionum
1123 2600 1418 2670 aegrotanti
1464 2601 1644 2654 adhuc
1672 2601 1875 2656 animm
1914 2618 2081 2670 gene-

479 2689 616 2747 rari.
638 2690 876 2744 Necesse
908 2695 994 2748 est
1011 2689 1162 2749 enim
1186 2695 1250 2744 ut
1279 2689 1472 2744 morbo
1497 2689 1702 2758 duplici
1732 2691 1940 2760 duplex
1977 2691 2078 2748 ad-

484 2775 750 2840 hibeatur
777 2777 1066 2844 correctio,
1086 2793 1217 2832 nam
1231 2777 1499 2846 corporis,
1531 2794 1602 2831 ne
1627 2778 2076 2849 concupiscentia

483 2865 542 2918 in
561 2865 819 2918 effectum
841 2870 1021 2919 tentet
1039 2882 1422 2936 prorumpere,
1449 2868 1761 2929 necessario
1794 2868 2006 2936 efﬁgies
2021 2874 2078 2922 et

479 2953 720 3012 materia
742 2953 976 3014 illiciens
1006 2953 1386 3010 subtrahenda
1415 2960 1518 3020 est,
1565 2962 1622 3008 et
1641 2956 1842 3010 animae
1872 2956 2076 3010 nihilo-

2160 1804 2483 1858 stinandum
2509 1811 2594 1860 est
2622 1810 2702 1868 ut,
2728 1806 2873 1874 gulae
2903 1805 3163 1875 passione
3195 1810 3467 1875 superata,
3493 1804 3700 1874 protinus

2161 1895 2410 1949 animam
2431 1897 2680 1948 nostram
2711 1909 2943 1948 vacuam
2975 1910 3095 1949 esse
3118 1911 3152 1950 a
3182 1891 3502 1948 necessariis
3529 1877 3702 1945 vimui-

2162 1980 2266 2036 bus
2296 1997 2406 2039 non
2437 1982 2708 2046 sinamus,
2733 1982 2832 2037 sed
2859 1982 2939 2036 eis
2976 1981 3269 2038 universos
3299 1997 3532 2034 recessus
3557 1979 3702 2032 cordis

2161 2071 2339 2124 nostri
2368 2070 2673 2139 studiosius
2702 2086 3056 2141 occupemus,
3091 2087 3163 2124 ne
3198 2085 3445 2124 reversos
3487 2069 3700 2138 concupi-

2161 2160 2386 2214 scentim
2416 2159 2648 2230 spiritus
2679 2160 2873 2214 inanes
2903 2177 3003 2214 nos
3033 2159 3102 2214 ab
3131 2159 3274 2230 ipsis
3297 2163 3627 2227 vacantesque
3641 2173 3704 2209 re-

2160 2248 2358 2318 periat,
2377 2253 2433 2302 et
2457 2265 2570 2306 non
2587 2249 2688 2304 sibi
2698 2251 2818 2319 jam
2850 2249 2953 2302 soli
2977 2249 3196 2306 aditum
3226 2264 3421 2318 parare
3439 2251 3701 2306 contentus.

2159 2337 2477 2396 introducat
2506 2353 2692 2393 secum
2725 2338 2782 2391 in
2819 2338 3067 2398 animam
3098 2344 3350 2391 nostram
3381 2335 3706 2406 septenanui'n

2160 2425 2308 2480 hunc
2333 2425 2582 2480 fomitem
2636 2427 2901 2480 vitiorum
2931 2432 2987 2480 et
3013 2426 3182 2480 faciat
3231 2426 3523 2480 novissima
3556 2429 3708 2478 nostra

2162 2516 2357 2585 pejora
2403 2514 2701 2586 prioribus.
2747 2515 2988 2585 Turpior
3008 2515 3158 2568 enim
3187 2515 3296 2568 erit
3315 2519 3438 2584 post
3455 2515 3560 2566 haec
3571 2519 3618 2564 et
3631 2512 3710 2563 im-

2162 2603 2425 2658 mundior
2449 2605 2640 2658 anima
2659 2621 2724 2658 ac
2755 2603 3027 2674 supplicio
3054 2604 3315 2673 graviore
3331 2603 3598 2673 plectatur,
3613 2617 3708 2670 qua

2161 2711 2219 2746 se
2251 2693 2603 2748 renuntiasse
2641 2693 2770 2748 huic
2799 2693 3000 2747 saeculo
3028 2692 3311 2762 gloriatur
3339 2689 3707 2746 dominantibus

2160 2782 2266 2839 sibi
2305 2789 2428 2842 octo
2486 2782 2651 2847 vitiis,
2704 2799 2872 2852 quam
2917 2783 3100 2836 fuerat
3139 2782 3421 2858 quondam
3469 2777 3710 2834 insimulo

2159 2871 2482 2938 constituta,
2507 2888 2633 2928 cum
2657 2888 2760 2926 nec
2777 2871 3130 2942 disciplinam
3144 2871 3404 2927 monachi
3425 2870 3600 2924 fuisset
3608 2884 3708 2938 pro-

2158 2961 2307 3014 fessa
2331 2978 2434 3014 nec
2465 2977 2688 3016 nomen.
2720 2961 2865 3018 Nam
2894 2967 2951 3017 et
2981 2961 3282 3030 nequiores
3315 2961 3372 3014 hi
3397 2965 3593 3029 septem
3619 2954 3710 3026 spi-

481 3041 668 3095 minus
693 3058 765 3095 ne
794 3057 917 3104 eam
948 3041 1032 3096 vel
1067 3042 1462 3112 cogitationem
1493 3044 1767 3114 cOIICipiat
1813 3046 2080 3098 attentior
2100 3047 2142 3106 C
2159 3048 2300 3102 ritus
2316 3049 2411 3102 illo
2427 3049 2614 3120 priore
2631 3049 2726 3119 qui
2745 3065 3004 3118 egressus
3043 3049 3230 3102 fuerat
3261 3048 3462 3102 idcirco
3489 3046 3712 3099 dicuntur

483 3129 775 3195 meditatio
824 3130 1229 3200 scripturarum
1288 3138 1346 3188 et
1399 3133 1712 3186 sollicitudo
1743 3133 1976 3203 pervigil
2016 3151 2078 3188 ac

479 3218 720 3280 remotio
751 3219 1070 3279 solitudinis
1121 3220 1336 3280 utiliter
1390 3221 1737 3290 apponenda.
1774 3223 1838 3280 In
1867 3223 2081 3278 caeteris

479 3313 671 3370 altth
688 3306 837 3368 Vitiis
853 3307 1104 3368 humana
1119 3308 1401 3362 consortia
1427 3309 1566 3366 nihil
1587 3310 1808 3374 obsunt,
1829 3311 2080 3380 quinimo

477 3396 650 3471 etiam
669 3396 977 3466 plurimum
1007 3397 1304 3458 conferunt
1331 3397 1417 3454 his
1438 3398 1532 3468 qui
1573 3415 1764 3456 carere
1795 3399 1861 3454 iis
1906 3401 1966 3454 in
1995 3417 2081 3454 ve-

478 3485 649 3546 ritate
669 3485 1012 3552 desiderant,
1059 3487 1191 3556 quia
1223 3487 1542 3556 frequentia
1572 3487 1863 3543 hominum
1899 3489 2078 3558 magis

481 3579 814 3644 arguuntur,
841 3580 899 3636 et
929 3575 1065 3634 dum
1095 3575 1355 3630 lacessita
1375 3575 1596 3631 crebius
1624 3577 2073 3642 manifestantur,

481 3663 650 3722 celeri
679 3662 960 3726 medicina
987 3663 1320 3733 perveniunt
1345 3664 1416 3718 ad
1439 3665 1700 3726 salutem.

480 3804 610 3858 CAP.
635 3804 826 3861 LXIX.
865 3836 927 3844 —
966 3807 1298 3860 Tcstimom'a
1342 3807 1559 3860 diversa
1602 3824 1765 3876 super
1802 3811 2078 3876 signi/ica-

945 3879 1147 3930 tioncm
1178 3883 1289 3930 octo
1309 3879 1594 3930 vitiorum.

552 4016 633 4077 De
659 4015 746 4073 his
775 4021 900 4070 octo
929 4016 1079 4071 vitiis
1109 4022 1167 4073 et
1193 4017 1253 4072 in
1279 4018 1578 4088 Evangelio
1611 4019 2073 4089 itasignificatur:

485 4123 509 4154 α
541 4103 684 4168 Cum
707 4109 894 4160 autem
925 4103 1250 4162 immundus
1269 4105 1500 4176 spiritus
1519 4108 1718 4163 exierit
1731 4107 1800 4162 ab
1827 4109 2070 4174 homine,

480 4191 734 4258 ambulat
760 4209 862 4264 per
879 4192 1002 4253 loca
1016 4193 1192 4260 arida,
1213 4211 1466 4265 quaerens
1487 4196 1737 4271 requiem
1768 4203 1825 4250 et
1851 4214 1965 4251 non
1995 4199 2078 4252 in-

483 4281 651 4348 venit.
685 4285 818 4341 tunc
839 4281 974 4338 dicit
1007 4301 1018 4335 :
1053 4283 1322 4342 Revertar
1366 4283 1422 4342 in
1455 4285 1683 4340 domum
1720 4302 1902 4340 meam
1930 4287 2076 4342 unde

2163 3137 2296 3207 quia
2304 3137 2642 3192 desiderium
2655 3137 2709 3190 id
2721 3137 2865 3206 gulae
2873 3181 2884 3199 ,
2893 3137 2949 3191 id
2961 3143 3046 3192 est
3055 3137 3293 3206 gastrim
3299 3136 3453 3206 argia
3465 3151 3556 3206 per
3566 3150 3616 3187 se
3627 3147 3715 3186 neu

2163 3232 2308 3280 esset
2328 3225 2511 3289 noxia,
2529 3225 2639 3280 nisi
2661 3225 3067 3279 intromitteret
3079 3225 3368 3295 graviores
3387 3225 3520 3280 alias
3538 3221 3714 3293 passio:

2163 3331 2280 3379 nes,
2303 3314 2359 3368 id
2387 3319 2490 3378 est,
2527 3313 2930 3378 fornicationis,
2962 3314 3344 3384 philargyriae,
3367 3314 3476 3375 im,
3495 3310 3716 3374 tristitia,

2163 3402 2276 3455 sive
2305 3401 2601 3472 superbiae,
2635 3419 2758 3472 quae
2786 3419 2887 3472 per
2914 3408 3093 3456 semet
3122 3402 3294 3458 noxia
3338 3401 3531 3454 animae
3555 3415 3613 3452 ac
3645 3412 3716 3465 pe-

2162 3491 2468 3562 remptoria
2487 3508 2607 3545 esse
2628 3508 2738 3546 non
2760 3491 2996 3544 dubium
3017 3497 3120 3556 est,
3152 3497 3212 3544 et
3237 3491 3442 3544 idcirco
3473 3485 3718 3559 perfectus

2160 3579 2247 3633 nis
2293 3581 2598 3650 puritatem
2638 3597 2928 3650 nunquam
2977 3579 3186 3650 poterit
3213 3579 3468 3634 obtinere
3505 3573 3718 3646 quisquis

2161 3685 2284 3725 eam
2313 3670 2384 3722 de
2413 3670 2518 3724 hac
2544 3669 2668 3724 sola
2703 3669 3070 3734 continentia,
3103 3668 3160 3720 id
3193 3674 3300 3734 est,
3320 3667 3531 3738 jejunio
3553 3677 3716 3731 corpo-

2159 3757 2238 3812 ris
2275 3758 2582 3827 speraverit
2634 3757 3053 3828 acquirendam,
3087 3757 3198 3812 nisi
3247 3755 3464 3811 noverit
3497 3753 3562 3808 ob
3595 3751 3641 3806 id
3671 3764 3719 3801 se

2161 3847 2307 3902 hanc
2326 3862 2582 3902 exercere
2622 3845 2845 3910 debere,
2875 3852 2940 3900 ut
2968 3845 3270 3900 humiliata
3296 3861 3460 3898 carne
3501 3837 3716 3911 jejunis.

2162 3933 2376 3990 facilius
2427 3935 2606 4006 possit
2653 3935 2918 3990 adversus
2965 3934 3076 3994 alia
3115 3935 3254 3988 vitia
3281 3933 3424 3987 inire
3451 3937 3714 3990 certamen,

2161 4039 2274 4078 non
2303 4023 2674 4077 insolescente
2701 4038 2869 4078 carne
2887 4022 3202 4086 saturitatis
3233 4021 3494 4092 ingluvie.

2159 4166 2288 4220 CAP.
2311 4166 2734 4230 LXXL—Quod
2766 4181 2875 4218 non
2908 4167 3050 4220 idem
3066 4169 3392 4236 pretiorum
3415 4164 3539 4218 ordo
3563 4157 3722 4225 sitqui

2508 4257 2744 4322 ponitur
2778 4256 2836 4306 in
2869 4257 3115 4322 catalogo
3145 4257 3437 4307 vitiorum.

483 4369 653 4438 exivi;
677 4376 735 4424 et
763 4371 990 4428 veniens
1004 4371 1219 4429 invenit
1236 4389 1360 4428 eam
1376 4380 1684 4440 vacantem,
1713 4375 1893 4445 scopis
1919 4359 2142 4430 mun-D
2232 4355 2530 4434 Sciendum
2561 4383 2753 4433 tamen
2784 4394 2898 4432 non
2928 4378 3188 4432 eumdem
3225 4394 3348 4432 esse
3395 4378 3452 4432 in
3498 4371 3721 4428 omnibus

483 4458 676 4526 datam
705 4463 764 4514 et
791 4465 1068 4522 ornatam.
1086 4461 1404 4520 Tuncvadit
1417 4468 1475 4516 et
1493 4463 1730 4519 assumit
1757 4463 1896 4518 alios
1911 4464 2078 4535 spiri-
2111 4505 2118 4512 .

479 4551 574 4607 tus
603 4554 816 4620 septem
837 4549 1135 4622 nequiores
1155 4567 1234 4614 se,
1257 4556 1314 4604 et
1329 4551 1606 4606 intrantes
1626 4551 1884 4611 habitant
1905 4553 2002 4620 ibi,
2025 4559 2081 4608 et

483 4635 630 4694 ﬁunt
685 4636 987 4700 novissima
1039 4639 1282 4694 hominis
1347 4639 1495 4694 illius
1559 4641 1754 4712 pejora
1801 4641 2080 4711 prioribus

485 4724 700 4805 (Matth.
732 4739 826 4791 xli,
857 4724 968 4792 ’13).
1003 4744 1030 4780 υ
1064 4727 1201 4782 Ecce
1252 4733 1317 4788 ut
1361 4728 1437 4785 ibi
1473 4735 1686 4802 septem
1720 4736 1918 4800 gentes
1948 4731 2082 4800 legi-

483 4829 630 4880 mus,
664 4819 892 4884 excepta
920 4814 1315 4886 {Egyptiorum
1343 4817 1412 4870 de
1465 4833 1576 4891 qua
1614 4818 1823 4888 egressi
1859 4819 2084 4876 fuerant

485 4901 589 4965 ﬁlii
619 4903 812 4968 Israel,
841 4903 922 4966 ita
942 4909 1001 4958 et
1027 4904 1117 4960 hic
1144 4911 1358 4976 septem
1403 4905 1604 4959 reverti
1634 4907 1864 4977 spiritus
1891 4908 2082 4965 dicun-

486 4996 582 5050 tur
604 4991 901 5057 immundi,
935 4999 1163 5064 excepto
1193 5011 1258 5047 eo
1289 4995 1384 5068 qui
1413 4993 1482 5048 ab
1509 4995 1736 5050 homine
1764 4996 1920 5066 prius
1949 5014 2082 5052 nar-

486 5086 648 5142 ratur
663 5097 938 5150 egressus.
957 5081 1036 5138 De
1057 5081 1161 5134 hoc
1179 5083 1494 5152 septenario
1515 5083 1666 5137 fonte
1693 5085 1956 5140 vitiorum
1985 5087 2084 5140 Sa-

488 5168 677 5234 lomon
705 5186 925 5242 quoque
973 5169 1033 5225 in
1073 5170 1384 5226 Proverbiis
1414 5172 1494 5226 ita
1523 5173 1788 5234 describit
1821 5192 1831 5224 :
1867 5192 1892 5226 «
1930 5175 1987 5238 Si
2028 5180 2082 5228 te

490 5247 768 5326 rogaverit
789 5257 1048 5311 inimicus
1059 5262 1190 5312 tuus
1211 5276 1340 5312 voce
1373 5276 1594 5330 magna,
1613 5277 1714 5314 nec
1734 5263 2081 5317 consenseris

490 5343 560 5404 ei,
591 5349 804 5419 septem
835 5346 984 5401 enim
1013 5347 1275 5417 nequitia:
1305 5355 1436 5403 sunt
1465 5349 1522 5403 in
1553 5350 1741 5404 anima
1779 5352 1900 5420 ejus
1925 5371 1936 5412 ;
1966 5372 1990 5401 υ
2025 5351 2080 5404 id

489 5437 591 5494 est,
626 5431 673 5483 si
694 5440 990 5503 superatus
1021 5437 1432 5506 gastrimargiae
1461 5439 1694 5508 spiritus
1723 5440 1951 5508 cooperit
1979 5440 2080 5492 tibi

487 5535 591 5587 sua
614 5519 1004 5589 humiliation
1033 5523 1293 5592 blandiri,
1325 5543 1530 5596 russus
1578 5527 1989 5596 qundemmodo
2021 5535 2082 5582 ut

2161 4466 2320 4520 nobis
2352 4467 2606 4520 ordinem
2635 4467 2975 4536 praeliorum,
2997 4467 3147 4537 quia,
3179 4467 3327 4522 sicut
3353 4464 3598 4526 diximus,
3625 4473 3717 4512 non

2161 4573 2274 4610 uno
2303 4555 2468 4608 modo
2519 4555 2921 4626 impugnamus
2969 4572 3184 4619 omnes,
3221 4564 3280 4609 et
3309 4559 3523 4626 oportet
3548 4564 3720 4604 unum-

2164 4660 2444 4714 quemque
2485 4649 2741 4698 nostrum
2779 4630 3086 4700 secundum
3118 4645 3450 4714 qualitatem
3479 4639 3598 4693 belli
3630 4651 3720 4706 quo

2161 4732 2544 4802 principaliter
2571 4732 2888 4798 infestatur,
2905 4734 3405 4799 ,concertationum
3451 4725 3722 4783 luctamina

2163 4821 2430 4891 arripere,
2459 4821 2540 4876 ita
2568 4826 2631 4877 ut
2667 4821 2841 4876 alium
2869 4838 3096 4878 necesse
3124 4822 3199 4876 sit
3245 4822 3508 4876 adversus
3533 4815 3718 4876 vitium.

2165 4910 2307 4978 quod
2341 4909 2573 4964 tertium
2602 4910 2850 4980 ponitur,
2874 4911 3123 4980 primum
3145 4926 3401 4964 exercere
3416 4905 3718 4964 conflictum:

2165 4997 2337 5050 alium
2363 5003 2560 5052 contra
2589 5003 2872 5068 quartum,
2907 4999 3020 5052 sive
3049 4999 3327 5069 quintum,
3355 5003 3413 5050 et
3457 4996 3550 5059 ita,
3577 4992 3720 5063 prout

2165 5086 2286 5157 ipsa
2314 5087 2518 5140 vitiain
2538 5087 2698 5142 nobis
2713 5087 2970 5142 obtinent
2989 5082 3720 5163 principatummtqueimpu'

2163 5175 2447 5245 gnationis
2467 5176 2641 5246 exigit
2671 5177 2870 5231 modus
2890 5193 2992 5230 nos
3022 5193 3240 5247 quoque
3259 5179 3476 5248 oportet
3499 5169 3720 5226 ordinem

2163 5264 2458 5319 instituere
2503 5266 2842 5335 praeliorum,
2899 5266 3206 5320 secundum
3252 5280 3415 5335 quem
3455 5261 3720 5332 proventus

2165 5370 2386 5423 quoque
2413 5354 2673 5419 victoria,
2701 5355 3084 5424 triumphique
3104 5353 3420 5418 succedens,
3451 5350 3605 5404 iaciat
3629 5357 3717 5398 nos

2163 5441 2235 5495 ad
2263 5442 2568 5512 puritatem
2621 5443 2806 5501 cin‘dis
2855 5448 2914 5495 et
2951 5442 3307 5512 μθιίὶιεϋοηὶε
3347 5434 3716 5511 plenitudinem

2161 5547 2470 5600 pervenire.
