4018 6168
292 304 430 358 ’1389
1236 306 1333 365 DE
1370 306 1579 365 Vl'l‘llb‘
1623 307 1707 359 ΕΤ
1753 306 1895 361 VIR‘]

1981 307 2193 361 l‘lBlIS.
2230 336 2289 349 -
2335 309 2467 364 LII}.
2514 309 2610 365 ill.
3423 308 3559 362 1390

290 406 416 481 (lxi).
452 429 669 482 LXXII.
698 459 761 466 —-
809 431 1077 493 (Imhnodu
1109 432 1404 481 .vrrumlmn
1449 436 1560 481 orz’o
1596 435 1724 483 Γίίιίι
1774 435 1949 493 ωνΙωΑ
1978 440 2038 484 ut.
2063 452 2123 485 ex
2167 434 2342 486 altero
2372 435 2609 487 alterum
2640 434 2872 500 oriatur,
2905 435 3048 491 sicut
3076 433 3268 498 David,
3304 432 3397 503 qui
3428 434 3561 488 dum
3612 456 3617 459 '

635 503 882 563 gentium
919 518 1188 552 )lHHH'NlS
1222 504 1535 568 implentur.

362 619 500 671 Octo
532 626 664 671 sunt
693 620 1019 689 principalia
1048 620 1182 672 vitia
1210 638 1330 689 qua)
1360 621 1667 673 humanum
1700 623 1883 691 impu-

287 714 466 775 gnant
491 724 688 776 genus,
723 726 845 777 quae
873 709 1184 778 figuraliter
1212 709 1315 762 sub
1334 710 1588 778 gentium
1622 711 1885 765 vocabulo

290 796 581 849 nominata
602 804 750 849 sunt.
774 798 1021 866 Egressis
1045 798 1193 849 enim
1207 816 1271 849 ex
1290 799 1528 868 .‘Egypto
1554 800 1685 852 ﬁliis
1716 801 1887 853 Israel

290 884 554 938 daturum
578 904 636 937 se
658 886 928 939 Dominus
951 886 1290 956 repromittit
1306 887 1385 939 eis
1406 894 1618 957 septem
1631 889 1885 957 gentium

292 979 500 1033 terras;
526 974 605 1027 ita
625 974 775 1027 enim
792 975 998 1028 dicitur
1030 993 1039 1026 :
1073 994 1093 1025 α
1132 976 1271 1029 Cum
1304 976 1677 1029 introduxerit
1708 985 1761 1030 te
1783 979 1888 1030 Do-

293 1061 479 1116 minus
510 1064 657 1117 Deus
688 1068 817 1116 tuus
849 1063 905 1116 in
935 1069 1144 1117 terram
1187 1080 1354 1132 quam
1403 1081 1761 1133 possessurus
1809 1065 1888 1118 in-

290 1152 583 1218 gredieris,
619 1157 676 1204 et
706 1152 973 1205 deleverit
997 1166 1193 1221 gentes
1225 1153 1426 1205 multas
1458 1170 1645 1206 coram
1677 1161 1752 1218 te,
1791 1156 1890 1207 Ce-

292 1241 522 1306 thzeum,
544 1242 1399 1309 etGergezaeum,Amorrlueum,
1417 1250 1473 1295 et
1485 1243 1883 1305 Chananaeum,

294 1330 669 1387 Pheremum.
688 1336 745 1383 et
760 1331 1105 1394 Hevzeum,et
1123 1332 1145 1383 ,ἰ
1157 1330 1436 1384 ebusaeum
1457 1338 1672 1401 septem
1695 1338 1892 1401 gentes

294 1420 473 1472 multo
503 1420 733 1489 majoris
762 1421 981 1474 numeri
1007 1437 1175 1490 quam
1191 1430 1253 1474 tu
1278 1439 1355 1485 es,
1377 1433 1432 1473 et
1451 1420 1793 1474 robustiores
1815 1427 1887 1474 te.

1968 538 2078 574 non
2110 522 2333 574 evitavit
2363 523 2700 575 adulterium
2734 524 3071 592 perpetravit
3093 528 3149 574 et
3174 522 3558 587 homicidium,

1969 616 2024 663 et
2050 611 2143 680 qui
2173 628 2282 667 non
2317 612 2603 681 restringit
2618 612 2851 669 nimiam
2874 612 3083 671 ventris
3099 611 3399 680 ingluviem
3413 610 3563 673 cadit

1970 698 2264 752 infeliciter
2292 700 2349 755 in
2375 700 2671 755 luxuriam.

1971 860 2099 913 CAP.
2150 861 2388 922 LXXIV.
2437 892 2500 900 —
2551 863 2757 986 Quibu:
2813 863 2984 916 modis
3040 864 3411 916 commmitw
3447 878 3565 931 pec-

2661 950 2721 985 ca
2750 951 2865 986 um.

2661 950 2865 986 catum.

2042 1057 2293 1117 Quatuor
2336 1055 2512 1107 modis
2559 1056 2929 1113 committitur
2970 1062 3257 1125 peccatum
3286 1056 3344 1111 in
3375 1057 3560 1123 corde,

1971 1148 2212 1213 quatuor
2244 1149 2597 1213 perpetretur
2625 1151 2680 1197 et
2709 1161 2890 1214 opere.
2933 1144 3265 1205 Admittitur
3303 1145 3359 1199 in
3399 1145 3566 1205 corde
3624 1168 3629 1173 ο

1971 1233 2327 1301 suggestione
2355 1233 2691 1295 daemonum,
2726 1233 3096 1287 delectatione
3109 1234 3312 1300 carnis,
3339 1250 3569 1295 (τοιιδθητ

1974 1322 2129 1379 sione
2176 1321 2399 1384 mentis,
2454 1322 2775 1383 defensione
2841 1322 3118 1383 elationis.
3184 1324 3568 1389 Committitur

1975 1427 2160 1481 opere,
2206 1428 2351 1467 nunc
2392 1411 2650 1477 latenter,
2684 1428 2829 1473 nunc
2853 1412 3056 1481 palam,
3093 1428 3240 1475 nunc
3267 1419 3569 1475 consuetus

266 1574 271 1577 ν
294 1509 702 1578 tradideritque
733 1527 826 1563 eas
857 1510 1125 1563 Dominus
1146 1510 1268 1575 tibi,
1295 1511 1571 1580 percuties
1598 1526 1691 1563 eas
1716 1528 1892 1580 usque
1975 1499 2122 1564 (Ῐίηθτ
2148 1516 2295 1552 ηυηο
2313 1499 2720 1569 desperatione.
2748 1499 2870 1557 istis
2901 1516 3032 1568 erg?
3046 1500 3313 1568 gradibus
3329 1507 3387 1557 et
3402 1502 3569 1559 corde

295 1598 362 1649 ad
393 1597 833 1653 internecionem
852 1600 1028 1665 (θεαί,
1063 1616 1153 1663 γη,
1191 1599 1285 1661 1‘);
1322 1620 1342 1649 ,
1393 1600 1597 1652 idcirco
1642 1600 1730 1652 hic
1772 1617 1893 1669 sep.
1975 1588 2574 1658 delinquituretopere
2589 1588 2813 1641 malitia)
2831 1589 3419 1661 perpetratur.Tribus
3448 1607 3569 1643 mo-

294 1694 408 1739 tem
453 1687 885 1741 dinumerantur
931 1694 1148 1757 gentes,
1190 1707 1255 1741 eo
1302 1690 1448 1759 quod
1493 1690 1730 1757 egressis
1773 1677 2060 1759 jam“dis
2090 1684 2376 1747 Pt‘m‘atum
2403 1676 2638 1746 geritur,
2686 1677 2788 1729 hoc
2830 1682 2931 1741 est»
2965 1676 3301 1746 ignorantia,
3340 1678 3573 1731 inﬁrmi-

296 1776 363 1828 de
387 1777 625 1847 .Egypto
657 1784 713 1829 et
738 1777 988 1833 liberatis
1020 1778 1088 1830 ab
1126 1795 1237 1830 una
1254 1784 1420 1847 gente
1442 1778 1800 1837 validissima,
1836 1747 2110 1831 idBtates
2144 1766 2439 1829 industria,
2475 1766 2721 1836 periculo
2763 1771 2953 1823 autem
2988 1782 3286 1835 pCPnarum
3330 1766 3568 1821 diVCI‘SOo

296 1872 382 1917 est
407 1865 816 1935 .Egyptiorum,
850 1874 1043 1919 contra
1067 1867 1164 1919 has
1192 1867 1443 1920 residuas
1468 1872 1681 1936 septem
1697 1873 1893 1935 gentes

1981 1855 2312 1922 Ignorantia:
2340 1871 2582 1924 namque
2610 1854 2773 1915 modo
2805 1855 3052 1931 peccavit
3073 1854 3128 1908 in
3151 1855 3408 1925 paradiso
3440 1855 3569 1921 Eva,

297 1970 419 2022 quae
448 1971 619 2023 supra
632 1962 1082 2008 commemoratie
1094 1960 1242 2017 sunt,
1269 1955 1437 2009 simili
1456 1956 1672 2008 ratione
1690 1955 1893 2008 habere
1976 1944 2119 1999 Sicut
2138 1943 2579 2013 APOStOIUSdiCit
2605 1962 2616 1996 ε
2648 1961 2669 1995 ι
2708 1943 2806 1999 Vil‘
2824 1960 2935 2006 non
2958 1950 3043 1997 est
3063 1944 3342 2008 Seductus:
3372 1944 3577 2007 mulier

295 2043 636 2095 conﬂictum.
672 2044 859 2096 Prima
888 2044 1116 2105 scilicet,
1151 2061 1273 2113 quae
1294 2046 1413 2113 jam
1444 2044 1676 2107 devicta,
1704 2045 1895 2097 estmi-

298 2130 449 2184 nime
480 2139 819 2201 computata,
856 2135 1015 2201 cujus
1042 2134 1212 2185 etiam
1243 2140 1396 2186 terra
1420 2134 1475 2186 in
1490 2134 1896 2203 possessionem

298 2220 472 2272 Israel
502 2237 612 2273 non
643 2222 828 2283 datur,
874 2223 969 2275 sed
1005 2228 1068 2275 ut
1118 2224 1339 2276 deserat
1367 2240 1489 2275 eam
1531 2229 1799 2293 perpetuo
1842 2229 1899 2275 et

299 2309 624 2375 egrediatur
650 2310 720 2362 ab
749 2328 816 2363 ea
836 2312 1058 2364 Domini
1088 2312 1458 2381 praeceptione
1488 2312 1762 2377 sancitur;
1785 2328 1899 2364 una

299 2397 525 2465 quidem
554 2416 691 2467 gens
730 2400 953 2469 :Egypti
983 2401 1185 2463 deseri,
1220 2407 1433 2470 septem
1470 2418 1597 2452 vero
1633 2400 1901 2471 jubentur

301 2487 581 2556 exstingui
602 2508 611 2540 :
631 2506 769 2557 gens
791 2490 938 2543 enim
962 2490 1336 2560 ngypti,qu:e
1352 2489 1584 2558 jubctur
1602 2490 1801 2553 deseri,
1816 2489 1898 2541 vi-

300 2575 441 2628 tium
474 2584 558 2630 est
576 2579 985 2647 gastrimargim
1007 2579 1093 2631 cui
1120 2578 1445 2648 quotidiano
1459 2578 1788 2631 commercio
1808 2596 1900 2630 ne-

306 2681 590 2734 quaquam
613 2673 806 2725 extoto
824 2684 1013 2721 carere
1025 2684 1348 2737 possumus;
1374 2666 1640 2719 debemus
1663 2667 1810 2721 enim
1832 2684 1915 2719 ex-

304 2754 637 2808 necessitate
652 2773 763 2809 non
777 2773 841 2809 ex
853 2755 1127 2813 desiderio
1142 2756 1411 2809 alimenta
1434 2755 1735 2825 percipere,
1757 2755 1900 2808 sicut

302 2842 382 2894 ait
412 2844 698 2911 apostolus
730 2845 934 2897 Paulus
960 2863 970 2896 :
1002 2864 1025 2893 ‹‹
1054 2844 1119 2898 Et
1138 2860 1328 2899 curam
1354 2844 1538 2897 carnis
1556 2860 1624 2897 ne
1658 2843 1899 2897 feceritis

301 2930 359 2987 in
388 2931 681 2985 desideriis
714 2935 883 2997 (Rcui.
932 2951 1039 2997 xm,
1098 2933 1203 3000 l-l).
1242 2952 1267 2984 »
1319 2936 1457 2989 Cum
1507 2933 1654 2987 enim
1717 2932 1901 2991 carnis

300 3019 581 3077 desideria
606 3022 941 3090 respuimus,
966 3030 1193 3091 gentem
1222 3022 1542 3091 .Eg'yptiam
1568 3021 1895 3075 deserimus.

304 3108 566 3179 Reliquas
598 3127 724 3165 vero
745 3117 977 3180 septem,
1005 3128 1125 3181 qua:
1148 3118 1361 3181 septem
1385 3119 1515 3164 sunt
1536 3110 1690 3174 vitia,
1714 3110 1768 3164 id
1792 3115 1895 3171 est,

298 3197 614 3262 fornicatio,
650 3199 1012 3269 philargyria,
1044 3199 1144 3263 ira,
1178 3200 1428 3261 tristitia,
1463 3200 1672 3263 acedia,
1712 3216 1897 3252 caeno-

300 3285 482 3352 doxia,
517 3294 574 3340 et
603 3288 865 3357 SUperbia
894 3289 1135 3358 pmnitus
1149 3288 1421 3357 jubentur
1439 3288 1735 3357 exstingui.
1756 3288 1901 3351 Quia

301 3375 473 3443 igitur
493 3393 557 3429 ex
574 3384 893 3430 sanctorum
910 3369 1140 3431 Patrum
1157 3378 1435 3447 opusculis
1451 3378 1898 3447 pauca,donante

300 3462 435 3525 Deo,
451 3465 520 3516 de
534 3471 656 3517 octo
673 3466 816 3519 vitiis
834 3466 1233 3536 principalibus
1249 3467 1627 3535 excerpsimus
1641 3466 1896 3519 testimo-

298 3552 412 3618 nia,
429 3571 577 3607 nunc
590 3555 656 3606 de
670 3572 858 3624 pugna
870 3556 1139 3609 virtutum
1164 3558 1243 3609 vel
1273 3556 1513 3625 qualiter
1533 3555 1891 3623 cogitatione,

293 3641 579 3695 locutione
611 3649 665 3695 et
688 3660 854 3713 opere
877 3650 1273 3713 perpetrantur
1298 3652 1525 3714 peccata
1553 3643 1891 3713 carpiamus.

297 3784 430 3837 CAP.
458 3784 700 3837 LXXIII.
730 3816 792 3823 —
831 3786 979 3851 Quod
1000 3791 1186 3838 contra
1225 3788 1648 3853 zuzrmzquodI/ur
1696 3788 1896 3838 ritz'um

585 3859 820 3921 singula?
850 3860 1081 3910 virtutes
1107 3862 1235 3909 sunt
1261 3860 1600 3923 opponendm.

371 3982 552 4047 ([ςίίι.)
586 3980 763 4049 Igitur
790 3986 983 4037 contra
1011 3982 1231 4049 singula
1252 3982 1383 4035 vitia
1418 3981 1648 4035 virtutes
1664 3981 1896 4049 singulae

1979 2039 2165 2087 autem
2180 2031 3129 2102 seductainpraevaricationefuitU
3144 2034 3281 2095 Tim.
3306 2049 3360 2099 ιι,
3404 2032 3506 2097 Μ),
3544 2049 3571 2085 ι

1980 2122 2122 2190 Ergo
2146 2122 2257 2179 Eva
2284 2122 2531 2190 peccavit
2553 2121 2886 2190 ignorantia.
2913 2120 3092 2183 Adam
3126 2137 3252 2174 vero
3276 2120 3569 2185 industria,

1980 2210 2111 2280 quia
2135 2226 2244 2263 non
2277 2216 2361 2263 est
2389 2211 2668 2274 seductus,
2703 2210 2799 2263 sed
2827 2210 3008 2263 sciens
3047 2209 3403 2279 prudensque
3445 2225 3575 2280 pec-

1980 2299 2142 2353 cavit.
2167 2300 2415 2362 Quivero
2438 2299 2739 2363 seducitur,
2766 2299 2899 2368 quid
2939 2299 3252 2357 consentiat
3290 2298 3578 2363 evidenter

1982 2388 2219 2456 ignorat.
2235 2388 2314 2442 De
2328 2387 2651 2441 inﬁrmitate
2665 2393 2851 2445 autem
2869 2388 3070 2441 Petrus
3088 2387 3575 2456 deliquit,quando

1982 2478 2051 2531 ad
2080 2482 2293 2538 metum
2322 2475 2721 2545 interrogantis
2758 2476 2972 2535 ancillae
3003 2475 3288 2537 Christum
3328 2475 3572 2546 negavit,

1983 2572 2039 2618 et
2070 2571 2194 2634 post
2225 2571 2509 2634 peccatum
2541 2564 2890 2619 amarissime
2936 2563 3104 2621 ﬂevit.
3141 2563 3377 2623 Gravius
3425 2564 3577 2631 enim

1984 2653 2309 2709 inﬁrmitate
2339 2660 2425 2709 est
2453 2670 2621 2723 quam
2666 2653 2986 2722 ignorantia
3015 2668 3356 2723 quamquam
3394 2652 3575 2717 delina

1982 2759 2171 2812 quere,
2203 2742 2540 2812 graviusque
2563 2742 2841 2799 industria
2870 2759 3038 2811 quam
3080 2740 3409 2803 inﬁrmitate
3452 2758 3576 2812 pecs

1982 2848 2108 2884 care
2131 2850 2142 2897 ;
2173 2830 2451 2887 industria
2471 2846 2715 2900 namque
2736 2836 2927 2899 peccat
2951 2830 3043 2899 qui
3068 2830 3317 2891 studium
3352 2846 3415 2889 ac
3442 2829 3576 2891 deli-

1982 2920 2483 2988 berationis[Forte
2505 2935 2612 2971 cur.
2639 2920 2825 2973 studio
2840 2936 2904 2972 ac
2921 2918 3344 2989 deliberatione]
3373 2918 3578 2983 mentis

1984 3010 2191 3069 malum
2206 3009 2342 3077 agit,
2357 3008 2453 3063 inti
2464 3008 2687 3061 rmitate
2699 3014 2885 3061 autem
2899 3008 3135 3078 quicasu
3158 3008 3243 3060 vel
3264 3007 3577 3078 praecipita:

1917 3062 1959 3127 Ο
1979 3097 2133 3150 tione
2161 3062 2453 3166 delinquit.
2473 3096 2722 3166 Nequius
2743 3062 2933 3151 autem
2953 3101 3009 3149 et
3025 3062 3305 3157 industria
3325 3062 3573 3166 peccant,
3620 3144 3633 3151 -

1983 3186 2076 3256 qui
2103 3204 2214 3241 non
2237 3189 2419 3243 solum
2450 3203 2560 3241 non
2592 3185 2732 3245 bene
2773 3185 2978 3249 vivunt,
3002 3185 3097 3238 sed
3121 3185 3303 3238 adhuc
3332 3184 3474 3241 bene
3504 3184 3581 3239 vi.-

1983 3282 2191 3339 ventes,
2224 3276 2270 3329 si
2301 3281 2554 3345 possunt,
2587 3292 2618 3329 a
2650 3276 2880 3329 veritate
2911 3274 3214 3329 divertunt.
3257 3275 3400 3335 Sunt
3428 3273 3580 3339 enim

1983 3365 2077 3434 qui
2107 3365 2435 3433 ignoranter
2451 3372 2699 3433 peccant,
2726 3371 2781 3417 et
2801 3369 2933 3417 sunt
2947 3363 3039 3432 qui
3070 3362 3326 3427 scienter,
3362 3367 3418 3417 et
3446 3367 3581 3425 sunt

1983 3454 2150 3506 etiam
2182 3458 2238 3507 et
2269 3452 2361 3522 qui
2396 3470 2497 3521 pro
2540 3452 2871 3519 ignorantiae
2900 3450 3255 3507 excusatione
3293 3449 3433 3509 scire
3472 3466 3573 3514 no:-

1977 3542 2119 3604 lunt,
2146 3548 2208 3594 ut
2231 3541 2414 3600 minus
2435 3539 2736 3609 culpabiles
2775 3538 3106 3604 habeantur,
3144 3537 3237 3608 qui
3264 3543 3453 3595 tamen
3483 3555 3579 3603 seu,

1978 3630 2128 3698 ipsos
2160 3646 2271 3682 non
2313 3629 2592 3692 minuunt,
2635 3628 2730 3681 sed
2783 3627 2961 3696 magis
3009 3626 3312 3696 decipiunt.
3348 3625 3575 3689 Nescire

1980 3718 2309 3787 simpliciter
2337 3718 2405 3771 ad
2442 3717 2820 3785 ignorantiam
2852 3716 3111 3785 pertinet.
3156 3714 3415 3777 Noluisse
3444 3731 3573 3775 vero

1980 3806 2121 3861 scire.
2139 3808 2204 3860 ad
2230 3812 2614 3859 contumacem
2631 3803 2968 3874 superbiam.
2986 3804 3347 3858 Voluntatem
3368 3803 3575 3874 quippe

1981 3895 2189 3965 proprii
2212 3895 2423 3948 domini
2440 3895 2578 3947 velle
2593 3894 2805 3947 nescire
2817 3893 3041 3962 quidem
3061 3892 3209 3951 aliud
3238 3908 3406 3963 quam
3433 3892 3573 3956 velle

1978 3984 2269 4037 dominum
2314 3982 2688 4052 superbiendo
2731 3988 3089 4037 contemnere
3149 4000 3159 4035 :
3215 3998 3381 4036 nemo
3420 3981 3575 4050 ignor-

293 4069 644 4139 opponenda:
675 4075 822 4129 sunt.
857 4077 913 4123 et
940 4072 1202 4124 adversus
1232 4070 1473 4140 impetus
1494 4070 1753 4123 vitiorum
1770 4088 1896 4124 con-
1978 4090 2110 4128 rans
2130 4073 2229 4126 Dei
2245 4072 2557 4141 ignorantia
2571 4089 2629 4125 se
2642 4077 2884 4136 ex'cuset,
2912 4072 3042 4141 quia
3072 4072 3219 4125 Deus
3239 4087 3352 4129 non
3388 4071 3571 4137 solum

294 4158 491 4211 trariis
519 4158 814 4211 virtutibus
846 4165 929 4211 est
952 4160 1347 4230 pugnandum;
1382 4165 1577 4211 contra
1598 4159 1896 4227 ingluviem
1980 4179 2073 4214 eos
2096 4161 2313 4231 judicat
2342 4161 2435 4231 qui
2477 4178 2507 4214 a
2555 4160 2872 4229 cognitione
2920 4178 3023 4213 sua
3068 4165 3442 4224 revertuntur,
3475 4159 3571 4213 sed

296 4247 451 4300 enim
483 4247 693 4301 ventris
718 4247 958 4318 parcitas
977 4255 1031 4301 et
1060 4247 1399 4302 abstinentia
1428 4248 1853 4317 estopponenda
1881 4267 1891 4313 ;
1979 4251 2147 4304 etiam
2182 4250 2304 4303 illos
2347 4250 2441 4320 qui
2472 4250 2808 4315 nescierunt,
2837 4255 3083 4307 testante
3111 4249 3307 4303 eodem
3336 4248 3571 4311 Domino

297 4342 497 4390 contra
528 4336 805 4391 luxuriam
826 4337 1028 4401 cordis,
1060 4338 1240 4390 cordis
1272 4343 1356 4390 est
1385 4337 1701 4391 adhibenda
1733 4355 1960 4433 mun-D
1980 4357 2077 4409 per
2120 4340 2449 4410 prophetam
2496 4357 2506 4391 :
2546 4362 2569 4387 ‹‹
2624 4339 2972 4409 Disperdam,
3024 4338 3223 4407 inquit,
3256 4336 3510 4392 homines
3539 4353 3571 4391 a

297 4425 469 4490 ditia;
495 4432 690 4478 contra
711 4425 985 4481 luxuriam
1019 4425 1220 4490 carnis,
1247 4426 1427 4478 cordis
1454 4432 1509 4479 et
1537 4426 1782 4495 corporis
1812 4425 1954 4478 est"
1980 4428 2116 4481 facie
2136 4433 2319 4493 terrze,
2343 4435 2399 4481 et
2427 4444 2521 4480 eos
2561 4427 2654 4498 qui
2699 4432 3029 4483 avertuntur
3061 4432 3187 4496 post
3214 4431 3435 4495 tergum
3466 4425 3573 4479 Dea

297 4513 529 4566 castitas
550 4512 886 4577 exhibenda;
904 4520 1098 4567 contra
1120 4513 1407 4567 avaritiam
1426 4514 1658 4582 largitas
1677 4533 1687 4578 ς
1703 4519 1896 4567 contra

1982 4516 2116 4571 mini
2139 4522 2194 4569 et
2217 4516 2312 4586 qui
2343 4533 2453 4569 non
2484 4515 2826 4584 quaesierunt
2854 4514 3153 4569 Dominum
3198 4530 3299 4567 nec
3342 4512 3571 4568 investi-

300 4602 723 4672 philargq'riam,
759 4602 809 4655 id
848 4608 947 4667 est,
982 4619 1230 4656 amorem
1266 4602 1532 4673 perunim.
1569 4603 1793 4656 auditas
1842 4608 1897 4656 et
1977 4609 2251 4677 gaverunt
2283 4620 2409 4656 eum
2430 4604 2613 4670 (Soph.
2636 4619 2670 4665 1,
2701 4602 2772 4665 3).
2803 4623 2822 4655 ι
2850 4603 2918 4657 Et
2939 4603 3221 4665 Psalmus:
3259 4621 3283 4655 α
3314 4601 3567 4663 Εῐῑηηίίθ.

297 4690 626 4762 exspoliatio
656 4690 1005 4756 divitiarum;
1039 4696 1233 4747 contra
1268 4689 1532 4745 invidiam
1565 4690 1806 4745 charitas
1841 4696 1897 4743 et

296 4774 549 4832 fraterna
569 4780 1001 4849 congratulatio;
1027 4787 1220 4834 contra
1231 4780 1419 4834 odium
1434 4780 1654 4834 dilectio
1676 4800 1685 4845 ς
1707 4786 1898 4835 contra

300 4869 397 4921 ira:
430 4868 687 4921 incendia
716 4870 1085 4923 mansuetudo
1114 4889 1124 4934 ;
1160 4876 1357 4922 contra
1382 4869 1674 4922 tristitiam
1712 4869 1899 4923 szeculi

300 4957 557 5026 spiritale
586 4958 892 5025 gaudium:
929 4965 1121 5011 contra
1163 4959 1412 5011 acediam
1459 4958 1898 5028 dissolutamque

300 5046 675 5115 vagationem,
696 5046 968 5099 stabilitas
993 5048 1153 5099 ﬁrma
1176 5055 1397 5107 geontra
1418 5064 1615 5099 vanam
1635 5048 1893 5115 gloriam,

302 5134 404 5190 Dei
434 5134 603 5186 timor
626 5153 636 5192 ς
663 5140 856 5189 contra
876 5136 1195 5206 superbiam
1218 5136 1442 5191 diaboli.
1468 5137 1770 5205 opponitur
1792 5138 1898 5189 hu-

305 5223 519 5277 militas
543 5223 748 5277 Christi
777 5224 882 5278 :ita
902 5230 958 5279 et
977 5231 1170 5278 contra
1181 5230 1382 5277 czetera
1404 5224 1536 5277 vitia
1550 5242 1898 5294 unaquaeque

306 5312 538 5382 propria
558 5312 688 5365 boni
718 5314 900 5383 operis
932 5314 1108 5368 virtus
1136 5318 1469 5383 opponatur,
1504 5313 1896 5383 principalium

306 5400 457 5454 enim
490 5407 704 5470 septem
730 5401 988 5456 vitiorum
1008 5402 1203 5471 regina
1225 5408 1281 5455 et
1298 5408 1482 5454 mater
1503 5402 1761 5471 superbia
1795 5411 1896 5468 est,

311 5490 623 5560 eademque
642 5496 854 5560 septem
874 5491 1201 5561 principalia
1223 5492 1399 5544 multa
1416 5491 1482 5541 .le
1506 5508 1563 5541 se
1587 5491 1907 5559 parturiunt

314 5578 614 5649 vitimquia
642 5579 721 5637 ita
748 5579 853 5635 sibi
883 5585 939 5645 et
955 5580 1197 5651 quadam
1218 5579 1550 5649 cognatione
1567 5579 1903 5647 iunguntur:

1981 4693 2180 4763 inquit,
2210 4692 2352 4753 iram
2381 4698 2536 4747 tuam
2562 4692 2619 4744 in
2647 4698 2843 4760 gentes
2883 4709 3005 4761 qua)
3048 4697 3103 4744 te
3142 4708 3252 4748 non
3300 4696 3575 4751 noverunt

1982 4781 2149 4850 (Psol.
2192 4797 2408 4843 LXXVIII,
2444 4780 2517 4847 6).
2550 4802 2570 4831 υ
2607 4780 2750 4833 Sunt
2777 4780 2924 4843 enim
2953 4779 3047 4849 qui
3077 4780 3218 4841 levia
3255 4784 3313 4834 et
3341 4779 3577 4841 minima

1982 4869 2343 4927 committunt
2365 4875 2592 4939 peccata
2618 4869 2676 4922 in
2700 4868 3055 4938 cogitatione,
3081 4867 3377 4931 locutione,
3405 4873 3575 4938 atqiie

1983 4976 2149 5029 opere
2173 4978 2183 5024 ;
2219 4965 2352 5012 sunt
2380 4964 2435 5012 et
2464 4958 2558 5027 qui
2585 4958 2779 5027 gravia
2799 4962 3126 5028 perpetrant
3146 4957 3201 5010 in
3214 4955 3571 5027 cogitatione,

1984 5048 2277 5111 locutione,
2307 5052 2361 5100 et
2387 5064 2571 5117 Opere,
2594 5048 2821 5103 scelera.
2844 5046 3012 5103 Levia
3032 5063 3276 5117 namque
3296 5045 3353 5101 in
3372 5044 3578 5114 cogita-

1980 5136 2133 5191 tione
2145 5136 2453 5191 admittunt
2472 5142 2716 5205 peccata,
2742 5135 2835 5204 qui
2864 5135 3105 5189 lubricas
3126 5142 3182 5188 et
3205 5139 3460 5194 ventosas
3491 5150 3578 5187 (ιοτ

1980 5226 2282 5293 gitationes
2301 5226 2668 5289 delectantur,
2698 5225 2843 5279 unde
2866 5232 2921 5278 et
2943 5224 3212 5281 Dominus
3241 5241 3341 5295 per
3373 5224 3576 5281 Isaiam

1985 5316 2312 5384 prophetam
2372 5314 2451 5369 ait
2510 5333 2519 5366 :
2571 5333 2597 5367 ε(
2640 5314 2868 5368 Auferte
2917 5314 3141 5366 malum
3175 5313 3579 5384 cogitationum

1988 5411 2298 5459 vestrarum
2340 5403 2409 5456 ab
2449 5402 2622 5456 oculis
2661 5402 2798 5459 meis
2847 5404 2973 5468 (Ικςςι.
3026 5420 3057 5465 l,
3116 5402 3211 5467 lli).
3252 5422 3276 5453 υ
3326 5402 3583 5459 Graviter

1990 5492 2137 5545 enim
2170 5492 2226 5547 in
2257 5491 2595 5560 cogitatione
2614 5490 2950 5562 delinquunt
2972 5490 3064 5560 qui
3106 5508 3303 5560 pravas
3331 5498 3384 5545 et
3416 5489 3583 5565 pesti-

1990 5580 2134 5633 feras
2163 5580 2530 5651 cogitationes
2563 5579 2621 5637 in
2650 5586 2870 5639 tantum
2910 5579 3260 5641 delectantur
3290 5586 3351 5641 ut
3390 5595 3484 5637 eas
3513 5579 3583 5641 ad
