4018 6168
513 301 647 359 1391
1477 297 1571 353 DE
1608 297 1824 353 VITIIS
1864 296 1953 351 ET
1990 294 2442 352 VIRTUTIBUS.
2478 328 2545 338 —
2584 298 2719 353 LIB.
2761 299 2864 355 III.
3602 303 3713 361 139?.

509 426 767 482 effectum
792 422 1035 496 perversi
1053 423 1240 494 Operis
1274 422 1580 494 perducere
1607 422 1854 494 cupiant,
1886 420 1956 475 de
1987 419 2169 490 qui-A
2187 420 2393 490 Magna
2411 421 2602 493 itaque
2617 420 2966 477 observantia
2987 423 3137 478 circa
3152 424 3328 479 cordis
3352 430 3431 480 est
3446 427 3712 482 custodiam

507 515 614 570 bus
649 530 808 570 sacra
846 517 1088 568 testatur
1132 510 1421 583 Scriptura
1451 529 1463 564 :
1501 531 1525 563 ι
1575 512 1855 566 Perversa:
1895 509 2104 579 cogita-
2182 509 2519 569 adhibenda.
2547 510 2677 582 quia
2706 516 2808 566 aut
2830 511 3008 577 bonae,
3039 518 3140 567 aut
3164 513 3320 569 mala:
3346 514 3423 569 rei
3460 514 3530 571 ibi
3566 517 3713 571 consi-

505 603 688 660 tiones
709 605 974 674 separant
996 618 1031 656 a
1062 601 1178 655 Deo
1197 601 1346 671 (Sap.
1369 617 1405 668 ι,
1431 590 1502 671 5).
1529 621 1554 651 ι)
1582 599 1801 655 Leviter
1828 599 1979 654 enim
2007 599 2102 653 de-
2180 599 2281 653 stit
2299 599 2476 670 origo.
2496 601 2638 654 Nam
2659 600 3083 672 sicutscriptum
3100 607 3188 656 est
3208 620 3220 654 :
3239 620 3266 653 α
3289 603 3365 658 Ex
3375 603 3527 658 corde
3543 610 3713 659 exeunt

504 691 712 764 linquit
733 707 990 746 sermone
1013 690 1110 761 qui
1124 689 1365 744 otiosum
1385 689 1616 744 verbum
1647 688 1900 761 loquitur
1924 688 2094 751 unde,
2179 687 2548 758 cogitationes
2571 689 2730 744 make
2755 690 2970 757 (Matth.
2986 706 3076 756 xv,
3102 689 3213 760 29),
3241 709 3265 742 ι
3282 691 3503 764 ideoque
3529 692 3571 747 si
3587 693 3715 765 prius

502 780 744 838 Domino
769 779 1009 844 dicente,
1048 798 1071 830 ι
1104 778 1391 833 reddenda
1433 783 1520 832 est
1544 778 1690 833 ratio
1739 795 1751 831 :
1800 796 1822 829 ι
1853 777 2100 847 graviter
2181 793 2364 847 pravae
2392 777 2717 849 cogitationi
2746 778 3083 846 resistimus,
3114 779 3175 834 in
3200 780 3413 852 lapsum
3440 781 3604 852 operis
3625 798 3714 837 non

503 870 657 926 enim
685 874 878 942 peccat
904 867 964 923 in
992 866 1159 922 verbo
1184 867 1281 938 qui
1306 866 1568 922 falsitatis
1598 866 1811 922 crimen
1840 865 2092 931 incurrit,
2178 864 2538 921 incurrimus.

503 959 640 1032 quia
694 974 759 1014 os
797 956 946 1029 quod
990 955 1263 1010 mentitur
1305 954 1508 1010 occidit
1560 955 1829 1010 animam.
1878 954 2101 1009 Leviter
2181 955 2357 1020 ()uam
2374 957 2743 1023 periculosum
2771 958 2845 1010 sit
2864 959 3285 1024 cogitationibus
3304 962 3462 1013 malis
3478 961 3713 1014 delectari.

505 1047 656 1105 enim
682 1051 877 1120 peccat
902 1061 1071 1117 opere
1100 1043 1197 1117 qui
1229 1043 1572 1100 otiositatem
1618 1048 1864 1098 sectatus
1903 1042 2092 1108 fuerit,
2249 1042 2381 1097 Fuit
2406 1043 2635 1114 quidam
2657 1043 2744 1098 vir
2770 1051 3018 1111 sanctus,
3051 1046 3313 1118 Eologius
3327 1046 3554 1115 nomine,
3574 1047 3717 1120 quiin

500 1136 750 1211 graviter
769 1135 865 1208 qui
892 1135 1107 1190 furtum
1134 1139 1193 1188 et
1218 1133 1474 1205 rapinam
1522 1132 1732 1199 fecerit,
1764 1131 1962 1187 leviter
2000 1131 2097 1204 qui
2179 1131 2477 1188 oil'erendis
2504 1134 2872 1189 sacramentis
2904 1139 3128 1189 tantum
3175 1135 3372 1206 gratiae
3408 1143 3665 1208 acceperat
3691 1154 3720 1191 a

502 1241 808 1300 pauperem
836 1221 1264 1296 exasperaverit,
1285 1221 1534 1292 graviter
1548 1223 1645 1293 qui
1667 1238 1797 1276 eum
1820 1220 2097 1293 exspolia-
2178 1218 2417 1274 Domino
2444 1225 2511 1276 ut
2534 1222 2976 1294 uniuscujusque
3005 1223 3391 1279 accedentium
3418 1225 3602 1279 merita
3621 1226 3718 1280 cul-

502 1314 663 1380 verit,
692 1313 891 1370 leviter
919 1312 1016 1384 qui
1055 1317 1345 1367 mortuum
1378 1327 1492 1366 non
1521 1310 1824 1383 sepelierit,
1852 1309 2100 1382 graviter
2178 1324 2390 1380 pasque
2419 1316 2795 1380 cognosceret.
2819 1311 3071 1383 Denique
3100 1312 3373 1382 quosdam
3398 1314 3622 1368 volentes
3643 1331 3718 1368 ac-

503 1403 599 1476 qui
626 1402 910 1458 hominem
927 1400 1210 1467 occiderit,
1235 1405 1293 1455 et
1310 1401 1492 1455 multa
1508 1399 1598 1455 his
1626 1398 1835 1455 similia
1866 1398 1925 1454 in
1948 1398 2098 1453 locu-
2178 1397 3229 1467 cedereadcommunionemretinebat,
3244 1401 3459 1456 dicens:
3476 1402 3720 1466 Quomodo

501 1492 654 1549 tione
672 1496 731 1548 et
750 1507 919 1564 opere
936 1489 1185 1545 invenies
1212 1494 1458 1562 peccata.
2177 1486 2302 1541 ausi
2323 1485 2456 1542 estis
2474 1487 2738 1543 accedere
2771 1489 2842 1543 ad
2864 1495 3218 1563 sacramenta
3244 1490 3432 1547 divina
3450 1507 3568 1546 cum
3592 1508 3722 1546 mens

1181 1634 1193 1646 ,
1343 1634 1354 1646 _
1489 1633 1500 1644 ,
1597 1633 1608 1644 ,
1838 1633 1848 1644 ,
2177 1578 2364 1630 vestra
2379 1581 2438 1630 et
2452 1578 2807 1648 propositum
2821 1578 2897 1632 sit
2906 1578 2967 1633 in
2980 1579 3164 1634 malo?
3182 1579 3434 1652 Denique
3451 1580 3618 1634 aiebat
3633 1580 3721 1634 :Tu

500 1636 632 1692 CAP.
682 1633 897 1690 LXXV.
932 1663 997 1675 -—
1026 1633 1101 1688 De
1131 1632 1217 1686 his
1253 1648 1351 1702 qu:
1381 1635 1708 1700 cogitatione
1735 1632 2095 1700 delinquunt.
2177 1662 2425 1718 habuisti
2457 1665 2827 1736 cogitationes
2870 1666 3200 1723 fomicandi.
3228 1669 3315 1724 Tu
3343 1684 3470 1723 vero
3494 1668 3655 1723 (misti
3678 1667 3723 1723 in

568 1761 751 1833 (lsid.)
773 1757 1039 1824 Quamvis
1061 1756 1133 1812 ab
1157 1773 1327 1829 opere
1347 1756 1498 1810 malo
1526 1754 1762 1828 quisque
1783 1759 1958 1822 vacet,
1990 1771 2093 1827 pro
2113 1778 2159 1839 Β
2176 1752 2343 1807 corde
2362 1758 2498 1808 tuo:
2524 1753 2677 1809 Nihil
2712 1754 2952 1810 interest
2978 1755 3096 1811 sive
3116 1757 3310 1828 justus
3332 1757 3403 1811 ad
3426 1761 3725 1812 sacramenta

498 1849 671 1906 solius
682 1853 876 1904 tamen
886 1845 1243 1918 cogitationis
1265 1862 1448 1918 pravae
1480 1843 1699 1899 malitia
1724 1860 1839 1899 non
1867 1844 1977 1899 erit
2003 1844 2093 1899 in-
2176 1840 2291 1895 sive
2320 1847 2582 1913 peccator
2607 1843 2870 1912 accedat;
2905 1850 2965 1900 et
2981 1845 3128 1900 alius
3143 1845 3547 1902 dubitationem
3567 1845 3727 1901 habuit

498 1952 723 2003 nocens,
748 1936 899 1992 unde
919 1935 1259 1991 etDominus
1271 1951 1372 2006 per
1391 1933 1597 1989 Isaiam
1621 1951 1632 1986 :
1660 1953 1684 1985 κ
1709 1933 1940 1988 Auferte
1969 1949 2093 1988 ma-
2175 1927 2234 1984 in
2253 1931 2419 1986 corde
2440 1931 2661 1987 dicens:
2684 1932 2830 1998 Quid
2847 1933 3001 1989 enim
3019 1950 3111 1989 me
3138 1934 3489 1990 sanctiﬁcare
3515 1951 3724 1990 commu-

498 2025 617 2081 lum
645 2025 1051 2098 cogitationum
1080 2029 1393 2079 vestrarum
1419 2022 1490 2078 ab
1525 2023 1701 2078 oculis
1724 2022 1863 2077 meis
1889 2024 2020 2092 (Im.
2053 2039 2088 2089 ι,
2175 2017 2269 2073 nio
2288 2020 2505 2091 potest?
2524 2021 2639 2077 Hos
2666 2038 2800 2092 ergo
2830 2022 3083 2094 singulos
3116 2022 3441 2086 removebat
3465 2040 3499 2079 a
3521 2040 3726 2080 commu-

498 2114 607 2185 19),
638 2131 753 2171 non
779 2114 963 2170 solum
990 2113 1144 2169 enim
1177 2113 1358 2180 factis,
1411 2113 1512 2168 sed
1555 2117 1614 2168 et
1659 2110 2093 2182 cogitationibus
2173 2107 2341 2163 nione
2367 2111 2723 2178 sacramenti,
2740 2117 2799 2166 et
2814 2111 3035 2167 dicebat
3046 2112 3128 2168 eis
3155 2130 3168 2165 :
3192 2113 3450 2169 Secedite
3478 2113 3722 2185 paululum

496 2202 892 2276 delinquimus,
914 2203 964 2258 si
982 2203 1062 2258 eis
1077 2202 1267 2257 illicite
1283 2201 1704 2257 occurrentibus
1725 2201 2086 2256 delectemur.
2172 2202 2231 2250 et
2256 2196 2404 2268 agite
2415 2198 2823 2269 penitentiam,
2841 2205 2907 2255 ut
2918 2201 3198 2272 purificati
3211 2218 3319 2273 per
3337 2201 3725 2257 satisfactionem

494 2292 642 2349 Nam
677 2291 1044 2364 cogitationes
1060 2290 1284 2346 illicitas
1311 2307 1602 2347 occurrere
1633 2290 1951 2345 daemonum
1981 2294 2084 2356 est,
2172 2292 2231 2339 et
2256 2286 2534 2358 lacrymas
2561 2287 2716 2358 digni
2742 2287 3063 2345 habeamini
3107 2291 3503 2346 communione

494 2381 925 2453 cogitationibus
934 2379 1199 2436 oblectari
1210 2379 1484 2451 perversis
1494 2385 1750 2435 nostrum
1774 2383 1878 2432 est.
1897 2378 2090 2433 Scien-

492 2472 630 2528 dum
657 2477 850 2527 autem
878 2470 1012 2542 quia
1061 2469 1267 2542 triplex
1309 2474 1397 2523 est
1438 2468 1638 2523 modus
1685 2467 2089 2537 cogitationum

492 2576 738 2633 nequam
761 2579 773 2615 :
793 2577 940 2616 unus
957 2574 1153 2616 earum
1173 2576 1297 2631 quae
1307 2557 1709 2614 deliberatione
1724 2563 1783 2612 et
1801 2558 2088 2631 proposito

448 2715 460 2727 ι
491 2649 760 2722 peccandi
789 2653 1037 2704 mentem
1064 2647 1488 2715 contaminant;
1536 2647 1679 2702 alius
1722 2663 1917 2702 earum
1963 2664 2088 2718 qua:

491 2737 863 2794 delectatione
889 2737 1117 2808 quidem
1129 2735 1342 2809 peccati
1362 2740 1608 2790 mentem
1626 2733 2089 2807 perturbant,nec

492 2830 686 2887 tamen
715 2825 864 2882 hanc
890 2825 960 2880 ad
1004 2825 1269 2898 peccandi
1313 2840 1646 2880 consensum
1702 2824 2040 2895 pertrahunt
2070 2843 2084 2892 ;

489 2914 694 2970 tertius
723 2929 936 2981 earum,
969 2930 1092 2986 quae
1120 2912 1365 2968 naturali
1392 2917 1550 2968 motu
1579 2917 1828 2968 mentem
1857 2928 2088 2984 percur-

489 3007 680 3060 rentes
704 3019 819 3059 non
862 3007 983 3058 tam
1022 3002 1168 3057 hanc
1213 3001 1285 3056 ad
1333 3001 1610 3073 patranda
1646 3001 1785 3056 vitia
1827 3000 2082 3068 illiciunt,

2172 2445 2303 2499 Car.
2349 2445 2590 2501 LXXVI.
2635 2477 2701 2487 —
2732 2448 2885 2515 Quod
2909 2451 3102 2503 omnia
3130 2451 3528 2518 cogitationum
3559 2453 3725 2504 secreta

2504 2519 2713 2572 divinis
2742 2521 3044 2588 aspectibus
3070 2525 3204 2574 sunt
3229 2525 3442 2591 aperta.

2240 2659 2512 2730 Apertum
2544 2674 2789 2730 namque
2811 2659 3120 2716 divinitatis
3140 2660 3418 2717 indicium
3446 2667 3527 2717 est
3549 2661 3726 2732 cogita-

2168 2745 2387 2802 tionum
2411 2763 2578 2802 nosse
2604 2752 2837 2814 secreta,
2863 2748 3163 2805 Salomone
3181 2750 3519 2816 afﬁrmante,
3537 2749 3727 2822 quidem

2169 2835 2600 2911 supplicansait
2623 2855 2634 2890 :
2661 2855 2688 2890 α
2712 2837 2791 2892 l‘u
2809 2837 2960 2892 enim
2982 2838 3136 2893 solus
3152 2840 3307 2895 nosti
3331 2839 3499 2896 corda
3514 2839 3728 2894 omnium

2169 2923 2415 2979 ﬁliorum
2446 2925 2738 2980 hominum
2780 2928 2961 2993 (Prov.
3009 2943 3099 2995 xv,
3135 2926 3266 2999 il);
3305 2948 3330 2982 ι»
3374 2935 3433 2984 et
3483 2928 3729 3000 apostolus

2168 3013 2377 3069 Paulus
2408 3032 2420 3068 :
2457 3038 2484 3066 (ι
2515 3014 2687 3069 Vivus
2707 3019 2794 3070 est
2821 3015 2973 3070 enim
3000 3032 3187 3072 sermo
3229 3017 3340 3073 Dei
3382 3025 3441 3074 et
3473 3018 3649 3073 eﬂicax
3684 3021 3731 3070 et

450 3118 471 3131 -
491 3109 663 3164 quam
689 3109 726 3148 a
750 3091 931 3156 nobis,
964 3107 1087 3163 qua:
1108 3090 1356 3161 cogitare
1369 3089 1582 3156 debuit,
1608 3089 1962 3180 impediunt;
1995 3098 2139 3160 ve-C
2163 3102 2563 3174 penetmbiﬁor
2602 3103 2756 3158 omni
2805 3103 2994 3175 gladio
3035 3105 3272 3177 ancipiti
3330 3112 3390 3161 et
3441 3107 3727 3180 pertingens

448 3237 464 3247 ,
489 3180 595 3236 luti
623 3186 711 3236 est
729 3197 856 3236 cum
880 3180 1278 3252 phantasmata
1289 3195 1504 3246 rerum,
1526 3195 1649 3250 quae
1662 3178 1964 3251 aliquando
1985 3195 2082 3234 su-

486 3285 760 3342 pervacue
803 3274 967 3341 gesta
1010 3268 1096 3322 vel
1133 3266 1283 3322 dicta
1324 3266 1598 3333 novimus,
1641 3266 1712 3321 ad
1752 3267 2083 3321 memoriam

488 3357 829 3425 reducimus,
862 3373 1101 3429 quarum
1125 3355 1292 3411 creba
1309 3355 1653 3421 retractatio,
1677 3355 1838 3427 quasi
1868 3356 2080 3427 impor-

487 3451 965 3502 tunamuscarum
981 3431 1328 3518 improbitas,
1352 3444 1542 3500 oculos
1563 3443 1747 3499 cordis
1771 3443 2083 3500 circumvo-

486 3534 606 3591 lare
625 3551 692 3590 ac
717 3534 1029 3607 spiritalem
1049 3535 1173 3606 ejus
1194 3533 1369 3588 aciem
1390 3533 1704 3604 inquietare
1722 3535 1903 3605 magis
1913 3550 2083 3607 quam

486 3639 764 3678 excaecare
781 3622 1094 3679 consuevit.
1134 3623 1185 3677 A
1215 3621 1432 3677 cunctis
1457 3625 1648 3676 autem
1676 3621 1765 3676 his
1795 3621 2085 3692 cogitatio-

482 3727 622 3770 num
647 3727 893 3785 nequam
918 3710 1219 3783 generibus
1245 3709 1509 3781 castigari
1545 3709 1767 3765 monuit
1794 3710 2077 3777 Salomon,

485 3817 616 3857 cum
631 3800 795 3857 dicit:
815 3820 841 3854 «
864 3800 1032 3856 Omni
1051 3800 1304 3856 custodia
1318 3816 1478 3854 serva
1498 3815 1595 3854 cor
1612 3805 1796 3854 tuum.
1813 3799 2080 3872 quoniam

485 3906 556 3946 ex
580 3889 702 3963 ipso
726 3889 845 3945 vita
870 3889 1125 3960 procedit
1163 3889 1340 3958 (Prov.
1366 3903 1434 3952 iv,
1457 3885 1568 3953 23),
1616 3906 1643 3940 »
1677 3889 1838 3959 cujus
1866 3888 2085 3944 monita

485 3984 787 4051 sequentes
810 3993 1044 4048 agamus
1070 3975 1312 4040 solliciti,
1340 3980 1406 4030 ut
1431 3975 1478 4030 si
1504 3975 1639 4047 quid
1667 3993 1941 4032 consensu
1959 3994 2085 4050 per-

485 4066 775 4140 petrandis
810 4065 1073 4121 facinoris
1100 4064 1160 4120 in
1201 4064 1392 4119 animo
1430 4064 1790 4137 deliquimus,
1830 4065 1943 4121 cita
1977 4067 2083 4122 hoc

485 4154 836 4211 confessione
858 4159 916 4209 et
945 4153 1130 4225 dignis
1177 4152 1520 4226 poenitentiae
1556 4153 1830 4210 fructibus
1872 4154 2084 4210 abster-

484 4243 778 4316 gamus;si
796 4242 1165 4299 delectatione
1184 4242 1449 4315 peccandi
1468 4260 1572 4298 nos
1598 4243 1805 4299 tentari
1839 4245 2081 4300 senseri-

486 4350 631 4401 mus,
659 4331 883 4388 noxiam
911 4331 1341 4388 delectationem
1370 4331 1579 4387 crebris
1606 4332 1863 4404 precibus
1904 4349 1970 4388 ac
1997 4334 2082 4388 la-

2165 3207 2344 3262 usque
2372 3193 2447 3249 ad
2470 3191 2802 3247 divisionem
2828 3193 3031 3250 animae
3053 3210 3120 3249 ac
3141 3194 3401 3266 spiritus,
3432 3211 3729 3268 compagum

2165 3297 2388 3352 quoque
2416 3287 2472 3336 et
2495 3281 2869 3337 medullarum
2889 3288 2948 3337 et
2965 3282 3241 3339 discretor
3270 3286 3656 3356 cogitationum
3683 3289 3730 3338 et

2164 3368 2543 3425 intentionum
2557 3370 2758 3438 cordis,
2783 3376 2841 3426 et
2858 3388 2970 3427 non
2992 3377 3079 3428 est
3094 3373 3210 3428 ulla
3239 3380 3500 3430 creatura
3522 3370 3729 3430 invisibi-

2164 3456 2235 3512 lis
2264 3458 2323 3513 in
2351 3465 2653 3532 conspectu
2683 3460 2825 3531 ejus.
2855 3460 3061 3517 Omnia
3085 3467 3282 3518 autem
3315 3463 3469 3519 nuda
3485 3468 3540 3518 et
3564 3465 3727 3534 aperta

2164 3547 2484 3602 suntoculis
2503 3548 2627 3618 ejus
2649 3549 2798 3616 (lleb.
2822 3565 2890 3613 iv,
2924 3549 3024 3618 η).
3055 3568 3082 3602 ν
3106 3550 3270 3606 Unde
3292 3552 3465 3606 etiam
3491 3549 3726 3608 Jeremias

2163 3633 2278 3689 ait:
2302 3654 2329 3689 ι
2349 3637 2435 3690 Tu
2452 3641 2664 3702 autem,
2689 3636 2927 3692 Domine
2951 3637 3217 3707 Sabaoth,
3250 3640 3353 3712 qui
3364 3641 3579 3712 judicas
3598 3641 3725 3711 justo

2162 3729 2220 3778 et
2246 3723 2449 3796 probas
2477 3741 2639 3780 renes
2655 3730 2712 3780 et
2737 3726 2910 3781 corda
2929 3728 3060 3795 (Jcr.
3084 3743 3163 3795 x1,
3205 3727 3322 3799 ‘20).
3360 3749 3382 3781 ι
3416 3731 3600 3803 Neque
3632 3728 3726 3782 hinc

2160 3818 2521 3868 transeunter
2568 3819 2669 3869 aut
2711 3814 3066 3887 negligenter
3104 3819 3612 3884 commemoranda,
3647 3815 3728 3870 sed

2164 3902 2403 3957 solerter
2430 3902 2834 3973 invigilandum
2863 3909 2969 3972 est,
3003 3904 3206 3960 fratres
3226 3906 3365 3973 mei,
3391 3912 3456 3961 ut
3474 3903 3728 3961 nonverbs

2162 3996 2386 4046 tantum
2415 3997 2474 4046 et
2500 4008 2674 4064 opera
2699 3998 2913 4061 nostra,
2942 3993 3041 4049 sed
3078 3993 3201 4066 ipsa
3242 4012 3469 4068 quoque
3509 3994 3726 4050 cordium

2163 4084 2379 4135 secreta
2403 4079 2604 4135 divinis
2634 4081 2953 4152 aspectibus
2980 4082 3155 4154 digna
3180 4084 3504 4140 reddamus.
3532 4085 3646 4138 Non
3679 4081 3725 4135 in

2161 4169 2372 4241 templo
2402 4170 2581 4224 nostri
2598 4171 2840 4241 pectoris
2869 4170 3146 4239 odiorum,
3177 4188 3295 4228 non
3324 4173 3542 4228 invidiae
3558 4170 3727 4241 rubigo

2162 4257 2426 4324 resideat,
2452 4273 2565 4313 non
2582 4257 2713 4313 inde
2732 4259 2916 4330 turpis
2937 4259 3023 4314 vel
3052 4261 3444 4317 contumeliosi
3483 4258 3727 4317 sermonis

2164 4347 2321 4402 radix
2342 4347 2577 4415 oriatur,
2604 4363 2717 4404 non
2733 4347 2811 4403 ibi
2831 4348 3124 4404 meditatio
3144 4349 3276 4405 facti
3311 4349 3560 4407 nocentis
3595 4348 3728 4405 inna-

485 4410 940 4491 crymisfcrebra
965 4420 1360 4477 amaritudinis
1385 4427 1668 4494 perpetuae
1698 4422 2082 4479 recordatione

2164 4442 2370 4503 scatur,
2404 4454 2683 4495 memores
2710 4437 3016 4494 Dominicae
3046 4439 3503 4496 comminationis
3528 4455 3630 4511 qua
3652 4434 3729 4504 (di-

484 4512 797 4600 Ρειιαωυες
849 4516 907 4566 et
949 4509 998 4600 βξ
1037 4526 1145 4600 ξιρε
1185 4510 1332 4600 ⁸0198
1369 4510 1440 4565 ad
1465 4511 1611 4565 hanc
1638 4511 2078 4582 Pmpulsandam
2096 4509 2137 4515 —
2161 4525 2339 4581 citur:
2363 4547 2385 4579 ι
2403 4527 2518 4598 Ego
2540 4527 2690 4582 enim
2710 4543 2884 4600 opera
2901 4532 2960 4582 et
2975 4527 3345 4599 cogitationes
3376 4509 3566 4585 eorum
3590 4524 3728 4581 venio

486 4599 743 4655 sufﬁcere
770 4616 885 4655 non
910 4598 1493 4667 videbimus,fratrum
1515 4614 1830 4670 quaeramus
1849 4600 2075 4667 auxilia,

486 4693 554 4743 ut
580 4688 730 4760 quod
749 4687 958 4743 nostris
984 4686 1195 4743 viribus
1234 4687 1552 4759 nequimus,
1591 4687 1817 4743 illorum
1846 4689 2079 4744 consilio

486 4781 546 4833 et
570 4776 971 4833 intercessione
981 4792 1290 4832 sumamus.
1304 4776 1543 4832 Multum
1553 4777 1705 4832 enim
1724 4777 1875 4832 valet
1884 4778 2081 4850 depre-

484 4865 634 4921 catio
655 4864 901 4932 assidua,
930 4869 989 4920 et
1014 4865 1160 4921 sicut
1182 4865 1332 4921 idem
1357 4865 1632 4938 prmmisit
1655 4885 1667 4920 :
1693 4885 1718 4918 α
1743 4867 1937 4923 Oratio
1948 4867 2080 4922 ﬁdei

485 4953 723 5011 salvabit
751 4954 1062 5020 infirmum,
1085 4958 1144 5009 et
1159 4953 1425 5010 allevabit
1451 4971 1582 5009 eum
1609 4955 1919 5024 Dominus;
1947 4961 2006 5011 et
2031 4955 2080 5012 si

484 5043 545 5100 in
566 5043 811 5117 peccatis
825 5043 919 5111 sit,
943 5042 1300 5098 dimittentur
1318 5042 1370 5098 ei
1392 5043 1526 5111 (Jac.
1549 5059 1601 5107 v,
1625 5044 1738 5113 15).
1773 5063 1795 5095 ι
1834 5043 1979 5109 Quia
2033 5044 2081 5100 si

484 5132 846 5205 supervacuis
876 5130 1308 5203 cogitationibus
1335 5131 1407 5186 ad
1434 5131 1718 5203 integrum
1747 5149 1940 5190 carere
1967 5150 2081 5189 non

484 5222 756 5290 valemus,
783 5223 887 5278 has
908 5221 968 5276 in
989 5225 1262 5294 quantum
1282 5237 1581 5294 possumus
1604 5220 1953 5277 immissione
1977 5221 2082 5276 bo-

485 5326 690 5366 narum
710 5310 1113 5382 cogitationum
1135 5315 1194 5366 et
1211 5310 1454 5366 maxime
1470 5309 1748 5382 frequenti
1761 5309 2080 5383 Scriptura-

484 5415 612 5454 rum
643 5400 1010 5456 meditatione
1028 5399 1307 5472 fugemus.
1323 5400 1486 5472 juxta
1506 5400 1821 5472 exemplum
1847 5399 2080 5455 Psalmi-

484 5492 604 5553 stae,
633 5488 731 5560 qui
755 5488 896 5543 dicit
925 5507 937 5542 :
975 5508 1001 5541 (ι
1033 5489 1326 5554 Quomodo
1354 5489 1525 5545 dilexi
1550 5489 1735 5561 legem
1762 5495 1940 5551 tuam,
1972 5489 2081 5544 Do-

483 5575 658 5645 mine,
682 5581 803 5633 tota
822 5576 915 5631 die
930 5577 1220 5633 meditatio
1237 5594 1366 5634 mea
1383 5583 1470 5634 est
1494 5578 1655 5645 (Psal.
1690 5594 1872 5646 cxvm,
1903 5577 2013 5649 97).
2047 5596 2076 5632 ι

2160 4620 2225 4669 ut
2251 4631 2605 4688 congregem,
2638 4622 2695 4672 et
2723 4616 2965 4689 expulsis
2991 4615 3254 4672 vitiorum
3276 4616 3726 4674 ruderibustalem

2160 4704 2343 4759 cordis
2366 4706 2545 4761 nostri
2572 4722 2766 4779 parem
2778 4705 3150 4775 mansionem,
3174 4724 3203 4760 ι
3225 4708 3388 4779 cujus
3413 4706 3529 4780 ipse
3554 4705 3728 4777 digne-

2161 4798 2257 4849 tur
2281 4794 2465 4850 inesse
2492 4812 2723 4852 mansor
2748 4795 2845 4868 qui
2873 4796 2997 4867 ejus
3023 4795 3365 4852 inevitabilis
3392 4797 3657 4869 inspector
3679 4797 3729 4846 et

2156 4883 2330 4957 judex
2347 4891 2451 4940 est.

2235 5009 2366 5065 CAP.
2389 5010 2658 5066 LXXVII.
2682 5039 2748 5051 —
2767 5012 2842 5065 De
2866 5011 2952 5066 his
2973 5014 3076 5082 qui
3099 5027 3351 5067 sermons
3379 5012 3664 5080 oﬁ’oadunt.

2230 5132 2430 5188 Divina
2447 5132 2594 5188 enim
2616 5133 2908 5206 Scriptura
2924 5134 3061 5191 dicit
3088 5152 3102 5190 :
3122 5154 3147 5186 ε
3165 5135 3316 5191 Mors
3331 5140 3391 5190 et
3401 5135 3513 5190 vita
3537 5133 3595 5188 in
3618 5146 3724 5185 ma-

2161 5221 2327 5277 nibus
2355 5222 2579 5293 linguae.
2602 5242 2628 5276 ι)
2660 5223 2906 5296 Ideoque
2933 5223 3094 5278 valde
3123 5224 3432 5280 cavendum
3467 5227 3551 5278 est
3576 5237 3642 5276 ne
3666 5233 3723 5272 es

2161 5311 2461 5383 loquamur
2488 5312 2635 5367 unde
2656 5329 2808 5368 mors
2833 5312 3034 5369 anime
3067 5317 3269 5368 nostra
3292 5312 3640 5385 acquiratur;
3670 5306 3723 5361 ﬁt

2160 5400 2310 5455 enim
2338 5400 2531 5455 multis
2554 5401 2736 5456 modis
2761 5406 3051 5473 peccatum
3081 5401 3140 5456 in
3168 5401 3463 5467 locutione,
3484 5400 3537 5454 id
3559 5402 3652 5462 est,
3667 5395 3718 5449 in

2159 5489 2354 5544 otiosis
2373 5489 2576 5557 verbis,
2597 5489 2657 5544 in
2681 5490 3031 5562 vaniloquiis,
3059 5490 3117 5545 in
3138 5489 3518 5562 multiloquiis,
3534 5489 3591 5543 in
3609 5492 3716 5540 tur-

2158 5577 2442 5650 piloquiis,
2467 5578 2521 5634 in
2541 5577 2975 5635 scurrilitatibus
2993 5579 3278 5652 risumque
3288 5574 3705 5640 moventibusﬁt.
