4018 6168
353 319 494 404 1393

1298 354 1391 407 DE
1431 354 1644 408 VITIIS
1685 355 1772 409 ET
1809 353 2266 412 V'IRTUTIBUS.
2302 385 2366 396 —
2405 355 2542 409 LIB.
2585 356 2685 409 III.

3497 351 3634 410 1394

355 473 504 543 quod
526 474 777 528 deterius
805 480 892 528 est
919 481 977 530 et
1000 477 1246 545 gravius,
1283 473 1358 532 in‘
1372 479 1696 542 mendaciis,
1728 479 1786 532 in
1806 479 2018 540 falsi-A
2039 497 2250 533 merces
2280 479 2602 534 comitatur.
2637 481 2956 535 Cavendum
2990 497 3234 551 namque
3262 485 3349 534 est
3376 479 3638 534 omnibus

350 562 581 629 tatibus,
610 563 671 617 in
699 563 1092 631 derisionibus,
1127 567 1187 620 in
1209 566 1542 638 opprobriis,
1575 568 1634 621 in
1663 568 1960 622 detractio-

351 651 536 718 nibus,
554 652 613 706 in
633 652 1134 720 susurrationibus,
1157 655 1217 709 in
1237 656 1743 722 maledictionibus,
1762 657 1820 710 in
1839 674 1962 728 per-

347 741 534 812 juriis,
568 747 627 795 et
654 741 714 795 in
742 742 847 796 hoc
889 743 1039 814 quod
1079 743 1160 798 ait
1201 745 1476 816 propheta
1509 764 1522 800 :
1561 767 1588 796 «
1618 746 1714 800 Vae
1745 746 1841 817 qui
1870 746 1958 800 di-

351 835 489 884 cunt
502 831 716 884 malum
741 830 968 898 bonum,
1002 838 1060 887 et
1078 831 1288 888 bonum
1313 834 1523 888 malum
1547 835 1698 902 (Isai.
1735 851 1786 901 v,
1807 831 1954 902 ‘20),»

350 925 409 974 et
433 925 636 974 caetera
663 919 752 974 his
795 921 1004 975 similia
1036 941 1048 976 :
1083 923 1320 978 sollicite
1351 923 1503 977 enim
1533 924 1838 978 cavendum
1871 929 1959 978 est

351 1025 466 1063 non
491 1009 675 1062 solum
705 1026 741 1063 a
769 1011 1045 1080 perversis
1077 1017 1132 1066 et
1151 1009 1466 1066 criminosis
1486 1012 1838 1068 sermonibus
1855 1029 1956 1084 pro

355 1096 561 1168 quibus
589 1103 799 1153 aeterna
823 1116 986 1170 paena
1007 1101 1328 1164 exsolvitur,
1361 1103 1458 1155 sed
1480 1101 1652 1156 etiam
1675 1102 1744 1156 ab
1765 1102 1960 1156 otiosis

356 1193 414 1240 et
441 1187 658 1241 caeteris
685 1189 987 1260 superfluis
1024 1189 1202 1243 verbis
1231 1190 1566 1244 refrenanda
1594 1196 1680 1244 est
1715 1191 1908 1260 lingua
1941 1209 1952 1244 :

355 1275 502 1330 sicut
530 1276 678 1330 enim
710 1275 972 1332 falsitatis
999 1279 1212 1333 crimen
1242 1296 1276 1333 a
1319 1279 1739 1350 proﬁcientibus
1787 1279 1959 1350 perti-

361 1365 647 1430 mescitur,
679 1366 763 1420 ita
790 1367 971 1421 otiosa
988 1366 1156 1422 verba
1183 1385 1219 1421 a
1247 1367 1509 1439 perfectis
1539 1369 1671 1422 viris
1689 1369 1956 1422 vitantur.

359 1455 410 1508 Ν
413 1471 506 1507 am
535 1454 697 1520 sicut,
721 1461 787 1509 ut
813 1456 895 1510 ait
917 1456 1166 1526 quidam,
1189 1474 1292 1528 pro
1315 1458 1494 1512 otioso
1513 1457 1681 1512 verbo
1702 1458 1846 1511 ratio
1868 1475 1962 1529 po-

359 1545 534 1609 nitur,
550 1561 652 1614 pro
672 1561 932 1600 sermone
944 1545 1153 1616 injusto
1169 1562 1334 1618 pinna
1344 1547 1662 1601 exsolvitur.
1678 1548 1792 1601 Aut
1811 1547 1960 1602 enim

359 1633 572 1687 malum
595 1633 760 1699 male,
785 1633 1107 1691 autbonum
1120 1636 1267 1689 male
1283 1636 1614 1707 proferendo
1634 1652 1954 1706 peccamus:

360 1722 573 1776 malum
598 1724 745 1776 male
777 1723 1062 1794 loquimur
1103 1725 1327 1794 quando
1365 1724 1653 1796 quodlibet
1683 1725 1959 1795 ﬂagitium

2043 569 2226 623 modis
2256 569 2634 634 mendacium,
2680 569 2795 622 sive
2839 586 2941 641 pro
2981 571 3150 635 malo,
3191 571 3305 624 sive
3335 569 3506 623 etiam
3536 584 3638 639 pro

2043 657 2188 711 bono
2217 657 2452 728 proferri
2484 657 2757 723 videatur,
2795 659 2928 729 quia
2951 675 3118 713 omne
3143 658 3498 714 mendacium
3525 673 3637 712 non

2043 752 2131 800 est
2159 763 2224 800 ex
2255 746 2389 812 Deo,
2416 747 2533 812 sed,
2569 745 2715 800 sicut
2745 747 3000 802 Salvator
3027 748 3126 814 ait,
3163 765 3191 801 α
3221 764 3257 802 a
3281 748 3431 802 malo
3459 751 3563 802 est.
3609 765 3634 797 ι

2039 890 2171 944 Car.
2193 890 2434 944 LXXIX.
2462 921 2526 930 —
2549 891 2622 945 De
2643 891 2871 944 diversis
2893 893 3312 946 mendaciorum
3327 854 3638 959 generibus.

2112 1015 2249 1070 Octo
2276 1015 2439 1070 enim.
2452 1033 2662 1086 genera
2697 1021 2830 1070 sunt
2854 1016 3151 1082 mendacii,
3184 1021 3249 1071 ut
3277 1022 3505 1070 sanctus
3521 1015 3640 1070 Au-

2038 1103 2300 1174 gustinus
2329 1105 2624 1176 episcopus
2651 1105 2710 1160 in
2740 1104 2882 1159 libro
2912 1105 2981 1158 de
3010 1105 3298 1160 Mendacio
3334 1105 3489 1158 dicit.
3523 1105 3638 1172 Est,

2043 1193 2244 1264 inquit,
2275 1194 2518 1264 primum
2561 1195 2797 1264 capitale
2845 1193 3198 1248 mendacium
3247 1194 3524 1264 longeque
3552 1192 3640 1247 fu-

2040 1281 2328 1352 giendum,
2363 1283 2512 1352 quod
2547 1283 2612 1337 ﬁt
2656 1283 2717 1339 in
2761 1283 3019 1336 doctrina
3053 1283 3357 1353 religionis,
3390 1283 3463 1336 ad
3493 1282 3643 1353 quod

2042 1369 2398 1423 mendacium
2410 1369 2566 1424 nulla
2579 1369 2898 1425 conditione
2914 1371 3209 1442 quisquam
3233 1369 3400 1424 debet
3416 1369 3637 1437 adduci;

2042 1459 2350 1512 secundum
2381 1464 2447 1512 ut
2475 1458 2721 1529 aliquem
2750 1459 2918 1513 laedat
2952 1459 3181 1529 injuste,
3215 1460 3365 1530 quod
3402 1459 3516 1513 tale
3558 1464 3643 1512 est

2044 1553 2101 1602 et
2129 1552 2193 1601 ut
2221 1547 2358 1601 nulli
2384 1548 2562 1618 prosit
2595 1553 2652 1602 et
2691 1547 2840 1602 obsit
2866 1548 3069 1614 alicui;
3106 1548 3340 1602 tertium
3383 1548 3528 1619 quod
3563 1547 3644 1603 ita

2043 1635 2270 1706 prodest
2301 1635 2465 1690 alteri
2493 1641 2558 1690 ut
2586 1635 2734 1690 obsit
2762 1636 2944 1702 alteri,
2989 1637 3241 1708 quamvis
3282 1653 3397 1691 non
3434 1637 3505 1691 ad
3533 1635 3643 1690 im-

2043 1723 2381 1778 munditiam
2411 1724 2558 1779 obsit
2585 1726 2966 1796 corporalem;
3015 1731 3280 1796 quartum
3323 1725 3444 1779 sola
3483 1742 3642 1780 men-

359 1811 700 1882 persuadere
711 1812 1232 1867 conamurzbonum
1253 1814 1399 1867 male
1416 1814 1716 1884 loquimur,
1738 1815 1961 1885 quando
1976 1823 2024 1883 Β
2041 1813 2220 1866 tiendi
2239 1813 2577 1885 fallendique
2597 1813 2848 1880 libidine,
2876 1815 3022 1885 quod
3044 1831 3263 1869 merum
3287 1814 3644 1869 mendacium

359 1899 734 1971 quodcunque
758 1907 971 1956 rectum
1010 1909 1345 1972 arroganter
1373 1903 1744 1976 praedicamus
1777 1921 1788 1956 :
1829 1920 1962 1957 nam

359 1995 418 2042 et
445 1990 614 2044 corde
641 1991 787 2044 male
817 1990 1118 2062 loquimur,
1147 1992 1370 2062 quando
1399 1992 1637 2046 interius
1666 1993 1962 2061 cogitatio-

356 2094 459 2132 nes
481 2079 676 2132 noxias
695 2079 1038 2134 meditamur
1061 2086 1119 2134 et
1137 2081 1448 2151 cogitamus
1469 2099 1480 2142 ;
1506 2082 1700 2152 lingua
1719 2082 1864 2135 male
1886 2082 1963 2135 lo—

361 2166 610 2237 quimur,
646 2169 868 2238 quando
897 2185 998 2239 pro
1028 2185 1093 2223 eo
1123 2171 1272 2240 quod
1298 2171 1445 2224 male
1475 2170 1694 2240 agimus
1719 2171 1962 2241 ﬂagella-

359 2272 507 2322 mur,
531 2262 588 2310 et
607 2273 1054 2325 murmuramus;
1079 2259 1240 2313 factis
1262 2259 1408 2312 male
1419 2259 1721 2330 loquimur,
1738 2260 1961 2330 quando

357 2345 509 2400 male
539 2346 772 2399 vivendo
800 2347 1069 2418 exemplis
1098 2347 1306 2401 nostris
1331 2348 1470 2402 alios
1501 2349 1572 2402 ad
1603 2365 1768 2419 prave
1796 2364 1964 2418 agen-

362 2434 498 2487 dum
528 2433 899 2490 informamus
941 2455 957 2490 :
1001 2436 1261 2490 omnibus
1299 2437 1448 2490 enim
1489 2437 1670 2491 modis
1707 2437 1964 2491 cavenda:

363 2527 498 2576 sunt
515 2539 687 2593 supra
699 2524 929 2594 scripta:
951 2525 1260 2579 locutiones
1281 2531 1337 2579 et
1357 2525 1584 2591 similia,
1611 2527 1744 2597 quia
1761 2527 1808 2579 si
1827 2542 1962 2581 con-

365 2615 454 2664 tra
474 2609 700 2664 Domini
718 2617 1153 2684 sanctorumque
1169 2615 1293 2684 ejus
1314 2622 1650 2686 praeceptum
1665 2622 1768 2680 est,
1783 2615 1963 2669 otiosa

367 2704 426 2752 et
453 2699 712 2754 scurrilia
739 2699 912 2755 verba
942 2707 999 2756 et
1025 2702 1113 2756 his
1143 2703 1350 2757 similia
1381 2704 1534 2774 loqui
1566 2705 1716 2758 unde
1744 2704 1964 2758 dicente

367 2787 608 2842 Domino
633 2789 920 2844 reddenda
947 2796 1033 2844 est
1071 2791 1235 2857 ratio,
1282 2799 1492 2862 quanto
1530 2793 1709 2863 magis
1748 2791 1962 2864 perjuri

362 2877 653 2942 falsitates,
679 2879 1101 2934 maledictiones
1129 2887 1188 2935 et
1208 2888 1411 2936 caetera
1438 2881 1593 2946 talia,
1634 2898 1735 2952 pio
1762 2880 1964 2952 quibus

363 2973 574 3022 tetema
601 2969 896 3039 plectenda
913 2970 1220 3037 damnatio,
1245 2970 1399 3024 verbi
1417 2971 1600 3040 gratia
1626 2988 1637 3023 :
1667 2991 1688 3022 ι
1711 2971 1791 3024 De
1811 2970 1963 3024 omni

2044 1907 2158 1955 est:
2194 1901 2454 1972 quintum
2485 1903 2633 1974 quod
2660 1905 2725 1957 fit
2743 1903 2998 1974 placendi
3027 1904 3365 1976 cupiditate;
3390 1901 3646 1974 sequitur

2044 1996 2262 2045 sextum
2281 2008 2480 2062 genus,
2507 1991 2656 2062 quod
2689 1998 2746 2046 et
2773 1993 2916 2046 nulli
2935 1993 3094 2047 obest
3115 1999 3173 2047 et
3195 1993 3424 2064 prodest
3451 1992 3640 2058 alicui,

2045 2083 2198 2138 velut
2226 2082 2272 2136 si
2305 2082 2584 2154 quispiam
2613 2083 2908 2153 pecuniam
2941 2083 3178 2153 alicujus
3206 2083 3416 2153 injuste
3439 2082 3643 2136 tollen-

2043 2171 2174 2226 dam
2206 2172 2406 2232 sciens,
2429 2171 2524 2225 ubi
2547 2170 2622 2224 sit
2639 2171 2854 2225 nescire
2883 2188 2942 2225 se
2964 2171 3305 2237 mentiatur;
3337 2171 3642 2242 septimum

2046 2261 2194 2331 quod
2221 2265 2280 2314 et
2306 2259 2446 2314 nulli
2477 2258 2637 2313 obest
2655 2265 2713 2313 et
2731 2260 2959 2330 prodest
2985 2260 3170 2327 alicui,
3193 2260 3348 2314 velut
3373 2259 3422 2314 si
3446 2259 3643 2314 nolens

2047 2349 2332 2403 hominem
2361 2349 2432 2402 ad
2461 2354 2699 2402 mortem
2731 2349 3029 2419 quaesitum
3053 2348 3289 2420 prodere
3311 2345 3639 2426 mentiatur,

2045 2455 2158 2492 non
2187 2438 2367 2492 solum
2392 2439 2610 2507 justum
2643 2444 2812 2508 atque
2838 2437 3214 2502 innocentem,
3258 2437 3356 2490 sed
3399 2440 3457 2490 et
3482 2450 3642 2488 reum

2046 2526 2140 2598 qui
2169 2544 2235 2580 ex
2266 2526 2588 2580 Christiana
2617 2527 2914 2597 disciplina
2939 2526 3030 2592 sit,
3065 2530 3132 2579 ut
3157 2541 3340 2596 neque
3370 2525 3440 2578 de
3459 2524 3643 2594 cujus-

2045 2632 2214 2686 quam
2245 2615 2588 2670 correctione
2617 2616 2948 2686 desperetur
2973 2631 3154 2685 neque
3178 2613 3440 2684 cuiquam
3470 2611 3644 2683 poeni-

2044 2705 2199 2759 tendi
2223 2704 2410 2758 aditus
2437 2705 2864 2759 intercludatur.
2886 2705 2967 2759 De
2997 2703 3198 2775 quibus
3221 2702 3441 2757 duobus
3467 2717 3642 2770 gene-

2047 2793 2218 2858 ribus,
2253 2811 2375 2864 quae
2415 2794 2597 2848 solent
2633 2793 2839 2848 habere
2876 2809 3141 2864 magnam
3183 2790 3640 2856 controversiam,

2047 2883 2184 2936 satis
2206 2883 2588 2948 tractavimus,
2605 2888 2663 2936 et
2682 2883 2816 2953 quid
2837 2882 2997 2936 nobis
3013 2883 3262 2954 placeret
3271 2879 3640 2945 ostendimus,

2045 2978 2109 3026 ut
2135 2971 2505 3042 suscipiendis
2531 2971 3102 3036 incommoditatibus,
3147 2987 3269 3042 quae
3305 2969 3538 3024 honeste
3579 2983 3645 3022 ac

361 3055 531 3159 verbo
559 3057 766 3159 otioso,
797 3078 820 3108 ι
855 3059 935 3112 ait
971 3059 1166 3159 mundi
1211 3060 1484 3127 Salvator,
1607 3060 1755 3130 quod
1790 3059 1963 3114 locuti
1982 3099 2026 3159 C
2044 3061 2264 3116 fortiter
2291 3061 2622 3159 tolerantur,
2654 3061 2774 3114 haec
2803 3077 3026 3159 quoque
3043 3076 3254 3159 genera
3271 3058 3590 3159 devitantur
3609 3073 3646 3111 a

362 3146 573 3200 fuerint
617 3147 875 3200 homines
919 3148 1158 3202 reddent
1208 3149 1484 3203 rationem
1535 3148 1594 3202 in
1633 3149 1723 3202 die
1764 3146 2282 3219 judicii“fortibus
2306 3155 2362 3204 et
2391 3149 2648 3204 fidelibus
2687 3155 2745 3204 et
2787 3149 3078 3204 veracibus
3121 3149 3254 3203 viris
3299 3164 3364 3203 ac
3397 3146 3642 3202 feminis.

366 3236 578 3301 (Matth.
602 3251 698 3301 xu,
723 3235 814 3299 36)
841 3254 852 3288 :
883 3256 908 3288 »
933 3237 1177 3291 otiosum
1199 3237 1404 3309 quippe
1437 3238 1668 3292 verbum
1701 3243 1788 3292 est
1817 3238 1966 3308 quod

363 3340 468 3378 nec
485 3323 723 3378 dicentis
745 3342 847 3379 nec
869 3327 1150 3380 audientis
1169 3326 1339 3381 habet
1357 3327 1680 3381 utilitatem.
1703 3328 1784 3381 De
1805 3344 1964 3380 men-

367 3413 542 3467 daciis
561 3414 714 3478 audi,
737 3414 939 3486 inquit,
961 3416 1220 3485 gravius:
1249 3434 1276 3468 α
1300 3417 1376 3470 0s
1397 3417 1546 3486 quod
1571 3417 1844 3470 mentitur
1871 3433 1964 3470 oc-

369 3501 504 3555 cidit
548 3502 796 3555 animam
843 3501 990 3572 (Sap.
1039 3521 1072 3570 ι,
1126 3503 1233 3572 11).
1286 3523 1310 3556 ››
1355 3505 1434 3558 De
1477 3503 1916 3558 detractionibus
1951 3522 1962 3558 :

375 3607 404 3641 α
429 3590 535 3654 Qui
555 3591 819 3657 detrahit,
846 3591 1048 3663 inquit,
1073 3592 1503 3647 eradicabitur.»
1529 3595 1608 3646 De
1626 3593 1968 3647 maledictio-

369 3679 571 3733 nibus:
602 3681 841 3752 nNeque
880 3681 1138 3736 maledici
1181 3699 1419 3752 regnum
1458 3682 1560 3736 Dei
1601 3681 1969 3752 possidebunt

373 3768 422 3834 (1
452 3769 574 3825 Cor.
607 3785 678 3836 γι,
708 3769 848 3837 10).»
874 3771 944 3824 Et
961 3777 1161 3826 caetera
1184 3771 1322 3825 talia
1349 3771 1418 3824 de
1454 3769 1729 3824 similibus
1763 3768 1963 3824 verbis.

675 3913 805 3968 CAP.
837 3914 1132 3970 LXXVIII.
1166 3945 1231 3955 —
1264 3916 1335 3968 Dc
1369 3915 1668 3967 mendacio.

449 4036 630 4091 Omne
661 4037 811 4092 enim
841 4039 1194 4092 mendacium
1232 4044 1332 4092 aut
1369 4039 1432 4092 fit
1461 4037 1844 4100 meditatione,
1875 4039 1975 4090 aut

375 4127 838 4198 praecipitatione,
869 4145 1274 4198 nonnunquam
1305 4129 1464 4198 pejus
1497 4133 1584 4181 est
1619 4125 1974 4181 mendacium

377 4215 642 4270 meditari
671 4234 838 4287 quam
877 4217 1048 4288 loqui.
1092 4218 1235 4272 Nam
1282 4217 1568 4270 interdum
1616 4215 1849 4286 quisque
1887 4214 1975 4267 in-

373 4310 574 4358 cautus
603 4306 748 4360 solet
796 4323 862 4359 ex
911 4306 1352 4376 praecipitatione
1399 4305 1551 4375 loqui
1599 4303 1970 4358 mendacium.

375 4393 638 4448 Meditari
660 4399 848 4448 autem
879 4410 991 4448 non
1022 4399 1209 4464 potest
1241 4393 1348 4447 nisi
1381 4410 1482 4464 per
1510 4392 1758 4446 studium
1783 4408 1971 4460 grave.

2047 3241 2172 3294 Non
2205 3256 2338 3309 ergo
2361 3239 2748 3293 mentiendum
2779 3239 3052 3309 qurerenti
3080 3237 3175 3292 ubi
3205 3237 3278 3291 sit
3305 3237 3400 3308 qui
3429 3253 3488 3290 se
3513 3235 3643 3290 ﬁdei

2047 3328 2361 3400 cujuspiam
2385 3327 2748 3392 commiserit,
2790 3327 2887 3380 sed
2912 3327 3110 3380 fortius
3141 3325 3593 3396 respondendum
3626 3343 3640 3380 :
3671 3324 3692 3337 ⁶

2048 3418 2162 3471 Nec
2193 3417 2442 3487 perdam,
2463 3433 2566 3470 nec
2595 3415 2854 3469 mentiar.
2873 3415 3028 3469 Fecit
3040 3415 3144 3468 hoc
3160 3415 3452 3485 episcopus
3472 3429 3647 3485 quon-

2049 3506 2178 3560 dam
2207 3505 2566 3575 Tagastensis
2596 3504 2858 3568 ecclesiae,
2886 3505 3105 3557 Firmus
3144 3503 3389 3562 nomine.
3431 3501 3647 3555 firmior

2049 3594 2333 3646 voluntate
2359 3612 2370 3646 :
2406 3609 2536 3646 nam
2566 3609 2690 3645 cum
2719 3591 2788 3644 ab
2821 3609 2886 3645 eo
2915 3598 3260 3662 quaereretur
3287 3591 3454 3643 homo
3479 3589 3645 3658 jussu

2049 3681 2405 3752 imperatoris
2442 3697 2542 3751 per
2569 3681 2917 3752 apparitores
2947 3679 3014 3734 ab
3047 3696 3112 3734 eo
3142 3679 3340 3733 missos
3368 3693 3535 3748 quem
3573 3677 3641 3730 ad

2051 3789 2109 3825 se
2120 3771 2533 3839 confugientem
2546 3769 2838 3838 diligentia
2851 3777 3063 3840 quanta
3079 3773 3300 3840 poterat
3309 3765 3643 3832 occultabat,

2053 3860 2345 3932 respondit
2372 3857 2751 3930 quaerentibus
2788 3875 2891 3912 nec
2932 3857 3161 3911 mentiri
3204 3873 3264 3910 se
3310 3872 3492 3928 posse,
3545 3871 3649 3908 nec

2053 3951 2337 4004 hominem
2365 3949 2600 4022 perdere
2625 3967 2637 4016 ;
2676 3965 2985 4020 passusque
3012 3953 3129 4003 tam
3167 3947 3347 4001 multa
3365 3949 3651 4000 tormenta

2055 4038 2305 4108 corporis
2341 4038 2611 4104 (nondum
2649 4037 2798 4092 enim
2849 4042 3012 4091 erant
3062 4037 3432 4107 imperatores
3484 4033 3648 4087 Chri-

2055 4127 2248 4188 stiani)
2275 4127 2586 4198 permansit
2603 4127 2658 4180 in
2686 4127 2986 4180 sententia.
3011 4125 3223 4180 Deinde
3252 4125 3323 4179 ad
3351 4124 3652 4194 imperato-

2057 4233 2174 4270 rem
2207 4216 2407 4270 ductus
2444 4232 2622 4286 usque
2651 4216 2790 4269 adeo
2817 4214 3090 4268 mirabilis
3123 4213 3404 4296 apparuit,
3438 4217 3504 4266 ut
3533 4211 3651 4282 ipse

2059 4305 2346 4358 hominem
2377 4304 2554 4374 [Forte
2577 4304 2812 4373 homini]
2842 4321 3006 4374 quem
3028 4302 3286 4357 servabat
3304 4299 3654 4370 indulgentia

2059 4395 2234 4464 [Forte
2254 4393 2684 4463 indulgentiam]
2697 4393 2818 4446 sine
2831 4393 2942 4446 ulla
2961 4390 3648 4460 difﬁcultateimpetraret.

374 4481 546 4552 Pejus
573 4499 706 4552 ergo
733 4483 825 4536 ille
855 4499 920 4536 ex
947 4462 1133 4536 studio
1167 4462 1398 4536 mentiri
1429 4481 1774 4552 perhibetur;
1809 4462 2210 4551 quamn—Quid
2258 4483 2362 4535 hoc
2409 4462 2528 4536 fieri
2569 4487 2754 4552 potest
2799 4481 2996 4534 fortius
3043 4487 3212 4550 atque
3259 4477 3654 4533 constantius?

375 4568 425 4622 is
455 4570 549 4640 qui
581 4587 646 4623 ex
673 4570 1112 4641 praecipitatione
1141 4572 1261 4625 sola
1290 4571 1581 4624 mentitur.
1611 4571 1980 4639 Summopere

375 4659 686 4714 cavendum
708 4666 794 4713 est
815 4677 980 4714 omne
1002 4659 1376 4724 mendacium,
1406 4659 1659 4729 quamvis
1681 4658 1980 4728 aliquando

376 4748 452 4801 sit
480 4749 706 4818 aliquod
749 4749 1024 4803 mendacii
1061 4765 1240 4819 genus
1268 4748 1444 4818 culpa:
1475 4747 1716 4813 levioris,
1750 4747 1798 4800 si
1827 4746 1980 4817 quis-

377 4854 550 4908 quam
579 4855 679 4908 pro
708 4838 888 4892 salute
907 4837 1199 4892 hominum
1221 4837 1546 4902 mentiatur,
1573 4837 1670 4889 sed
1703 4835 1834 4906 quia
1853 4834 1984 4888 scri-

377 4932 541 4997 ptum
588 4932 674 4981 est
723 4946 734 4980 :
791 4947 820 4978 ¢
878 4928 953 4981 Os
991 4927 1140 4997 quod
1178 4927 1450 4980 mentitur
1495 4925 1698 4979 occidit
1733 4924 1983 4978 animam

384 5017 538 5084 (Sap.
573 5033 607 5081 ι,
640 5015 730 5083 11)
754 5035 812 5083 ;n
837 5023 926 5070 et:
950 5035 971 5068 ι
995 5017 1202 5070 Perdes
1233 5033 1329 5069 eos
1357 5015 1452 5086 qui
1483 5016 1791 5085 loquuntur
1824 5029 1982 5066 men-

387 5105 612 5158 dacium
645 5108 810 5172 (Psal.
843 5122 896 5170 v,
925 5106 998 5173 7).
1039 5123 1066 5158 ι
1100 5105 1218 5159 Hoc
1249 5121 1470 5176 quoque
1501 5103 1778 5156 mendacii
1806 5118 1984 5172 genus

385 5193 619 5264 perfecti
645 5193 746 5247 viri
775 5211 1130 5265 summopere
1159 5193 1400 5263 fugiunt,
1436 5199 1502 5246 ut
1530 5209 1632 5246 nec
1665 5193 1772 5245 vita
1803 5195 1986 5264 cujus-

387 5281 525 5335 libet
565 5298 664 5352 pro
693 5298 888 5336 eorum
909 5282 1130 5336 fallacia
1159 5282 1511 5346 defendatur,
1531 5298 1632 5334 nec
1650 5298 1764 5336 suae
1786 5282 1986 5336 animae

385 5376 628 5425 noceant
651 5371 786 5424 dum
807 5376 1071 5442 praestare
1090 5371 1350 5425 nituntur
1371 5370 1566 5424 aliena:
1587 5369 1762 5435 carni,
1799 5387 1991 5440 quam-

387 5475 558 5530 quam
595 5460 700 5513 hoc
738 5459 924 5530 ipsum
957 5460 1169 5530 peccati
1195 5476 1374 5530 genus
1415 5459 1678 5512 facillime
1711 5459 1991 5513 credimus

387 5548 649 5602 relaxari.
683 5549 826 5602 lien.
853 5549 898 5602 si
929 5548 1191 5619 quaelibet
1225 5548 1389 5619 culpa
1430 5547 1687 5618 sequenti
1736 5548 1992 5602 mercede

392 5643 684 5708 purgatur,
705 5644 917 5708 quanto
937 5638 1119 5708 magis
1129 5638 1247 5692 haec
1265 5637 1426 5692 facile
1443 5636 1750 5706 abstergitu
1760 5655 1804 5702 r,
1824 5654 1991 5708 quam

2063 4573 2334 4626 Octavum
2372 4576 2458 4624 est
2485 4587 2664 4640 genus
2712 4569 3007 4634 mendacii,
3057 4569 3206 4640 quod
3243 4573 3301 4622 et
3328 4567 3469 4622 nulli
3498 4566 3658 4621 obest

2063 4666 2121 4714 et
2141 4661 2324 4714 adhuc
2339 4659 2567 4731 prodest
2583 4666 2648 4714 ut
2666 4658 2735 4713 ab
2750 4659 3110 4713 immunditia
3119 4657 3392 4730 corporali
3410 4657 3657 4728 aliquem

2063 4755 2308 4804 tueatur.
2342 4750 2408 4803 In
2439 4748 2524 4802 his
2551 4754 2738 4802 autem
2769 4755 2894 4803 octo
2912 4747 3214 4818 generibus
3241 4752 3400 4802 tanto
3421 4746 3659 4817 quisque

2064 4839 2253 4892 minus
2271 4843 2464 4909 per-cat
2485 4855 2610 4892 cum
2635 4837 2924 4904 mentitur,
2943 4842 3154 4908 quanto
3169 4836 3408 4906 emergit
3425 4835 3494 4888 ad
3513 4839 3662 4888 octa-

2064 4931 2386 4992 vum,tanto
2402 4927 2644 4997 amplius
2661 4933 2871 4997 quanto
2891 4926 3096 4996 mergit
3115 4925 3184 4979 ad
3212 4924 3475 4998 primum.
3495 4922 3661 4986 Quis-

2067 5016 2192 5087 quis
2210 5020 2400 5070 autem
2423 5033 2544 5069 esse
2565 5015 2788 5086 aliquod
2800 5032 2981 5085 genus
3001 5014 3276 5069 mendacii
3297 5012 3444 5084 quod
3465 5027 3662 5083 pecca-

2065 5111 2187 5160 tum
2207 5122 2319 5160 non
2343 5106 2416 5158 sit
2434 5104 2730 5176 putaverit,
2753 5104 3248 5175 decipietseipsum
3259 5101 3520 5173 turpiter,
3536 5117 3664 5156 cum

2069 5195 2369 5248 honestum
2398 5211 2456 5248 se
2476 5195 2831 5264 deceptorem
2861 5193 3172 5247 arbitratur
3191 5191 3466 5258 aliorum;
3498 5207 3668 5261 grave

2071 5283 2338 5354 [gravius]
2377 5289 2464 5337 est
2491 5283 2642 5337 enim
2673 5283 3045 5348 mendacium,
3095 5287 3154 5336 et
3190 5280 3343 5334 aliud
3381 5279 3669 5351 quodlibet

2072 5379 2384 5446 peccatum,
2423 5372 2571 5444 quod
2601 5371 2790 5426 animo
2820 5372 3072 5426 nocentis
3102 5386 3270 5442 quam
3299 5369 3447 5440 quod
3477 5369 3668 5423 animo

2073 5457 2452 5513 subvenientis
2465 5456 2720 5522 efficitur;
2740 5461 2931 5510 tamen
2949 5455 3164 5509 nullum
3178 5453 3532 5509 mendacium
3547 5453 3669 5508 sine

2073 5552 2328 5620 peccato;
2354 5547 2623 5618 scriptum
2647 5551 2733 5598 est
2751 5545 2902 5598 enim
2919 5563 2930 5598 :
2951 5546 3015 5599 Os
3032 5547 3176 5613 quod
3192 5546 3462 5598 mentitur
3477 5543 3650 5597 occidi
3653 5547 3672 5596 t

2074 5639 2404 5700 am‘1nam,et
2417 5652 2576 5689 omne
2590 5635 2939 5689 mendacium
2959 5651 3068 5688 non
3079 5639 3152 5688 cst
3163 5650 3227 5688 ea:
3239 5635 3358 5700 Deo,
3376 5634 3510 5688 seda
3525 5634 3672 5686 malo
