4018 6168
366 374 392 428 1
405 373 505 430 397

628 504 698 555 De
728 504 1037 571 Manifestis
1081 504 1408 578 occultisque
1453 510 1699 579 peccatis.

436 590 617 660 Major
645 594 730 644 est
754 592 920 663 culpa
946 595 1238 651 manifeste
1270 614 1438 668 quam
1468 601 1680 655 occulte
1709 618 1956 671 peccare,

361 679 661 749 dupliciter
708 681 858 735 enim
915 696 1042 736 reus
1079 692 1183 751 est,
1232 688 1364 758 quia
1415 698 1515 758 per
1559 706 1617 743 se
1665 691 1959 761 delinquit,

363 764 512 837 quod
542 771 599 822 et
629 770 745 840 agit
791 777 848 825 et
883 770 1062 826 docet.
1101 770 1178 827 De
1223 774 1429 846 talibus
1461 776 1633 833 Isaias
1669 774 1804 833 dicit
1835 799 1845 833 :
1898 780 1964 835 Et

356 861 639 923 peccatum
679 874 843 913 suum
887 865 1050 928 quasi
1091 862 1325 917 Sodoma
1376 868 1812 933 prmdicavrrunt
1870 882 1963 923 nec

360 947 903 1015 abscortderuntUsa.
930 966 1003 1016 Ill,
1038 949 1112 1020 9).
1138 953 1435 1007 Peccatum
1466 956 1615 1008 enim
1640 963 1962 1026 perpetrare

360 1034 573 1087 crimen
607 1040 710 1101 est,
743 1042 1032 1107 peccathm
1074 1041 1223 1094 enim
1268 1040 1568 1113 praedicare
1616 1044 1825 1099 clamor
1855 1052 1956 1101 est.

358 1123 438 1175 De
465 1140 576 1193 quo
606 1126 741 1179 dicit
766 1130 1050 1197 apostolus
1072 1129 1277 1184 Pauliis
1310 1149 1321 1182 :
1348 1134 1412 1185 Et
1434 1137 1644 1186 clamor
1664 1137 1963 1203 auferatur

356 1228 391 1266 α
419 1215 566 1268 vobis
598 1226 723 1269 cum
754 1220 911 1270 omni
935 1221 1177 1272 malitia.

506 1342 578 1393 De
607 1342 690 1393 his
721 1346 819 1410 qui
843 1346 1103 1411 peccandi
1134 1348 1441 1399 necessitate
1462 1349 1815 1415 delinquunt.

430 1445 692 1518 Plerique
722 1465 835 1502 non
865 1450 1167 1515 voluntate,
1200 1452 1297 1505 sed
1327 1453 1447 1506 sola
1475 1455 1805 1510 necessitate
1835 1475 1963 1527 pec-

356 1535 521 1587 candi
552 1538 1012 1606 pertimescentes
1040 1542 1408 1610 temporalem
1431 1543 1701 1613 inopiam,
1745 1551 1801 1600 et
1829 1546 1963 1599 dum

352 1627 647 1693 praesentis
692 1629 877 1682 saeculi
919 1630 1311 1684 necessitatem
1348 1631 1654 1700 refugiunt,
1690 1652 1721 1689 a
1762 1635 1965 1689 futuris

357 1710 520 1775 bonis
543 1716 854 1785 privantur.

428 1821 502 1871 lle
539 1822 625 1873 his
661 1827 760 1890 qui
795 1824 1075 1877 voluntate
1125 1841 1236 1879 non
1288 1830 1597 1882 necessitate
1642 1837 1884 1897 pereant.

434 1930 701 1984 Nonnulli
776 1938 1065 2000 peccatum
1122 1931 1406 1987 voluntate
1464 1948 1575 1988 non
1631 1937 1963 1992 necessitate

353 2020 735 2079 committunt,
772 2019 1039 2090 nullaque
1072 2022 1245 2073 coacti
1270 2022 1461 2094 inopia
1490 2022 1736 2079 existunt
1761 2024 1957 2098 iniqui,

353 2109 451 2163 sed
492 2110 895 2177 tantum'grati
928 2110 1163 2179 capiunt
1190 2126 1311 2163 esse
1345 2113 1495 2165 mali.

638 2217 710 2269 De
743 2217 827 2269 his
862 2219 960 2284 qui
1010 2212 1398 2271 consuetudine
1431 2228 1670 2287 pert-ant.

428 2323 848 2394 Nequissimum
904 2331 989 2376 est
1042 2340 1308 2394 peccare,
1362 2328 1523 2397 pejus
1578 2334 1665 2382 est
1718 2330 1959 2399 peccatis

349 2412 813 2466 consuetudinem
844 2413 1059 2479 facere;
1109 2414 1176 2466 ad
1212 2414 1347 2468 illud
1375 2416 1535 2469 facile
1585 2418 1654 2471 ab
1696 2418 1802 2471 hoc
1831 2436 1957 2472 cum

352 2502 542 2554 labore
591 2502 923 2568 resurgitur,
970 2502 1104 2556 dum
1154 2504 1299 2556 mala
1347 2507 1750 2561 consuetudine
1791 2525 1957 2579 repu-

351 2598 579 2659 gnatur.

576 2682 645 2732 De
673 2680 758 2732 his
788 2683 885 2747 qui
914 2696 1101 2732 amore
1136 2684 1341 2747 peccati
1370 2683 1726 2749 delinquunt.

434 2786 671 2849 Quidam
701 2793 757 2838 et
783 2786 1027 2855 diligunt
1056 2793 1344 2856 peccatum
1377 2796 1433 2841 et
1460 2790 1688 2855 faciunt,
1724 2792 1955 2861 quidam

348 2875 593 2943 diligunt
620 2880 840 2927 tantum
870 2882 926 2927 et
956 2891 1067 2927 non
1098 2876 1325 2941 faciunt,
1360 2879 1613 2932 nonnulli
1660 2887 1953 2949 peccatum

350 2982 463 3018 non
494 2964 705 3017 faciunt
731 2972 787 3016 et
817 2970 1004 3016 tamen
1023 2965 1302 3032 justitiam
1332 2967 1530 3020 odiunt
1558 2986 1571 3033 ;
1607 2970 1831 3038 gravius
1859 2986 1954 3024 au-

350 3062 464 3107 tem
497 3060 687 3123 peccat
716 3053 811 3123 qui
842 3069 952 3106 non
983 3054 1164 3107 solum
1196 3064 1486 3124 peccatum
1529 3057 1730 3127 diligit,
1770 3060 1867 3112 sed
1899 3065 1955 3112 et

1606 372 2126 442 PGNITEN‘TIUM
2180 376 2410 444 LIBER.

3511 386 3648 458 i398

1976 508 2508 587 Aconhmduntur;
2560 529 2692 575 sunt
2740 512 2833 593 qui
2884 526 2993 578 non
3052 519 3233 581 Solum
3291 534 3402 585 non
3458 516 3650 586 delent

2042 606 2279 674 gessisse
2310 602 2540 676 malum,
2571 610 2668 663 sed
2701 611 2869 664 etiam
2902 600 2969 666 de
3007 613 3128 684 ipso
3159 606 3307 671 male
3337 624 3503 689 opere
3530 608 3648 689 gic-

2045 695 2284 749 riantur.

2224 803 2295 857 De
2326 800 2409 857 his
2432 808 2531 874 qui
2561 809 2757 860 timore
2792 804 3083 862 hominum
3109 802 3463 881 delinquunt.

2118 910 2261 964 Sunt
2289 911 2518 980 quidam
2539 912 2730 966 miseri
2753 914 2847 984 qui
2876 915 3056 984 magis
3074 916 3337 974 timentes
3360 920 3649 974 hominem

2045 1002 2332 1053 terrenum
2349 1001 2590 1055 similem
2609 1002 2716 1065 sui,
2743 1019 2913 1073 quam
2933 1004 3113 1059 Deum
3136 1013 3447 1062 creatorem
3458 1025 3642 1074 suum,

2045 1092 2373 1158 perpetrant
2414 1089 2644 1155 scelera,
2676 1107 2790 1145 non
2830 1091 3139 1162 cogitantes
3186 1084 3324 1149 illud
3359 1114 3370 1148 :
3424 1098 3647 1151 Obedire

2045 1181 2249 1243 oportet
2296 1178 2399 1229 Deo
2448 1181 2625 1244 magis
2668 1196 2836 1246 quam
2884 1181 3201 1237 hominibus
3234 1186 3370 1250 (Act.
3413 1202 3464 1251 ν,
3504 1185 3594 1254 29)
3629 1204 3643 1253 ;

2045 1264 2243 1318 melius
2284 1266 2434 1318 enim
2473 1272 2594 1320 erat
2641 1268 2751 1321 illis
2780 1269 2952 1324 vitam
2990 1275 3361 1342 temporalem
3410 1276 3646 1346 perdere

2048 1364 2215 1423 quam
2246 1360 2535 1424 peccatum
2560 1357 2928 1411 committere;

2050 1460 2199 1526 Quod
2250 1460 2556 1529 aliquando
2610 1478 2673 1514 ex
2727 1467 2954 1587 peccatus
3007 1469 3256 1534 quadam
3304 1474 3649 1537 generantur

2719 1550 2873 1587 necca
2898 1552 2952 1587 αι

2714 1550 2952 1601 peccata.

2119 1631 2275 1700 Saepe
2306 1635 2597 1700 peccatum
2641 1632 2873 1686 alterius
2912 1635 3123 1703 peccati
3160 1651 3330 1691 causa
3362 1644 3466 1704 est,
3499 1641 3647 1709 quod

2044 1735 2173 1773 cum
2219 1719 2610 1784 committitur,
2643 1720 2793 1773 aliud
2825 1738 2891 1774 ex
2933 1722 3056 1792 ipso
3086 1725 3245 1793 quasi
3292 1743 3397 1780 sua
3431 1728 3649 1783 soboles

1978 1808 2246 1890 Boritur,
2289 1808 2435 1861 sicut
2484 1808 2604 1861 ﬁeri
2639 1809 2782 1863 solet
2819 1810 2973 1864 nasci
3020 1811 3311 1868 libidinem
3356 1832 3423 1869 ex
3472 1816 3650 1871 nimia

2049 1897 2259 1951 ventris
2284 1897 2547 1966 ingluvie.
2565 1898 2738 1951 Paena
2756 1916 2885 1953 vero
2906 1901 3117 1969 peccati
3139 1910 3427 1972 peccatum
3447 1905 3649 1960 admit.

2046 1987 2205 2051 titur,
2226 1986 2449 2056 quando
2470 2002 2570 2056 pro
2590 1987 2792 2041 merito
2815 1989 3088 2059 cujusque
3117 1992 3330 2060 peccati
3350 1993 3466 2047 Deo
3491 1994 3648 2049 dese-

2044 2082 2223 2133 rente,
2243 2075 2296 2128 in
2317 2074 2467 2128 aliud
2490 2082 2778 2147 peccatum
2790 2076 2906 2130 itur
2917 2077 3184 2144 deterius,
3198 2081 3268 2133 de
3281 2092 3391 2151 Quo
3406 2083 3648 2153 amplius

2044 2165 2141 2235 qui
2170 2164 2462 2218 admiserit
2479 2165 2816 2219 sordidetur.
2841 2166 2987 2235 Ergo
3010 2169 3330 2237 precedens
3355 2176 3647 2240 peccatum

2042 2271 2211 2308 causa
2239 2261 2325 2307 est
2354 2254 2639 2324 sequentis
2660 2255 2889 2324 peccati,
2924 2270 3165 2326 sequens
3196 2274 3326 2312 vero
3356 2265 3646 2329 peccatum

2042 2360 2206 2413 pmna
2251 2349 2336 2396 est
2384 2343 2748 2413 praacedentis
2798 2344 3005 2397 delicti.
3040 2345 3419 2401 Praecedentia
3454 2348 3647 2419 itaque

2040 2439 2268 2503 peccata
2280 2432 2634 2502 sequentium
2651 2438 2784 2486 sunt
2802 2433 3101 2487 criminum
3121 2447 3309 2499 causa,
3324 2443 3390 2490 ut
3406 2436 3503 2491 illa
3521 2455 3644 2511 quae

2040 2528 2354 2592 sequuntur
2382 2521 2495 2574 sint
2519 2522 2954 2591 praecedentium
2984 2539 3168 2593 pana.
3201 2524 3645 2581 Praecedentium

2040 2619 2392 2681 peccatorum
2423 2627 2589 2681 poena
2611 2610 2985 2680 ipsavncatur
3006 2612 3293 2667 induratio
3321 2614 3550 2668 veniens
3576 2616 3645 2669 de

2039 2700 2227 2754 divina
2250 2699 2504 2769 justitia;
2541 2699 2671 2752 hinc
2701 2704 2788 2752 est
2819 2700 2965 2769 quod
3000 2700 3082 2753 ait
3113 2701 3389 2771 propheta
3419 2720 3430 2754 ε
3469 2705 3645 2758 Indu-

2040 2793 2179 2842 rasti
2200 2806 2293 2842 cor
2316 2793 2588 2851 nostrum,
2614 2803 2679 2841 ne
2702 2791 3188 2857 timeremusﬂsai.
3212 2804 3361 2856 LXIII,
3392 2789 3509 2860 i7);
3541 2808 3643 2846 ne-

2039 2896 2146 2948 que
2167 2878 2316 2930 enim
2339 2878 2473 2929 dum
2500 2876 2817 2946 Quicunque
2832 2876 2972 2945 justi
2994 2882 3129 2931 sunt
3148 2893 3182 2931 a
3201 2878 3317 2932 Deo
3348 2879 3645 2949 impellun-

2038 2972 2132 3020 tur
2147 2973 2210 3020 ut
2230 2966 2363 3019 mali
2388 2966 2544 3029 ﬁant,
2570 2965 2667 3017 sed
2689 2965 2823 3017 dum
2845 2966 2978 3019 mali
2995 2967 3118 3035 jam
3142 2974 3276 3021 sunt
3302 2968 3644 3023 indurantur

2038 3064 2101 3109 ut
2113 3056 2418 3109 deteriores
2431 3054 2689 3108 existant.
2698 3054 2820 3108 Huc
2832 3069 3011 3125 usque
3024 3056 3268 3126 qualiter
3277 3057 3637 3127 cogitatione,

350 3144 500 3207 facit,
555 3158 723 3212 quam
774 3143 869 3211 qui
919 3159 1031 3195 non
1079 3143 1210 3195 facit
1254 3150 1311 3197 et
1350 3145 1569 3215 diligit;
1614 3136 2316 3218 graviusqueClocutione
2351 3150 2409 3197 et
2440 3160 2607 3214 opere
2653 3149 2883 3213 peccata
2910 3150 3310 3215 perpetrantur
3336 3162 3402 3199 ex
3449 3147 3644 3202 multis

352 3233 655 3295 interdum,
687 3231 781 3301 qui
819 3232 1003 3300 diligit
1044 3238 1100 3284 et
1146 3247 1257 3285 non
1287 3235 1439 3297 iacit,
1475 3252 1643 3306 quam
1685 3238 1779 3306 qui
1819 3237 1951 3291 facit

351 3328 407 3374 et
437 3321 555 3375 odit
587 3339 598 3381 ;
630 3318 1025 3389 gravissimum
1054 3328 1139 3374 est
1166 3337 1279 3375 non
1309 3325 1491 3378 solum
1532 3325 1733 3389 facere,
1767 3327 1865 3380 sed
1896 3332 1951 3380 et

347 3410 582 3479 diligere
624 3414 932 3479 peccatum.
979 3410 1120 3463 Sunt
1169 3411 1263 3480 qui
1303 3419 1533 3483 peracto
1561 3415 1776 3483 ﬂagitio
1822 3431 1951 3469 mox

2034 3240 2354 3288 sanctorum
2390 3234 2620 3286 Patrum
2653 3232 2851 3286 edictis
2878 3250 3071 3303 pauca,
3103 3234 3348 3289 donante
3377 3235 3639 3304 Domino,

2033 3324 2409 3393 excerpsimus
2450 3338 2572 3392 quae
2619 3321 2856 3376 forsitan
2902 3322 3336 3393 simplicioribus
3376 3324 3641 3394 prodesse

2034 3419 2314 3485 poterunt.

350 3531 3617 3565 ww

780 3636 1426 3748 BEATI
1513 3646 2368 3749 RABANI
2454 3636 3191 3750 MAURI

1026 3814 1419 3879 FULDENSIS
1458 3814 1761 3879 ABBATIS
1813 3824 1900 3878 ET
1938 3818 2352 3879 MOGUNTINI
2389 3812 2948 3879 ARCHIEPISCOPI

877 3958 2360 4097 PCENITENTIUM
2474 3960 3095 4097 LIBER

1646 4165 1774 4234 Ai)
1840 4162 1956 4234 OT
1961 4155 2360 4235 GARIUM.

935 4418 1331 4477 PREFATIO.

406 4506 641 4564 Domino
710 4512 766 4564 in
848 4506 1084 4567 Domino
1142 4512 1495 4566 dominorum
1559 4512 1939 4576 dilectissimo,

338 4598 585 4653 Oimuuo
616 4600 1055 4671 archiepiscopo,
1082 4598 1341 4656 Rsmxcs
1362 4610 1619 4672 peccator
1643 4602 1700 4654 in
1720 4600 1943 4654 Christo

336 4692 499 4756 aptat
528 4684 786 4743 salutem.

410 4776 671 4839 Quandiu
708 4796 821 4843 vos,
856 4783 1047 4832 sancte
1088 4779 1270 4844 Pater,
1314 4779 1678 4849 sperabamus
1720 4780 1787 4832 ad
1840 4795 1939 4832 nos

336 4871 622 4932 venturos,
647 4867 810 4920 citius
830 4868 947 4921 fore
973 4868 1274 4921 adventum
1303 4874 1549 4921 vestrum
1577 4868 1935 4939 optabamus;

333 4955 435 5006 sed
475 4955 609 5025 quia
636 4962 934 5026 postquam
974 4957 1189 5010 abiistis
1222 4976 1253 5009 a
1287 4958 1463 5019 nobis,
1497 4963 1551 5011 et
1582 4966 1808 5010 maestos
1840 4973 1941 5010 nos

333 5042 406 5094 de
434 5042 696 5096 abscessu
728 5046 909 5096 vestro
934 5044 1299 5113 relinquistis,
1326 5046 1599 5098 orandum
1633 5045 1789 5098 nobis
1821 5062 1939 5099 esse

336 5130 704 5185 censebamus
717 5133 975 5185 utdivina
989 5134 1271 5202 majestas,
1282 5134 1589 5187 incolumes
1610 5149 1703 5185 vos
1716 5142 1941 5185 servans

336 5219 609 5272 concedat
624 5220 783 5273 nobis
808 5222 1013 5274 iterum
1038 5238 1131 5273 vos
1162 5237 1328 5273 sanos
1353 5221 1555 5285 videre,
1580 5221 1709 5290 quia
1730 5222 1941 5275 sanitas

338 5316 523 5361 vestra
554 5310 793 5379 sospitas
828 5316 911 5363 est
964 5315 1190 5363 nostra:
1231 5311 1277 5362 si
1318 5314 1505 5362 autem
1548 5311 1757 5379 aliquid
1790 5310 1941 5363 vobis

337 5396 559 5450 adversi
606 5400 921 5468 contigerit,
955 5400 1144 5452 tristes
1174 5414 1275 5451 nos
1318 5416 1381 5450 ac
1413 5398 1772 5452 conturbatos
1821 5400 1939 5452 sine

338 5486 510 5539 dubio
546 5486 764 5541 efficiet.
808 5489 885 5541 De
924 5495 1121 5541 cmtero
1153 5503 1374 5557 quoque
1410 5488 1543 5557 quia
1582 5489 1803 5557 quando
1853 5489 1940 5541 hic

337 5576 768 5645 prresentialiter
795 5577 997 5641 fuistis,
1028 5577 1238 5646 placuit
1276 5577 1558 5631 sanctitati
1591 5582 1784 5629 vestrm
1812 5590 1938 5629 cum

342 5665 617 5734 parvitate
646 5670 839 5719 nostra
868 5666 1079 5736 aliquid
1106 5670 1349 5719 tractare
1381 5671 1547 5737 atque
1592 5666 1841 5719 conferre
1870 5667 1938 5719 de

1951 4424 2000 4482 D
2017 4414 2249 4476 diversis
2260 4424 2694 4494 transgressioni
2702 4423 2801 4477 bus
2810 4422 2869 4476 in
2883 4422 3085 4493 quibus
3094 4421 3369 4491 fragilitas
3381 4419 3632 4476 humana

2026 4512 2215 4565 divina
2248 4518 2526 4583 praecepta
2554 4510 2987 4581 transgreditur,
3023 4508 3301 4580 quomodo
3330 4514 3431 4581 per
3458 4511 3633 4581 patil-

2026 4601 2261 4654 tentiam
2292 4601 2595 4654 restaurari
2626 4600 2843 4671 possint
2863 4602 3031 4669 atque
3061 4599 3176 4651 Deo
3206 4597 3553 4653 reconciliari
3574 4601 3633 4653 hi

2026 4690 2122 4759 qui
2153 4690 2210 4743 in
2232 4690 2467 4743 diversis
2498 4688 2798 4743 sceleribus
2826 4687 3265 4758 praaVaricantur
3285 4688 3465 4758 legem
3488 4674 3587 4742 Dei
3613 4706 3626 4741 :

2022 4777 2260 4847 ideoque
2299 4777 2545 4847 jussistis
2578 4777 2713 4830 mihi
2746 4782 2808 4829 ut
2845 4776 2913 4830 de
2960 4768 3266 4830 canonibus
3305 4778 3363 4831 et
3412 4778 3630 4832 sanctu-

2023 4874 2149 4919 rum
2164 4867 2397 4920 Patrum
2427 4866 2722 4920 sententiis
2751 4864 2994 4919 breviter
3014 4871 3368 4935 excerperem
3386 4866 3629 4938 atquein

2027 4970 2200 5007 unum
2219 4956 2536 5023 colligerem
2551 4968 2672 5025 qua:
2690 4962 2723 5007 'a
2736 4954 3019 5023 magistris
3036 4955 3290 5008 Euclesise
3305 4953 3631 5025 hujusmodi

2026 5044 2275 5114 personis
2291 5044 2359 5097 ad
2374 5044 2822 5097 emendationem
2836 5042 3098 5109 vitiorum
3114 5043 3463 5113 promulgata
3475 5036 3628 5097 sunt.

2024 5133 2149 5185 Feci
2180 5134 2326 5203 quod
2355 5133 2682 5195 mandastis,
2718 5138 2774 5185 et
2802 5132 2859 5185 in
2892 5148 3004 5187 uno
3034 5131 3221 5185 libello
3252 5146 3325 5205 ea
3340 5131 3626 5202 deseripsi,

2027 5223 2173 5291 quod
2205 5222 2485 5275 haberetis
2505 5221 2561 5274 in
2586 5227 2848 5292 promptu
2870 5228 3001 5273 ante
3026 5220 3213 5274 oculos
3236 5220 3306 5274 ad
3328 5221 3628 5291 legendum

2027 5312 2172 5380 quod
2207 5311 2343 5363 mihi
2388 5328 2612 5365 necesse
2644 5314 2764 5363 erat
2793 5318 2857 5362 ex
2886 5310 3119 5363 diversis
3162 5309 3318 5363 libris
3360 5310 3419 5364 in
3448 5314 3627 5365 unum

2025 5412 2384 5469 congregare,
2421 5406 2483 5453 ut
2514 5405 2705 5453 noster
2733 5398 2890 5451 labor
2918 5405 3114 5453 vestrae
3141 5398 3414 5453 Voluntati
3436 5398 3625 5471 aliquo

2024 5484 2188 5541 modo
2243 5489 2602 5543 satisfaceret.
2637 5489 2705 5542 Et
2753 5504 2822 5541 ne
2863 5482 3004 5541 forte
3051 5488 3427 5542 necessarium
3471 5487 3627 5543 vobis

2023 5577 2166 5630 foret
2200 5576 2254 5629 in
2286 5577 2518 5630 diversis
2557 5572 2932 5630 voluminibus
2962 5576 3019 5630 id
3048 5583 3299 5647 quatere
3339 5576 3489 5648 quod
3527 5579 3625 5630 res

2020 5669 2137 5736 jam
2163 5670 2379 5719 constat
2399 5666 2457 5721 in
2483 5665 2632 5718 brevi
2655 5665 2993 5735 exquisitum
3013 5665 3385 5731 haberﬂdniiti
3402 5668 3625 5736 quoque
