4018 6168
501 329 642 386 1399
1092 329 1157 384 Β.
1190 328 1464 384 RABANI
1500 327 1734 384 MAURI
1770 327 2088 386 ARCHIEP

2172 331 2474 388 [OGUNT.
2517 327 2816 386 OPERUM
2850 328 3034 384 PARS
3070 328 3170 384 III.
3592 333 3701 390 1400

487 456 678 512 libello
696 454 957 526 subjunxi
980 455 1240 518 alterum,
1264 470 1430 524 quem
1460 470 1640 525 nuper
1664 455 1734 508 de
1761 457 2090 526 consangui-
2104 459 2158 518 Α
2172 459 2371 523 verint,
2392 457 2449 510 in
2471 457 2852 529 apostolorum
2864 455 3090 509 Canone
3109 454 3188 508 ita
3206 455 3402 525 legitur
3419 475 3431 509 :
3449 458 3702 531 Episcopus

491 561 728 600 neorum
749 544 979 615 nuptiis,
1005 549 1064 597 et
1082 543 1152 597 de
1182 559 1474 613 magorum
1505 544 1800 614 praestigiis
1829 543 2093 615 falsisque
2175 553 2274 601 aut
2300 547 2592 618 presbyter
2619 551 2720 600 aut
2746 545 3034 610 diaconus,
3067 543 3160 614 qui
3189 545 3247 597 in
3271 544 3598 601 fornicatione
3628 559 3704 602 aut

491 633 929 690 divinationibus
973 632 1338 699 confeceram,
1370 639 1434 686 ut
1463 632 1743 686 haberetis
1781 650 1876 687 eos
1924 633 2093 688 simul
2174 635 2425 706 perjurio
2460 641 2559 689 aut
2588 635 2738 690 furto
2768 639 2964 706 captus
2993 639 3096 700 est,
3145 633 3444 704 deponatur
3471 652 3483 688 :
3518 651 3614 689 non
3633 643 3704 691 ta-

493 740 632 796 quos
679 723 816 778 ordo
865 722 1101 776 rationis
1155 721 1456 776 concordes
1511 721 1663 776 fecit.
1719 722 1914 793 Legite
1959 739 2091 792 ergo
2174 740 2306 778 men
2345 723 2738 778 communione
2776 723 3044 795 privetur.
3077 722 3223 776 Dicit
3257 722 3400 776 enim
3426 723 3701 796 Scriptma:

491 813 825 885 opusculum
845 811 993 883 quod
1024 809 1179 865 vobis
1209 811 1482 865 directum
1506 817 1608 877 est,
1632 815 1689 864 et
1715 811 1761 864 si
1791 811 1925 882 quid
1953 812 2010 866 in
2026 828 2092 868 eo
2179 815 2348 868 «Non
2359 813 2663 868 vindicabit
2683 813 2959 867 Dominus
2973 811 3059 865 bis
3083 811 3141 865 in
3161 811 3399 882 idipsum
3414 813 3703 880 (Naum,x).)

493 902 680 956 minus
711 907 858 956 recte
875 900 1118 972 positum
1139 899 1412 964 videatur,
1431 906 1614 953 vestro
1636 915 1794 954 sacro
1815 901 2000 955 studio
2019 901 2092 955 ad
2246 903 2387 956 Item
2407 902 2465 956 in
2485 902 2682 956 eodem
2704 900 2960 965 concilio,
2976 916 3097 971 cap.
3117 898 3216 954 ‘28:
3242 899 3300 954 Si
3322 899 3438 970 quis
3451 901 3706 972 episcopus,

490 991 795 1046 utilitatem
824 989 1130 1060 legentium
1167 988 1500 1058 corrigatur.
1534 989 1685 1042 Bene
1713 989 1912 1055 valete,
1949 995 2003 1044 et
2031 990 2092 1044 in
2173 997 2272 1045 aut
2299 991 2610 1063 presbyter,
2647 996 2746 1045 aut
2784 990 3070 1054 diaconus,
3107 989 3387 1060 depositus
3416 990 3552 1059 juste
3577 1006 3710 1061 super

491 1081 664 1135 sacris
692 1079 1038 1135 orationibus
1059 1077 1256 1133 vestris
1285 1077 1397 1130 mei
1427 1077 1734 1148 peccatoris
1761 1079 2092 1133 memoriam
2174 1079 2343 1134 certis
2377 1079 2724 1144 criminibus,
2765 1095 2936 1134 ausus
2964 1077 3134 1132 fuerit
3176 1083 3467 1133 attrectare
3504 1079 3710 1133 ministe-

492 1169 756 1225 habetote
779 1169 839 1224 in
865 1168 1094 1224 nomine
1123 1166 1367 1222 Domini.
2173 1169 2322 1224 rium
2351 1169 2565 1224 dudum
2591 1169 2696 1223 sibi
2743 1168 3123 1232 commissum,
3157 1167 3247 1220 hic
3294 1166 3362 1220 ab
3390 1167 3608 1220 Ecclesia
3641 1185 3713 1238 pe-

2173 1259 2326 1313 nitus
2355 1258 2734 1312 abscindatur.
2771 1276 2796 1308 «
2830 1257 3262 1310 Accusationem
3295 1261 3474 1310 autem
3500 1257 3714 1310 adversus

2172 1347 2318 1401 sacri
2348 1347 2560 1402 ordinis
2587 1346 2734 1401 viros
2753 1345 2912 1400 facile
2941 1362 3052 1399 non
3082 1345 3470 1416 recipiendam,
3498 1345 3582 1398 sed
3595 1345 3715 1415 prius

2173 1452 2399 1491 causam
2420 1435 2722 1506 diligenter
2740 1434 3194 1500 examinandam,
3213 1438 3271 1487 et
3298 1439 3481 1504 postea
3493 1432 3716 1504 judicium

2170 1524 2542 1586 inferendum,
2601 1523 2901 1595 Apostolus
2959 1523 3122 1578 docet
3169 1521 3415 1576 scribens
3455 1523 3520 1575 ad
3569 1521 3718 1575 Timo-

563 1614 628 1668 In
674 1612 872 1684 primis
901 1629 1034 1683 ergo
1071 1613 1252 1667 visum
1284 1617 1372 1667 est
1407 1611 1562 1666 vobis
1591 1613 1865 1668 conscribi
1905 1614 1973 1668 de
2002 1613 2090 1668 his
2171 1614 2402 1668 theum:
2437 1631 2462 1664 (ί
2495 1613 2944 1677 Accusationem,
2967 1611 3172 1682 inquit,
3207 1610 3468 1664 adversus
3489 1609 3722 1680 presbyte-

491 1701 587 1772 qui
614 1717 802 1755 sacros
831 1701 1056 1755 ordines
1091 1701 1317 1768 habent,
1353 1707 1411 1756 et
1438 1706 1569 1756 ante
1597 1702 1682 1755 vel
1711 1708 1836 1774 post
1863 1703 2091 1756 ordina-
2174 1719 2302 1757 rum
2334 1719 2448 1756 non
2475 1701 2729 1772 recipias,
2769 1700 2876 1754 nisi
2907 1699 3012 1754 sub
3041 1699 3261 1754 duobus
3291 1706 3388 1753 aut
3411 1698 3574 1752 tribus
3596 1699 3720 1752 testi-

489 1789 700 1844 tionem
735 1790 1146 1844 contaminatos
1187 1790 1245 1844 in
1289 1789 1622 1861 capitalibus
1665 1791 1996 1846 criminibus
2034 1809 2094 1846 se
2115 1777 2298 1847 Bbus.
2324 1793 2628 1846 Peccantes
2657 1795 2846 1844 autem
2875 1805 3063 1844 coram
3092 1789 3354 1842 omnibus
3379 1804 3556 1858 argue,
3571 1793 3626 1841 ut
3644 1805 3718 1841 ca-

492 1893 617 1932 esse
632 1879 972 1950 profitentur
993 1896 1004 1931 :
1029 1878 1088 1932 in
1111 1877 1332 1950 quibus,
1360 1885 1425 1933 ut
1453 1879 1591 1933 mihi
1621 1879 1858 1947 videtur,
1875 1881 1992 1934 haec
2014 1881 2095 1934 di-
2173 1881 2283 1936 teri
2310 1885 2526 1935 metum
2553 1879 2800 1933 habeant
2821 1879 2870 1946 (l
2900 1880 3039 1932 Tim.
3067 1880 3144 1946 v).
3171 1897 3199 1931 ι
3228 1877 3429 1942 Quales
3458 1881 3623 1930 autem
3642 1877 3722 1946 ipsi

493 1967 704 2021 stantia
752 1966 920 2022 debet
947 1984 1087 2032 esse,
1129 1972 1194 2022 ut
1220 1968 1278 2022 hi
1319 1968 1415 2038 qui
1459 1969 1794 2040 deprehensi
1822 1970 1908 2023 vel
1945 1970 2093 2040 capti
2175 1975 2347 2024 testes
2383 1986 2503 2024 esse
2539 1969 2799 2033 debeant,
2832 1967 2890 2020 in
2931 1967 3195 2021 Africano
3252 1965 3498 2031 concilio,
3527 1981 3629 2036 cap.
3653 1964 3720 2026 96,

491 2055 701 2113 fuerint
718 2055 938 2127 publice
962 2056 1020 2110 in
1049 2057 1316 2127 perjurio,
1349 2057 1498 2112 furto
1529 2063 1698 2128 atque
1727 2057 2094 2112 fornicatione
2176 2059 2587 2124 manifestatur,
2607 2057 2702 2111 ubi
2723 2057 2802 2111 ita
2829 2056 3103 2128 scriptum
3122 2061 3242 2110 est:
3271 2054 3483 2109 Placuit
3508 2055 3560 2108 in
3572 2069 3726 2108 omnes

489 2148 550 2198 et
575 2145 793 2200 cmteris
821 2145 1143 2216 hujusmodi
1171 2144 1521 2210 criminibus,
1567 2147 1876 2201 secundum
1903 2163 2092 2201 sacro-
2176 2149 2321 2202 servi
2358 2149 2442 2202 vel
2487 2147 2700 2219 proprii
2741 2145 2946 2212 liberti,
2983 2145 3053 2199 ad
3092 2145 3500 2199 accusationem
3537 2159 3630 2196 non
3653 2141 3727 2194 ad-

492 2248 621 2287 rum
647 2249 926 2288 canonum
955 2233 1231 2296 instituta,
1271 2251 1304 2288 a
1333 2234 1514 2304 gradu
1547 2235 1778 2306 proprio
1807 2236 2094 2307 deponan-
2177 2239 2496 2303 mittantur,
2552 2237 2637 2290 vel
2683 2253 2877 2290 omnes
2908 2251 3047 2306 quos
3098 2235 3172 2287 ad
3211 2233 3519 2288 accusanda
3548 2231 3727 2303 publica

493 2325 607 2388 tur,
641 2323 775 2392 quia
813 2323 1138 2378 scandalum
1170 2328 1256 2377 est
1283 2325 1490 2394 populo
1519 2325 1621 2378 Dei
1656 2325 1798 2379 tales
1827 2342 2094 2396 personas
2180 2327 2416 2381 crimina
2439 2327 2592 2396 leges
2620 2324 2852 2396 publica:
2871 2341 2983 2378 non
3013 2323 3346 2377 admittunt.
3373 2322 3567 2376 Omnes
3589 2321 3724 2372 etiam

493 2426 665 2482 super
691 2428 750 2466 se
778 2411 989 2483 positas
1016 2411 1242 2478 habere,
1275 2429 1414 2483 quas
1436 2413 1587 2467 ultra
1599 2414 1838 2468 modum
1868 2414 2096 2469 vitiosas
2177 2415 2420 2470 infamiae
2449 2415 2682 2469 maculis
2704 2413 2938 2484 aspersi,
2967 2413 3024 2466 id
3051 2418 3156 2477 est,
3193 2410 3490 2465 histriones
3509 2425 3568 2463 ac
3588 2408 3730 2479 turpi-

495 2506 717 2555 constat
745 2502 1114 2573 esse.Nempe
1135 2501 1264 2556 inde
1281 2502 1588 2557 detrahunt
1610 2503 1865 2557 homines
1892 2504 2098 2558 sacriﬁ-
2176 2504 2467 2560 tudinibus
2495 2504 2759 2574 subjectae
2783 2519 3053 2574 personae.
3075 2501 3341 2554 Haeretici
3361 2499 3524 2554 etiam
3539 2498 3635 2552 sive
3652 2513 3728 2568 pa-

498 2589 584 2644 cio
613 2589 715 2644 Dei
746 2605 761 2645 :
794 2596 852 2644 et
880 2590 1115 2645 rebelles
1132 2591 1266 2644 hinc
1293 2597 1462 2662 atque
1483 2592 1750 2646 contrarii
1772 2593 2092 2658 existentes,
2177 2595 2309 2666 gani
2329 2611 2427 2649 seu
2455 2593 2652 2648 Judaei.
2684 2591 2792 2646 Sed
2820 2598 3011 2646 tamen
3039 2589 3303 2645 omnibus
3333 2588 3527 2660 quibus
3549 2603 3731 2641 accusa-

499 2695 695 2732 eorum
724 2679 907 2748 pravis
935 2680 1204 2750 exemplis
1235 2679 1482 2750 quotidie
1513 2681 1734 2751 pejores
1767 2683 1928 2748 fiunt,
1953 2683 2099 2737 sicut
2176 2685 2256 2738 tio
2285 2684 2597 2753 denegatur
2623 2682 2683 2735 in
2711 2681 2894 2735 causis
2923 2679 3185 2751 propriis,
3222 2677 3516 2732 accusandi
3541 2675 3726 2730 licentia

501 2768 784 2837 quondam
806 2767 934 2821 ﬁliis
953 2769 1075 2822 Heli
1099 2768 1455 2839 peccantibus
1469 2768 1662 2824 fecisse
1685 2771 1970 2841 leguntur.
1989 2773 2097 2836 Qui
2179 2772 2509 2843 deneganda
2527 2777 2630 2825 est.

501 2861 692 2910 autem
722 2855 792 2910 de
811 2856 1092 2926 praedictis
1109 2856 1244 2911 viris
1271 2874 1372 2928 per
1390 2859 1664 2913 occultam
1693 2859 2097 2916 confessionem
2249 2863 2390 2917 Item
2420 2861 2480 2914 in
2514 2861 2713 2916 eodem
2750 2857 3002 2924 concilio,
3037 2873 3159 2928 cap.
3196 2855 3270 2911 98
3303 2875 3314 2910 :
3357 2857 3542 2911 Testes
3573 2859 3728 2908 autem

503 2943 651 2998 male
682 2960 718 2998 a
763 2961 822 2998 se
851 2944 1118 2999 absconse
1165 2946 1486 3013 commissa,
1537 2964 1726 3002 coram
1767 2950 1943 3004 oculis
1996 2951 2096 3004 Dei
2178 2951 2250 3006 ad
2275 2949 2659 3005 testimonium
2685 2965 2798 3002 non
2829 2946 3229 3012 admittendos,
3267 2947 3365 3017 qui
3401 2961 3500 3000 nec
3526 2945 3589 2999 ad
3616 2959 3741 2997 accu-

501 3037 775 3104 praesente
803 3031 975 3087 etiam
1002 3033 1289 3088 sacerdote
1311 3034 1408 3104 qui
1439 3034 1520 3088 eis
1547 3035 1862 3090 indicturus
1881 3043 1968 3091 est
1985 3055 2099 3110 poe-
2120 3094 2159 3110 η
2179 3041 2455 3096 sationem
2483 3037 2706 3093 admitti
2735 3037 2999 3108 praecepti
3027 3040 3178 3102 sunt,
3197 3036 3284 3090 vel
3307 3035 3476 3090 etiam
3496 3050 3622 3104 quos
3645 3033 3738 3102 ipse

502 3120 802 3174 nitentiam
835 3123 1192 3187 conﬁtentur,
1225 3127 1283 3176 et
1316 3122 1646 3194 semetipsos
1674 3125 1921 3194 graviter
1956 3126 2097 3180 deli-
2116 3120 2162 3156 υ
2181 3135 2470 3185 accusator
2497 3129 2565 3182 de
2586 3144 2688 3182 sua
2715 3127 2881 3181 domo
2909 3125 3257 3197 produxerit.
3283 3124 3369 3178 Ad
3396 3121 3738 3177 testimonium

503 3209 690 3280 quisse
717 3216 999 3276 accusant,
1033 3211 1081 3264 si
1123 3211 1392 3265 veraciter
1427 3213 1796 3282 pmnituerint
1823 3220 1880 3268 et
1911 3231 1971 3269 se
2000 3232 2102 3286 per
2181 3223 2391 3283 autem,
2422 3217 2572 3271 intra
2599 3231 2776 3270 annos
2809 3215 2871 3268 14
2903 3213 3087 3268 aetatis
3115 3229 3254 3279 suae,
3286 3229 3401 3268 non
3429 3212 3736 3274 admittatur,

495 3298 718 3370 jejunia
735 3305 794 3354 et
811 3300 1213 3372 eleemosynas,
1231 3300 1469 3369 vigilias,
1490 3305 1658 3372 atque
1686 3320 1873 3358 sacras
1898 3305 2102 3358 oratio-
2252 3309 2395 3363 Item
2423 3306 2482 3360 in
2511 3305 2707 3359 eodem
2737 3303 2971 3358 concilio
2996 3320 3117 3373 cap.
3149 3303 3219 3357 97
3247 3320 3260 3354 :
3293 3303 3525 3356 Placuit.
3558 3306 3614 3353 ut
3635 3313 3740 3370 quo-

503 3403 621 3454 nes,
655 3403 783 3442 cum
811 3389 1078 3460 lacrymis
1124 3405 1366 3460 purgare
1411 3392 1766 3456 certaverint,
1801 3393 1888 3447 his
1929 3394 2101 3448 etiam
2181 3397 2510 3466 tiescunque
2546 3393 2760 3448 clericis
2789 3392 2859 3446 ab
2895 3390 3320 3446 accusatoribus
3347 3391 3522 3444 multa
3546 3387 3743 3442 crimina

501 3476 683 3547 gradu
715 3484 933 3532 servato
962 3495 1090 3550 spes
1118 3479 1290 3534 veniae
1319 3479 1387 3533 de
1417 3480 1803 3536 misericordia
1839 3483 1939 3536 Dei
1969 3500 2100 3554 pro-
2181 3485 2541 3557 objiciuntur,
2576 3491 2635 3538 et
2659 3500 2838 3538 unum
2867 3499 2932 3536 ex
2969 3481 3103 3552 ipsis
3147 3480 3220 3534 de
3267 3497 3379 3551 quo
3412 3481 3561 3550 prius
3599 3477 3744 3548 egerit

504 3566 782 3621 mittenda
812 3573 917 3633 est,
961 3567 1056 3638 qui
1087 3584 1281 3622 omnes
1310 3569 1563 3624 homines
1601 3571 1719 3626 vult
1760 3573 1942 3626 salvos
1978 3573 2104 3626 ﬁeri
2183 3575 2420 3646 probare
2449 3590 2561 3628 non
2586 3573 2843 3638 valuerit,
2877 3571 2949 3624 ad
2981 3575 3190 3624 caetera
3224 3585 3341 3624 non
3364 3569 3685 3623 admittatur.

504 3659 564 3710 et
613 3655 685 3710 ad
727 3656 1074 3726 agnitionem
1111 3657 1362 3712 veritatis
1408 3659 1715 3729 pervenire,
1763 3677 1944 3731 neque
1985 3661 2104 3715 vult
2255 3664 2335 3718 De
2377 3663 2464 3716 his
2495 3669 2686 3716 autem
2719 3676 2960 3732 quorum
2988 3659 3208 3714 occulta
3247 3665 3477 3730 peccata
3501 3662 3637 3722 sunt,
3665 3669 3743 3707 nec

506 3750 746 3800 mortem
777 3745 1104 3816 peccatoris,
1131 3747 1230 3800 sed
1267 3751 1338 3800 ut
1358 3753 1716 3802 convertatur
1743 3755 1801 3803 et
1827 3749 1993 3803 vivat.
2185 3752 2480 3807 manifeste
2516 3751 2587 3805 ab
2634 3751 2822 3822 aliquo
2872 3749 3034 3819 argui
3077 3755 3335 3819 possunt,
3396 3747 3442 3802 si
3489 3745 3747 3800 salubriter

577 3835 721 3888 Nam
743 3835 813 3888 de
833 3834 944 3888 illis
961 3834 1057 3905 qui
1079 3835 1148 3889 ad
1179 3835 1450 3890 honorem
1469 3837 1802 3908 presbyterii
1831 3839 1951 3893 sine
1973 3856 2103 3894 exa-
2185 3841 2503 3912 compuncti
2530 3857 2632 3912 pro
2660 3839 2901 3911 peccatis
2936 3839 3054 3892 suis
3096 3837 3507 3892 confessionem
3529 3835 3744 3906 episcopo

504 3922 812 3978 minatione
839 3924 1084 3995 provecti
1117 3930 1270 3988 sunt,
1301 3926 1358 3978 in
1400 3925 1625 3980 Nicaeno
1665 3927 1916 3994 concilio,
1949 3928 2102 3999 capi-
2185 3919 2297 3984 sive
2335 3930 2664 4002 presbytero
2693 3929 2906 3983 occulte
2944 3927 3175 3992 faciunt,
3208 3925 3425 3980 bonum
3468 3924 3597 3980 mihi
3622 3921 3746 3977 vide-

505 4011 626 4065 tulo
653 4011 706 4076 8,
746 4011 940 4066 taliter
965 4013 1236 4082 scriptum
1264 4017 1351 4066 est
1383 4031 1395 4065 :
1433 4014 1490 4068 Si
1519 4015 1613 4084 qui
1643 4015 1955 4086 presbyteri
1983 4017 2104 4070 sine
2186 4023 2297 4084 tur,
2330 4024 2394 4072 ut
2435 4017 2744 4072 secundum
2773 4017 2829 4070 id
2859 4015 3007 4087 quod
3036 4013 3142 4068 sibi
3178 4015 3469 4068 decretum
3511 4011 3664 4066 fuerit
3692 4008 3746 4062 ab

504 4099 761 4153 examine
790 4106 924 4154 sunt
951 4100 1218 4171 provecti,
1248 4101 1334 4154 vel
1371 4118 1498 4155 cum
1539 4102 1954 4158 discuterentur
1981 4121 2104 4175 pec—
2185 4108 2446 4179 episcopo
2479 4107 2594 4161 sive
2637 4105 2982 4177 presbytero,
3017 4103 3410 4174 pmnitentiam
3445 4106 3622 4172 agant,
3658 4113 3746 4152 non

505 4192 633 4242 cata
664 4203 770 4242 sua
803 4188 1038 4242 confessi
1069 4195 1219 4254 sunt,
1256 4196 1314 4243 et
1341 4190 1595 4245 homines
1629 4198 1827 4247 contra
1862 4209 2102 4248 canones
2181 4196 2371 4268 tepide
2400 4212 2503 4250 nec
2545 4194 2723 4258 tarde,
2755 4192 2852 4246 sed
2882 4191 3162 4245 ferventer
3192 4194 3251 4242 et
3287 4188 3521 4242 sollicite
3559 4206 3570 4239 :
3606 4203 3662 4239 ac
3681 4184 3745 4237 sic

503 4277 786 4343 commoti,
811 4293 1009 4332 manus
1028 4278 1295 4332 confessis
1313 4279 1604 4350 imponere
1619 4287 1995 4342 tentaverunt.
2012 4290 2102 4336 ta-
2183 4301 2243 4338 se
2292 4285 2509 4338 veniam
2555 4289 2910 4356 peccatorum
2951 4297 2986 4334 a
3030 4277 3274 4333 Domino
3315 4281 3676 4348 percepturos,
3703 4278 3750 4327 et

501 4363 584 4419 les
613 4367 950 4473 reg‘ulanon‘
966 4367 1242 4424 admittit:
1275 4368 1408 4440 quia
1437 4371 1585 4440 quod
1613 4370 2164 4473 irreprehensibileD
2181 4374 2421 4444 gradum
2441 4390 2502 4428 se
2521 4376 2948 4444 recuperaturos
2967 4367 3272 4422 conﬁdant.
3296 4367 3458 4431 Quod
3471 4366 3629 4420 etiam
3645 4363 3751 4416 bea-

502 4459 591 4508 est
619 4455 891 4510 catholica
918 4456 1166 4512 defendit
1196 4457 1460 4513 Ecclesia.
2112 4453 2162 4473 ⁸³
2181 4467 2274 4516 tus
2295 4463 2600 4535 Gregorius
2609 4479 2772 4533 papa,
2794 4461 2854 4514 in
2869 4459 3108 4530 epistola
3123 4474 3294 4530 quam
3316 4457 3389 4511 ad
3406 4453 3749 4510 Secundinum

571 4543 715 4598 Item
741 4545 801 4599 in
828 4545 1263 4601 Neoczesariensi
1283 4547 1539 4615 concilio,
1561 4564 1682 4619 cap.
1709 4549 1762 4615 8,
1794 4548 1864 4602 de
1896 4549 2001 4603 hoc
2021 4549 2100 4604 ita
2180 4569 2400 4608 servum
2445 4553 2546 4607 Dei
2584 4552 2862 4606 inclusum
2917 4548 3157 4620 scripsit,
3191 4548 3272 4602 ita
3305 4546 3504 4618 probat
3543 4545 3745 4598 dicens:

496 4631 794 4688 definitum
818 4640 904 4689 est
927 4651 940 4686 :
965 4635 1266 4708 Presbyter
1295 4637 1343 4692 si
1374 4643 1794 4708 praeoccupatus
1823 4639 2097 4710 corporali
2179 4643 2324 4697 Nam
2348 4649 2449 4696 tua
2477 4641 2747 4696 sanctitas
2767 4640 2896 4694 inde
2921 4656 2956 4694 a
2984 4637 3146 4693 nobis
3165 4636 3476 4708 requisivit,
3497 4639 3559 4688 ut
3573 4631 3749 4686 tibire-

497 4727 726 4793 peccato
753 4723 1110 4793 provehatur,
1145 4730 1202 4778 et
1247 4725 1531 4780 confessus
1563 4726 1732 4780 fuerit
1759 4726 1829 4780 de
1859 4743 1918 4780 se
1947 4728 2096 4798 quod
2179 4730 2479 4785 scriberem
2509 4730 2579 4784 de
2607 4728 2936 4784 sacerdotali
2971 4727 3152 4782 ofﬁcio
3196 4732 3326 4798 post
3355 4726 3570 4796 lapsum
3595 4734 3749 4775 resur-

494 4816 628 4864 ante
657 4811 1068 4866 ordinationem
1095 4813 1413 4886 deliquerit,
1439 4814 1627 4868 oblata
1645 4831 1758 4869 non
1786 4822 2092 4883 consecret,
2175 4820 2364 4889 gendi,
2422 4820 2557 4874 dum
2603 4819 2744 4873 dicis
2787 4818 2856 4872 de
2893 4818 2998 4871 hoc
3042 4833 3254 4870 canone
3303 4815 3549 4868 diversas
3585 4817 3634 4864 te
3680 4808 3747 4860 le-

493 4915 730 4955 manens
757 4901 817 4955 in
846 4901 1079 4974 reliquis
1108 4903 1304 4957 officiis
1332 4909 1562 4974 propter
1584 4904 1832 4959 studium
1862 4905 2091 4960 bonum.
2175 4909 2324 4979 gisse
2355 4908 2673 4979 divisasque
2701 4905 3010 4962 sententias
3043 4925 3054 4959 :
3091 4905 3231 4959 alias
3260 4901 3605 4974 resurgendi,
3631 4897 3747 4952 alias

492 4989 638 5045 Nam
668 4996 897 5062 peccata
922 4991 1143 5062 reliqua
1170 4993 1424 5076 plerique
1455 4992 1720 5048 dixerunt
1742 5010 1844 5064 per
1870 5011 2091 5060 manus,
2176 5013 2534 5069 nequaquam
2568 5012 2750 5068 posse.
2795 4996 2940 5050 Nam
2969 5011 3072 5049 nos
3115 4994 3458 5064 generaliter
3489 5007 3524 5044 a
3553 4988 3746 5044 Sicana

488 5077 908 5150 impositionem
936 5096 1098 5152 posse
1126 5079 1355 5134 dimitti.
1389 5080 1550 5146 Quod
1579 5082 1626 5135 si
1655 5082 1724 5136 de
1752 5099 1813 5136 se
1842 5100 1954 5138 non
1971 5084 2093 5138 fue-
2175 5087 2526 5158 incipientes,
2558 5086 2705 5140 hanc
2732 5102 2859 5139 cum
2889 5085 3134 5155 reliquas
3156 5089 3400 5156 quatuor
3424 5089 3744 5137 veneramur,

488 5167 566 5222 rit
590 5184 712 5239 ipse
742 5168 1044 5230 confessus.
1077 5174 1135 5222 et
1163 5169 1325 5240 argui
1355 5170 1650 5224 manifeste
1701 5187 1815 5226 non
1854 5173 2095 5243 quiverit
2177 5192 2300 5246 quae
2327 5175 2509 5247 ipsam
2545 5180 2845 5246 sequentes
2877 5180 3093 5229 caetera:
3136 5174 3196 5228 in
3232 5171 3447 5226 cunctis
3487 5163 3746 5224 sententiis

491 5259 787 5326 potestatis
815 5274 931 5312 suae
953 5257 1165 5327 judicio
1195 5259 1569 5330 relinquatur.
2174 5265 2472 5319 unanimes
2519 5263 2879 5318 concordant.
2915 5263 3031 5318 Nos
3084 5279 3217 5332 ergo
3259 5259 3628 5333 praecedentes
3662 5269 3746 5308 nos

567 5346 711 5400 Item
756 5347 817 5401 in
856 5347 1053 5401 eodem
1083 5349 1336 5416 concilio,
1370 5366 1490 5420 cap.
1540 5349 1606 5404 lO
1646 5367 1658 5402 :
1696 5349 1876 5405 Simili
1925 5352 2093 5406 modo
2176 5359 2366 5425 patres
2413 5354 2705 5425 sequimur
2737 5371 2748 5406 :
2797 5353 2930 5425 quia
2978 5358 3203 5406 auctore
3242 5351 3378 5412 Deo,
3411 5365 3446 5402 a
3470 5361 3625 5401 sacra
3659 5343 3746 5395 do-

489 5433 663 5488 etiam
704 5435 991 5500 diaconus,
1031 5437 1079 5490 si
1125 5438 1321 5493 eodem
1358 5444 1584 5510 peccato
1614 5439 1988 5508 succubuerit,
2021 5441 2092 5496 ab
2174 5444 2355 5497 ctrina
2395 5443 2621 5497 illorum
2677 5458 2790 5496 non
2834 5441 3234 5507 discordamus,
3273 5441 3321 5492 A
3355 5437 3534 5508 capite
3576 5434 3744 5502 itaque

489 5523 688 5577 ordine
716 5525 1014 5580 ministerii
1061 5528 1444 5585 subtrahatur.
2171 5531 2520 5604 incipientes,
2562 5548 2740 5602 usque
2793 5531 2853 5584 in
2904 5535 3166 5602 quartum
3211 5528 3404 5583 altaris
3447 5523 3738 5580 ministrum

562 5611 645 5668 De
672 5611 784 5667 illis
803 5629 1025 5684 quoque
1051 5617 1145 5686 qui
1167 5625 1294 5688 post
1311 5625 1601 5690 acceptum
1619 5621 1860 5690 gradum
1889 5637 2087 5691 pecca-
2171 5621 2317 5676 hanc
2345 5623 2585 5676 formam
2607 5620 2940 5676 servandam
2959 5619 3372 5690 cognoscimus:
3397 5621 3460 5670 ut
3478 5626 3632 5684 quem
3651 5605 3736 5662 mi-

493 1312 625 1367 CAP.
650 1313 695 1366 Ι.
721 1341 787 1352 -
806 1314 880 1368 De
903 1313 988 1366 his
1012 1315 1112 1380 qui
1130 1317 1248 1380 post
1272 1327 1491 1365 sacram
1511 1312 1920 1365 ordinationem
1944 1315 2090 1380 capi-

565 1405 704 1457 talia
751 1404 996 1456 crimina
1036 1403 1409 1465 committunt,
1451 1405 1498 1452 et
1541 1416 1732 1453 eorum
1766 1403 2090 1468 pwm’tmtz’a

561 1506 654 1544 seu
683 1492 1268 1544 excommunicatione.
