4018 6168
1345 325 1372 332 ..ρ

317 331 453 394 1401

1566 335 2086 394 ΡίΕΝῙΤΕΝΤΙΙῙΜ
2121 339 2354 395 LIBER.

3454 339 3599 396 1402

318 476 514 514 norem
539 461 1028 530 major-praecedit,
1066 461 1211 515 sicut
1247 462 1458 515 honore
1489 468 1576 516 est
1603 464 1801 532 major,
1835 463 1916 518 ita
1932 468 1979 524 A
1997 469 2112 518 tem
2140 480 2424 518 reversum
2453 463 2708 534 despicit,
2736 463 2832 534 qui
2860 469 3178 534 peccatores
3197 463 3473 533 sanguine
3493 481 3594 518 suo

318 549 393 604 sit
429 550 487 603 in
514 549 768 604 crimine.
801 549 872 603 Et
899 566 1066 620 quem
1093 553 1276 621 major
1305 551 1560 622 sequitur
1592 551 1772 623 culpa,
1807 569 1920 606 ma-

312 641 408 710 jor
435 639 488 693 ei
516 638 816 710 inplicetur
845 639 1089 694 Vindicta
1119 659 1130 693 :
1167 645 1226 694 et
1252 640 1331 694 sic
1362 647 1558 711 postea
1593 641 1922 712 poenitentia

317 727 582 782 credatur
604 743 726 782 esse
749 727 1052 782 fructuosa.
1069 727 1215 793 Quid
1243 729 1393 783 enim
1422 729 1650 800 prodest
1672 730 1920 785 triticum

316 816 618 883 seminare,
652 823 714 872 et
738 817 983 872 fructum
1013 818 1164 872 illius
1195 835 1308 873 non
1359 819 1664 890 colligere?
1694 825 1794 875 aut
1818 821 1921 874 do-

317 922 476 960 mum
502 911 848 974 construere,
875 912 932 962 et
955 923 1070 962 non
1091 907 1205 962 illic
1223 907 1514 962 habitare?
1541 909 1675 963 Post
1691 909 1920 980 dignam

318 995 470 1049 enim
503 994 960 1063 satisfactionem,
992 996 1274 1051 credimus
1297 1013 1460 1068 posse
1492 997 1676 1052 redire
1715 999 1786 1052 ad
1817 999 1920 1054 ho-

319 1099 535 1151 norem,
565 1085 843 1156 propheta
863 1085 1082 1140 dicente
1105 1104 1117 1138 :
1151 1107 1176 1137 α
1199 1086 1465 1156 Nunquid
1486 1087 1582 1158 qui
1613 1088 1782 1154 cadit,
1807 1105 1920 1142 non

321 1173 553 1242 adjiciet
579 1178 646 1227 ut
685 1175 988 1244 resurgat?
1020 1176 1146 1240 (Isa.
1176 1191 1322 1241 xxxv,
1354 1173 1444 1242 20)
1484 1181 1541 1228 et
1569 1175 1665 1246 qui
1693 1193 1920 1230 aversus

319 1266 424 1328 est,
456 1278 569 1316 non
599 1263 947 1318 revertetur?
969 1282 992 1313 ι
1015 1263 1169 1318 Idem
1195 1263 1473 1334 peccatori
1497 1263 1611 1318 ait:
1639 1282 1664 1316 α
1695 1265 1758 1319 In
1787 1281 1922 1336 qua-

319 1366 541 1422 cunque
581 1349 672 1405 die
709 1367 1007 1406 conversus
1043 1352 1403 1422 ingemueris,
1437 1359 1570 1408 tunc
1597 1353 1782 1408 salvus
1811 1354 1922 1408 eris

322 1440 536 1506 (Ezech.
569 1441 670 1507 In).
699 1457 726 1492 ι
745 1441 904 1494 Unde
929 1446 987 1494 et
1005 1441 1304 1495 Psalmista
1318 1441 1426 1496 ait:
1453 1460 1479 1494 α
1510 1443 1621 1497 Cor
1647 1443 1921 1497 mundum

319 1544 450 1582 crea
504 1529 565 1582 in
615 1545 728 1595 me,
760 1529 927 1595 Deus,
981 1535 1038 1583 et
1081 1530 1341 1602 spiritum
1372 1537 1589 1586 rectum
1633 1532 1840 1586 innova
1863 1531 1922 1586 in

319 1617 625 1671 visceribus
680 1618 840 1671 meis.
881 1619 965 1672 Ne
1015 1619 1278 1689 projicias
1316 1636 1407 1673 me
1463 1637 1498 1674 a
1532 1619 1671 1674 facie
1707 1627 1825 1688 tua,
1865 1627 1924 1675 et

2005 553 2278 607 redimere
2303 553 2473 606 venit.
2509 553 2652 607 Hinc
2666 553 2838 607 etiam
2849 558 2906 608 et
2935 553 3130 608 beatus
3154 553 3504 622 Augustinus
3525 553 3597 607 ad

2001 643 2232 697 Petrum
2261 642 2558 696 diaconum
2602 641 2672 695 de
2701 642 2810 696 ﬁde
2855 641 3123 706 scribens,
3160 641 3273 696 ait:
3309 642 3476 697 Omni
3503 642 3600 696 ho-

2002 732 2140 786 mini
2157 732 2219 786 in
2243 732 2347 786 hac
2376 732 2491 786 vita
2509 747 2632 786 esse
2651 736 2837 803 potest
2855 731 3010 786 utilis
3031 731 3361 802 poenitentia
3384 747 3396 784 :
3431 747 3602 802 quam

2003 837 2336 893 quocunque
2351 825 2607 892 tempore
2618 822 2786 876 homo
2807 821 3004 891 egerit,
3024 820 3332 891 quamlibet
3349 820 3598 891 iniquus,

2004 909 2310 982 quamlibet
2338 926 2603 976 annosus,
2621 910 2669 964 si
2697 915 2818 964 toto
2851 910 3018 964 corde
3049 908 3454 964 renuntiaverit
3470 925 3600 980 pec-

2003 999 2142 1054 catis
2169 999 2486 1070 praeteritis,
2512 1005 2569 1053 et
2599 1016 2701 1070 pro
2730 999 2812 1054 eis
2836 999 2895 1054 in
2917 1003 3216 1070 conspectu
3245 999 3346 1052 Dei
3379 1015 3493 1052 non
3516 1013 3603 1052 so-

2003 1089 2121 1142 lum
2151 1089 2417 1160 corporis,
2466 1089 2566 1142 sed
2609 1088 2780 1143 etiam
2817 1088 3000 1144 cordis
3046 1089 3324 1160 lacrymas
3372 1087 3598 1152 fuderit,

2003 1182 2058 1231 et
2088 1177 2366 1231 malorum
2395 1193 2626 1248 operum
2650 1179 2898 1232 maculas
2919 1177 3080 1231 bonis
3100 1176 3360 1248 operibus
3387 1176 3604 1230 diluere

2004 1265 2300 1332 curaverit,
2350 1264 2599 1320 omnium
2643 1272 2999 1337 peccatorum
3029 1266 3436 1336 indulgentiam
3476 1281 3605 1320 mox

2003 1353 2248 1408 habebit.
2285 1355 2402 1408 Hoc
2431 1354 2583 1409 enim
2613 1355 2772 1409 nobis
2803 1355 3076 1410 Dominus
3103 1355 3428 1427 prophetico
3471 1371 3604 1426 pro-

2005 1443 2182 1514 mittit
2229 1443 2470 1514 eloquio,
2515 1442 2707 1497 dicens
2740 1462 2750 1497 :
2787 1444 2846 1498 Si
2897 1460 3196 1498 conversus
3235 1443 3600 1514 ingemueris,

2005 1533 2191 1587 salvus
2211 1532 2340 1586 eris.
2367 1533 2436 1586 Et
2462 1531 2572 1586 alio
2601 1533 2722 1586 loco
2755 1532 2960 1587 dicitur
2987 1552 2998 1586 :
3031 1558 3046 1580 ι
3081 1533 3206 1599 Fili,
3255 1533 3516 1604 peccasti,
3533 1549 3604 1586 ne

2003 1621 2234 1692 adjicias
2263 1622 2470 1676 iterum
2504 1641 2514 1676 :
2549 1621 2648 1675 sed
2677 1627 2734 1676 et
2761 1621 2829 1676 de
2857 1622 3155 1692 praeteritis
3185 1622 3504 1693 deprecare,
3539 1627 3604 1676 ut

322 1706 598 1777 Spiritum
625 1713 882 1761 sanctum
900 1712 1062 1761 tuum
1091 1725 1161 1762 ne
1183 1709 1404 1763 auferas
1430 1726 1464 1762 a
1491 1726 1582 1762 me
1603 1712 1762 1777 (Psal.
1793 1715 1866 1779 ιι).
1894 1730 1916 1761 ι
1939 1769 1984 1782 ἢ
2004 1711 2106 1764 tibi
2132 1711 2489 1765 dimittantur
2537 1713 2724 1773 (Ecclz'.
2769 1715 2903 1779 xm).
2957 1734 2971 1756 -
3004 1711 3308 1782 Nunquam
3354 1711 3606 1782 peccanti

321 1769 471 1850 Dum
497 1796 647 1849 enim
679 1796 840 1867 petiit
869 1813 939 1850 ne
985 1813 1021 1850 a
1058 1797 1174 1852 Deo
1219 1769 1615 1868 projiceretur‘
1631 1769 1986 1870 prolapsusB
2005 1807 2154 1856 esset
2172 1800 2384 1854 indicta
2398 1817 2500 1870 pro
2528 1769 2772 1870 peccatis
2792 1769 3132 1870 deprecatio,
3147 1769 3192 1853 si
3213 1769 3465 1871 peccanti
3493 1817 3606 1854 non

321 1883 506 1955 culpa,
539 1883 782 1938 alienam
827 1885 1033 1956 quippe
1062 1902 1159 1938 rex
1197 1892 1254 1938 et
1284 1887 1559 1957 propheta
1584 1887 1836 1958 rapuisse
1865 1905 1924 1942 se
2005 1895 2154 1944 esset
2193 1889 2449 1943 remissio
2484 1889 2857 1943 concedenda.
2891 1889 3002 1944 Sed
3055 1889 3226 1943 etiam
3277 1889 3606 1960 poenitentia

321 1989 556 2026 uxorem
584 1972 944 2028 tremefactus
963 1974 1204 2046 expavit,
1225 1975 1500 2046 propheta
1525 1975 1808 2030 indicante
1827 1978 1926 2031 ﬂa-
2005 1979 2284 2050 peccatori
2307 1985 2442 2033 tunc
2469 1978 2715 2049 prodest,
2731 1978 2780 2031 si
2809 1995 2935 2032 eam
2961 1979 3021 2032 in
3053 1977 3299 2032 Ecclesia
3335 1978 3606 2032 catholica

319 2062 527 2132 gitium
561 2079 746 2129 suum,
779 2063 1168 2134 paenitentiam
1193 2080 1365 2134 agens
1384 2065 1636 2118 addidit:
1678 2084 1703 2117 «
1737 2067 1925 2121 Redde
2004 2073 2168 2138 gerat
2192 2085 2203 2119 :
2225 2067 2314 2122 cui
2333 2068 2504 2133 Deus,
2519 2067 2578 2121 in
2604 2083 2843 2138 persona
2889 2067 3040 2122 beati
3077 2067 3250 2131 Petri,
3270 2067 3482 2136 ligandi
3500 2067 3608 2121 sol-

323 2151 466 2205 mihi
488 2151 743 2206 laetitiam
760 2153 1025 2206 salutaris
1043 2153 1147 2217 tui,
1173 2159 1230 2207 et
1258 2154 1460 2224 spiritu
1484 2154 1778 2226 principali
1798 2172 1927 2209 con—
2006 2157 2280 2228 vendique
2311 2155 2510 2210 tribuit
2537 2161 2893 2226 potestatem,
2933 2155 3122 2210 dicens
3145 2175 3156 2208 :
3185 2174 3212 2208 α
3243 2155 3378 2218 Quae
3406 2155 3605 2225 alliga-

323 2241 492 2294 ﬁrma
521 2257 628 2294 me.
667 2260 688 2290 ι
725 2241 782 2296 Si
813 2241 962 2296 enim
985 2242 1104 2312 ipse
1134 2241 1362 2312 dignam
1392 2244 1509 2296 Deo
1537 2244 1924 2314 ptenitcntiam
2009 2246 2151 2299 veris
2175 2262 2346 2316 super
2365 2250 2604 2311 terram,
2631 2251 2798 2299 erunt
2821 2245 2997 2314 ligata
3013 2250 3070 2298 et
3099 2244 3158 2297 in
3177 2243 3332 2297 cmlis
3357 2262 3369 2309 ;
3399 2250 3455 2296 et
3482 2259 3605 2314 quae

323 2346 441 2383 non
467 2329 690 2384 fecisset
709 2347 1063 2402 nequaquam
1090 2330 1214 2384 aliis
1245 2332 1592 2402 praedicaret.
1615 2333 1712 2387 Ait
1740 2334 1921 2388 enim:
2006 2334 2236 2388 solveris
2289 2350 2458 2404 super
2515 2340 2746 2399 terram,
2799 2339 2968 2387 erunt
3010 2333 3195 2387 soluta
3237 2337 3296 2386 et
3337 2333 3398 2386 in
3454 2332 3608 2386 ccelis

329 2438 353 2468 ι
381 2418 603 2473 Docebo
631 2419 853 2491 iniquos
881 2420 999 2474 vias
1028 2425 1176 2485 tuas,
1208 2425 1266 2474 et
1292 2419 1450 2491 impii
1491 2422 1562 2475 ad
1610 2427 1668 2476 te
1696 2439 1925 2478 conver-
2009 2425 2222 2490 (Matth.
2254 2427 2428 2492 xvm).
2469 2442 2491 2474 ι
2527 2423 2592 2476 In
2629 2439 2962 2494 quacunque
3003 2421 3181 2492 igitur
3230 2421 3396 2475 homo
3440 2426 3606 2476 aetate

321 2513 538 2562 tentur.
561 2527 586 2560 »
603 2509 750 2562 Dum
775 2509 926 2562 enim
956 2513 1182 2580 peccata
1213 2526 1316 2564 sua
1342 2511 1626 2582 prospexit
1655 2512 1928 2582 propheta
2007 2529 2194 2567 veram
2231 2518 2590 2583 peccatorum
2629 2528 2862 2566 suorum
2905 2511 3295 2582 pcenitentiam
3326 2511 3522 2580 egerit,
3552 2516 3610 2564 et

321 2596 600 2650 mundata
616 2613 714 2666 per
723 2597 1132 2668 paenitentiam,
1147 2614 1261 2652 non
1281 2597 1556 2653 dubitavit
1573 2599 1926 2670 praedicando

323 2685 602 2754 castigare
631 2686 816 2740 aliena
839 2705 852 2752 ;
888 2692 945 2740 et
965 2686 1044 2740 sic
1064 2687 1400 2741 sacrificium
1417 2688 1486 2741 de
1499 2689 1799 2759 semetipso
1811 2689 1926 2744 Deo

326 2775 534 2829 offerre
555 2775 791 2841 studuit,
805 2791 936 2830 cum
971 2775 1224 2831 dicebat:
1255 2796 1282 2828 ι(
1313 2777 1657 2831 Sacrificium
1681 2779 1796 2832 Deo
1817 2779 1927 2849 spi-

323 2865 472 2919 ritus
502 2864 909 2918 contribulatus
947 2867 1152 2934 (Ibid.).
1189 2885 1216 2918 »
1265 2867 1351 2920 Ad
1395 2867 1512 2920 haec
1548 2867 1658 2921 ista
1703 2867 1926 2922 suffice-

323 2959 484 3020 rent;
515 2954 613 3008 sed
649 2954 832 3008 omnis
858 2953 1142 3008 sententia
1177 2971 1288 3024 quo
1318 2955 1443 3026 plus
1470 2972 1643 3009 sacrae
1673 2956 1926 3027 Scriptu-

2007 2605 2180 2654 v1tam
2212 2617 2371 2654 suam
2403 2601 2519 2653 Deo
2549 2599 2903 2653 illuminante
2929 2599 3252 2664 correxerit,
3279 2615 3394 2652 non
3422 2597 3608 2670 priva-

2006 2689 2160 2743 bitur
2185 2687 2548 2759 indulgentia:
2575 2703 2846 2742 munere:
2882 2687 3015 2758 quia
3056 2689 3205 2742 Deus
3236 2687 3315 2741 sic
3351 2703 3454 2758 per
3477 2703 3610 2758 pro-

2006 2779 2234 2849 phetam
2263 2777 2434 2831 dicit:
2461 2796 2486 2829 (ι
2519 2777 2660 2832 ΝοΙο
2690 2783 2930 2831 mortem
2967 2775 3274 2840 morientis,
3295 2782 3518 2830 tantum
3546 2780 3612 2830 ut

2007 2871 2322 2920 revertatur
2367 2883 2401 2920 a
2440 2865 2531 2919 via
2583 2881 2686 2919 sua
2737 2865 2886 2918 mala
2931 2869 2988 2918 et
3040 2865 3190 2918 vivat
3244 2863 3435 2918 anima
3487 2865 3612 2934 ejus

2015 2957 2222 3022 (Ezech.
2259 2959 2434 3024 xvm).
2473 2974 2495 3005 ι
2530 2955 2933 3008 Verumtamen
2965 2953 3156 3008 nullus
3186 2953 3479 3007 hominum
3508 2953 3607 3007 de-

321 3059 404 3096 rae
422 3042 766 3097 testimoniis
788 3044 1174 3109 conﬁrmatur,
1206 3043 1423 3098 facilius
1445 3045 1712 3099 creditur.
1730 3046 1811 3100 De
1825 3046 1929 3100 hoc
1961 3111 1989 3115 _
2014 3045 2106 3098 bet
2135 3043 2238 3098 sub
2269 3061 2366 3115 spe
2397 3043 2793 3098 misericordiae
2818 3043 2939 3108 Dei,
2972 3042 3032 3096 in
3055 3042 3173 3096 suis
3195 3041 3408 3096 diutius
3430 3058 3613 3096 rema-

326 3131 480 3185 enim
509 3132 785 3203 propheta
799 3132 968 3188 dicit:
994 3150 1020 3184 α
1044 3133 1187 3187 Nolo
1217 3139 1457 3187 mortem
1483 3135 1808 3204 peccatoris,
1831 3135 1931 3189 sed
1949 3111 1994 3170 ί)
2012 3151 2148 3188 nere
2173 3133 2414 3205 peccatis
2437 3151 2451 3188 :
2474 3149 2603 3189 cum
2640 3132 2814 3186 etiam
2833 3131 2892 3186 in
2918 3131 3041 3202 ipso
3071 3147 3303 3204 corpore
3331 3147 3497 3185 nemo
3526 3147 3614 3185 ve-

329 3225 397 3275 ut
423 3226 783 3275 convertatur
811 3227 868 3276 et
894 3221 1043 3275 vivat
1074 3223 1282 3288 (Ezech.
1315 3225 1488 3291 xvm).
1517 3242 1541 3275 ι)
1574 3223 1655 3278 De
1677 3224 1780 3278 hoc
1809 3241 1933 3294 pec-

328 3309 588 3364 cantibus
617 3309 856 3364 dicitur:
897 3330 919 3361 ι
947 3311 1214 3366 Peccator
1235 3310 1292 3364 in
1321 3327 1654 3383 quacunque
1683 3313 1774 3366 die
1797 3329 1932 3367 con-

327 3415 525 3453 versus
552 3399 909 3470 ingemuerit,
925 3416 1120 3454 omnes
1147 3400 1478 3470 iniquitates
1490 3401 1613 3470 ejus
1629 3401 1690 3455 in
1709 3401 1935 3455 oblivio-

329 3502 464 3540 nem
491 3487 812 3541 traduntur.
847 3507 872 3540 »
922 3487 980 3542 Si
1019 3487 1167 3541 enim
1215 3489 1560 3559 Redemptor
1591 3495 1800 3555 noster,
1835 3490 1932 3560 qui

329 3581 652 3646 peccatores
695 3591 808 3629 non
851 3575 1104 3646 perdere,
1156 3577 1256 3630 sed
1297 3577 1610 3648 justiﬁcare
1656 3579 1826 3644 venit,
1872 3579 1932 3632 in

331 3662 610 3718 oblivione
640 3665 992 3736 peccantium
1013 3666 1218 3720 delicta
1245 3666 1564 3737 dereliquit,
1593 3667 1718 3738 quis
1760 3668 1935 3722 homi-

330 3769 472 3807 num
501 3754 928 3819 condemnanda
960 3760 1222 3820 reservet,
1257 3772 1384 3809 cum
1414 3756 1700 3826 apostolus
1733 3756 1886 3811 dicat
1917 3775 1928 3810 :

339 3863 368 3894 ι
401 3843 460 3898 Si
481 3844 630 3897 Deus
649 3842 941 3914 justiﬁcat,
977 3843 1102 3914 quis
1142 3849 1228 3898 est
1265 3845 1360 3914 qui
1383 3845 1760 3899 condemnet?
1790 3865 1815 3896 »
1848 3846 1933 3900 Ad

333 3933 550 3988 fontem
567 3933 738 3987 etiam
753 3933 1150 3988 misericordiae
1170 3939 1542 4000 recurrentes,
1559 3934 1934 4004 evangelicam

331 4022 687 4094 proferamus
714 4023 1053 4077 sententiam
1083 4041 1094 4075 :
1135 4043 1156 4072 ι
1190 4021 1476 4088 Gaudebo,
1517 4023 1718 4094 inquit,
1767 4041 1936 4095 super

330 4129 449 4166 uno
477 4117 767 4184 peccatore
795 4112 1184 4183 paenitentiam
1200 4117 1420 4182 agente,
1435 4112 1561 4182 plus
1581 4129 1749 4182 quam
1767 4130 1936 4184 super

330 4201 645 4272 nonaginta
676 4218 875 4255 novem
897 4201 1085 4272 justis,
1118 4201 1213 4272 qui
1242 4217 1354 4255 non
1385 4200 1644 4271 indigent
1662 4202 1935 4272 poeniten-

332 4290 419 4344 tia
449 4292 594 4356 (Luc.
652 4293 780 4359 xv);
817 4312 839 4340 ι
887 4297 944 4344 et
996 4307 1155 4344 ovem
1201 4289 1480 4360 perditam
1509 4290 1934 4360 nonagesimam

2013 3222 2081 3276 lit
2117 3221 2221 3276 sub
2271 3238 2368 3292 spe
2413 3221 2617 3274 futurae
2645 3220 2843 3274 salutis
2883 3219 3095 3274 diutius
3121 3225 3412 3290 aegrotare.
3451 3220 3614 3274 Tales

2015 3311 2166 3365 enim
2197 3311 2292 3380 qui
2321 3311 2389 3363 ab
2420 3309 2811 3380 iniquitatibus
2851 3309 2968 3364 suis
3007 3309 3267 3363 recedere
3298 3309 3610 3380 negligunt,

2015 3406 2073 3453 et
2091 3399 2196 3452 sibi
2237 3415 2272 3452 a
2308 3399 2424 3453 Deo
2452 3398 2860 3468 indulgentiam
2901 3397 3320 3468 repromittunt,
3361 3414 3617 3452 nonnun-

2016 3505 2185 3558 quam
2215 3488 2296 3542 ita
2312 3487 2733 3559 praeveniuntur
2761 3487 3060 3557 repentino
3077 3487 3180 3540 Dei
3209 3487 3416 3553 furore,
3431 3491 3495 3540 ut
3513 3503 3617 3540 nec

2015 3575 2387 3631 conversionis
2415 3582 2658 3646 tempus,
2683 3592 2785 3629 nec
2816 3574 3146 3628 beneﬁcium
3171 3575 3517 3630 remissionis
3533 3575 3616 3629 in-

2016 3666 2258 3720 veniant.
2307 3665 2440 3719 Ideo
2471 3680 2929 3735 unumquemque
2955 3669 3204 3718 vestrum
3244 3670 3437 3718 sancta
3467 3663 3616 3718 Scri-

2015 3761 2183 3826 ptura
2209 3754 2450 3824 benigne
2471 3760 2780 3824 praemonet
2799 3752 2990 3806 dicens
3015 3773 3026 3806 :
3055 3754 3139 3807 Ne
3159 3753 3471 3807 tardaveris
3489 3769 3618 3806 con-

2015 3843 2156 3897 verti
2186 3843 2256 3897 ad
2277 3842 2582 3897 Dominum
2614 3860 2624 3894 :
2661 3846 2718 3896 et
2750 3858 2820 3894 ne
2869 3841 3093 3896 diﬂ'eras
3137 3843 3207 3896 de
3237 3842 3328 3896 die
3355 3842 3414 3896 in
3442 3841 3612 3896 diem.

2018 3932 2214 3987 Subito
2242 3932 2394 3986 enim
2422 3931 2609 3985 veniet
2635 3931 2722 3985 ira
2750 3932 2906 4001 ejus:
2932 3931 3065 3985 etin
3087 3936 3342 4002 tempore
3360 3930 3618 3985 vindicta:

2015 4021 2301 4092 disperdet
2315 4027 2392 4074 te.
2425 4020 2572 4074 Dicit
2595 4019 2764 4074 etiam
2793 4019 2990 4073 beatus
3018 4019 3196 4073 David
3237 4039 3248 4073 :
3287 4038 3314 4072 α
3355 4019 3534 4073 Hodie
3570 4019 3617 4072 si

2017 4126 2203 4164 vocem
2243 4110 2364 4180 ejus
2391 4109 2702 4174 audieritis,
2736 4109 2909 4162 nolite
2934 4108 3214 4162 obdurare
3237 4108 3406 4162 corda
3435 4116 3620 4162 vestra

2021 4201 2182 4265 (Psal.
2217 4205 2378 4266 κων).
2414 4219 2440 4248 ν
2469 4199 2571 4251 Cui
2604 4214 2825 4268 quoque
2855 4197 3052 4252 beatus
3085 4198 3292 4264 Paulus
3319 4197 3620 4252 concordat

2018 4288 2105 4342 his
2134 4287 2316 4341 verbis
2347 4307 2358 4341 :
2404 4307 2425 4336 ι
2459 4287 2678 4352 Videte,
2713 4287 2932 4351 fratres,
2967 4303 3038 4340 ne
3068 4287 3208 4340 forte
3231 4287 3304 4340 sit
3333 4286 3392 4340 in
3429 4286 3617 4356 aliquo

333 4395 564 4446 nonam,
586 4396 698 4434 non
728 4379 1046 4433 errantibus
1076 4379 1304 4444 relictis,
1335 4379 1572 4432 humero
1596 4377 1666 4432 ab
1695 4379 1836 4433 ovile
1852 4396 1936 4434 re-
1954 4383 2264 4449 Dvestrum
2285 4394 2382 4431 cor
2409 4376 2623 4430 malum
2655 4375 3065 4429 incredulitatis
3093 4375 3413 4428 discedendi
3435 4391 3470 4428 a
3502 4376 3618 4430 Deo

333 4469 600 4540 portavit.
627 4469 686 4523 Si
719 4469 838 4522 ovis
881 4484 1078 4522 errans
1107 4475 1234 4539 post
1273 4467 1654 4522 inventionem
1699 4468 1770 4522 ad
1799 4469 1939 4522 ovile

331 4558 573 4612 humero
595 4557 934 4628 reportatur,
965 4574 1065 4611 cur
1091 4556 1200 4610 ista
1227 4563 1356 4627 post
1385 4573 1610 4627 pcenam
1642 4557 1712 4610 ad
1753 4556 1938 4612 Eccle-

332 4647 433 4701 siae
463 4647 844 4701 ministerium
869 4663 981 4701 non
1011 4645 1344 4700 revocetur?
1369 4646 1514 4710 Quid
1539 4651 1625 4700 est
1649 4663 1781 4717 ergo
1805 4663 1937 4716 gra-

331 4737 458 4789 vius
484 4736 708 4790 carnale
734 4735 1000 4790 delictum
1025 4735 1345 4800 admittere,
1370 4735 1492 4789 sine
1522 4751 1632 4806 quo
1656 4752 1769 4789 non
1799 4737 1939 4790 mul-

329 4825 376 4879 ti
407 4825 509 4881 sed
534 4826 697 4895 pauci
745 4823 1126 4889 inveniuntur,
1161 4829 1260 4876 aut
1290 4823 1393 4878 Dei
1437 4824 1641 4880 Filium
1687 4825 1938 4879 timendo

329 4913 582 4984 negare?
614 4915 678 4968 In
709 4929 818 4984 quo
859 4917 1086 4984 peccato
1127 4912 1312 4983 ipsum
1354 4911 1581 4966 beatum
1626 4913 1936 4985 principem

327 5003 718 5075 apostolorum
749 5003 998 5067 Petrum,
1023 5001 1094 5056 ad
1125 5002 1285 5072 cujus
1314 5017 1464 5055 nunc
1491 5018 1692 5073 corpus
1722 5003 1936 5072 indigni

327 5093 611 5157 sedemus,
645 5093 868 5162 lapsum
895 5108 1017 5146 esse
1049 5091 1468 5161 cognoscimus:
1505 5091 1600 5144 sed
1631 5097 1758 5162 post
1771 5109 1938 5162 nega-

326 5182 544 5236 tionem
575 5180 908 5252 ptenitentia
935 5185 1128 5234 secuta
1159 5185 1263 5246 est,
1297 5185 1355 5234 et
1387 5184 1515 5250 post
1548 5181 1935 5250 paenitentiam

328 5269 717 5326 misericordia
744 5270 876 5324 data
899 5287 913 5324 :
937 5269 1071 5340 quia
1102 5269 1262 5323 illum
1283 5267 1352 5322 ab
1369 5269 1688 5340 apostolatu
1708 5285 1820 5323 non
1837 5269 1936 5344 de-

323 5361 483 5431 jecit,
500 5359 596 5430 qui
613 5365 744 5413 ante
762 5359 1010 5430 seipsum
1031 5375 1238 5429 negare
1260 5358 1537 5430 praedixit.
1563 5357 1688 5412 Tibi
1711 5359 1844 5424 haec,
1859 5359 1940 5412 ﬁli

328 5448 681 5515 charissime,
705 5448 854 5503 dicta
881 5448 1181 5514 sufﬁciant,
1201 5453 1266 5502 ut
1293 5447 1455 5501 illum
1477 5463 1646 5518 quem
1666 5447 1938 5518 conspicis

329 5538 538 5592 delicta
555 5539 692 5592 ﬁetu
713 5538 918 5605 delere,
934 5539 994 5592 in
1016 5541 1321 5609 conspectu
1349 5537 1659 5591 divinitatis
1685 5553 1797 5591 non
1827 5537 1932 5590 du-

328 5627 936 5690 bitesmisericordiam
955 5627 1216 5699 consequi
1243 5645 1253 5680 :
1280 5626 1416 5698 quia
1443 5626 1661 5681 nullum
1695 5642 1930 5697 peccan-

2019 4467 2140 4520 vivo
2185 4483 2198 4520 :
2240 4466 2338 4520 sed
2375 4463 2750 4519 adhortamini
2791 4463 3160 4534 vosmetipsos
3212 4479 3314 4532 per
3368 4463 3618 4535 singulos

2020 4555 2158 4620 dies,
2183 4555 2360 4608 donec
2391 4553 2556 4608 hodie
2583 4552 3031 4621 cognominatur,
3067 4557 3132 4604 ut
3168 4567 3281 4606 non
3311 4551 3621 4606 obduretur

2021 4645 2146 4715 quis
2174 4661 2238 4697 ex
2269 4642 2425 4697 vobis
2456 4641 2675 4696 fallacia
2702 4639 2915 4712 peccati
2944 4641 3096 4708 (lleb.
3133 4643 3227 4710 ill).
3269 4661 3292 4692 »
3330 4640 3618 4696 Obdurato

2019 4733 2195 4804 igitur
2221 4731 2387 4786 corde
2405 4731 2539 4784 vivit
2557 4731 2670 4783 sive
2693 4730 2790 4800 qui
2817 4745 2929 4782 non
2948 4729 3290 4784 convertitur
3315 4730 3620 4802 desperans

2019 4823 2089 4876 de
2117 4819 2468 4890 indulgentia
2493 4824 2871 4890 peccatorum,
2905 4818 3016 4872 sive
3057 4819 3153 4888 qui
3195 4819 3276 4873 sic
3303 4819 3618 4874 misericor-

2021 4911 2172 4964 diam
2200 4909 2302 4982 Dei
2327 4915 2536 4980 sperat,
2566 4913 2631 4962 ut
2657 4924 2835 4978 usque
2864 4907 2922 4960 in
2955 4908 3127 4960 ﬁnem
3165 4908 3292 4962 vitae
3329 4909 3619 4980 praesentis

2019 5001 2078 5054 in
2093 5016 2320 5054 suorum
2344 4998 2647 5053 criminum
2673 4996 3038 5068 perversitate
3049 5005 3357 5052 remaneat.
3378 4998 3620 5052 Proinde

2019 5089 2314 5160 diligentes
2360 5087 2804 5142 misericordiam
2837 5086 2958 5152 Dei,
2993 5090 3420 5156 metuentesque
3443 5087 3621 5156 justi—

2018 5179 2176 5245 tiam,
2207 5195 2310 5232 nec
2352 5177 2422 5231 de
2471 5175 2802 5230 remissione
2852 5179 3208 5244 peccatorum
3259 5175 3622 5246 desperemus

2020 5285 2123 5322 nec
2177 5281 2572 5320 remaneamus
2612 5265 2670 5318 in
2708 5264 2950 5334 peccatis
2993 5281 3003 5316 :
3047 5263 3284 5318 scientes
3343 5265 3478 5334 quia
3523 5265 3622 5320 illa

2022 5357 2276 5412 omnium
2306 5355 2600 5409 hominum
2637 5353 2828 5407 debita
2855 5353 2930 5406 sit
2957 5359 3223 5406 exactura
3258 5353 3493 5424 aequitas
3525 5356 3621 5424 ju-

2021 5445 2251 5501 stissimi
2295 5444 2521 5515 judicis,
2565 5460 2690 5513 qum
2737 5458 2852 5496 non
2897 5441 3175 5495 dimiserit
3236 5443 3622 5498 misericordia

2020 5533 2442 5590 clementissimi
2459 5531 2868 5603 Redemptoris.
2898 5531 3055 5586 Sicut
3071 5531 3224 5585 enim
3236 5533 3622 5588 misericordia

2013 5624 2246 5695 suscipit
2277 5621 2624 5692 absolvitque
2652 5637 2970 5687 conversos,
3009 5620 3090 5675 ita
3132 5621 3358 5691 justitia
3384 5623 3619 5694 repellet
