4018 6168
536 342 678 402 1603

1123 346 1186 399 Β.
1228 346 1504 402 RABANI
1551 345 1787 402 MAURI
1825 339 2161 400 ARCHIEP.
2202 336 2528 400 MOGUNT.
2571 343 2868 401 OPERUM
2903 347 3087 402 PARS
3123 347 3221 402 III.

3631 333 3739 407 uti

537 474 596 524 et
619 469 815 540 puniet
841 469 1162 524 obduratos.
1193 469 1265 523 Hi
1293 475 1425 524 sunt
1444 472 1539 541 qui
1568 479 1862 542 peccantes
1883 473 1939 528 in
1964 473 2137 543 Spiri-
2153 475 2204 534 Α
2222 473 2321 526 tali
2343 473 2576 542 pollens,
2591 472 2826 542 justitiae
2839 473 3092 526 claritate
3108 471 3370 541 fulgebat.
3390 471 3556 536 quam
3579 475 3744 530 exstin-

537 564 660 612 tum
689 565 964 624 sanctum,
991 573 1171 628 neque
1201 559 1258 612 in
1289 560 1392 612 hoc
1412 562 1630 625 smeulo,
1649 579 1828 632 neque
1859 562 1918 614 in
1947 561 2136 615 futuro

535 647 925 702 remissionem
968 648 1243 718 accipient
1291 657 1662 718 peccatorum.
1707 652 1849 704 Nam
1908 652 1976 703 de
2037 651 2138 704 hoc

537 737 784 791 Isidorus
841 737 1188 808 Hispalensis
1235 738 1547 808 episcopus,
1592 740 1661 793 ad
1711 739 2134 809 inquisitionem

536 825 829 880 Massionis
885 825 1144 896 episcopi,
1187 827 1267 880 ita
1313 827 1599 898 rescripsit
1639 829 1830 882 dicens
1874 847 1884 881 :
1925 829 2134 882 Verum

539 915 686 984 quod
723 923 1024 985 sequenter
1061 916 1118 970 in
1158 917 1406 987 epistolis
1445 917 1774 970 venerabilis
1810 917 2134 971 fraternitas

536 1011 636 1058 tua
663 1005 927 1070 innotuit,
962 1006 1115 1058 nulla
1143 1012 1228 1058 est
1255 1005 1314 1058 in
1345 1006 1668 1075 hujusmodi
1697 1007 1992 1060 sententiis
2035 1007 2132 1060 de-

537 1099 818 1147 cretorum
850 1094 1141 1147 diversitas
1172 1095 1556 1162 intelligenda,
1589 1097 1733 1164 quod
1767 1096 1896 1147 alibi
1929 1095 2134 1159 legitur

535 1183 595 1235 in
631 1183 794 1252 lapsu
832 1183 1105 1253 corporali
1143 1185 1573 1237 restaurandum
1614 1185 1842 1236 honoris
1893 1185 2132 1253 gradum

539 1278 664 1342 post
707 1272 1114 1342 paenitentiam,
1157 1272 1288 1325 alibi
1329 1279 1454 1342 post
1491 1273 1812 1340 liujusmodi
1842 1271 2127 1336 delictum,

537 1353 897 1432 nequaquam
929 1362 1306 1432 reparandum
1344 1363 1560 1432 antiqui
1593 1362 1804 1416 ordinis
1845 1363 2126 1415 meritum.

537 1450 666 1504 Haec
705 1451 854 1504 enim
895 1451 1188 1504 diversitas
1227 1451 1330 1504 hoc
1371 1451 1536 1504 modo
1574 1451 1942 1520 distinguitur
1971 1469 1982 1502 :
2008 1444 2132 1505 illos

537 1539 686 1593 enim
716 1540 786 1592 ad
816 1539 1080 1610 pristinos
1119 1539 1286 1592 officii
1313 1540 1524 1608 gradus
1551 1540 1734 1592 redire
1773 1542 1966 1593 Canon
1997 1556 2132 1610 prm-

2219 567 2365 614 ctam
2399 562 2671 631 propheta
2700 563 2918 626 asserit,
2951 563 3086 614 dum
3116 560 3183 614 ob
3213 561 3415 614 scelera
3435 561 3660 626 filiorum,
3679 579 3744 616 sa-

2219 649 2462 702 cerdotis
2523 655 2859 720 potestatem
2897 649 3334 719 meritorumque
3371 649 3544 703 lumen
3577 651 3741 705 amisit.

2220 736 2632 791 Candelabrum
2661 755 2793 806 ergo
2827 738 2939 791 sive
2969 739 3192 791 lucerna
3225 737 3533 803 sacerdotis,
3553 755 3656 808 quae
3678 741 3744 792 in-

2217 826 2550 895 telliguntur
2578 827 2914 881 charismata
2938 827 3180 886 honoris,
3203 830 3337 879 tunc
3344 827 3495 895 juxta
3524 827 3744 882 Joannem

2217 916 2592 985 exstinguitur
2609 917 2695 970 vel
2716 923 2986 981 movetur,
3010 913 3231 987 quando
3247 920 3372 986 post
3393 915 3560 968 delicti
3574 933 3742 972 casum.

2215 1003 2470 1074 neglecta
2493 1006 2842 1076 poenitentia,
2874 1007 3116 1059 admissa
3134 1005 3344 1058 scelera
3370 1010 3474 1057 non
3500 1004 3747 1061 deﬂentur.

2218 1096 2340 1146 Non
2373 1095 2520 1148 enim
2552 1095 2691 1148 dixit
2722 1113 2732 1146 :
2776 1097 2882 1148 Pro
2913 1111 2978 1148 eo
3003 1095 3149 1166 quod
3181 1093 3426 1148 cecidisti
3450 1095 3746 1148 commovebo

2215 1180 2613 1238 candelabrum
2668 1189 2858 1238 tuum:
2891 1185 3006 1249 sed,
3040 1183 3159 1238 Nisi
3193 1183 3560 1253 paenitentiam
3587 1184 3744 1250 egeris,

2215 1272 2444 1325 movebo
2487 1272 2883 1327 candelabrum
2913 1280 3093 1326 tuum.
3130 1273 3276 1341 Ergo
3305 1285 3617 1342 quamquam
3639 1289 3749 1342 prte-

2214 1361 2457 1430 positum
2490 1367 2833 1431 peccantem,
2867 1362 2913 1414 si
2943 1363 3279 1432 prtevenerit
3310 1360 3748 1432 poenitentia,deli-

2213 1449 2288 1502 eti
2319 1450 2532 1519 utiquex
2561 1451 2818 1520 sequitur
2846 1457 2901 1503 et
2929 1451 3108 1503 venia.
3145 1451 3214 1504 Et
3245 1451 3302 1503 in
3341 1447 3622 1503 Proverbiis
3644 1449 3747 1501 scri-

2215 1544 2376 1607 ptum
2411 1543 2495 1590 est
2521 1556 2530 1589 :
2569 1555 2597 1586 ι(
2628 1539 2732 1601 Qui
2761 1537 3050 1592 abscondit
3079 1539 3296 1592 scelera
3322 1553 3440 1600 sua,
3465 1551 3564 1590 non
3588 1537 3747 1605 dirige-

538 1629 704 1698 cepit,
730 1644 872 1698 quos
909 1628 1248 1698 ptenitentize
1281 1628 1563 1698 praecessit
1585 1629 1908 1692 satisfactio,
1942 1627 2025 1680 vel
2049 1629 2136 1680 di-
2218 1634 2342 1681 tur:
2369 1627 2463 1696 qui
2494 1627 2780 1680 confessus
2814 1628 2981 1682 fuerit
3021 1633 3078 1681 et
3105 1628 3440 1698 relinquerit
3466 1640 3542 1690 ea,
3576 1626 3749 1678 anseri-

535 1733 650 1786 gna
677 1725 1031 1786 peccatorum
1064 1717 1351 1770 confessio.
1387 1717 1460 1770 At
1485 1724 1680 1770 contra
1703 1717 1758 1770 hi
1785 1718 1879 1787 qui
1901 1734 2082 1786 neque
2103 1735 2137 1770 a
2218 1718 2464 1771 cordiam
2495 1723 2869 1787 consequetur
2889 1720 3070 1787 (Prov.
3096 1721 3310 1776 χχχ-ιιι).
3343 1737 3363 1765 ι
3389 1717 3522 1770 Nam
3541 1720 3590 1768 et
3608 1716 3748 1784 ipsum

499 1794 508 1800 ’
538 1805 672 1858 vitio
729 1805 1102 1875 corruptionis
1150 1805 1543 1868 emendantur,
1587 1811 1756 1876 atque
1797 1807 1901 1860 hoc
1949 1807 2131 1876 ipsum
2161 1819 2198 1874 υ
2219 1805 2367 1875 quod
2395 1821 2675 1860 canonum
2705 1802 2942 1858 censura
2972 1811 3100 1876 post
3125 1809 3342 1876 septem
3367 1818 3532 1856 annos
3555 1817 3749 1855 remeare

539 1895 762 1947 carnale
790 1894 1054 1947 delictum
1095 1895 1242 1964 quod
1285 1881 1810 1958 adinittunt,‘etiam
1857 1895 2136 1948 vindicare

541 1983 782 2054 quadam
808 1984 1198 2053 superstitiosa
1226 1984 1545 2036 temeritate
1582 1984 1858 2047 nituntur,
1891 2000 1992 2037 nec
2012 2001 2136 2054 gra-

537 2073 674 2126 dum
703 2073 896 2142 utique
931 2072 1176 2136 honoris,
1212 2089 1314 2125 nec
1342 2073 1584 2142 gratiam
1611 2074 2022 2126 communionis
2050 2090 2136 2126 ac-

536 2161 770 2231 cipiunt.
796 2162 938 2230 Ergo
970 2162 1048 2214 ita
1070 2167 1154 2214 est
1184 2169 1420 2231 utraque
1451 2159 1766 2216 dirimenda
1809 2163 2087 2216 sententia
2120 2181 2130 2214 :

535 2256 598 2304 ut
635 2266 859 2304 necesse
897 2251 971 2303 sit
1008 2251 1132 2304 illos
1171 2251 1478 2304 restaurari
1508 2252 1566 2304 in
1597 2253 1716 2304 loco
1756 2252 2003 2313 honoris,
2039 2251 2134 2321 qui

535 2355 636 2410 per
650 2339 1036 2409 paenitentiam
1060 2340 1570 2393 reconciliationem
1588 2349 1916 2394 meruerunt
1935 2341 2135 2394 divina:

535 2428 778 2498 pietatis.
815 2428 882 2480 Hi
913 2443 1012 2482 nec
1034 2428 1316 2482 immerito
1355 2436 1778 2499 consequuntur
1800 2431 2017 2498 adeptae
2048 2430 2134 2482 di-

533 2517 766 2586 gnitatis
795 2523 1024 2584 statum,
1055 2519 1148 2587 qui
1179 2535 1278 2588 per
1315 2519 1765 2571 emendationem
1797 2519 2135 2587 poenitentia:

536 2607 810 2676 recepisse
850 2613 1160 2660 noscuntur
1200 2607 1322 2660 vitae
1379 2605 1709 2660 remedium.
1753 2607 1813 2660 Id
1869 2608 2018 2660 enim
2065 2625 2135 2660 ne

535 2695 678 2748 forte
717 2697 896 2765 magis
925 2695 1251 2765 ambiguum
1285 2697 1374 2761 sit,
1407 2697 1606 2750 divinae
1636 2696 1983 2749 auctoritatis
2015 2714 2136 2749 sen-

537 2785 715 2837 tentia
739 2788 1118 2838 confirmetur.
1137 2787 1550 2840 Ezechielenim
1567 2787 1857 2856 propheta,
1877 2786 1978 2839 sub
1999 2792 2135 2856 typo

537 2873 995 2942 praevaricatricis
1034 2875 1364 2936 Jerusalem,
1411 2876 1656 2928 ostendit
1692 2882 1820 2946 post
1859 2875 2134 2944 pteniten-

537 2960 628 3014 tiae
658 2962 1095 3016 satisfactionem
1123 2964 1421 3034 pristinum
1452 2965 1758 3018 restaurari
1778 2981 1940 3034 posse
1964 2964 2135 3017 hono-

539 3064 677 3115 rem,
713 3068 738 3102 α
775 3052 1144 3117 Confundere,
1181 3053 1382 3122 inquit,
1417 3071 1449 3105 o
1479 3054 1640 3110 Juda,
1676 3060 1731 3106 et
1769 3059 1932 3122 porta
1971 3053 2129 3122 igno-

539 3138 770 3191 miniam
802 3145 955 3192 tuam
985 3141 1192 3200 (Ezrcli.
1220 3144 1353 3207 xvi).
1379 3157 1396 3190 ο
1420 3140 1483 3194 Et
1507 3147 1634 3210 post
1661 3142 1979 3210 paululum:
2011 3159 2034 3191 «
2065 3144 2129 3196 Et

545 3232 625 3290 tu,
654 3227 856 3297 inquit,
879 3233 935 3281 et
963 3229 1090 3282 filiae
1113 3233 1221 3283 tum
1255 3229 1599 3282 revertimini
1623 3231 1692 3283 ab
1712 3231 2006 3300 iniquitate
2039 3245 2130 3284 ve-

537 3323 672 3369 stra.
712 3335 732 3367 ι
760 3317 994 3380 Quando
1035 3318 1192 3383 dixit,
1228 3337 1251 3367 ε(
1287 3319 1641 3383 confundere,
1681 3341 1700 3368 ιι
1737 3320 1981 3374 ostendit
2007 3327 2133 3391 post

535 3405 910 3459 confessiones
951 3407 1006 3459 id
1061 3424 1181 3460 esse
1228 3408 1438 3477 peccati
1483 3425 1640 3477 opus,
1685 3407 1887 3461 debere
1933 3426 2131 3478 quem-

536 3509 704 3564 quam
735 3495 1091 3550 erubescere:
1118 3502 1175 3549 et
1202 3509 1304 3566 pro
1334 3497 1592 3550 admissis
1619 3497 1938 3563 sceleribus,
1974 3514 2131 3551 vere-

534 3585 772 3637 cundam
801 3583 1042 3638 frontem
1072 3585 1228 3638 humi
1258 3592 1595 3656 prostratam
1627 3587 1952 3655 demergere
1987 3605 1998 3638 :
2031 3600 2131 3656 pro

487 3721 504 3736 ,
535 3687 599 3725 eo
640 3674 785 3742 quod
825 3675 1057 3743 dignum
1117 3675 1454 3729 confusionis
1506 3683 1922 3745 perpetraverat
1969 3693 2127 3745 opus.

533 3761 745 3814 Deinde
775 3763 1038 3834 praecepit
1068 3770 1131 3816 ut
1159 3770 1343 3834 portet
1369 3765 1734 3833 ignominiam
1766 3763 2131 3834 depositionis

533 3866 665 3914 suae,
711 3851 907 3921 lugens
945 3869 1072 3905 cum
1113 3853 1432 3906 humilitate
1477 3853 1624 3922 quod
1663 3859 2005 3923 peccaverat.
2043 3854 2133 3907 Sic

535 3949 754 4009 qucque
783 3942 1032 3994 revocari
1061 3943 1367 3995 secundum
1400 3943 1737 4012 prophetam
1775 3943 1844 3994 ad
1887 3942 2132 4012 priorem

533 4033 745 4082 statum
785 4031 1008 4099 poterit.
1053 4029 1193 4082 Item
1251 4031 1494 4084 Joannes
1535 4031 1876 4101 evangelista
1933 4032 2132 4100 angelo

535 4117 737 4186 Ephesi
777 4117 1051 4184 Ecclesiae,
1085 4119 1232 4172 inter
1260 4125 1462 4173 caetera
1490 4117 1672 4174 simile
1701 4120 1964 4190 quiddam
1993 4120 2132 4172 scri-

533 4205 645 4276 psit
673 4223 684 4257 :
715 4223 740 4256 ί(
780 4207 993 4260 Memor
1026 4212 1163 4271 esto,
1198 4207 1398 4278 inquit,
1445 4209 1594 4262 unde
1626 4209 1909 4272 cecideris,
1943 4215 2000 4262 et
2028 4226 2132 4279 age

533 4293 940 4364 pcenitentiam,
971 4301 1028 4348 et
1056 4297 1240 4366 prima
1268 4313 1438 4367 opera
1467 4297 1552 4350 fac
1579 4315 1588 4349 :
1631 4297 1881 4366 alioquin
1908 4298 2130 4350 veniam

531 4383 656 4446 tibi,
698 4385 756 4437 et
792 4384 1022 4438 movebo
1061 4385 1457 4439 candelabrum
1497 4393 1658 4438 tuum
1718 4387 1786 4438 de
1851 4386 1972 4439 loco
2010 4388 2132 4456 ejus

2217 1896 2583 1966 pcenitentem
2615 1897 2672 1948 in
2703 1899 2910 1949 statum
2943 1895 3248 1965 pristinum
3279 1894 3546 1965 praecepit,
3573 1908 3662 1945 non
3676 1891 3750 1943 huc

2218 1983 2488 2038 electione
2532 1987 2738 2056 proprii
2773 1985 2992 2044 arbitrii
3039 1986 3217 2038 sancti
3261 1984 3471 2046 Patres,
3500 1982 3584 2035 sed
3611 1981 3750 2053 potius

2219 2089 2282 2127 ex
2317 2076 2598 2128 sententia.
2627 2075 2798 2128 divini
2843 2074 3040 2144 judicii
3081 2083 3407 2127 sanxerunt.
3441 2073 3568 2126 Nam
3597 2071 3753 2140 legitur

2219 2164 2364 2233 quod
2401 2165 2577 2218 Maria
2606 2179 2762 2218 soror
2817 2166 3003 2217 Aaron
3051 2163 3424 2234 prophetissa,
3457 2162 3574 2214 dum
3599 2159 3657 2213 ob
3679 2159 3752 2212 de

2217 2254 2520 2306 tractiones
2577 2253 2842 2306 adversus
2894 2254 3122 2322 Moysen
3166 2251 3492 2305 incurrisset
3523 2250 3750 2312 delictum,

2223 2342 2414 2395 «illico
2445 2343 2707 2411 stigmate
2741 2343 2907 2412 lepra:
2932 2341 3157 2412 perfusa
3185 2347 3292 2394 est.
3327 2342 3564 2409 Cumque
3590 2341 3753 2408 peteret.

2218 2432 2436 2502 Moyses
2464 2438 2528 2484 ut
2557 2431 2980 2494 emundaretur,
3001 2430 3274 2501 praecepit
3295 2445 3417 2484 eam
3444 2428 3676 2482 Dominus
3691 2444 3755 2478 ex-

2210 2525 2308 2572 tra
2337 2525 2520 2573 castra
2547 2525 2763 2590 septem
2791 2519 2989 2573 diebus
3030 2519 3242 2589 egredi,
3291 2525 3347 2572 et
3395 2521 3508 2588 post
3542 2515 3753 2570 emcnda-

2217 2609 2428 2662 tionem
2455 2620 2648 2662 rursus
2679 2625 2800 2662 eam
2834 2609 2892 2662 in
2925 2613 3108 2662 castra
3138 2607 3362 2661 admitti
3406 2608 3578 2672 (Nam.
3617 2608 3708 2665 xu).
3738 2625 3750 2652 9

2220 2699 2401 2750 Maria
2431 2713 2563 2767 ergo
2585 2713 2742 2750 soror
2757 2700 2943 2752 Aaron
2963 2713 3092 2750 caro
3123 2696 3461 2764 intelligitur
3477 2693 3751 2748 sacerdotis”:

2219 2803 2342 2856 qua:
2370 2785 2506 2839 dum
2534 2787 2808 2856 superbire
2851 2787 3039 2840 dedita
3090 2785 3487 2838 sordidissimis
3526 2781 3756 2852 cogitatio-

2218 2887 2354 2928 num
2385 2876 2655 2944 contagiis
2686 2876 3018 2938 maculatur,
3051 2879 3204 2929 extra
3237 2879 3420 2928 castra
3456 2880 3643 2944 septem
3671 2869 3754 2922 die-

2217 2963 2339 3026 bus,
2374 2965 2478 3016 hoc
2518 2969 2619 3028 est,
2663 2969 2820 3016 extra
2858 2963 3152 3032 collegium
3192 2969 3402 3017 sancte
3440 2960 3667 3016 Ecclesiae
3695 2975 3755 3011 se-

2215 3058 2368 3122 ptem
2398 3053 2560 3106 annis
2585 3053 2916 3123 projiciatur
2945 3071 2958 3106 :
2993 3049 3086 3105 ubi
3109 3059 3237 3122 post
3267 3047 3755 3105 emundationmn-

2151 3124 2194 3182 (ἶ
2217 3143 2445 3206 tiorum,
2499 3141 2604 3194 loci
2634 3142 2716 3194 vel
2765 3141 3013 3210 pristinae
3059 3140 3353 3210 dignitatis
3397 3138 3608 3210 recipiet
3631 3133 3754 3188 meri-

2215 3237 2356 3284 tum.
2391 3231 2528 3284 Ecce
2559 3230 2617 3284 in
2647 3236 2919 3300 quantum
2965 3231 3264 3292 valuimus,
3287 3229 3497 3282 concilii
3518 3227 3752 3294 antiquam

2215 3319 2379 3389 plane
2416 3327 2473 3372 et
2501 3319 2668 3389 plena
2711 3319 3041 3372 auctoritate
3091 3319 3432 3372 sententiam
3461 3315 3615 3370 saetis
3639 3312 3754 3376 testi-

2216 3409 2420 3462 moniis
2451 3409 2760 3478 explanavi,
2795 3408 3096 3461 ostendens
3135 3421 3267 3460 eum
3311 3424 3470 3478 posse
3506 3400 3752 3458 restaurari

2215 3497 2442 3566 proprio
2469 3497 2698 3559 honore,
2724 3496 2818 3566 qui
2842 3513 2942 3567 per
2976 3496 3325 3566 pmnitentiae
3355 3491 3750 3548 satisfactionem,

2215 3585 2369 3637 novit
2414 3585 2642 3655 propria
2686 3583 2885 3638 delicta
2917 3585 3143 3640 deflere.
3181 3586 3324 3640 Etim
3355 3601 3480 3638 vero
3509 3595 3604 3636 non

2215 3674 2537 3735 restaurari,
2574 3673 2668 3742 qui
2708 3689 2809 3726 nec
2839 3675 2992 3743 luget
3022 3691 3144 3744 quae
3176 3676 3312 3743 egit,
3345 3678 3400 3726 et
3429 3670 3644 3741 lugenda
3670 3667 3754 3718 sive

2213 3763 2327 3814 ullo
2356 3762 2568 3832 pudore
2596 3763 2902 3832 religionis,
2924 3763 3222 3815 veltimore
3248 3763 3444 3832 judicii
3468 3759 3752 3814 divinicom-

2215 3851 2407 3905 mittit.
2444 3852 2508 3904 In
2539 3852 2648 3903 fine
2677 3856 2864 3904 autem
2895 3851 3142 3920 epistolae
3175 3851 3283 3904 hoc
3311 3849 3664 3921 adjiciendum
3683 3856 3754 3914 pu-

2213 3939 2344 4002 tavi,
2367 3946 2433 3993 ut
2459 3940 2919 4010 quotiescumque
2937 3940 2994 3992 in
3010 3941 3184 4008 gestis
3211 3941 3563 4008 conciliorum
3591 3935 3753 3988 discors

2215 4028 2494 4080 sententia
2522 4026 2822 4090 invenitur,
2854 4028 3006 4082 illius
3037 4030 3219 4098 magis
3249 4033 3506 4083 teneatur
3529 4020 3755 4079 sententia

2212 4119 2372 4187 cujus
2401 4117 2687 4188 antiquior
2715 4123 2772 4170 et
2795 4117 2978 4187 potior
3015 4119 3233 4171 exstitit
3259 4116 3568 4174 auctoritas.

2283 4207 2346 4259 In
2390 4206 2622 4260 concilio
2653 4206 2828 4275 igitur
2859 4207 3198 4270 Hilerdensi,
3241 4224 3364 4276 cap.
3411 4207 3459 4268 ὗ,
3492 4203 3554 4256 de
3585 4201 3659 4255 his
3682 4196 3752 4266 qui

2214 4293 2413 4347 altario
2445 4293 2713 4354 serviunt,
2747 4293 2794 4346 si
2824 4293 3008 4346 subito
3030 4293 3215 4346 carnis
3245 4293 3536 4363 fragilitate
3579 4299 3754 4341 corrue-

2213 4382 2347 4447 rint,
2380 4389 2436 4434 et
2469 4379 2706 4435 Domino
2746 4381 3077 4452 respiciente
3109 4382 3280 4452 digne
3320 4378 3669 4452 ptenituerint,
3693 4373 3752 4424 ita

535 4478 713 4543 (Apoc.
747 4481 820 4542 ιι).
861 4495 882 4524 ι
911 4476 972 4528 In
1009 4476 1207 4544 angelo
1230 4477 1486 4530 Ecclesiae
1527 4477 1888 4546 praepositum
1913 4476 2126 4546 utique,
2153 4478 2277 4564 Dut
2301 4471 2638 4523 mortiﬁcato
2695 4485 2928 4540 corpore
2984 4471 3168 4524 cordis
3206 4469 3428 4525 contriti
3473 4463 3752 4564 sacrificium

533 4564 588 4617 id
619 4571 720 4625 est,
751 4563 1096 4617 sacerdotem
1145 4565 1408 4629 ostendit,
1437 4567 1598 4634 juxta
1648 4565 2000 4626 Malachiam,
2037 4565 2129 4634 qui
2155 4552 2197 4564 υ
2217 4559 2329 4612 Deo
2360 4559 2614 4618 offerant,
2643 4567 2908 4613 maneant
2921 4559 2978 4612 in
3001 4566 3277 4629 potestate
3297 4557 3577 4630 pontiﬁcis,
3599 4552 3670 4604 vel
3688 4565 3752 4600 ve-

531 4652 668 4704 dicit
702 4671 712 4703 :
743 4670 768 4702 a
796 4651 982 4705 -Labia
1019 4653 1325 4706 sacerdotis
1363 4655 1686 4707 custodiunt
1723 4653 2033 4716 scientiam,
2078 4660 2134 4708 et
2215 4648 2423 4702 Facite!‘
2451 4649 2689 4701 afﬂictos
2717 4661 2829 4701 non
2875 4648 2967 4702 diu
2999 4649 3358 4719 snspendere.
3393 4647 3468 4699 νει
3499 4641 3752 4698 άθδίάίοδοδ

531 4741 714 4808 legem
745 4741 1045 4811 exquirunt
1073 4743 1141 4796 de
1171 4759 1265 4795 ore
1297 4743 1438 4812 ejus,
1472 4743 1604 4812 quia
1631 4744 1878 4810 Angelus
1907 4743 2131 4796 Domini
2213 4737 2500 4808 prolixiori
2530 4744 2783 4807 tempore
2821 4737 2889 4790 ob
2920 4733 3174 4790 ΕοοῙθεὶξυ
3203 4750 3431 4808 Corpore
3461 4743 3713 4804 seems“
3739 4743 3745 4775 ⁵

533 4835 620 4882 est
651 4831 905 4896 (,llalach.
931 4833 1007 4897 Π).
1047 4849 1070 4882 ι)
1098 4831 1434 4901 Praepositus
1465 4845 1597 4898 ergo
1619 4831 1808 4899 lapsus
1831 4832 1888 4883 in
1910 4831 2126 4898 vitium,
2212 4827 2292 4878 ita
2319 4833 2529 4891 tamen,
2555 4829 2618 4879 ut
2647 4825 2724 4878 sic
2765 4826 3073 4879 ofﬁciorum
3115 4828 3235 4878 loca
3265 4825 3540 4896 recipiant.
3569 4836 3629 4874 ne
3650 4827 3749 4909 Pf’sj

459 4911 465 4916 ’
531 4931 632 4988 per
663 4919 1065 4988 evangelistam
1099 4926 1376 4982 monetur,
1405 4924 1468 4972 ut
1492 4935 1708 4971 memor
1727 4919 1800 4972 sit
1829 4921 1976 4974 unde
1997 4921 2133 4973 ceci-
2215 4915 2330 4968 Sint
2375 4915 2443 4967 ad
2493 4915 2696 4968 altiora
2725 4915 2905 4967 offiCiﬂ
2936 4911 3171 4968 Ulterius
3210 4913 3527 4985 promoveri
3561 4904 3691 4971 011οά
3713 4904 3746 4952 εί

531 5008 694 5068 derit,
729 5014 786 5061 et
814 5009 1204 5078 paenitentiam
1237 5015 1386 5078 agat,
1421 5015 1478 5061 et
1501 5009 1684 5077 prima
1717 5007 1886 5060 faciat
1911 5025 2081 5078 opera
2117 5028 2126 5061 :
2212 5003 2414 5057 iterato
2445 5005 2596 5056 velut
2625 5017 2794 5056 canes
2823 5004 2891 5056 ad
2923 5005 3192 5057 vomitum
3221 5003 3419 5057 reversi
3451 4999 3650 5053 iuerint.
3663 5005 3745 5045 non

531 5103 595 5150 ut
618 5111 732 5151 non
764 5102 1055 5150 moveatur
1081 5097 1478 5150 candelabrum
1509 5099 1648 5165 ejus.
1683 5098 1828 5150 Nam
1868 5098 2128 5150 candela-
2213 5093 2394 5145 solum
2435 5093 2708 5162 dignitate
2739 5092 2906 5146 officii
2935 5101 3186 5157 careant,
3231 5093 3325 5146 sed
3357 5091 3514 5144 etiam
3544 5087 3742 5139 sanctam
3771 5095 3778 5104 '

531 5187 694 5240 brum
738 5187 956 5255 Angeli,
991 5186 1246 5239 doctrina
1276 5193 1360 5238 est
1405 5186 1803 5241 sacerdotalis:
1837 5187 1919 5239 vel
1953 5187 2131 5240 honor
2213 5182 2684 5244 communionem,
2711 5182 2816 5236 nisi
2849 5184 2906 5235 in
2939 5182 3109 5246 exitii,
3148 5198 3257 5234 non
3291 5179 3598 5251 percipiant:-

531 5275 826 5344 potestatis
849 5285 1018 5344 qnam
1036 5281 1237 5342 gestat,
1271 5274 1622 5343 intelligitur,
1637 5275 1798 5342 juxta
1819 5276 1968 5344 quod
1990 5276 2126 5328 scri-

531 5369 688 5432 ptum
712 5371 794 5416 est
833 5364 980 5433 apud
1023 5365 1340 5418 Samuelem
1381 5365 1437 5416 in
1476 5364 1898 5417 damnationem
1943 5365 2066 5417 Heli
2111 5383 2120 5416 :

536 5468 557 5499 ι
589 5451 748 5503 Oculi
781 5452 902 5520 ejus
931 5453 1324 5522 caligaverant,
1357 5469 1458 5505 nec
1480 5458 1702 5522 poterat
1728 5451 1913 5505 videre
1945 5453 2124 5506 lucer-

531 5553 662 5590 nam
683 5539 802 5602 Dei,
825 5545 1128 5610 antequam
1156 5541 1670 5612 exstingueretur(l
1702 5543 1936 5606 Ret/.111,
1971 5561 1996 5592 ι)
2024 5543 2128 5595 Lu-

532 5641 702 5679 cerna
721 5627 925 5697 quippe
953 5628 1056 5681 Dei
1083 5626 1284 5693 fuerat,
1311 5629 1532 5702 quando
1565 5629 1840 5700 dignitate
1868 5630 2124 5682 sacerdo-

2285 5272 2422 5324 ltem
2445 5272 2503 5324 in
2533 5271 2766 5324 concilio
2797 5265 3490 5340 Carthaginiensi,can.f'27.
3521 5261 3742 5328 scriptum

2211 5361 2464 5430 estquod
2496 5359 2804 5430 presbyteri
2831 5366 2885 5412 et
2905 5360 3124 5414 diaconi
3149 5361 3204 5412 in
3226 5355 3458 5428 graviori
3477 5353 3622 5420 culpa
3645 5357 3742 5398 con-

2207 5451 2356 5512 victi,
2374 5465 2574 5504 manus
2591 5448 3003 5520 impositionem
3015 5457 3280 5518 tanquam
3301 5445 3419 5499 laici
3443 5445 3738 5526 nequaquam

2208 5540 2539 5610 suscipiant.
2560 5540 2966 5592 Conﬂrmatum
2979 5545 3082 5604 est,
3107 5545 3167 5591 ut
3183 5538 3229 5590 si
3252 5535 3463 5607 quando
3480 5525 3734 5600 presbyteri

2208 5631 2294 5684 vel
2322 5629 2542 5684 diaconi
2569 5629 2628 5681 in
2666 5629 2855 5699 aliqua
2871 5627 3114 5697 graviori
3133 5627 3295 5696 culpa
3308 5619 3521 5678 convicti
3548 5610 3728 5667 ﬁlerinl.
