4018 6168
332 364 474 420 14³05

1575 358 2095 418 ΡωΝΙΤΕΝΤῙυΜ
2133 360 2365 419 LIBER.

3476 358 3613 421 M06

333 506 445 561 qua
475 506 570 542 eos
600 506 635 541 a
663 486 973 541 ministerio
1003 502 1228 539 necesse
1272 486 1347 539 sit
1376 486 1666 551 removeri,
1702 502 1815 539 non
1846 487 1926 539 eis
1946 489 2211 548 Amuher
2238 491 2378 544 duos
2409 492 2627 553 fratres,
2666 498 2762 546 aut
2801 493 2845 545 si
2896 493 3020 562 quis
3068 493 3152 544 vir
3202 492 3345 546 duas
3393 502 3613 545 sorores

334 596 535 633 manus
558 585 824 648 tanquam
848 576 1247 647 pcenitentibus
1276 575 1427 629 laicis
1458 576 1779 645 imponatur
1800 595 1811 627 :
1831 593 1931 629 ne-

333 685 441 739 que
473 669 913 739 permittendum
942 674 1005 720 ut
1033 665 1361 736 rebaptizati
1389 664 1459 717 ad
1489 665 1780 718 clericatus
1807 680 1932 734 gra-

331 759 465 835 du.m
495 763 949 828 promoveantur.

547 902 675 953 CAP.
703 900 771 953 II.
805 929 867 937 —
886 901 957 952 Dc
980 901 1194 951 incestis
1212 902 1333 965 conj
1340 900 1709 950 unctionibus.

406 1026 482 1078 De
506 1025 732 1077 incestis
762 1021 1243 1092 conjunctionibus
1270 1023 1327 1075 in
1349 1022 1580 1076 concilio
1600 1024 1925 1092 Agathensi.

331 1130 453 1183 cap.
486 1113 574 1173 61,
608 1114 689 1166 ita
718 1113 985 1181 scriptum
1018 1118 1130 1164 est:
1190 1113 1415 1165 lncestis
1471 1113 1745 1181 conjugiis
1789 1113 1927 1165 nihil

332 1218 561 1273 prorsus
590 1203 762 1256 venite
782 1216 1149 1263 reservamus,
1185 1202 1292 1253 nisi
1313 1218 1441 1253 cum
1473 1200 1811 1254 adulterium
1837 1218 1925 1254 se—

326 1293 619 1363 paratione
652 1291 988 1344 sanaverint.
1028 1292 1272 1343 Incestos
1308 1307 1433 1342 vero
1479 1291 1631 1342 nullo
1682 1291 1924 1359 conjugii

327 1382 556 1435 nomine
587 1381 955 1450 deputandos,
980 1396 1118 1449 quos
1140 1380 1310 1432 etiam
1329 1379 1624 1449 designare
1647 1380 1929 1433 funestum

330 1478 435 1524 est.
468 1473 580 1523 Hos
608 1471 757 1523 enim
780 1488 901 1521 esse
931 1486 1222 1522 censemus
1248 1487 1258 1519 :
1292 1470 1347 1521 Si
1380 1470 1501 1538 quis
1533 1470 1785 1521 relictam
1816 1469 1927 1522 fra-

327 1561 451 1621 tris,
470 1578 592 1629 quae
614 1575 754 1629 pene
775 1560 930 1628 prius
950 1575 1109 1611 soror
1129 1558 1437 1621 exstiterat,
1463 1558 1673 1611 carnali
1701 1560 1930 1627 conjun-

329 1649 512 1702 ctione
543 1648 844 1701 violaverit.
880 1647 937 1700 Si
970 1648 1093 1716 quis
1122 1647 1312 1700 fratris
1341 1662 1667 1715 germanam
1700 1663 1927 1700 uxorem

329 1737 623 1807 acceperit.
659 1737 714 1790 Si
746 1737 870 1806 quis
902 1752 1195 1789 novercam
1229 1736 1467 1789 duxerit.
1504 1736 1560 1789 Si
1593 1736 1718 1805 quis
1738 1753 1930 1789 conso-

2015 579 2252 643 duxerit,
2270 598 2303 632 a
2318 582 2710 635 communione
2732 582 3054 635 abstineant
3070 598 3245 651 usque
3258 582 3328 634 ad
3348 586 3608 634 mortem.

2016 668 2077 719 In
2112 678 2288 721 morte.
2317 671 2396 722 eis
2428 671 2746 724 communio
2776 684 2877 740 pro
2909 671 3295 723 misericordia
3331 671 3513 723 detur.
3555 671 3611 723 Si

2014 772 2141 808 vero
2171 759 2579 827 superi-inierint
2607 759 3002 812 communione
3032 766 3276 828 accepta,
3311 762 3365 812 et
3413 759 3481 810 de
3529 758 3611 810 in-

2014 846 2281 900 ﬁrmitate
2311 849 2712 909 convaluerint,
2743 852 2915 918 agant
2956 849 3180 917 plenam
3222 847 3608 917 paenitentiam

2013 940 2265 1005 tempore
2296 938 2533 991 constitu
2542 944 2615 991 to.

2086 1027 2224 1078 Item
2256 1027 2311 1079 in
2344 1028 2988 1097 Canoneapostolorum,
3025 1044 3144 1097 cap.
3194 1024 3275 1089 19,
3336 1025 3608 1095 scriptum

2013 1120 2095 1166 est
2122 1134 2131 1165 :
2166 1116 2267 1177 Qui
2304 1116 2442 1168 duas
2474 1118 2528 1169 in
2558 1118 2879 1186 conjugium
2912 1133 3131 1169 sorores
3162 1114 3609 1185 acceperit.utﬂ-

2010 1203 2141 1256 liam
2175 1205 2381 1267 fratris,
2413 1206 2645 1259 clericus
2675 1222 2793 1257 esse
2825 1218 2932 1259 non
2962 1206 3185 1276 poterit.

2086 1348 2214 1399 ΟΜ).
2251 1348 2514 1400 IIl.—/Ic
2546 1350 2629 1399 his
2651 1352 2748 1414 cui
2781 1352 3120 1401 mlultcriuin
3163 1351 3533 1401 cmmnillzmt.

2085 1471 2439 1524 Adulterium
2472 1480 2659 1524 autem
2696 1490 2805 1525 non
2845 1473 3023 1525 solum
3074 1473 3157 1523 lex
3206 1472 3453 1532 damnat,
3514 1470 3611 1522 sed

2014 1559 2186 1613 etiam
2215 1563 2533 1630 evangelica
2563 1561 2867 1613 auctoritas
2880 1561 3107 1613 omnino
3132 1559 3250 1611 fieri
3268 1560 3434 1611 vetat.
3450 1558 3610 1612 Unde

2014 1655 2067 1702 et
2099 1651 2274 1703 sancti
2310 1651 2521 1707 Patres.
2556 1650 2761 1702 cmlesti
2806 1648 3127 1719 magisterio
3158 1647 3374 1713 imbuti,
3409 1649 3476 1701 de
3508 1647 3611 1703 hoc

2014 1740 2144 1810 quid
2174 1734 2508 1792 servandum
2540 1738 2613 1791 sit
2641 1739 3013 1793 sanciverunt.
3049 1739 3190 1791 Nam
3226 1737 3283 1789 in
3313 1737 3609 1807 Ancyrano

330 1826 503 1880 brinze
532 1843 644 1879 suae
665 1844 724 1878 se
745 1826 1054 1878 sociaverit.
1086 1826 1243 1888 Quod
1276 1826 1356 1877 ita
1387 1826 1646 1894 praesenti
1677 1833 1928 1895 tempore
1951 1814 2261 1891 Bconcilio,
2295 1846 2414 1898 cap.
2459 1826 2535 1893 18,
2571 1830 2647 1881 ita
2677 1828 2943 1898 scriptum
2984 1832 3069 1879 est
3106 1846 3115 1878 :
3169 1826 3225 1877 Si
3275 1826 3431 1893 cujus
3474 1842 3613 1877 uxor

330 1916 711 1986 prohibemus,
738 1923 799 1967 ut
823 1916 899 1967 ita
923 1932 989 1966 ea
1019 1932 1141 1984 quae
1171 1920 1302 1967 sunt
1330 1922 1460 1966 ante
1492 1928 1593 1967 nos
1625 1915 1929 1967 constituta

330 2020 441 2057 non
473 2004 860 2057 dissolvamus.
898 2004 952 2057 Si
984 2004 1107 2073 quis
1137 2004 1346 2056 relictae
1370 2004 1454 2055 vel
1486 2003 1612 2056 tilia)
1642 2011 1927 2055 autavun-

327 2094 439 2146 culi
472 2094 789 2157 misceatur,
817 2100 914 2145 aut
936 2092 1111 2162 patris
1136 2093 1261 2145 tiliae
1280 2094 1363 2144 vel
1394 2092 1655 2162 privignze
1674 2110 1788 2145 sua»
1803 2109 1928 2146 con-

328 2182 522 2235 cubitu
555 2183 853 2251 polluatur.
888 2182 1033 2234 Sane
1062 2181 1262 2250 quibus
1292 2181 1609 2249 conjunctio
1630 2181 1821 2234 illicita
1852 2180 1930 2234 in-

328 2271 643 2335 terdicitur,
675 2270 962 2323 habebunt
980 2270 1207 2323 ineundi
1230 2270 1474 2322 melioris
1500 2271 1747 2339 conjugii
1770 2270 1930 2323 liber-

330 2366 506 2413 tatem
518 2399 529 2411 .

404 2452 543 2502 Item
574 2450 641 2501 de
673 2449 880 2501 eisdem
914 2448 970 2500 in
994 2448 1225 2501 concilio
1245 2449 1653 2513 Aurelianensi,
1681 2462 1801 2517 cap.
1844 2447 1925 2511 Η,

327 2539 601 2608 scriptum
632 2546 717 2590 est
742 2557 751 2589 :
789 2539 871 2591 Ne
902 2540 1074 2590 trater
1106 2553 1273 2606 super
1304 2538 1527 2590 thorum
1545 2538 1790 2591 defuncti
1816 2540 1927 2590 fra-

326 2629 433 2680 tris
455 2628 738 2680 ascendat.
756 2628 837 2679 Ne
861 2627 1176 2696 quisquam,
1198 2626 1405 2679 amissa
1422 2642 1612 2689 uxore,
1632 2627 1807 2679 sorori
1826 2642 1928 2679 au-

328 2718 462 2769 deat
491 2716 709 2769 sociari.
744 2715 901 2778 Quod
933 2715 976 2767 si
1004 2715 1214 2777 fecerit,
1243 2716 1311 2767 ab
1333 2716 1705 2768 ecclesiastica
1737 2715 1927 2768 distri-

327 2806 513 2858 ctione
545 2805 794 2859 feriatur.

403 2895 544 2947 Item
574 2895 643 2947 de
664 2894 871 2947 eisdem
898 2894 953 2946 in
984 2893 1217 2946 concilio
1248 2892 1582 2959 Ililerdensi,
1615 2912 1733 2964 cap.
1775 2893 1827 2957 4,
1855 2893 1932 2947 ita

329 2981 544 3036 dictum
577 2986 694 3036 est:
724 2983 827 3046 Qui
858 3001 915 3035 se
948 2984 1142 3035 incesti
1164 2982 1468 3053 pollutione
1497 2984 1925 3036 commaculant.

331 3072 539 3143 placuit
564 3089 853 3142 quousque
876 3072 929 3124 in
960 3071 1079 3141 ipso
1108 3068 1436 3125 detestando
1454 3071 1720 3124 etillicito
1749 3071 1929 3125 carnis

2011 1920 2325 1972 adulterata
2348 1919 2533 1977 fuerit,
2563 1918 2641 1969 vel
2667 1918 2709 1969 si
2737 1919 2852 1988 ipse
2882 1917 3221 1970 adulterium
3246 1914 3606 1979 commiserit,

2011 2016 2225 2078 septem
2250 2024 2523 2060 annorum
2540 2007 2927 2077 pmnitcntiam
2942 2013 3221 2075 agentem.
3238 2009 3459 2073 oportet
3480 2021 3607 2056 eum

2011 2097 2269 2167 persequi
2301 2096 2604 2149 secundum
2636 2095 2897 2165 pristinos
2926 2096 3153 2163 gradus.

2084 2184 2223 2239 Item
2258 2186 2311 2237 in
2341 2185 2598 2237 Africano
2621 2184 2871 2249 concilio,
2896 2201 3014 2254 cap.
3046 2181 3130 2245 69,
3158 2183 3225 2235 de
3248 2182 3333 2234 his
3356 2181 3450 2252 qui
3471 2196 3608 2233 uxo-

2012 2292 2100 2327 res
2128 2282 2225 2327 aut
2258 2291 2378 2344 qum
2409 2274 2555 2326 viros
2585 2274 2897 2339 dimittunt,
2926 2262 3094 2325 utsic
3135 2277 3418 2334 maneant,
3470 2268 3609 2321 scri-

2013 2371 2168 2434 ptum
2194 2370 2303 2415 est:
2328 2363 2555 2427 Placuit,
2582 2370 2642 2415 ut
2661 2363 2966 2415 secundum
2990 2360 3365 2429 evangelicum
3396 2366 3453 2411 et
3476 2376 3606 2427 apo-

2012 2453 2263 2505 stolicam
2295 2451 2666 2521 disciplinam,
2700 2468 2879 2520 neque
2913 2450 3177 2503 dimissus
3207 2447 3275 2501 ab
3300 2464 3488 2507 uxore,
3514 2464 3607 2499 ne-

2013 2560 2119 2613 que
2149 2541 2379 2594 dimissa
2417 2558 2449 2594 a
2496 2542 2716 2606 marito,
2767 2540 2929 2592 alteri
2979 2541 3373 2609 conjungatur,
3419 2542 3482 2589 ut
3528 2536 3639 2587 ita.

2012 2638 2297 2696 maneant,
2326 2636 2425 2684 aut
2454 2629 2678 2683 sibimet
2710 2629 3153 2683 reconcilientur.
3189 2627 3343 2692 Quod
3378 2626 3423 2678 si
3471 2642 3603 2677 con-

2012 2727 2124 2773 tem
2133 2721 2363 2790 pserint,
2388 2717 2453 2772 ad
2472 2719 2855 2789 prenitentiam
2872 2717 3222 2785 redigantur:
3245 2715 3299 2767 in
3314 2731 3424 2784 qua
3435 2729 3603 2765 causa

2014 2811 2191 2878 legem
2216 2808 2562 2879 imperialem
2592 2808 2889 2878 petendam
2920 2803 3282 2878 promulgari.

2088 2900 2224 2951 Item
2262 2898 2313 2950 in
2348 2897 2585 2951 decretis
2616 2895 2925 2951 Innocentii
2958 2913 3131 2966 papae,
3166 2911 3286 2964 cap.
3337 2886 3426 2957 ‘24,
3469 2889 3605 2943 scri-

2012 2996 2172 3058 ptum
2201 2994 2285 3039 est
2315 2988 2463 3056 quod
2502 2986 2603 3037 viri
2634 3003 2759 3037 cum
2792 2985 3059 3037 adulteris
3094 3000 3203 3036 non
3250 2980 3605 3035 conveniant.

2016 3078 2077 3131 Et
2112 3077 2246 3130 illud
2279 3074 2657 3128 desideratum
2701 3082 2785 3127 est
2815 3073 2941 3126 sciri
2987 3091 3085 3125 cur
3131 3062 3611 3125 communicantes

330 3161 695 3214 contubernio
728 3166 1101 3231 perseverant,
1138 3178 1311 3230 usque
1352 3160 1417 3213 ad
1449 3162 1675 3213 missam
1709 3134 1988 3214 tantumC
2012 3167 2114 3218 viri
2143 3183 2269 3219 cum
2299 3165 2567 3217 adulteris
2616 3156 2879 3217 uxoribus
2926 3180 3036 3215 non
3085 3159 3435 3225 conveniant,
3487 3175 3613 3211 cum

330 3251 865 3303 catechumenorum
888 3249 944 3302 in
968 3249 1197 3302 ecclesia
1210 3250 1630 3319 permittuntur.
1656 3250 1794 3303 Cum
1812 3251 1930 3320 qui-

332 3339 437 3391 bus
468 3339 638 3392 etiam
671 3356 771 3391 nec
802 3339 986 3391 cibum
1008 3356 1229 3391 sumere
1253 3339 1349 3390 ulli
1374 3339 1839 3403 Christianorum,
1862 3340 1932 3391 si-

330 3438 427 3481 cut
460 3429 759 3499 Apostolus
785 3428 957 3498 jussit
981 3430 1167 3493 (It'or.
1197 3430 1268 3495 v),
1301 3430 1538 3498 oportet.

404 3517 545 3569 Item
576 3516 644 3569 de
665 3517 751 3569 his
809 3517 863 3570 in
912 3518 1207 3586 Ancyrano
1247 3515 1496 3581 concilio,
1551 3535 1671 3586 cap.
1722 3514 1809 3577 ⁸24,
1856 3517 1934 3570 ita

334 3606 606 3676 scriptum
620 3610 705 3659 est
727 3626 736 3657 :
759 3605 997 3669 Quidam
1015 3623 1276 3675 sponsam
1300 3605 1527 3665 habens,
1549 3623 1795 3658 sororem
1812 3607 1932 3674 ejus

330 3695 574 3757 violavit.
612 3701 665 3746 et
692 3695 977 3763 gravidam
1006 3695 1243 3747 reddidit
1271 3713 1280 3745 :
1322 3694 1678 3764 postmodum
1700 3694 1933 3763 despon-

327 3786 514 3837 satam
548 3783 652 3837 sibi
682 3784 838 3836 duxit
869 3801 1116 3836 uxorem.
1136 3776 1237 3836 Illa
1260 3801 1387 3835 vero
1410 3802 1531 3853 quae
1564 3790 1829 3854 corrupta
1848 3791 1933 3836 est

330 3872 532 3942 laqueo
563 3889 621 3924 se
656 3872 912 3942 peremit.
950 3868 1016 3924 lIi
1051 3871 1145 3941 qui
1178 3868 1403 3924 fuerunt
1432 3872 1655 3936 conscii,
1692 3879 1817 3942 post
1835 3873 1931 3924 de.-

330 3978 567 4015 cenncm
596 3960 1032 4013 satisfactionem
1060 3961 1202 4030 jussi
1236 3965 1367 4013 sunt
1395 3961 1675 4030 suscipere
1724 3961 1933 4030 gradus

329 4050 677 4121 paenitentiae
711 4050 1060 4103 constitutos.

410 4140 547 4192 Item
582 4140 639 4191 in
662 4139 1097 4192 Neocaesariensi
1120 4139 1369 4199 concilio,
1404 4156 1522 4209 cap.
1558 4138 1707 4203 ?,ita
1724 4140 1935 4191 dictum

332 4234 420 4280 est
454 4229 522 4280 de
554 4228 641 4281 his
666 4245 787 4299 quae
817 4228 1033 4281 duobus
1064 4228 1329 4281 fratribus
1382 4229 1694 4298 nupserint,
1730 4229 1813 4281 vel
1842 4229 1935 4298 qui

332 4317 477 4368 duas
507 4332 727 4368 sorores
764 4332 961 4368 uxores
992 4316 1340 4386 acceperint:
1372 4314 1573 4369 Mulier
1627 4316 1673 4367 si
1722 4315 1938 4369 duobus

334 4402 604 4458 fratribus
630 4404 903 4474 nupserit,
930 4403 1226 4474 abjiciatur
1249 4422 1425 4475 usque
1444 4405 1512 4457 ad
1545 4410 1803 4457 mortem.
1830 4404 1937 4457 Ve-

334 4500 657 4547 rumtamen
678 4493 735 4546 in
758 4493 906 4546 exitu
930 4501 1155 4563 propter
1186 4493 1643 4557 misericordiam,
1671 4494 1712 4546 si
1738 4494 1942 4563 promi-

334 4583 478 4636 serit
498 4582 641 4652 quod
674 4582 821 4635 facta
854 4582 1145 4635 incolumis
1177 4583 1342 4652 hujus
1381 4583 1789 4651 conjunctionis
1823 4583 1941 4636 vin-

336 4672 467 4725 cula
521 4671 803 4735 dissolvat,
856 4671 1097 4724 fructum
1148 4671 1485 4741 pcenitentiae
1544 4678 1937 4741 consequatur.

338 4760 501 4824 Quod
532 4760 578 4812 si
609 4760 875 4823 defecerit
906 4759 1107 4813 mulier
1136 4766 1233 4813 aut
1267 4759 1349 4812 vir
1378 4761 1433 4813 in
1466 4759 1669 4813 talibus
1711 4761 1934 4831 nuptiis,

337 4848 584 4903 difﬁcilis
615 4850 723 4901 erit
756 4849 1082 4919 pua'iitentia
1112 4866 1169 4901 1n
1204 4848 1311 4901 vita
1336 4850 1707 4918 permanenti.

412 4938 554 4991 Item
584 4938 652 4989 de
686 4938 769 4990 his
801 4938 894 5007 qui
925 4938 1141 4990 duabus
1170 4938 1455 4990 sororibus
1486 4940 1839 5008 copulantur,
1884 4938 1941 4992 in

340 5024 757 5079 IIeliberritano
788 5027 1038 5091 concilio,
1065 5042 1183 5096 cap.
1215 5026 1299 5089 (il,
1340 5027 1417 5078 ita
1446 5028 1714 5098 scriptum
1746 5038 1853 5081 est:
1885 5029 1943 5081 Si

342 5115 470 5184 quis
492 5122 618 5185 post
643 5115 857 5168 obitum
875 5115 1061 5167 uxoris
1085 5132 1197 5168 suae
1216 5133 1462 5169 sororem
1487 5119 1608 5185 ejus
1630 5118 1868 5179 duxerit,
1889 5124 1945 5171 et

342 5206 465 5275 ipsa
492 5204 662 5257 fuerit
714 5205 912 5269 ﬁdelis,
968 5205 1413 5274 quinquennium
1468 5223 1501 5258 a
1551 5207 1944 5260 communione

344 5293 555 5364 placuit
593 5292 881 5357 abstineri,
909 5293 1013 5345 nisi
1048 5295 1187 5346 forte
1207 5294 1445 5347 velocius
1485 5295 1605 5347 dari
1628 5308 1820 5364 pacem
1853 5312 1946 5348 ne-

343 5380 575 5433 cessitas
604 5380 848 5447 coegerit
878 5379 1240 5432 inﬁrmitatis.

418 5472 557 5523 Item
584 5471 652 5523 de
687 5470 918 5523 muliere
936 5486 1057 5539 quae
1087 5471 1226 5523 duos
1258 5470 1457 5522 fratres
1481 5472 1649 5523 sumit
1671 5472 1727 5523 in
1749 5473 1943 5540 conju-

342 5560 455 5627 gio,
490 5560 571 5611 vel
604 5559 687 5611 vir
710 5560 804 5629 qui
845 5560 985 5612 duas
1023 5576 1243 5612 sorores
1274 5559 1551 5623 habuerit,
1602 5560 1658 5611 in
1710 5560 1943 5613 concilio

344 5648 572 5702 Martini
605 5648 869 5718 episcopi.
904 5665 1024 5718 cap.
1062 5648 1147 5705 78.
1173 5648 1251 5701 ita
1269 5649 1537 5719 scriptum
1567 5656 1652 5701 est
1688 5668 1698 5701 :
1736 5649 1793 5704 Si
1832 5666 1944 5719 qua

2013 3262 2205 3309 contra
2222 3271 2421 3307 uxores
2444 3256 2499 3307 in
2518 3254 2795 3307 consortio
2819 3252 3199 3306 adulterorum
3224 3250 3470 3302 virorum
3494 3265 3611 3299 ma-

2015 3362 2147 3397 nere
2180 3342 2489 3396 videantur.
2512 3344 2692 3413 Super
2714 3343 2815 3394 hoc
2836 3341 3151 3394 Christiana
3185 3334 3379 3407 religio
3397 3334 3611 3391 adulte-

2017 3432 2161 3486 rium
2196 3433 2253 3484 in
2285 3438 2521 3501 utroque
2552 3448 2685 3483 sexu
2718 3431 2837 3500 pari
2866 3430 3081 3482 ratione
3111 3420 3463 3481 condemnat.
3504 3426 3609 3477 Sed

2018 3522 2161 3573 viros
2192 3538 2322 3573 suos
2362 3520 2623 3573 mulieres
2665 3535 2776 3571 non
2823 3518 2981 3571 facile
3028 3518 3095 3570 de
3132 3514 3405 3571 adulterio
3444 3531 3609 3566 accu-

2015 3614 2159 3663 sant.
2196 3618 2249 3660 et
2274 3626 2381 3661 non
2408 3606 2616 3660 habent
2640 3607 2873 3659 latentia
2888 3611 3111 3675 peccata
3142 3603 3465 3657 vindictam.
3489 3600 3609 3653 Viri

2015 3707 2201 3751 autem
2223 3696 2451 3749 liberius
2481 3713 2680 3748 uxores
2702 3695 2985 3747 adulteras
3014 3692 3159 3763 apud
3181 3684 3499 3744 sacerdotes
3520 3690 3611 3742 de-

2014 3788 2157 3840 ferre
2180 3792 2616 3839 consueverunt:
2654 3792 2709 3836 et
2725 3784 2848 3836 ideo
2885 3781 3229 3839 mulieribus,
3272 3776 3491 3850 prodito
3517 3796 3611 3831 ea-

2014 3894 2138 3929 rum
2157 3875 2411 3937 crimine,
2439 3874 2758 3926 communio
2779 3872 3104 3940 denegatur.
3138 3869 3401 3924 Virorum
3421 3874 3611 3920 autem

2015 3966 2226 4018 latente
2255 3964 2572 4025 commisso,
2609 3979 2718 4015 non
2748 3962 2906 4014 facile
2931 3960 3228 4030 quisquam
3254 3975 3319 4011 ex
3351 3955 3616 4027 suspicio-

2020 4035 2184 4107 nibus
2214 4051 2542 4106 abstinetur.
2577 4050 2679 4114 Qui
2714 4048 2906 4120 utique
2939 4047 3376 4113 submovebitur,
3409 4045 3454 4099 si
3495 4046 3617 4115 ejus

2020 4143 2295 4212 ﬂagitium
2349 4142 2660 4210 detegatur.
2698 4142 2837 4192 Cum
2867 4156 2997 4208 ergo
3049 4155 3150 4208 par
3188 4154 3355 4191 causa
3393 4135 3484 4197 sit,
3538 4134 3618 4187 in-

2020 4232 2240 4285 terdum
2272 4228 2598 4302 probatione
2621 4236 2891 4291 cessante,
2909 4226 3162 4280 vindictze
3187 4226 3329 4279 ratio
3359 4223 3617 4294 conquie-

2020 4321 2141 4375 scit.

2095 4411 2235 4462 Item
2268 4407 2323 4461 in
2363 4409 2614 4479 ejusdem
2645 4406 2899 4471 decretis,
2926 4423 3044 4475 cap.
3080 4403 3167 4469 '27,
3192 4404 3460 4473 scriptum
3491 4409 3574 4454 est
3600 4420 3609 4453 :

2025 4498 2182 4561 Quod
2218 4497 2270 4550 hi
2287 4496 2382 4567 qui
2404 4495 2782 4548 intercedente
2801 4494 3032 4564 repudio
3055 4493 3352 4545 divortium
3371 4491 3619 4561 pertule-

2025 4594 2177 4650 runt,
2210 4587 2254 4637 si
2288 4604 2345 4637 se
2375 4584 2498 4637 aliis
2556 4584 2767 4653 nuptiis
2798 4583 3174 4651 adjunxerint,
3211 4580 3451 4634 adulteri
3500 4597 3621 4631 esse

2026 4680 2427 4727 monstrentur.
2462 4674 2539 4725 De
2572 4672 2656 4724 his
2692 4672 2860 4724 etiam
2895 4671 3183 4741 requisivit
3233 4666 3454 4723 dilectio
3502 4675 3618 4733 tua,

2026 4764 2140 4834 qui,
2176 4763 2578 4816 interveniente
2608 4761 2859 4831 repudio.
2889 4754 2983 4813 alii
3004 4778 3061 4813 se
3076 4760 3435 4813 matrimonio
3450 4775 3622 4827 copu-

2028 4854 2241 4905 larunt:
2277 4869 2413 4922 quos
2445 4852 2499 4904 in
2540 4860 2778 4921 utraque
2818 4856 2975 4920 parte
3014 4848 3296 4902 adulterOs
3346 4865 3466 4901 esse
3511 4864 3625 4899 ma-

2026 4943 2289 4996 nifestum
2323 4946 2425 4993 est.
2460 4940 2566 5004 Qui
2600 4957 2725 4992 vero
2757 4940 2839 4991 vel
2881 4956 3048 4991 uxore
3079 4939 3313 5003 vivente,
3374 4937 3625 5007 quamvis

2026 5032 2386 5083 (llSSOCltltum
2416 5030 2669 5082 videatur
2695 5048 2813 5081 esse
2845 5027 3185 5097 conjugium,
3222 5018 3289 5080 ad
3321 5026 3487 5079 aliam
3538 5043 3625 5080 co-

2026 5121 2214 5191 pulam
2248 5119 2602 5181 festinarunt,
2640 5134 2815 5186 neque
2850 5124 3082 5187 possunt
3108 5115 3353 5170 adulteri
3394 5132 3505 5168 non
3552 5115 3627 5167 vi-

2028 5210 2145 5262 deri
2173 5228 2182 5260 :
2216 5209 2270 5260 in
2302 5214 2521 5260 tantum
2554 5206 2743 5269 etiam,
2766 5202 2921 5259 uthac
2944 5223 3191 5276 personm
3236 5204 3435 5275 quibus
3484 5204 3626 5257 tales

2028 5296 2311 5365 conjuncti
2338 5301 2486 5357 sunt,
2524 5294 2693 5346 etiam
2720 5293 2850 5363 ipsae
2901 5293 3239 5347 adulterium
3282 5293 3623 5347 commisisse

2030 5387 2354 5439 videantur:
2392 5384 2700 5435 secundum
2726 5382 2855 5435 illud
2888 5382 3032 5451 quod
3084 5381 3323 5450 legimus
3354 5383 3405 5434 in
3454 5382 3628 5435 Evan-

2028 5474 2175 5541 gelio
2204 5491 2212 5523 :
2250 5494 2271 5517 κ
2308 5473 2413 5535 Qui
2445 5472 2721 5524 dimiserit
2745 5484 2970 5524 uxorem
2995 5484 3176 5531 suam,
3198 5472 3431 5525 etaliam
3457 5472 3624 5525 duxe-

2030 5562 2122 5623 rit,
2159 5562 2484 5613 mtechatur.
2518 5560 2791 5613 Similiter
2817 5568 2873 5612 et
2908 5559 3343 5630 qui‘dimissam
3382 5560 3621 5623 duxerit,

2028 5648 2340 5703 moechatur
2358 5651 2576 5719 (Matth.
2600 5662 2674 5715 γ).
2706 5670 2727 5693 η
2748 5650 2815 5704 Et
2830 5650 2953 5702 ideo
2977 5662 3219 5703 omnese
3236 5650 3627 5703 communione
