4018 6168
493 325 630 382 1407

1083 325 1146 379 Β.
1187 324 1459 380 RABANI
1497 325 1729 382 MAURI
1766 323 2104 380 ARCHIEP.
2143 321 2470 377 MOGUNT.
2512 320 2810 376 OPERUM
2845 319 3030 375 PARS
3068 320 3167 375 III.

3628 316 3757 375 ωας

486 449 867 503 abstinendos.
901 448 981 502 De
1010 447 1340 520 parentibus
1367 453 1560 502 autem
1609 454 1708 504 aut
1751 447 2142 519 propinquisA
2161 463 2221 500 se
2250 447 2426 500 sacris
2455 445 2763 516 virginibus
2791 447 3026 512 sociant,
3041 452 3099 500 ct
3129 445 3338 499 foedera
3367 445 3581 498 incesta
3610 460 3759 497 com-

487 554 682 592 eorum
712 537 853 590 nihil
873 537 987 591 tale
1017 537 1399 608 statuipotest,
1435 537 1544 592 nisi
1574 537 1890 592 incentores
1908 535 2086 590 illiciti

487 625 754 680 consortii
789 625 960 680 fuisse
991 625 1346 697 detegantur.
1793 677 1800 684 ,

559 715 625 770 In
656 713 888 768 concilio
914 730 1136 786 quoque
1165 715 1598 782 Heliberritano,
1621 731 1743 786 cap.
1767 712 1820 781 9,
1845 713 1916 768 de
1933 712 2090 767 femi-

487 802 576 858 nis
603 819 725 874 qua:
755 803 1039 858 adulteros
1060 803 1294 858 maritos
1332 803 1702 875 reliquerunt,
1752 809 1810 857 et
1835 801 1962 856 aliis
1988 818 2090 856 nu-

488 891 647 957 bunt,
682 892 949 963 scriptum
989 897 1107 946 est:
1141 892 1375 946 Femina
1408 892 1589 946 ﬁdelis
1618 909 1741 963 quae
1769 891 2088 945 adulterum

489 981 757 1036 maritum
791 981 1083 1052 reliquerit
1119 981 1361 1048 ﬁdelem,
1397 987 1455 1035 et
1483 981 1726 1036 alterum
1753 980 1924 1046 ducit,
1957 994 2089 1050 pro-

489 1070 750 1125 hibeatur
775 1087 847 1126 ne
874 1071 1060 1126 ducat.
1093 1071 1153 1126 Si
1201 1069 1441 1136 duxerit,
1490 1086 1602 1124 non
1649 1070 1804 1140 prius
1855 1067 2092 1138 accipiat

489 1159 958 1226 communionem,
976 1159 1086 1214 nisi
1103 1176 1270 1231 quem
1291 1158 1526 1230 reliquit
1544 1159 1613 1212 de
1633 1159 1836 1212 saeculo
1869 1155 2084 1211 exierit:

489 1249 598 1304 nisi
626 1249 768 1304 forte
794 1247 1100 1304 necessitas
1125 1247 1474 1308 inﬁrmitatis
1504 1249 1638 1302 dare
1666 1246 2018 1319 compulerit.

761 1375 890 1431 CAP.
914 1375 1010 1429 IV.
1025 1407 1090 1416 —
1121 1377 1190 1429 De
1210 1376 1298 1428 his
1320 1377 1418 1442 qui
1441 1375 1802 1427 maritantur.

561 1483 702 1538 Item
729 1482 789 1536 in
817 1481 1050 1536 concilio
1065 1481 1496 1544 Heliberritano,
1511 1498 1630 1552 cap.
1668 1479 1754 1546 30,
1775 1480 1844 1534 de
1857 1480 2092 1534 moechis

490 1573 759 1643 scriptum
782 1575 868 1624 est
890 1589 900 1623 :
923 1569 1302 1625 Subdiaconos
1323 1587 1417 1624 eos
1440 1569 1690 1623 ordinari
1715 1585 1826 1623 non
1867 1569 2088 1633 debere,

493 1661 588 1732 qui
618 1661 678 1714 in
709 1659 1086 1714 adolescentia
1110 1676 1213 1714 sua
1242 1659 1453 1714 fuerint
1487 1658 1750 1712 moechati
1777 1675 1788 1710 :
1823 1673 1888 1711 eo
1945 1658 2092 1729 quod

2169 535 2420 601 mittunt,
2454 535 2602 606 quod
2632 536 3048 590 communicare
3077 551 3190 589 non
3213 534 3448 606 possint,
3483 533 3594 588 nisi
3625 533 3762 587 forte

2169 624 2448 696 publicam
2473 625 2863 696 pumitentiam
2879 625 3174 697 gesserint,
3201 625 3416 678 dictum
3437 629 3557 678 est:
3589 622 3766 692 Virgi-

2170 713 2335 770 nibus
2355 714 2528 769 sacris
2545 719 2758 768 temere
2778 731 2838 768 se
2858 714 3133 786 quosdam
3149 713 3362 769 sociare
3381 711 3762 784 cognovimus,

2171 810 2230 860 et
2244 803 2627 875 postdicatum
2645 805 2761 858 Deo
2786 803 3158 876 propositum,
3189 803 3401 857 incesta
3430 801 3646 856 fmdera
3679 817 3766 854 sa-

2171 893 2489 964 crilegaque
2502 893 2769 948 miscere:
2794 909 2933 964 quas
2952 893 3208 964 protinus
3237 908 3456 962 aequum
3489 897 3580 944 est
3615 907 3652 943 a
3682 907 3767 943 sa-

2171 999 2268 1038 cra
2292 983 2686 1038 communione
2707 982 2932 1038 detrudi
2957 1001 2968 1036 :
3005 987 3063 1036 et
3081 981 3190 1036 nisi
3221 997 3322 1052 per
3347 979 3634 1052 publicam
3649 995 3770 1050 pro-

2171 1071 2472 1143 batamque
2500 1071 2892 1143 paenitentiam
2921 1071 3150 1125 omnino
3169 1086 3283 1124 non
3311 1069 3482 1140 recipi
3508 1087 3520 1122 :
3557 1075 3660 1122 aut
3689 1067 3770 1121 his

2171 1167 2321 1216 certe
2352 1161 2618 1215 viaticum
2650 1161 2720 1214 de
2746 1160 2948 1214 sreculo
2997 1157 3439 1224 transeuntibus,
3485 1157 3536 1211 si
3581 1163 3770 1210 tamen

2173 1249 2557 1322 pcenituerint,
2588 1266 2701 1304 non
2731 1253 2987 1320 negetur.

2247 1340 2390 1394 Item
2415 1339 2474 1393 in
2502 1339 2741 1393 decretis
2764 1338 3077 1394 Innocentii
3097 1354 3274 1409 papae,
3307 1353 3430 1407 cap.
3465 1333 3558 1400 20,
3589 1335 3773 1388 devir-

2174 1428 2400 1499 ginibus
2427 1445 2540 1483 non
2575 1428 2774 1484 velatis
2811 1428 2861 1482 si
2913 1426 3274 1490 deviaverint,
3325 1425 3602 1495 scriptum
3650 1430 3768 1477 est:

2175 1518 2273 1572 Hae
2301 1533 2432 1572 vero
2461 1534 2584 1589 quae
2612 1517 2848 1572 necdum
2884 1532 3042 1570 sacro
3073 1515 3350 1570 velamine
3377 1520 3564 1578 tectae,
3586 1520 3772 1565 tamen

2173 1605 2233 1660 in
2252 1605 2536 1678 proposito
2549 1605 2807 1676 virginali
2819 1621 3044 1675 semper
3062 1621 3121 1658 se
3141 1603 3550 1658 simulaverant
3565 1616 3774 1671 perma-

2174 1711 2328 1761 nere,
2365 1694 2495 1749 licet
2523 1695 2720 1749 velata;
2771 1710 2886 1748 non
2915 1693 3142 1758 fuerint,
3172 1693 3218 1746 si
3264 1692 3408 1745 forte
3459 1689 3770 1760 nupserim,

493 1766 596 1855 ξηι·
616 1747 1411 1855 ευΡνθιτίίφτξιῖιξιμεξίψεὶοῇεήξλ
1439 1744 2514 1855 afﬁrmatrnjfeban-Biis'@5115;
2539 1744 3465 1855 saansaan}.tamen...
3491 1744 3614 1832 es}:
3650 1744 3775 1848 qui;

492 1843 616 1892 tur:
651 1838 698 1891 si
729 1837 825 1908 qui
844 1841 978 1891 sunt
1000 1837 1058 1890 in
1082 1841 1335 1908 tempore
1365 1835 1646 1907 praeterito
1669 1834 2100 1902 ordinati,amo-

494 1933 748 1981 veantur.

565 2016 709 2070 Item
732 2014 789 2068 in
816 2014 1013 2068 eodem
1045 2014 1298 2082 concilio,
1323 2031 1444 2084 cap.
1463 2012 1552 2079 3i,
1573 2014 1640 2067 de
1653 2011 2098 2068 adolescentibus

497 2103 592 2174 qui
618 2109 746 2175 post
771 2104 1053 2174 lavacrum
1084 2105 1454 2170 moechantur,
1490 2103 1761 2174 scriptum
1805 2109 1915 2158 est:
1953 2105 2099 2158 Ado-

493 2190 767 2246 lescentes
793 2192 886 2263 qui
902 2198 1030 2264 post
1058 2193 1224 2246 ﬁdem
1237 2193 1442 2246 lavacri
1465 2191 1946 2246 salutarisfuerint
1965 2208 2099 2246 moe-

495 2279 665 2348 chati,
697 2297 824 2335 cum
845 2281 1110 2335 duxerint
1135 2297 1356 2347 uxores,
1389 2287 1515 2335 acta
1545 2281 1798 2350 legitima
1826 2281 2100 2352 pmniten-

495 2370 593 2434 tia,
628 2371 841 2442 placuit
866 2371 938 2424 ad
967 2370 1420 2424 communionem
1453 2387 1548 2424 eos
1578 2369 1820 2424 admitti.

567 2460 710 2513 Item
740 2459 799 2513 in
828 2459 1022 2513 eodem
1037 2459 1289 2526 concilio,
1315 2476 1435 2530 cap.
1463 2458 1550 2526 4⁵2,
1587 2460 1656 2514 de
1676 2476 1742 2514 eo
1755 2461 1852 2530 qui
1866 2475 2098 2515 uxorem

497 2547 710 2601 habens
738 2548 940 2619 saepius
979 2548 1309 2614 mmchatur,
1331 2549 1601 2620 scriptum
1621 2554 1707 2602 est
1731 2567 1740 2600 :
1779 2549 1838 2602 Si
1879 2548 2003 2619 quis
2030 2549 2098 2600 ﬁ-

498 2636 638 2690 delis
668 2636 882 2690 habens
912 2653 1165 2703 uxorem,
1197 2655 1309 2692 non
1345 2639 1539 2704 semel,
1585 2638 1684 2693 sed
1736 2655 1883 2708 saepe
1931 2637 2100 2691 fuerit

502 2725 833 2792 mmchatus,
865 2725 923 2779 in
946 2727 1058 2780 ﬁne
1099 2726 1298 2780 mortis
1332 2732 1419 2780 est
1455 2727 1887 2781 conveniendus.
1940 2725 2100 2790 Quod

502 2814 550 2868 si
579 2813 901 2884 promiserit
927 2832 986 2868 se
1006 2821 1376 2883 cessaturum,
1409 2816 1576 2870 detur
1601 2815 1651 2869 ei
1681 2814 2022 2869 communio.
2042 2813 2102 2868 Si

502 2903 866 2958 resuscitatus
888 2919 1085 2958 rursus
1103 2903 1273 2958 fuerit
1291 2905 1618 2970 moechatus,
1643 2904 1854 2976 placuit
1865 2903 2102 2958 ulterius

504 3007 617 3045 non
645 2993 839 3046 ludere
869 3009 998 3046 eum
1029 2993 1098 3047 de
1127 2994 1520 3048 communione
1547 2995 1720 3066 pacis.

2179 1873 2402 1945 sponsio
2432 1889 2626 1928 earum
2652 1889 2686 1926 a
2709 1872 2946 1927 Domino
2973 1869 3290 1925 tenebatur.
3339 1869 3398 1924 Si
3441 1869 3599 1922 enim
3637 1868 3776 1920 inter

2179 1962 2435 2016 homines
2463 1963 2606 2016 solet
2632 1960 2790 2016 bona:
2819 1961 2950 2015 ﬁdei
3001 1965 3321 2014 contractus
3362 1957 3522 2012 nulla
3565 1957 3777 2010 ratione

2179 2051 2422 2116 dissolvi,
2459 2055 2668 2122 quanto
2697 2049 2879 2120 magis
2907 2049 3017 2103 ista
3062 2047 3411 2120 pollicitatio,
3443 2062 3616 2117 quam
3657 2061 3776 2098 cum

2181 2141 2297 2194 Deo
2324 2139 2556 2210 pepigit,
2589 2138 2866 2210 quomodo
2896 2137 3032 2192 solvi
3079 2137 3200 2190 sine
3240 2135 3488 2190 vindicta
3533 2133 3778 2204 poterit?

2180 2229 2325 2284 Nam
2354 2229 2403 2282 si
2431 2229 2717 2300 apostolus
2745 2228 2972 2293 Paulus,
3003 2227 3130 2280 illas
3154 2243 3276 2296 quae
3305 2242 3342 2279 a
3368 2224 3664 2296 proposito
3702 2223 3778 2276 ἠ-

2181 2318 2413 2372 duitatis
2443 2318 2840 2382 discesserunt,
2864 2316 3083 2371 dixerat
3097 2315 3302 2370 habere
3332 2313 3776 2376 damnationem,

2181 2407 2315 2479 quia
2343 2407 2585 2479 primam
2639 2407 2810 2461 ﬁdem
2857 2405 3076 2460 irritam
3124 2404 3379 2460 fecerunt
3425 2405 3478 2470 (Ι
3516 2404 3662 2456 Tim.
3706 2401 3777 2469 v),

2179 2501 2391 2568 quanto
2418 2496 2606 2567 potius
2632 2495 2894 2565 virgines,
2922 2511 3047 2565 qua:
3067 2492 3268 2565 prioris
3293 2489 3688 2564 promissionis
3718 2490 3779 2542 ﬁ-

2180 2585 2310 2638 dem
2339 2585 2600 2654 frangere
2620 2589 2754 2638 sunt
2780 2587 2993 2638 conata:
3017 2583 3028 2636 ι

2184 2710 2314 2764 CAP.
2347 2709 2441 2764 VI.
2480 2739 2530 2748 --
2561 2710 2634 2762 De
2658 2709 2744 2761 his
2770 2711 2873 2776 qui
2896 2708 3369 2760 irrationabiliter
3396 2707 3780 2773 fornicamur.

2255 2817 2320 2872 In
2347 2815 2580 2871 concilio
2608 2816 2924 2886 Ancyrano,
2956 2830 3078 2885 cap.
3117 2811 3200 2880 l5,
3235 2812 3303 2866 de
3343 2811 3430 2865 his
3471 2811 3570 2882 qui
3611 2809 3785 2863 fomi-

2183 2909 2384 2960 cantur
2411 2903 2894 2971 irrationabiliter,
2924 2903 2984 2956 id
3008 2907 3111 2970 est,
3137 2903 3233 2973 qui
3251 2902 3565 2955 miscentur
3583 2898 3788 2972 pecori-

2184 2991 2307 3058 bus,
2349 2999 2447 3047 aut
2459 3009 2587 3046 cum
2607 2991 2873 3046 masculis
2902 2991 3250 3063 polluuntur,
3269 2989 3543 3061 scriptum
3565 2994 3678 3042 est:
3712 2987 3788 3041 De

573 3081 716 3134 Item
744 3080 805 3134 in
831 3081 1028 3134 eodem
1056 3082 1307 3148 concilio,
1323 3081 1547 3152 cap.l3,
1571 3082 1640 3136 de
1666 3081 1972 3152 virginibus
1985 3081 2100 3135 Deo
2116 3093 2162 3155 α
2183 3081 2293 3136 illis
2321 3081 2418 3153 qui
2431 3081 2895 3135 irrationabiliter
2921 3081 3126 3134 versati
3148 3083 3296 3144 sunt,
3321 3079 3438 3132 sive
3469 3085 3782 3138 versantur,

505 3169 744 3223 sacratis
768 3169 816 3222 si
836 3169 1310 3225 adulteraverint:
1355 3171 1614 3241 Virgines
1645 3187 1767 3242 quae
1799 3187 1859 3224 se
1889 3171 2005 3224 Deo
2021 3168 2102 3225 di-

505 3263 790 3324 caverunt,
821 3259 867 3312 si
899 3264 1124 3330 pactum
1153 3258 1502 3330 perdiderint
1529 3259 1887 3329 virginitatis,
1933 3263 2102 3329 atque

507 3346 689 3400 eidem
719 3346 933 3402 libidini
955 3347 1266 3413 servierint,
1291 3364 1405 3402 non
1431 3348 1812 3420 intelligentes
1843 3347 1978 3419 quid
2009 3347 2102 3401 ad-

504 3435 780 3503 miserint,
803 3437 1012 3508 placuit
1034 3453 1136 3492 nec
1166 3437 1223 3490 in
1254 3439 1423 3491 ﬁnem
1454 3437 1535 3491 eis
1563 3438 1805 3492 dandam
1826 3453 1946 3491 esse
1957 3453 2104 3491 com-

506 3525 853 3580 munionem.
883 3526 1042 3590 Quod
1073 3527 1120 3580 si
1147 3527 1319 3580 semel
1347 3543 1619 3598 persuasu
1649 3543 1750 3580 suo
1789 3525 1859 3579 ab
1893 3523 2103 3578 inﬁrmi

505 3615 752 3686 corporis
781 3616 940 3686 lapsu
957 3621 1084 3686 post
1102 3616 1399 3670 commissa
1425 3617 1560 3670 vitia
1573 3622 1826 3687 tempore
1840 3614 1964 3668 vitae
1989 3630 2103 3666 suae

506 3705 829 3775 hujusmodi
857 3705 1080 3760 feminae
1121 3707 1341 3777 egerint
1365 3705 1774 3778 pcenitentiam,
1825 3710 1889 3758 ut
1929 3701 2103 3756 absti-

507 3801 680 3850 neant
707 3813 766 3850 se
796 3812 831 3848 a
849 3797 1018 3862 coitu,
1037 3797 1249 3868 placuit
1269 3813 1364 3851 eas
1377 3796 1437 3850 in
1465 3797 1636 3850 ﬁnem
1653 3795 2105 3850 communionem

507 3886 757 3957 accipere
789 3884 1012 3939 debere.

579 3975 722 4030 Item
752 3975 811 4028 in
837 3975 1034 4029 eodem
1054 3973 1308 4037 concilio,
1330 3989 1452 4044 cap.
1481 3973 1566 4040 li,
1593 3973 1663 4027 de
1691 3971 2108 4043 virginibussae—

509 4059 810 4124 cularibus,
826 4059 872 4112 si
886 4059 1176 4112 moechatae
1189 4058 1417 4124 fuerint,
1433 4059 1704 4130 scriptum
1717 4065 1804 4112 est
1817 4079 1828 4112 :
1846 4057 2108 4128 Virgines

511 4164 633 4219 quae
662 4147 1043 4218 virginitatem
1067 4164 1227 4201 suam
1257 4163 1368 4202 non
1398 4147 1786 4210 custodierint,
1811 4146 1858 4200 si
1885 4163 1980 4200 eos
2009 4146 2106 4217 qui

509 4237 737 4290 easdem
769 4236 1096 4291 violaverint
1121 4236 1400 4303 duxerint,
1434 4243 1492 4291 et
1519 4237 1808 4290 tenuerint
1851 4235 2101 4301 maritos,

511 4342 576 4380 eo
606 4325 756 4396 quod
784 4326 932 4380 solas
952 4325 1179 4396 nuptias
1211 4325 1556 4387 violaverint,
1589 4331 1717 4396 post
1743 4326 1956 4378 annum
1987 4323 2106 4378 sine

2183 3177 2460 3242 quotquot
2489 3177 2620 3225 ante
2649 3171 2977 3224 vicesimum
3007 3185 3216 3224 annum
3245 3169 3360 3222 tale
3388 3167 3607 3221 crimen
3635 3183 3784 3220 com-

2183 3260 2460 3326 miserint,
2518 3259 2839 3330 quindecim
2879 3259 3040 3313 annis
3081 3257 3288 3312 exactis
3323 3258 3384 3311 in
3427 3256 3777 3328 poenitentia,

2183 3349 2640 3404 communionem
2673 3353 3001 3402 mereantur
3029 3346 3599 3402 orationum.Deinde
3628 3345 3780 3416 quin-

2187 3439 2429 3510 quennio
2457 3438 2516 3492 in
2545 3439 2649 3492 hac
2677 3437 3068 3492 communione
3097 3437 3383 3500 durantcs,
3408 3435 3778 3489 tuncdemum

2185 3529 2480 3584 oblationis
2497 3533 2849 3582 sacramenta
2863 3525 3209 3596 contingant.
3227 3524 3580 3579 Discutiatur
3595 3531 3774 3578 autem

2187 3625 2244 3673 et
2270 3619 2385 3672 vita
2407 3634 2620 3682 eorum,
2655 3617 2846 3687 quales
2875 3621 3128 3686 tempore
3159 3615 3527 3685 paenitudinis
3557 3614 3776 3668 exstite-

2185 3707 2328 3762 rint:
2364 3712 2420 3761 et
2448 3707 2529 3762 ita
2551 3705 2992 3760 misericordiam
3040 3711 3481 3774 consequantur.
3529 3704 3690 3767 Quod
3733 3704 3776 3756 si

2187 3793 2599 3866 inexplebiliter
2627 3793 2714 3848 his
2743 3795 2953 3848 haesere
2993 3791 3338 3857 criminibus,
3386 3792 3458 3845 ad
3507 3792 3776 3862 agendam

2188 3883 2578 3956 paenitentiam
2600 3883 2868 3954 prolixius
2885 3888 3110 3954 tempus
3149 3883 3456 3936 insumunt.
3499 3883 3777 3952 Quotquot

2190 3978 2380 4026 autem
2402 3977 2628 4042 peracta
2647 3971 2843 4042 viginti
2865 3987 3143 4024 annorum
3164 3975 3346 4035 aetate,
3381 3975 3438 4023 et
3465 3985 3667 4022 uxores
3689 3969 3776 4022 ha-

2189 4059 2385 4114 bentes
2401 4061 2505 4114 hoc
2524 4064 2750 4131 peccato
2767 4059 3012 4130 prolapsi
3031 4065 3180 4124 sunt,
3202 4058 3398 4127 viginti
3419 4059 3670 4128 quinque
3690 4074 3776 4111 an-

2187 4150 2276 4204 nis
2305 4147 2710 4220 paenitudinem
2731 4154 3012 4218 gerentes,
3045 4148 3102 4200 in
3134 4147 3586 4202 communionem
3616 4147 3778 4200 susci-

2188 4239 2416 4310 piantur
2431 4238 2768 4292 orationum.
2786 4239 2850 4291 In
2863 4254 2974 4308 qua
2994 4237 3378 4308 quinquennio
3393 4237 3774 4308 perdurantes,

2189 4332 2323 4379 tunc
2347 4324 2576 4378 demum
2594 4323 2894 4378 oblationis
2917 4322 3610 4394 sacramentapercipiant.
3627 4320 3778 4384 Quod

509 4414 841 4485 pmnitentia
864 4413 1211 4470 reconciliari
1227 4413 1529 4468 debebunt.
1563 4414 1663 4467 Vel
1676 4413 1723 4466 si
1753 4412 1892 4466 alios
1908 4413 2238 4512 eogno-Dsi
2270 4413 2365 4484 qui
2397 4418 2454 4466 et
2482 4430 2682 4468 uxores
2711 4413 2998 4477 habentes,
3033 4418 3090 4466 et
3123 4412 3587 4466 transcendentes
3629 4409 3780 4480 quin-

509 4502 694 4556 verint
719 4503 886 4569 viros,
919 4519 984 4557 co
1011 4503 1159 4574 quod
1202 4503 1492 4557 moecham:
1529 4509 1682 4568 sunt,
1727 4501 1936 4572 placuit
1984 4505 2111 4572 post

513 4591 882 4662 quinquennii
899 4597 1174 4664 tempora,
1209 4597 1334 4646 acta
1362 4592 1615 4662 legitima
1638 4591 1988 4664 poenitentia,
2016 4593 2110 4644 ad-

513 4680 662 4734 mitti
693 4697 790 4734 eas
821 4681 890 4734 ad
923 4681 1374 4736 communionem
1405 4687 1680 4754 oportere.

584 4772 727 4826 Item
755 4770 814 4824 in
844 4771 1138 4842 Ancyrano
1168 4771 1420 4839 concilio,
1449 4789 1570 4842 cap.
1594 4770 1766 4838 18,de
1795 4771 1883 4826 his
1896 4771 1992 4842 qui
2009 4770 2112 4824 vir-

511 4859 809 4931 ginitatem
837 4860 1070 4930 professi
1102 4867 1254 4927 sunt,
1286 4867 1344 4914 et
1375 4861 1444 4914 de
1487 4861 1573 4914 his
1617 4861 1714 4931 qui
1753 4859 1856 4914 sub
1904 4859 2112 4914 sororis

516 4949 712 5004 habitu
783 4965 911 5003 cum
988 4948 1269 5020 aliquibus
1341 4955 1784 5014 commorantur,
1837 4948 2108 5020 scriptum

515 5045 639 5093 est:
671 5039 960 5109 Quotquot
1001 5037 1383 5108 virginitatem
1433 5037 1844 5109 promittentes,
1890 5037 2110 5091 irritam

2192 4501 2582 4575 quagesimum
2611 4519 2823 4556 annum
2854 4502 3052 4568 aetatis,
3085 4501 3165 4554 ita
3193 4499 3550 4572 deliquerint,
3600 4499 3665 4553 ad
3695 4515 3780 4552 cx-

2190 4595 2334 4648 itum
2367 4593 2496 4646 vitae
2535 4591 2944 4646 communionis
2971 4591 3214 4662 gratiam
3243 4595 3672 4662 consequantur.

2263 4683 2404 4737 Item
2429 4681 2487 4736 in
2515 4682 2714 4735 eodem
2736 4681 2804 4736 de
2826 4681 2914 4734 his
2934 4680 3030 4752 qui
3049 4681 3107 4734 in
3131 4680 3370 4751 pecudes
3389 4680 3475 4733 vel
3497 4679 3554 4732 in
3577 4692 3781 4730 mascu.

2191 4772 2275 4825 los
2303 4777 2403 4826 aut
2424 4771 2555 4824 olim
2578 4770 2775 4841 polluti
2797 4775 2946 4834 sunt,
2973 4775 3073 4823 aut
3093 4770 3366 4824 hactenus
3405 4769 3512 4823 hoc
3549 4767 3675 4822 vitio
3701 4775 3778 4818 ts-

2194 4859 2445 4924 bescunt,
2462 4875 2584 4929 cap.
2633 4857 2714 4923 16,
2747 4858 3018 4929 scriptum
3046 4863 3167 4912 est:
3203 4859 3309 4912 Eos
3357 4857 3455 4928 qui
3499 4857 3777 4910 in‘ationa-

2191 4947 2380 5002 biliter
2405 4947 2606 5012 vixere,
2639 4952 2696 5000 et
2713 4946 2870 5017 lepra
2897 4945 3090 5016 injusti
3121 4945 3371 5000 criminis
3409 4945 3550 4999 alios
3581 4943 3772 5016 pollue—

2193 5044 2344 5103 runt,
2378 5036 2643 5110 praecepit
2671 5053 2865 5091 sancta
2893 5037 3141 5108 synodus
3178 5037 3326 5090 inter
3367 5053 3465 5090 eos
3495 5052 3650 5090 orare
3684 5031 3768 5103 qui

513 5129 727 5183 faciunt
763 5127 1140 5199 sponsionem,
1174 5128 1324 5182 inter
1350 5127 1604 5196 bigamos
1626 5128 2119 5182 renseantur.Vir-
2199 5127 2397 5200 spiritu
2431 5127 2816 5200 periclitantur
2837 5127 3146 5181 immundo.

513 5219 673 5289 gines
695 5225 884 5273 autem
903 5235 1026 5290 qua;
1044 5219 1384 5273 conveniunt
1402 5234 1530 5272 cum
1543 5217 1823 5289 aliquibus
1841 5223 2114 5288 tanquam

515 5325 734 5362 sorores
763 5307 1019 5362 habitare
1041 5308 1422 5379 prohibemus.

517 5431 646 5485 CAP.
676 5433 742 5487 V.
761 5461 828 5474 —
858 5434 929 5486 De
956 5434 1042 5488 his
1072 5436 1172 5502 qui
1198 5437 1371 5487 sacris
1383 5435 1698 5502 virginibus
1723 5451 1777 5488 se
1803 5437 2034 5500 sociant,
2067 5439 2116 5488 et

674 5503 738 5555 de
767 5507 1081 5570 virginibus
1118 5509 1310 5559 velatis
1338 5507 1389 5558 si
1415 5506 1686 5560 maechata'
1717 5507 1952 5573 fuerint.

591 5607 735 5662 Item
762 5608 821 5662 in
849 5608 1089 5662 decretis
1109 5609 1316 5664 Gelasii
1338 5627 1514 5682 papae,
1538 5627 1660 5681 cap.
1686 5609 1776 5677 20,
1807 5611 1878 5665 de
1905 5611 1992 5666 his
2021 5612 2116 5682 qui

2201 5255 2328 5308 CAP.
2361 5253 2484 5307 VII.
2509 5275 2568 5288 -
2587 5253 2655 5306 De
2681 5255 3010 5321 conjugatis,
3040 5255 3091 5306 si
3119 5254 3242 5319 quis
3265 5247 3766 5315 eommductusfuc-

2691 5327 2770 5378 rit
2793 5327 2855 5376 in
2883 5326 3279 5392 captivitatem.

2267 5433 2332 5486 In
2360 5432 2600 5487 decretis
2628 5448 2849 5504 quoque
2880 5429 3189 5486 Innocentii
3212 5447 3390 5500 papae,
3407 5445 3528 5499 cap.
3551 5427 3638 5493 37,
3661 5423 3767 5478 scii-

2198 5527 2357 5593 ptum
2385 5527 2496 5576 est:
2533 5521 2693 5586 Quod
2723 5522 2769 5575 si
2788 5523 2949 5592 cujus
2975 5536 3116 5576 uxor
3133 5519 3193 5574 in
3215 5519 3596 5589 captivitatem
3621 5513 3768 5568 fuerit

2199 5609 2458 5678 abducta,
2493 5616 2553 5665 et
2588 5610 2824 5665 alteram
2875 5611 3112 5664 maritus
3152 5608 3449 5679 acceperit,
3478 5609 3767 5660 revertenti:
