  <div class='ocr_page' id='page_1' title='image "/cluster/home/n/w/nwhite01/storage/ocr_20150623/112/hvd.32044054759774/710.png"; bbox 0 0 4018 6168; ppageno 0'>
   <div class='ocr_carea' id='block_1_1' title="bbox 278 307 412 364">
    <p class='ocr_par' dir='ltr' id='par_1_1' title="bbox 278 307 412 364">
     <span class='ocr_line' id='line_1_1' title="bbox 278 307 412 364; baseline 0 -1"><span class='ocrx_word' id='word_1_1' title='bbox 278 307 412 364; x_wconf 77' lang='grc'>1409</span> 
     </span>
    </p>
   </div>
   <div class='ocr_carea' id='block_1_2' title="bbox 1524 300 2320 356">
    <p class='ocr_par' dir='ltr' id='par_1_2' title="bbox 1524 300 2320 356">
     <span class='ocr_line' id='line_1_2' title="bbox 1524 300 2320 356; baseline -0.003 0"><span class='ocrx_word' id='word_1_2' title='bbox 1524 300 2050 356; x_wconf 69' lang='grc' dir='ltr'>ΡἝΝΙΤΕΝΤῘΠΜ</span> <span class='ocrx_word' id='word_1_3' title='bbox 2087 301 2320 356; x_wconf 85' lang='lat' dir='ltr'>LIBER.</span> 
     </span>
    </p>
   </div>
   <div class='ocr_carea' id='block_1_3' title="bbox 3417 305 3559 361">
    <p class='ocr_par' dir='ltr' id='par_1_3' title="bbox 3417 305 3559 361">
     <span class='ocr_line' id='line_1_3' title="bbox 3417 305 3559 361; baseline 0.007 -1"><span class='ocrx_word' id='word_1_4' title='bbox 3417 305 3559 361; x_wconf 74' lang='lat'>1410</span> 
     </span>
    </p>
   </div>
   <div class='ocr_carea' id='block_1_4' title="bbox 273 389 3559 503">
    <p class='ocr_par' dir='ltr' id='par_1_4' title="bbox 273 389 3559 503">
     <span class='ocr_line' id='line_1_4' title="bbox 273 389 3559 503; baseline -0 -17"><span class='ocrx_word' id='word_1_5' title='bbox 273 432 476 503; x_wconf 87' lang='lat' dir='ltr'>prima,</span> <span class='ocrx_word' id='word_1_6' title='bbox 509 429 752 484; x_wconf 88' lang='lat' dir='ltr'>secunda</span> <span class='ocrx_word' id='word_1_7' title='bbox 782 425 983 480; x_wconf 83' lang='lat' dir='ltr'>mulier</span> <span class='ocrx_word' id='word_1_8' title='bbox 1040 389 1207 479; x_wconf 76' lang='lat' dir='ltr'>debet</span> <span class='ocrx_word' id='word_1_9' title='bbox 1235 424 1470 479; x_wconf 84' lang='lat' dir='ltr'>excludi.</span> <span class='ocrx_word' id='word_1_10' title='bbox 1519 425 1935 486; x_wconf 83' lang='lat' dir='ltr'>InnocentiusA</span> <span class='ocrx_word' id='word_1_11' title='bbox 1958 425 2088 480; x_wconf 61' lang='lat' dir='ltr'>Car.</span> <span class='ocrx_word' id='word_1_12' title='bbox 2115 425 2204 479; x_wconf 84' lang='lat' dir='ltr'>lX.</span> <span class='ocrx_word' id='word_1_13' title='bbox 2235 457 2301 466; x_wconf 97' lang='lat'><strong>—</strong></span> <span class='ocrx_word' id='word_1_14' title='bbox 2357 427 2428 480; x_wconf 80' lang='lat' dir='ltr'>De</span> <span class='ocrx_word' id='word_1_15' title='bbox 2457 442 2516 479; x_wconf 87' lang='lat' dir='ltr'>eo</span> <span class='ocrx_word' id='word_1_16' title='bbox 2545 429 2646 503; x_wconf 90' lang='lat' dir='ltr'>qui</span> <span class='ocrx_word' id='word_1_17' title='bbox 2680 442 2906 503; x_wconf 65' lang='lat' dir='ltr'>uxorein</span> <span class='ocrx_word' id='word_1_18' title='bbox 2936 429 3085 495; x_wconf 74' lang='lat' dir='ltr'>capti</span> <span class='ocrx_word' id='word_1_19' title='bbox 3108 429 3337 483; x_wconf 69' lang='lat' dir='ltr'>sortitus</span> <span class='ocrx_word' id='word_1_20' title='bbox 3365 435 3440 484; x_wconf 75' lang='lat' dir='ltr'>est</span> <span class='ocrx_word' id='word_1_21' title='bbox 3495 434 3559 485; x_wconf 88' lang='lat' dir='ltr'>in</span> 
     </span>
    </p>
   </div>
   <div class='ocr_carea' id='block_1_5' title="bbox 275 513 1874 589">
    <p class='ocr_par' dir='ltr' id='par_1_5' title="bbox 275 513 1874 589">
     <span class='ocr_line' id='line_1_5' title="bbox 275 513 1874 589; baseline -0.004 -15"><span class='ocrx_word' id='word_1_22' title='bbox 275 519 456 574; x_wconf 87' lang='lat' dir='ltr'>Probo</span> <span class='ocrx_word' id='word_1_23' title='bbox 485 517 709 589; x_wconf 81' lang='lat' dir='ltr'>scripsit</span> <span class='ocrx_word' id='word_1_24' title='bbox 747 533 759 570; x_wconf 91' lang='lat'>:</span> <span class='ocrx_word' id='word_1_25' title='bbox 795 513 1161 569; x_wconf 89' lang='lat' dir='ltr'>Conturbatio</span> <span class='ocrx_word' id='word_1_26' title='bbox 1181 515 1435 585; x_wconf 68' lang='lat' dir='ltr'>procellae</span> <span class='ocrx_word' id='word_1_27' title='bbox 1461 513 1763 570; x_wconf 71' lang='lat' dir='ltr'>barbarica:</span> <span class='ocrx_word' id='word_1_28' title='bbox 1789 515 1874 569; x_wconf 88' lang='lat' dir='ltr'>fa-</span> 
     </span>
    </p>
   </div>
   <div class='ocr_carea' id='block_1_6' title="bbox 274 603 1874 678">
    <p class='ocr_par' dir='ltr' id='par_1_6' title="bbox 274 603 1874 678">
     <span class='ocr_line' id='line_1_6' title="bbox 274 603 1874 678; baseline -0.003 -15"><span class='ocrx_word' id='word_1_29' title='bbox 274 609 469 663; x_wconf 78' lang='lat' dir='ltr'>cultati</span> <span class='ocrx_word' id='word_1_30' title='bbox 499 609 685 678; x_wconf 90' lang='lat' dir='ltr'>legum</span> <span class='ocrx_word' id='word_1_31' title='bbox 716 605 906 659; x_wconf 88' lang='lat' dir='ltr'>intulit</span> <span class='ocrx_word' id='word_1_32' title='bbox 951 621 1160 658; x_wconf 88' lang='lat' dir='ltr'>casum.</span> <span class='ocrx_word' id='word_1_33' title='bbox 1204 603 1348 658; x_wconf 85' lang='lat' dir='ltr'>Nam</span> <span class='ocrx_word' id='word_1_34' title='bbox 1386 603 1527 658; x_wconf 86' lang='lat' dir='ltr'>bene</span> <span class='ocrx_word' id='word_1_35' title='bbox 1573 605 1874 659; x_wconf 91' lang='lat' dir='ltr'>constituto</span> 
     </span>
    </p>
   </div>
   <div class='ocr_carea' id='block_1_7' title="bbox 275 693 1876 765">
    <p class='ocr_par' dir='ltr' id='par_1_7' title="bbox 275 693 1876 765">
     <span class='ocr_line' id='line_1_7' title="bbox 275 693 1876 765; baseline -0.001 -15"><span class='ocrx_word' id='word_1_36' title='bbox 275 697 636 752; x_wconf 87' lang='lat' dir='ltr'>matrimonio</span> <span class='ocrx_word' id='word_1_37' title='bbox 656 695 804 748; x_wconf 86' lang='lat' dir='ltr'>inter</span> <span class='ocrx_word' id='word_1_38' title='bbox 833 694 1164 748; x_wconf 87' lang='lat' dir='ltr'>Fortunium</span> <span class='ocrx_word' id='word_1_39' title='bbox 1191 697 1247 746; x_wconf 84' lang='lat' dir='ltr'>et</span> <span class='ocrx_word' id='word_1_40' title='bbox 1293 693 1492 747; x_wconf 89' lang='lat' dir='ltr'>Ursam</span> <span class='ocrx_word' id='word_1_41' title='bbox 1537 693 1876 765; x_wconf 84' lang='lat' dir='ltr'>captivitatis</span> 
     </span>
    </p>
   </div>
   <div class='ocr_carea' id='block_1_8' title="bbox 273 782 1877 853">
    <p class='ocr_par' dir='ltr' id='par_1_8' title="bbox 273 782 1877 853">
     <span class='ocr_line' id='line_1_8' title="bbox 273 782 1877 853; baseline -0.003 -12"><span class='ocrx_word' id='word_1_42' title='bbox 273 787 532 841; x_wconf 89' lang='lat' dir='ltr'>incursus</span> <span class='ocrx_word' id='word_1_43' title='bbox 548 785 758 840; x_wconf 84' lang='lat' dir='ltr'>faceret</span> <span class='ocrx_word' id='word_1_44' title='bbox 786 799 1022 849; x_wconf 65' lang='lat' dir='ltr'>naevum,</span> <span class='ocrx_word' id='word_1_45' title='bbox 1042 783 1148 837; x_wconf 92' lang='lat' dir='ltr'>nisi</span> <span class='ocrx_word' id='word_1_46' title='bbox 1169 798 1341 836; x_wconf 75' lang='lat' dir='ltr'>sacrze</span> <span class='ocrx_word' id='word_1_47' title='bbox 1363 782 1648 853; x_wconf 82' lang='lat' dir='ltr'>religionis</span> <span class='ocrx_word' id='word_1_48' title='bbox 1663 788 1877 838; x_wconf 89' lang='lat' dir='ltr'>statuta</span> 
     </span>
    </p>
   </div>
   <div class='ocr_carea' id='block_1_9' title="bbox 272 871 1875 948">
    <p class='ocr_par' dir='ltr' id='par_1_9' title="bbox 272 871 1875 948">
     <span class='ocr_line' id='line_1_9' title="bbox 272 871 1875 948; baseline -0.002 -19"><span class='ocrx_word' id='word_1_49' title='bbox 272 876 648 948; x_wconf 77' lang='lat' dir='ltr'>providerent.</span> <span class='ocrx_word' id='word_1_50' title='bbox 682 874 824 928; x_wconf 90' lang='lat' dir='ltr'>Cum</span> <span class='ocrx_word' id='word_1_51' title='bbox 847 872 996 926; x_wconf 89' lang='lat' dir='ltr'>enim</span> <span class='ocrx_word' id='word_1_52' title='bbox 1027 871 1418 942; x_wconf 88' lang='lat' dir='ltr'>incaptivitate</span> <span class='ocrx_word' id='word_1_53' title='bbox 1441 872 1703 943; x_wconf 71' lang='lat' dir='ltr'>przedicta</span> <span class='ocrx_word' id='word_1_54' title='bbox 1730 873 1875 927; x_wconf 88' lang='lat' dir='ltr'>Ursa</span> 
     </span>
    </p>
   </div>
   <div class='ocr_carea' id='block_1_10' title="bbox 273 961 1875 1031">
    <p class='ocr_par' dir='ltr' id='par_1_10' title="bbox 273 961 1875 1031">
     <span class='ocr_line' id='line_1_10' title="bbox 273 961 1875 1031; baseline -0.002 -12"><span class='ocrx_word' id='word_1_55' title='bbox 273 965 478 1019; x_wconf 87' lang='lat' dir='ltr'>mulier</span> <span class='ocrx_word' id='word_1_56' title='bbox 490 968 796 1026; x_wconf 87' lang='lat' dir='ltr'>teneretur,</span> <span class='ocrx_word' id='word_1_57' title='bbox 805 961 957 1016; x_wconf 89' lang='lat' dir='ltr'>aliud</span> <span class='ocrx_word' id='word_1_58' title='bbox 970 962 1096 1031; x_wconf 88' lang='lat' dir='ltr'>conj</span> <span class='ocrx_word' id='word_1_59' title='bbox 1105 961 1296 1030; x_wconf 89' lang='lat' dir='ltr'>ugium</span> <span class='ocrx_word' id='word_1_60' title='bbox 1309 977 1437 1015; x_wconf 90' lang='lat' dir='ltr'>cum</span> <span class='ocrx_word' id='word_1_61' title='bbox 1451 962 1730 1016; x_wconf 87' lang='lat' dir='ltr'>Restituta</span> <span class='ocrx_word' id='word_1_62' title='bbox 1743 962 1875 1016; x_wconf 89' lang='lat' dir='ltr'>For-</span> 
     </span>
    </p>
   </div>
   <div class='ocr_carea' id='block_1_11' title="bbox 269 1049 1873 1120">
    <p class='ocr_par' dir='ltr' id='par_1_11' title="bbox 269 1049 1873 1120">
     <span class='ocr_line' id='line_1_11' title="bbox 269 1049 1873 1120; baseline -0.003 -11"><span class='ocrx_word' id='word_1_63' title='bbox 269 1053 464 1108; x_wconf 90' lang='lat' dir='ltr'>tunius</span> <span class='ocrx_word' id='word_1_64' title='bbox 501 1058 848 1107; x_wconf 83' lang='lat' dir='ltr'>memoratus</span> <span class='ocrx_word' id='word_1_65' title='bbox 889 1050 1082 1104; x_wconf 86' lang='lat' dir='ltr'>iniisse</span> <span class='ocrx_word' id='word_1_66' title='bbox 1117 1049 1508 1120; x_wconf 90' lang='lat' dir='ltr'>cognoscitur:</span> <span class='ocrx_word' id='word_1_67' title='bbox 1533 1050 1630 1104; x_wconf 90' lang='lat' dir='ltr'>sed</span> <span class='ocrx_word' id='word_1_68' title='bbox 1686 1051 1873 1105; x_wconf 82' lang='lat' dir='ltr'>favore</span> 
     </span>
    </p>
   </div>
   <div class='ocr_carea' id='block_1_12' title="bbox 269 1139 1867 1205">
    <p class='ocr_par' dir='ltr' id='par_1_12' title="bbox 269 1139 1867 1205">
     <span class='ocr_line' id='line_1_12' title="bbox 269 1139 1867 1205; baseline -0.002 -8"><span class='ocrx_word' id='word_1_69' title='bbox 269 1142 494 1198; x_wconf 91' lang='lat' dir='ltr'>Domini</span> <span class='ocrx_word' id='word_1_70' title='bbox 522 1141 902 1196; x_wconf 82' lang='lat' dir='ltr'>reversaUrsa</span> <span class='ocrx_word' id='word_1_71' title='bbox 929 1156 1030 1194; x_wconf 93' lang='lat' dir='ltr'>nos</span> <span class='ocrx_word' id='word_1_72' title='bbox 1061 1139 1218 1201; x_wconf 86' lang='lat' dir='ltr'>adiit,</span> <span class='ocrx_word' id='word_1_73' title='bbox 1248 1145 1305 1193; x_wconf 91' lang='lat' dir='ltr'>et</span> <span class='ocrx_word' id='word_1_74' title='bbox 1351 1139 1506 1194; x_wconf 91' lang='lat' dir='ltr'>nullo</span> <span class='ocrx_word' id='word_1_75' title='bbox 1559 1139 1867 1205; x_wconf 81' lang='lat' dir='ltr'>difﬁdente,</span> 
     </span>
    </p>
   </div>
   <div class='ocr_carea' id='block_1_13' title="bbox 269 1227 1870 1298">
    <p class='ocr_par' dir='ltr' id='par_1_13' title="bbox 269 1227 1870 1298">
     <span class='ocr_line' id='line_1_13' title="bbox 269 1227 1870 1298; baseline -0.002 -12"><span class='ocrx_word' id='word_1_76' title='bbox 269 1248 501 1286; x_wconf 82' lang='lat' dir='ltr'>uxorem</span> <span class='ocrx_word' id='word_1_77' title='bbox 529 1247 590 1286; x_wconf 90' lang='lat' dir='ltr'>se</span> <span class='ocrx_word' id='word_1_78' title='bbox 620 1228 917 1284; x_wconf 85' lang='lat' dir='ltr'>memorati</span> <span class='ocrx_word' id='word_1_79' title='bbox 945 1244 1068 1283; x_wconf 90' lang='lat' dir='ltr'>esse</span> <span class='ocrx_word' id='word_1_80' title='bbox 1096 1227 1404 1298; x_wconf 88' lang='lat' dir='ltr'>perdocuit.</span> <span class='ocrx_word' id='word_1_81' title='bbox 1423 1229 1625 1294; x_wconf 85' lang='lat' dir='ltr'>Quare,</span> <span class='ocrx_word' id='word_1_82' title='bbox 1645 1229 1870 1283; x_wconf 88' lang='lat' dir='ltr'>domine</span> 
     </span>
    </p>
   </div>
   <div class='ocr_carea' id='block_1_14' title="bbox 269 1317 1869 1384">
    <p class='ocr_par' dir='ltr' id='par_1_14' title="bbox 269 1317 1869 1384">
     <span class='ocr_line' id='line_1_14' title="bbox 269 1317 1869 1384; baseline -0.001 -10"><span class='ocrx_word' id='word_1_83' title='bbox 269 1320 350 1374; x_wconf 86' lang='lat' dir='ltr'>ﬁli</span> <span class='ocrx_word' id='word_1_84' title='bbox 373 1320 574 1375; x_wconf 89' lang='lat' dir='ltr'>merito</span> <span class='ocrx_word' id='word_1_85' title='bbox 595 1319 852 1384; x_wconf 89' lang='lat' dir='ltr'>illustris,</span> <span class='ocrx_word' id='word_1_86' title='bbox 874 1317 1193 1382; x_wconf 76' lang='lat' dir='ltr'>statuimus,</span> <span class='ocrx_word' id='word_1_87' title='bbox 1228 1318 1338 1372; x_wconf 86' lang='lat' dir='ltr'>ﬁde</span> <span class='ocrx_word' id='word_1_88' title='bbox 1365 1317 1640 1372; x_wconf 89' lang='lat' dir='ltr'>catholica</span> <span class='ocrx_word' id='word_1_89' title='bbox 1667 1319 1869 1372; x_wconf 75' lang='lat' dir='ltr'>suifra-</span> 
     </span>
    </p>
   </div>
   <div class='ocr_carea' id='block_1_15' title="bbox 265 1406 1872 1480">
    <p class='ocr_par' dir='ltr' id='par_1_15' title="bbox 265 1406 1872 1480">
     <span class='ocr_line' id='line_1_15' title="bbox 265 1406 1872 1480; baseline -0.002 -17"><span class='ocrx_word' id='word_1_90' title='bbox 265 1414 456 1480; x_wconf 80' lang='lat' dir='ltr'>gante,</span> <span class='ocrx_word' id='word_1_91' title='bbox 485 1409 623 1463; x_wconf 90' lang='lat' dir='ltr'>illud</span> <span class='ocrx_word' id='word_1_92' title='bbox 645 1425 766 1462; x_wconf 90' lang='lat' dir='ltr'>esse</span> <span class='ocrx_word' id='word_1_93' title='bbox 795 1407 1119 1478; x_wconf 89' lang='lat' dir='ltr'>conjugium</span> <span class='ocrx_word' id='word_1_94' title='bbox 1152 1407 1300 1478; x_wconf 89' lang='lat' dir='ltr'>quod</span> <span class='ocrx_word' id='word_1_95' title='bbox 1330 1413 1454 1461; x_wconf 87' lang='lat' dir='ltr'>erat</span> <span class='ocrx_word' id='word_1_96' title='bbox 1487 1407 1750 1478; x_wconf 73' lang='lat' dir='ltr'>primitus</span> <span class='ocrx_word' id='word_1_97' title='bbox 1790 1406 1872 1460; x_wconf 92' lang='lat' dir='ltr'>di-</span> 
     </span>
    </p>
   </div>
   <div class='ocr_carea' id='block_1_16' title="bbox 269 1496 1872 1568">
    <p class='ocr_par' dir='ltr' id='par_1_16' title="bbox 269 1496 1872 1568">
     <span class='ocr_line' id='line_1_16' title="bbox 269 1496 1872 1568; baseline -0.001 -16"><span class='ocrx_word' id='word_1_98' title='bbox 269 1499 402 1553; x_wconf 88' lang='lat' dir='ltr'>vina</span> <span class='ocrx_word' id='word_1_99' title='bbox 461 1499 650 1568; x_wconf 83' lang='lat' dir='ltr'>gratia</span> <span class='ocrx_word' id='word_1_100' title='bbox 705 1497 1025 1552; x_wconf 89' lang='lat' dir='ltr'>fundatum.</span> <span class='ocrx_word' id='word_1_101' title='bbox 1109 1497 1568 1567; x_wconf 83' lang='lat' dir='ltr'>Conventumque</span> <span class='ocrx_word' id='word_1_102' title='bbox 1615 1496 1872 1550; x_wconf 66' lang='lat' dir='ltr'>secundae</span> 
     </span>
    </p>
   </div>
   <div class='ocr_carea' id='block_1_17' title="bbox 269 1585 1870 1659">
    <p class='ocr_par' dir='ltr' id='par_1_17' title="bbox 269 1585 1870 1659">
     <span class='ocr_line' id='line_1_17' title="bbox 269 1585 1870 1659; baseline -0.001 -17"><span class='ocrx_word' id='word_1_103' title='bbox 269 1589 526 1643; x_wconf 88' lang='lat' dir='ltr'>mulieris</span> <span class='ocrx_word' id='word_1_104' title='bbox 581 1587 767 1659; x_wconf 90' lang='lat' dir='ltr'>priore</span> <span class='ocrx_word' id='word_1_105' title='bbox 821 1585 1145 1657; x_wconf 86' lang='lat' dir='ltr'>superstite,</span> <span class='ocrx_word' id='word_1_106' title='bbox 1193 1602 1296 1640; x_wconf 88' lang='lat' dir='ltr'>nec</span> <span class='ocrx_word' id='word_1_107' title='bbox 1338 1585 1574 1640; x_wconf 87' lang='lat' dir='ltr'>divortio</span> <span class='ocrx_word' id='word_1_108' title='bbox 1629 1587 1870 1658; x_wconf 53' lang='lat' dir='ltr'>rejectis,</span> 
     </span>
    </p>
   </div>
   <div class='ocr_carea' id='block_1_18' title="bbox 269 1675 1306 1750">
    <p class='ocr_par' dir='ltr' id='par_1_18' title="bbox 269 1675 1306 1750">
     <span class='ocr_line' id='line_1_18' title="bbox 269 1675 1306 1750; baseline -0.005 -18"><span class='ocrx_word' id='word_1_109' title='bbox 269 1678 427 1733; x_wconf 90' lang='lat' dir='ltr'>nullo</span> <span class='ocrx_word' id='word_1_110' title='bbox 455 1683 616 1750; x_wconf 81' lang='lat' dir='ltr'>pacto</span> <span class='ocrx_word' id='word_1_111' title='bbox 631 1692 791 1748; x_wconf 84' lang='lat' dir='ltr'>posse</span> <span class='ocrx_word' id='word_1_112' title='bbox 819 1692 940 1730; x_wconf 91' lang='lat' dir='ltr'>esse</span> <span class='ocrx_word' id='word_1_113' title='bbox 971 1675 1306 1745; x_wconf 85' lang='lat' dir='ltr'>legitimum.</span> 
     </span>
    </p>
   </div>
   <div class='ocr_carea' id='block_1_19' title="bbox 271 1836 1872 1903">
    <p class='ocr_par' dir='ltr' id='par_1_19' title="bbox 271 1836 1872 1903">
     <span class='ocr_line' id='line_1_19' title="bbox 271 1836 1872 1903; baseline -0.001 -11"><span class='ocrx_word' id='word_1_114' title='bbox 271 1839 404 1892; x_wconf 69' lang='lat' dir='ltr'>Cm.</span> <span class='ocrx_word' id='word_1_115' title='bbox 436 1837 586 1891; x_wconf 84' lang='lat' dir='ltr'>VIII.</span> <span class='ocrx_word' id='word_1_116' title='bbox 621 1867 686 1877; x_wconf 93' lang='lat'><strong>—</strong></span> <span class='ocrx_word' id='word_1_117' title='bbox 719 1837 869 1903; x_wconf 79' lang='lat' dir='ltr'>Quod</span> <span class='ocrx_word' id='word_1_118' title='bbox 891 1836 1053 1889; x_wconf 82' lang='lat' dir='ltr'>aliud</span> <span class='ocrx_word' id='word_1_119' title='bbox 1075 1838 1148 1888; x_wconf 78' lang='lat' dir='ltr'>sit</span> <span class='ocrx_word' id='word_1_120' title='bbox 1176 1850 1337 1897; x_wconf 70' lang='lat' dir='ltr'>uxor,</span> <span class='ocrx_word' id='word_1_121' title='bbox 1370 1837 1872 1901; x_wconf 86' lang='lat' dir='ltr'>aliudconcubina,</span> 
     </span>
    </p>
   </div>
   <div class='ocr_carea' id='block_1_20' title="bbox 343 1908 1876 1976">
    <p class='ocr_par' dir='ltr' id='par_1_20' title="bbox 343 1908 1876 1976">
     <span class='ocr_line' id='line_1_20' title="bbox 343 1908 1876 1976; baseline -0.002 -14"><span class='ocrx_word' id='word_1_122' title='bbox 343 1910 562 1976; x_wconf 80' lang='lat' dir='ltr'>etquod</span> <span class='ocrx_word' id='word_1_123' title='bbox 586 1925 696 1962; x_wconf 84' lang='lat' dir='ltr'>non</span> <span class='ocrx_word' id='word_1_124' title='bbox 726 1911 797 1962; x_wconf 75' lang='lat' dir='ltr'>sit</span> <span class='ocrx_word' id='word_1_125' title='bbox 837 1909 1086 1975; x_wconf 54' lang='lat' dir='ltr'>coniugii</span> <span class='ocrx_word' id='word_1_126' title='bbox 1139 1908 1466 1974; x_wconf 76' lang='lat' dir='ltr'>duplicatio,</span> <span class='ocrx_word' id='word_1_127' title='bbox 1497 1909 1737 1976; x_wconf 83' lang='lat' dir='ltr'>quando,</span> <span class='ocrx_word' id='word_1_128' title='bbox 1769 1924 1876 1960; x_wconf 87' lang='lat' dir='ltr'>an-</span> 
     </span>
    </p>
   </div>
   <div class='ocr_carea' id='block_1_21' title="bbox 343 1980 1256 2048">
    <p class='ocr_par' dir='ltr' id='par_1_21' title="bbox 343 1980 1256 2048">
     <span class='ocr_line' id='line_1_21' title="bbox 343 1980 1256 2048; baseline -0.002 -16"><span class='ocrx_word' id='word_1_129' title='bbox 343 1982 478 2033; x_wconf 81' lang='lat' dir='ltr'>cilla</span> <span class='ocrx_word' id='word_1_130' title='bbox 507 1983 724 2048; x_wconf 77' lang='lat' dir='ltr'>rejecta,</span> <span class='ocrx_word' id='word_1_131' title='bbox 758 1995 902 2032; x_wconf 74' lang='lat' dir='ltr'>uxor</span> <span class='ocrx_word' id='word_1_132' title='bbox 925 1980 1256 2032; x_wconf 77' lang='lat' dir='ltr'>assumitur.</span> 
     </span>
    </p>
   </div>
   <div class='ocr_carea' id='block_1_22' title="bbox 344 2119 1877 2192">
    <p class='ocr_par' dir='ltr' id='par_1_22' title="bbox 344 2119 1877 2192">
     <span class='ocr_line' id='line_1_22' title="bbox 344 2119 1877 2192; baseline 0.001 -17"><span class='ocrx_word' id='word_1_133' title='bbox 344 2122 410 2176; x_wconf 88' lang='lat' dir='ltr'>In</span> <span class='ocrx_word' id='word_1_134' title='bbox 462 2121 700 2175; x_wconf 86' lang='lat' dir='ltr'>decretis</span> <span class='ocrx_word' id='word_1_135' title='bbox 755 2121 956 2174; x_wconf 89' lang='lat' dir='ltr'>Leonis</span> <span class='ocrx_word' id='word_1_136' title='bbox 990 2137 1166 2192; x_wconf 82' lang='lat' dir='ltr'>papae,</span> <span class='ocrx_word' id='word_1_137' title='bbox 1201 2137 1322 2192; x_wconf 85' lang='lat' dir='ltr'>cap.</span> <span class='ocrx_word' id='word_1_138' title='bbox 1359 2119 1444 2186; x_wconf 82' lang='grc'>19,</span> <span class='ocrx_word' id='word_1_139' title='bbox 1476 2120 1748 2192; x_wconf 89' lang='lat' dir='ltr'>scriptum</span> <span class='ocrx_word' id='word_1_140' title='bbox 1791 2127 1877 2176; x_wconf 91' lang='lat' dir='ltr'>est</span> 
     </span>
    </p>
   </div>
   <div class='ocr_carea' id='block_1_23' title="bbox 273 2209 1878 2281">
    <p class='ocr_par' dir='ltr' id='par_1_23' title="bbox 273 2209 1878 2281">
     <span class='ocr_line' id='line_1_23' title="bbox 273 2209 1878 2281; baseline 0.001 -17"><span class='ocrx_word' id='word_1_141' title='bbox 273 2211 424 2281; x_wconf 91' lang='lat' dir='ltr'>quod</span> <span class='ocrx_word' id='word_1_142' title='bbox 455 2210 607 2264; x_wconf 89' lang='lat' dir='ltr'>aliud</span> <span class='ocrx_word' id='word_1_143' title='bbox 629 2210 702 2264; x_wconf 90' lang='lat' dir='ltr'>sit</span> <span class='ocrx_word' id='word_1_144' title='bbox 728 2226 886 2272; x_wconf 87' lang='lat' dir='ltr'>uxor,</span> <span class='ocrx_word' id='word_1_145' title='bbox 913 2215 968 2264; x_wconf 92' lang='lat' dir='ltr'>et</span> <span class='ocrx_word' id='word_1_146' title='bbox 996 2210 1150 2264; x_wconf 86' lang='lat' dir='ltr'>aliud</span> <span class='ocrx_word' id='word_1_147' title='bbox 1191 2209 1518 2264; x_wconf 89' lang='lat' dir='ltr'>concubina.</span> <span class='ocrx_word' id='word_1_148' title='bbox 1570 2211 1685 2264; x_wconf 87' lang='lat' dir='ltr'>Nec</span> <span class='ocrx_word' id='word_1_149' title='bbox 1725 2216 1878 2265; x_wconf 87' lang='lat' dir='ltr'>erret</span> 
     </span>
    </p>
   </div>
   <div class='ocr_carea' id='block_1_24' title="bbox 275 2299 1877 2370">
    <p class='ocr_par' dir='ltr' id='par_1_24' title="bbox 275 2299 1877 2370">
     <span class='ocr_line' id='line_1_24' title="bbox 275 2299 1877 2370; baseline 0.001 -17"><span class='ocrx_word' id='word_1_150' title='bbox 275 2299 534 2370; x_wconf 86' lang='lat' dir='ltr'>quisquis</span> <span class='ocrx_word' id='word_1_151' title='bbox 553 2299 728 2353; x_wconf 89' lang='lat' dir='ltr'>ﬁliam</span> <span class='ocrx_word' id='word_1_152' title='bbox 755 2315 918 2354; x_wconf 89' lang='lat' dir='ltr'>suam</span> <span class='ocrx_word' id='word_1_153' title='bbox 938 2299 996 2352; x_wconf 92' lang='lat' dir='ltr'>in</span> <span class='ocrx_word' id='word_1_154' title='bbox 1023 2299 1446 2353; x_wconf 88' lang='lat' dir='ltr'>matrimonium</span> <span class='ocrx_word' id='word_1_155' title='bbox 1473 2299 1772 2354; x_wconf 85' lang='lat' dir='ltr'>tradiderit</span> <span class='ocrx_word' id='word_1_156' title='bbox 1824 2299 1877 2354; x_wconf 90' lang='lat' dir='ltr'>ei</span> 
     </span>
    </p>
   </div>
   <div class='ocr_carea' id='block_1_25' title="bbox 274 2387 1878 2460">
    <p class='ocr_par' dir='ltr' id='par_1_25' title="bbox 274 2387 1878 2460">
     <span class='ocr_line' id='line_1_25' title="bbox 274 2387 1878 2460; baseline -0.001 -16"><span class='ocrx_word' id='word_1_157' title='bbox 274 2388 377 2460; x_wconf 89' lang='lat' dir='ltr'>qui</span> <span class='ocrx_word' id='word_1_158' title='bbox 404 2388 604 2442; x_wconf 83' lang='lat' dir='ltr'>habuit</span> <span class='ocrx_word' id='word_1_159' title='bbox 629 2387 1014 2442; x_wconf 88' lang='lat' dir='ltr'>concubinam.</span> <span class='ocrx_word' id='word_1_160' title='bbox 1034 2389 1160 2442; x_wconf 90' lang='lat' dir='ltr'>Non</span> <span class='ocrx_word' id='word_1_161' title='bbox 1188 2388 1371 2442; x_wconf 90' lang='lat' dir='ltr'>omnis</span> <span class='ocrx_word' id='word_1_162' title='bbox 1390 2388 1595 2442; x_wconf 87' lang='lat' dir='ltr'>mulier</span> <span class='ocrx_word' id='word_1_163' title='bbox 1609 2388 1726 2442; x_wconf 88' lang='lat' dir='ltr'>viro</span> <span class='ocrx_word' id='word_1_164' title='bbox 1749 2389 1878 2459; x_wconf 89' lang='lat' dir='ltr'>jun-</span> 
     </span>
    </p>
   </div>
   <div class='ocr_carea' id='block_1_26' title="bbox 275 2477 1878 2548">
    <p class='ocr_par' dir='ltr' id='par_1_26' title="bbox 275 2477 1878 2548">
     <span class='ocr_line' id='line_1_26' title="bbox 275 2477 1878 2548; baseline -0.001 -16"><span class='ocrx_word' id='word_1_165' title='bbox 275 2485 390 2544; x_wconf 91' lang='lat' dir='ltr'>cta,</span> <span class='ocrx_word' id='word_1_166' title='bbox 424 2483 662 2532; x_wconf 90' lang='lat' dir='ltr'>uxorest</span> <span class='ocrx_word' id='word_1_167' title='bbox 689 2477 792 2530; x_wconf 86' lang='lat' dir='ltr'>viri</span> <span class='ocrx_word' id='word_1_168' title='bbox 826 2496 837 2530; x_wconf 90' lang='lat'>:</span> <span class='ocrx_word' id='word_1_169' title='bbox 873 2477 1007 2548; x_wconf 84' lang='lat' dir='ltr'>quia</span> <span class='ocrx_word' id='word_1_170' title='bbox 1031 2493 1134 2531; x_wconf 91' lang='lat' dir='ltr'>nec</span> <span class='ocrx_word' id='word_1_171' title='bbox 1161 2477 1345 2530; x_wconf 88' lang='lat' dir='ltr'>omnis</span> <span class='ocrx_word' id='word_1_172' title='bbox 1373 2477 1518 2531; x_wconf 87' lang='lat' dir='ltr'>ﬁlius</span> <span class='ocrx_word' id='word_1_173' title='bbox 1571 2477 1748 2532; x_wconf 66' lang='lat' dir='ltr'>haeres</span> <span class='ocrx_word' id='word_1_174' title='bbox 1793 2483 1878 2530; x_wconf 88' lang='lat' dir='ltr'>est</span> 
     </span>
    </p>
   </div>
   <div class='ocr_carea' id='block_1_27' title="bbox 275 2565 1882 2638">
    <p class='ocr_par' dir='ltr' id='par_1_27' title="bbox 275 2565 1882 2638">
     <span class='ocr_line' id='line_1_27' title="bbox 275 2565 1882 2638; baseline -0.001 -17"><span class='ocrx_word' id='word_1_175' title='bbox 275 2567 474 2638; x_wconf 84' lang='lat' dir='ltr'>patris.</span> <span class='ocrx_word' id='word_1_176' title='bbox 491 2566 828 2638; x_wconf 85' lang='lat' dir='ltr'>Nuptiarum</span> <span class='ocrx_word' id='word_1_177' title='bbox 849 2572 1038 2620; x_wconf 90' lang='lat' dir='ltr'>autem</span> <span class='ocrx_word' id='word_1_178' title='bbox 1057 2565 1269 2619; x_wconf 68' lang='lat' dir='ltr'>fmdera</span> <span class='ocrx_word' id='word_1_179' title='bbox 1288 2565 1436 2619; x_wconf 89' lang='lat' dir='ltr'>inter</span> <span class='ocrx_word' id='word_1_180' title='bbox 1454 2565 1728 2635; x_wconf 90' lang='lat' dir='ltr'>ingenuos</span> <span class='ocrx_word' id='word_1_181' title='bbox 1748 2571 1882 2620; x_wconf 89' lang='lat' dir='ltr'>sunt</span> 
     </span>
    </p>
   </div>
   <div class='ocr_carea' id='block_1_28' title="bbox 273 2655 1877 2726">
    <p class='ocr_par' dir='ltr' id='par_1_28' title="bbox 273 2655 1877 2726">
     <span class='ocr_line' id='line_1_28' title="bbox 273 2655 1877 2726; baseline -0.001 -16"><span class='ocrx_word' id='word_1_182' title='bbox 273 2655 785 2726; x_wconf 82' lang='lat' dir='ltr'>legitima,etinter</span> <span class='ocrx_word' id='word_1_183' title='bbox 797 2656 1057 2726; x_wconf 68' lang='lat' dir='ltr'>aequales.</span> <span class='ocrx_word' id='word_1_184' title='bbox 1083 2656 1151 2710; x_wconf 92' lang='lat' dir='ltr'>Et</span> <span class='ocrx_word' id='word_1_185' title='bbox 1180 2656 1356 2709; x_wconf 90' lang='lat' dir='ltr'>multo</span> <span class='ocrx_word' id='word_1_186' title='bbox 1368 2655 1523 2726; x_wconf 89' lang='lat' dir='ltr'>prius</span> <span class='ocrx_word' id='word_1_187' title='bbox 1554 2656 1658 2709; x_wconf 89' lang='lat' dir='ltr'>hoc</span> <span class='ocrx_word' id='word_1_188' title='bbox 1693 2655 1877 2726; x_wconf 90' lang='lat' dir='ltr'>ipsum</span> 
     </span>
    </p>
   </div>
   <div class='ocr_carea' id='block_1_29' title="bbox 274 2743 1876 2816">
    <p class='ocr_par' dir='ltr' id='par_1_29' title="bbox 274 2743 1876 2816">
     <span class='ocr_line' id='line_1_29' title="bbox 274 2743 1876 2816; baseline -0.001 -16"><span class='ocrx_word' id='word_1_189' title='bbox 274 2745 516 2800; x_wconf 90' lang='lat' dir='ltr'>Domino</span> <span class='ocrx_word' id='word_1_190' title='bbox 545 2745 939 2807; x_wconf 88' lang='lat' dir='ltr'>constituentc,</span> <span class='ocrx_word' id='word_1_191' title='bbox 982 2762 1154 2816; x_wconf 88' lang='lat' dir='ltr'>quam</span> <span class='ocrx_word' id='word_1_192' title='bbox 1181 2745 1404 2799; x_wconf 89' lang='lat' dir='ltr'>initium</span> <span class='ocrx_word' id='word_1_193' title='bbox 1455 2743 1692 2799; x_wconf 89' lang='lat' dir='ltr'>Romani</span> <span class='ocrx_word' id='word_1_194' title='bbox 1729 2744 1876 2815; x_wconf 88' lang='lat' dir='ltr'>juris</span> 
     </span>
    </p>
   </div>
   <div class='ocr_carea' id='block_1_30' title="bbox 274 2833 1869 2906">
    <p class='ocr_par' dir='ltr' id='par_1_30' title="bbox 274 2833 1869 2906">
     <span class='ocr_line' id='line_1_30' title="bbox 274 2833 1869 2906; baseline -0.001 -17"><span class='ocrx_word' id='word_1_195' title='bbox 274 2835 558 2890; x_wconf 81' lang='lat' dir='ltr'>existeret.</span> <span class='ocrx_word' id='word_1_196' title='bbox 589 2836 787 2906; x_wconf 84' lang='lat' dir='ltr'>Itaque</span> <span class='ocrx_word' id='word_1_197' title='bbox 815 2835 968 2889; x_wconf 90' lang='lat' dir='ltr'>aliud</span> <span class='ocrx_word' id='word_1_198' title='bbox 995 2841 1082 2889; x_wconf 92' lang='lat' dir='ltr'>est</span> <span class='ocrx_word' id='word_1_199' title='bbox 1100 2851 1257 2900; x_wconf 89' lang='lat' dir='ltr'>uxor,</span> <span class='ocrx_word' id='word_1_200' title='bbox 1319 2834 1472 2888; x_wconf 87' lang='lat' dir='ltr'>aliud</span> <span class='ocrx_word' id='word_1_201' title='bbox 1531 2833 1869 2888; x_wconf 86' lang='lat' dir='ltr'>concubina:</span> 
     </span>
    </p>
   </div>
   <div class='ocr_carea' id='block_1_31' title="bbox 272 2923 1874 2994">
    <p class='ocr_par' dir='ltr' id='par_1_31' title="bbox 272 2923 1874 2994">
     <span class='ocr_line' id='line_1_31' title="bbox 272 2923 1874 2994; baseline 0 -16"><span class='ocrx_word' id='word_1_202' title='bbox 272 2925 418 2978; x_wconf 85' lang='lat' dir='ltr'>sicut</span> <span class='ocrx_word' id='word_1_203' title='bbox 449 2924 600 2978; x_wconf 82' lang='lat' dir='ltr'>aliud</span> <span class='ocrx_word' id='word_1_204' title='bbox 627 2924 846 2988; x_wconf 85' lang='lat' dir='ltr'>ancilla,</span> <span class='ocrx_word' id='word_1_205' title='bbox 881 2923 1034 2978; x_wconf 86' lang='lat' dir='ltr'>aliud</span> <span class='ocrx_word' id='word_1_206' title='bbox 1062 2923 1256 2978; x_wconf 91' lang='lat' dir='ltr'>libera.</span> <span class='ocrx_word' id='word_1_207' title='bbox 1281 2925 1518 2994; x_wconf 89' lang='lat' dir='ltr'>Propter</span> <span class='ocrx_word' id='word_1_208' title='bbox 1537 2923 1685 2994; x_wconf 90' lang='lat' dir='ltr'>quod</span> <span class='ocrx_word' id='word_1_209' title='bbox 1705 2923 1874 2978; x_wconf 89' lang='lat' dir='ltr'>etiam</span> 
     </span>
    </p>
   </div>
   <div class='ocr_carea' id='block_1_32' title="bbox 270 3012 1874 3086">
    <p class='ocr_par' dir='ltr' id='par_1_32' title="bbox 270 3012 1874 3086">
     <span class='ocr_line' id='line_1_32' title="bbox 270 3012 1874 3086; baseline 0 -18"><span class='ocrx_word' id='word_1_210' title='bbox 270 3014 574 3086; x_wconf 81' lang='lat' dir='ltr'>Apostolus</span> <span class='ocrx_word' id='word_1_211' title='bbox 616 3013 686 3067; x_wconf 89' lang='lat' dir='ltr'>ad</span> <span class='ocrx_word' id='word_1_212' title='bbox 737 3012 1207 3067; x_wconf 87' lang='lat' dir='ltr'>manifestandam</span> <span class='ocrx_word' id='word_1_213' title='bbox 1256 3013 1460 3066; x_wconf 89' lang='lat' dir='ltr'>harum</span> <span class='ocrx_word' id='word_1_214' title='bbox 1505 3028 1874 3083; x_wconf 89' lang='lat' dir='ltr'>personarum</span> 
     </span>
    </p>
   </div>
   <div class='ocr_carea' id='block_1_33' title="bbox 1897 1744 1944 1804">
    <p class='ocr_par' dir='ltr' id='par_1_33' title="bbox 1897 1744 1944 1804">
     <span class='ocr_line' id='line_1_33' title="bbox 1897 1744 1944 1804; baseline 0 0"><span class='ocrx_word' id='word_1_215' title='bbox 1897 1744 1944 1804; x_wconf 90' lang='lat' dir='ltr'>B</span> 
     </span>
    </p>
   </div>
   <div class='ocr_carea' id='block_1_34' title="bbox 2532 500 2987 551">
    <p class='ocr_par' dir='ltr' id='par_1_34' title="bbox 2532 500 2987 551">
     <span class='ocr_line' id='line_1_34' title="bbox 2532 500 2987 551; baseline 0.004 -2"><span class='ocrx_word' id='word_1_216' title='bbox 2532 500 2987 551; x_wconf 78' lang='lat' dir='ltr'>matrimonium.</span> 
     </span>
    </p>
   </div>
   <div class='ocr_carea' id='block_1_35' title="bbox 2028 611 3558 688">
    <p class='ocr_par' dir='ltr' id='par_1_35' title="bbox 2028 611 3558 688">
     <span class='ocr_line' id='line_1_35' title="bbox 2028 611 3558 688; baseline 0.005 -24"><span class='ocrx_word' id='word_1_217' title='bbox 2028 611 2168 665; x_wconf 90' lang='lat' dir='ltr'>Item</span> <span class='ocrx_word' id='word_1_218' title='bbox 2187 611 2243 665; x_wconf 92' lang='lat' dir='ltr'>in</span> <span class='ocrx_word' id='word_1_219' title='bbox 2283 611 2523 666; x_wconf 88' lang='lat' dir='ltr'>decretis</span> <span class='ocrx_word' id='word_1_220' title='bbox 2552 612 2752 666; x_wconf 90' lang='lat' dir='ltr'>Leonis</span> <span class='ocrx_word' id='word_1_221' title='bbox 2788 629 2966 684; x_wconf 66' lang='lat' dir='ltr'>papae,</span> <span class='ocrx_word' id='word_1_222' title='bbox 3007 630 3129 686; x_wconf 87' lang='lat' dir='ltr'>cap.</span> <span class='ocrx_word' id='word_1_223' title='bbox 3165 612 3252 681; x_wconf 71' lang='lat'>’13,</span> <span class='ocrx_word' id='word_1_224' title='bbox 3286 615 3558 688; x_wconf 90' lang='lat' dir='ltr'>scriptum</span> 
     </span>
    </p>
   </div>
   <div class='ocr_carea' id='block_1_36' title="bbox 1958 700 3556 774">
    <p class='ocr_par' dir='ltr' id='par_1_36' title="bbox 1958 700 3556 774">
     <span class='ocr_line' id='line_1_36' title="bbox 1958 700 3556 774; baseline 0.004 -21"><span class='ocrx_word' id='word_1_225' title='bbox 1958 703 2062 765; x_wconf 90' lang='lat' dir='ltr'>est,</span> <span class='ocrx_word' id='word_1_226' title='bbox 2095 700 2242 770; x_wconf 91' lang='lat' dir='ltr'>quod</span> <span class='ocrx_word' id='word_1_227' title='bbox 2265 715 2378 755; x_wconf 92' lang='lat' dir='ltr'>non</span> <span class='ocrx_word' id='word_1_228' title='bbox 2406 700 2662 755; x_wconf 90' lang='lat' dir='ltr'>videatur</span> <span class='ocrx_word' id='word_1_229' title='bbox 2689 718 2810 755; x_wconf 89' lang='lat' dir='ltr'>esse</span> <span class='ocrx_word' id='word_1_230' title='bbox 2860 701 3151 772; x_wconf 88' lang='lat' dir='ltr'>culpabilis</span> <span class='ocrx_word' id='word_1_231' title='bbox 3181 704 3278 774; x_wconf 89' lang='lat' dir='ltr'>qui</span> <span class='ocrx_word' id='word_1_232' title='bbox 3325 721 3556 760; x_wconf 86' lang='lat' dir='ltr'>uxorem</span> 
     </span>
    </p>
   </div>
   <div class='ocr_carea' id='block_1_37' title="bbox 1957 787 3560 862">
    <p class='ocr_par' dir='ltr' id='par_1_37' title="bbox 1957 787 3560 862">
     <span class='ocr_line' id='line_1_37' title="bbox 1957 787 3560 862; baseline 0.004 -20"><span class='ocrx_word' id='word_1_233' title='bbox 1957 787 2104 860; x_wconf 89' lang='lat' dir='ltr'>capti</span> <span class='ocrx_word' id='word_1_234' title='bbox 2135 789 2369 844; x_wconf 88' lang='lat' dir='ltr'>sortitus</span> <span class='ocrx_word' id='word_1_235' title='bbox 2398 794 2502 856; x_wconf 90' lang='lat' dir='ltr'>est,</span> <span class='ocrx_word' id='word_1_236' title='bbox 2529 807 2632 845; x_wconf 92' lang='lat' dir='ltr'>nec</span> <span class='ocrx_word' id='word_1_237' title='bbox 2645 796 2836 844; x_wconf 88' lang='lat' dir='ltr'>tamen</span> <span class='ocrx_word' id='word_1_238' title='bbox 2851 790 3142 862; x_wconf 88' lang='lat' dir='ltr'>culpabilis</span> <span class='ocrx_word' id='word_1_239' title='bbox 3165 793 3472 861; x_wconf 89' lang='lat' dir='ltr'>judicetur,</span> <span class='ocrx_word' id='word_1_240' title='bbox 3502 800 3560 850; x_wconf 90' lang='lat' dir='ltr'>et</span> 
     </span>
    </p>
   </div>
   <div class='ocr_carea' id='block_1_38' title="bbox 1954 879 3560 954">
    <p class='ocr_par' dir='ltr' id='par_1_38' title="bbox 1954 879 3560 954">
     <span class='ocr_line' id='line_1_38' title="bbox 1954 879 3560 954; baseline 0.005 -24"><span class='ocrx_word' id='word_1_241' title='bbox 1954 881 2227 948; x_wconf 84' lang='lat' dir='ltr'>tanquam</span> <span class='ocrx_word' id='word_1_242' title='bbox 2255 879 2423 932; x_wconf 89' lang='lat' dir='ltr'>alieni</span> <span class='ocrx_word' id='word_1_243' title='bbox 2457 879 2603 948; x_wconf 89' lang='lat' dir='ltr'>juris</span> <span class='ocrx_word' id='word_1_244' title='bbox 2631 896 2895 951; x_wconf 87' lang='lat' dir='ltr'>pervasor</span> <span class='ocrx_word' id='word_1_245' title='bbox 2915 880 3206 945; x_wconf 87' lang='lat' dir='ltr'>habeatur,</span> <span class='ocrx_word' id='word_1_246' title='bbox 3232 881 3327 952; x_wconf 90' lang='lat' dir='ltr'>qui</span> <span class='ocrx_word' id='word_1_247' title='bbox 3367 900 3560 954; x_wconf 88' lang='lat' dir='ltr'>perso-</span> 
     </span>
    </p>
   </div>
   <div class='ocr_carea' id='block_1_39' title="bbox 1955 967 3553 1039">
    <p class='ocr_par' dir='ltr' id='par_1_39' title="bbox 1955 967 3553 1039">
     <span class='ocr_line' id='line_1_39' title="bbox 1955 967 3553 1039; baseline 0.004 -19"><span class='ocrx_word' id='word_1_248' title='bbox 1955 983 2084 1020; x_wconf 90' lang='lat' dir='ltr'>nam</span> <span class='ocrx_word' id='word_1_249' title='bbox 2121 967 2243 1036; x_wconf 87' lang='lat' dir='ltr'>ejus</span> <span class='ocrx_word' id='word_1_250' title='bbox 2274 967 2482 1032; x_wconf 87' lang='lat' dir='ltr'>mariti,</span> <span class='ocrx_word' id='word_1_251' title='bbox 2518 968 2612 1039; x_wconf 91' lang='lat' dir='ltr'>qui</span> <span class='ocrx_word' id='word_1_252' title='bbox 2638 970 2758 1039; x_wconf 90' lang='lat' dir='ltr'>jam</span> <span class='ocrx_word' id='word_1_253' title='bbox 2791 985 2904 1022; x_wconf 91' lang='lat' dir='ltr'>non</span> <span class='ocrx_word' id='word_1_254' title='bbox 2941 985 3061 1023; x_wconf 91' lang='lat' dir='ltr'>esse</span> <span class='ocrx_word' id='word_1_255' title='bbox 3108 970 3553 1038; x_wconf 87' lang='lat' dir='ltr'>existimabatur,</span> 
     </span>
    </p>
   </div>
   <div class='ocr_carea' id='block_1_40' title="bbox 1955 1055 3560 1132">
    <p class='ocr_par' dir='ltr' id='par_1_40' title="bbox 1955 1055 3560 1132">
     <span class='ocr_line' id='line_1_40' title="bbox 1955 1055 3560 1132; baseline 0.004 -23"><span class='ocrx_word' id='word_1_256' title='bbox 1955 1055 2278 1126; x_wconf 83' lang='lat' dir='ltr'>assumpsit.</span> <span class='ocrx_word' id='word_1_257' title='bbox 2311 1056 2402 1110; x_wconf 91' lang='lat' dir='ltr'>Sic</span> <span class='ocrx_word' id='word_1_258' title='bbox 2423 1056 2571 1111; x_wconf 91' lang='lat' dir='ltr'>enim</span> <span class='ocrx_word' id='word_1_259' title='bbox 2593 1058 2773 1112; x_wconf 88' lang='lat' dir='ltr'>multa</span> <span class='ocrx_word' id='word_1_260' title='bbox 2793 1074 2916 1128; x_wconf 69' lang='lat' dir='ltr'>quae</span> <span class='ocrx_word' id='word_1_261' title='bbox 2946 1059 3017 1114; x_wconf 84' lang='lat' dir='ltr'>ad</span> <span class='ocrx_word' id='word_1_262' title='bbox 3037 1075 3132 1113; x_wconf 90' lang='lat' dir='ltr'>eos</span> <span class='ocrx_word' id='word_1_263' title='bbox 3149 1059 3246 1130; x_wconf 91' lang='lat' dir='ltr'>qui</span> <span class='ocrx_word' id='word_1_264' title='bbox 3271 1059 3330 1114; x_wconf 90' lang='lat' dir='ltr'>in</span> <span class='ocrx_word' id='word_1_265' title='bbox 3379 1061 3560 1132; x_wconf 87' lang='lat' dir='ltr'>capti-</span> 
     </span>
    </p>
   </div>
   <div class='ocr_carea' id='block_1_41' title="bbox 1953 1143 3559 1217">
    <p class='ocr_par' dir='ltr' id='par_1_41' title="bbox 1953 1143 3559 1217">
     <span class='ocr_line' id='line_1_41' title="bbox 1953 1143 3559 1217; baseline 0.005 -20"><span class='ocrx_word' id='word_1_266' title='bbox 1953 1143 2184 1198; x_wconf 81' lang='lat' dir='ltr'>vitatem</span> <span class='ocrx_word' id='word_1_267' title='bbox 2201 1144 2353 1199; x_wconf 92' lang='lat' dir='ltr'>ducti</span> <span class='ocrx_word' id='word_1_268' title='bbox 2368 1150 2502 1199; x_wconf 89' lang='lat' dir='ltr'>sunt</span> <span class='ocrx_word' id='word_1_269' title='bbox 2531 1145 2906 1216; x_wconf 88' lang='lat' dir='ltr'>pertinebant,</span> <span class='ocrx_word' id='word_1_270' title='bbox 2926 1146 2985 1200; x_wconf 89' lang='lat' dir='ltr'>in</span> <span class='ocrx_word' id='word_1_271' title='bbox 3000 1147 3095 1217; x_wconf 91' lang='lat' dir='ltr'>jus</span> <span class='ocrx_word' id='word_1_272' title='bbox 3107 1148 3352 1203; x_wconf 91' lang='lat' dir='ltr'>alienum</span> <span class='ocrx_word' id='word_1_273' title='bbox 3373 1154 3559 1205; x_wconf 87' lang='lat' dir='ltr'>trans-</span> 
     </span>
    </p>
   </div>
   <div class='ocr_carea' id='block_1_42' title="bbox 1951 1230 3560 1306">
    <p class='ocr_par' dir='ltr' id='par_1_42' title="bbox 1951 1230 3560 1306">
     <span class='ocr_line' id='line_1_42' title="bbox 1951 1230 3560 1306; baseline 0.006 -21"><span class='ocrx_word' id='word_1_274' title='bbox 1951 1230 2035 1286; x_wconf 87' lang='lat' dir='ltr'>ire</span> <span class='ocrx_word' id='word_1_275' title='bbox 2063 1238 2370 1304; x_wconf 87' lang='lat' dir='ltr'>potuerunt</span> <span class='ocrx_word' id='word_1_276' title='bbox 2403 1253 2415 1288; x_wconf 93' lang='lat'><strong>:</strong></span> <span class='ocrx_word' id='word_1_277' title='bbox 2453 1240 2510 1288; x_wconf 90' lang='lat' dir='ltr'>et</span> <span class='ocrx_word' id='word_1_278' title='bbox 2557 1240 2750 1289; x_wconf 85' lang='lat' dir='ltr'>tamen</span> <span class='ocrx_word' id='word_1_279' title='bbox 2797 1235 3027 1305; x_wconf 88' lang='lat' dir='ltr'>plenum</span> <span class='ocrx_word' id='word_1_280' title='bbox 3085 1236 3322 1306; x_wconf 68' lang='lat' dir='ltr'>justitize</span> <span class='ocrx_word' id='word_1_281' title='bbox 3361 1245 3464 1301; x_wconf 89' lang='lat' dir='ltr'>est,</span> <span class='ocrx_word' id='word_1_282' title='bbox 3495 1246 3560 1295; x_wconf 90' lang='lat' dir='ltr'>ut</span> 
     </span>
    </p>
   </div>
   <div class='ocr_carea' id='block_1_43' title="bbox 1949 1320 3560 1394">
    <p class='ocr_par' dir='ltr' id='par_1_43' title="bbox 1949 1320 3560 1394">
     <span class='ocr_line' id='line_1_43' title="bbox 1949 1320 3560 1394; baseline 0.005 -20"><span class='ocrx_word' id='word_1_283' title='bbox 1949 1320 2152 1374; x_wconf 87' lang='lat' dir='ltr'>iisdem</span> <span class='ocrx_word' id='word_1_284' title='bbox 2193 1321 2432 1377; x_wconf 87' lang='lat' dir='ltr'>reversis</span> <span class='ocrx_word' id='word_1_285' title='bbox 2477 1322 2706 1394; x_wconf 89' lang='lat' dir='ltr'>propria</span> <span class='ocrx_word' id='word_1_286' title='bbox 2741 1323 3136 1378; x_wconf 88' lang='lat' dir='ltr'>reformentur.</span> <span class='ocrx_word' id='word_1_287' title='bbox 3204 1325 3364 1389; x_wconf 88' lang='lat' dir='ltr'>Quod</span> <span class='ocrx_word' id='word_1_288' title='bbox 3394 1327 3442 1380; x_wconf 92' lang='lat' dir='ltr'>si</span> <span class='ocrx_word' id='word_1_289' title='bbox 3499 1327 3560 1382; x_wconf 91' lang='lat' dir='ltr'>in</span> 
     </span>
    </p>
   </div>
   <div class='ocr_carea' id='block_1_44' title="bbox 1952 1409 3559 1487">
    <p class='ocr_par' dir='ltr' id='par_1_44' title="bbox 1952 1409 3559 1487">
     <span class='ocr_line' id='line_1_44' title="bbox 1952 1409 3559 1487; baseline 0.006 -25"><span class='ocrx_word' id='word_1_290' title='bbox 1952 1409 2247 1481; x_wconf 89' lang='lat' dir='ltr'>mancipiis</span> <span class='ocrx_word' id='word_1_291' title='bbox 2273 1412 2358 1464; x_wconf 89' lang='lat' dir='ltr'>vel</span> <span class='ocrx_word' id='word_1_292' title='bbox 2387 1410 2537 1481; x_wconf 80' lang='lat' dir='ltr'>agris</span> <span class='ocrx_word' id='word_1_293' title='bbox 2557 1417 2657 1465; x_wconf 84' lang='lat' dir='ltr'>aut</span> <span class='ocrx_word' id='word_1_294' title='bbox 2685 1411 2854 1466; x_wconf 90' lang='lat' dir='ltr'>etiam</span> <span class='ocrx_word' id='word_1_295' title='bbox 2891 1412 2946 1466; x_wconf 86' lang='lat' dir='ltr'>in</span> <span class='ocrx_word' id='word_1_296' title='bbox 2971 1413 3229 1468; x_wconf 90' lang='lat' dir='ltr'>domibus</span> <span class='ocrx_word' id='word_1_297' title='bbox 3248 1432 3312 1469; x_wconf 89' lang='lat' dir='ltr'>ac</span> <span class='ocrx_word' id='word_1_298' title='bbox 3337 1432 3559 1487; x_wconf 89' lang='lat' dir='ltr'>posses-</span> 
     </span>
    </p>
   </div>
   <div class='ocr_carea' id='block_1_45' title="bbox 1955 1497 3560 1575">
    <p class='ocr_par' dir='ltr' id='par_1_45' title="bbox 1955 1497 3560 1575">
     <span class='ocr_line' id='line_1_45' title="bbox 1955 1497 3560 1575; baseline 0.006 -24"><span class='ocrx_word' id='word_1_299' title='bbox 1955 1497 2206 1552; x_wconf 89' lang='lat' dir='ltr'>sionibus</span> <span class='ocrx_word' id='word_1_300' title='bbox 2230 1499 2335 1553; x_wconf 90' lang='lat' dir='ltr'>rite</span> <span class='ocrx_word' id='word_1_301' title='bbox 2350 1506 2622 1564; x_wconf 84' lang='lat' dir='ltr'>servatur,</span> <span class='ocrx_word' id='word_1_302' title='bbox 2657 1505 2868 1572; x_wconf 86' lang='lat' dir='ltr'>quanto</span> <span class='ocrx_word' id='word_1_303' title='bbox 2887 1501 3065 1571; x_wconf 89' lang='lat' dir='ltr'>magis</span> <span class='ocrx_word' id='word_1_304' title='bbox 3094 1501 3152 1556; x_wconf 90' lang='lat' dir='ltr'>in</span> <span class='ocrx_word' id='word_1_305' title='bbox 3171 1505 3560 1575; x_wconf 88' lang='lat' dir='ltr'>conjugiorum</span> 
     </span>
    </p>
   </div>
   <div class='ocr_carea' id='block_1_46' title="bbox 1960 1587 3560 1662">
    <p class='ocr_par' dir='ltr' id='par_1_46' title="bbox 1960 1587 3560 1662">
     <span class='ocr_line' id='line_1_46' title="bbox 1960 1587 3560 1662; baseline 0.005 -22"><span class='ocrx_word' id='word_1_306' title='bbox 1960 1587 2439 1658; x_wconf 88' lang='lat' dir='ltr'>redintegratione</span> <span class='ocrx_word' id='word_1_307' title='bbox 2466 1588 2780 1644; x_wconf 86' lang='lat' dir='ltr'>faciendum</span> <span class='ocrx_word' id='word_1_308' title='bbox 2811 1596 2916 1652; x_wconf 87' lang='lat' dir='ltr'>est,</span> <span class='ocrx_word' id='word_1_309' title='bbox 2950 1595 3015 1644; x_wconf 92' lang='lat' dir='ltr'>ut</span> <span class='ocrx_word' id='word_1_310' title='bbox 3035 1591 3185 1662; x_wconf 88' lang='lat' dir='ltr'>quod</span> <span class='ocrx_word' id='word_1_311' title='bbox 3214 1591 3410 1650; x_wconf 87' lang='lat' dir='ltr'>bellica</span> <span class='ocrx_word' id='word_1_312' title='bbox 3466 1610 3560 1648; x_wconf 75' lang='lat' dir='ltr'>ne—</span> 
     </span>
    </p>
   </div>
   <div class='ocr_carea' id='block_1_47' title="bbox 1959 1677 3556 1749">
    <p class='ocr_par' dir='ltr' id='par_1_47' title="bbox 1959 1677 3556 1749">
     <span class='ocr_line' id='line_1_47' title="bbox 1959 1677 3556 1749; baseline 0.004 -19"><span class='ocrx_word' id='word_1_313' title='bbox 1959 1677 2218 1731; x_wconf 86' lang='lat' dir='ltr'>cessitate</span> <span class='ocrx_word' id='word_1_314' title='bbox 2263 1677 2550 1732; x_wconf 89' lang='lat' dir='ltr'>turbatum</span> <span class='ocrx_word' id='word_1_315' title='bbox 2603 1683 2708 1746; x_wconf 88' lang='lat' dir='ltr'>est,</span> <span class='ocrx_word' id='word_1_316' title='bbox 2742 1678 2894 1749; x_wconf 87' lang='lat' dir='ltr'>pacis</span> <span class='ocrx_word' id='word_1_317' title='bbox 2920 1679 3167 1734; x_wconf 90' lang='lat' dir='ltr'>remedio</span> <span class='ocrx_word' id='word_1_318' title='bbox 3203 1680 3556 1736; x_wconf 76' lang='lat' dir='ltr'>reformatur.</span> 
     </span>
    </p>
   </div>
   <div class='ocr_carea' id='block_1_48' title="bbox 1961 1811 3561 1938">
    <p class='ocr_par' dir='ltr' id='par_1_48' title="bbox 1961 1811 3561 1938">
     <span class='ocr_line' id='line_1_48' title="bbox 1961 1811 3561 1938; baseline 0.004 -73"><span class='ocrx_word' id='word_1_319' title='bbox 1961 1811 2091 1865; x_wconf 77' lang='lat' dir='ltr'>CAP.</span> <span class='ocrx_word' id='word_1_320' title='bbox 2122 1812 2190 1866; x_wconf 88' lang='grc' dir='ltr'><strong>Χ.</strong></span> <span class='ocrx_word' id='word_1_321' title='bbox 2234 1841 2300 1852; x_wconf 90' lang='lat'>——</span> <span class='ocrx_word' id='word_1_322' title='bbox 2329 1813 2402 1866; x_wconf 79' lang='lat' dir='ltr'>De</span> <span class='ocrx_word' id='word_1_323' title='bbox 2439 1815 2536 1866; x_wconf 82' lang='lat' dir='ltr'>illo</span> <span class='ocrx_word' id='word_1_324' title='bbox 2581 1815 2708 1938; x_wconf 72' lang='lat' dir='ltr'>quih</span> <span class='ocrx_word' id='word_1_325' title='bbox 2729 1814 3097 1938; x_wconf 48' lang='lat' dir='ltr'>cgqcubinam</span> <span class='ocrx_word' id='word_1_326' title='bbox 3135 1831 3300 1885; x_wconf 78' lang='lat' dir='ltr'>super</span> <span class='ocrx_word' id='word_1_327' title='bbox 3332 1833 3561 1871; x_wconf 66' lang='lat' dir='ltr'>uxorem</span> 
     </span>
     <span class='ocr_line' id='line_1_49' title="bbox 2711 1900 2851 1938; baseline 0 -1"><span class='ocrx_word' id='word_1_328' title='bbox 2711 1900 2747 1938; x_wconf 89' lang='lat' dir='ltr'>a</span> <span class='ocrx_word' id='word_1_329' title='bbox 2784 1901 2810 1936; x_wconf 75' lang='grc' dir='ltr'><em>ε</em></span> <span class='ocrx_word' id='word_1_330' title='bbox 2839 1927 2851 1938; x_wconf 96' lang='grc'>.</span> 
     </span>
    </p>
   </div>
   <div class='ocr_carea' id='block_1_49' title="bbox 2711 1900 2851 1938">
    <p class='ocr_par' dir='ltr' id='par_1_49' title="bbox 2711 1900 2851 1938">
     <span class='ocr_line' id='line_1_50' title="bbox 2711 1900 2851 1938; baseline 0 0"><span class='ocrx_word' id='word_1_331' title='bbox 2711 1900 2851 1938; x_wconf 75' lang='grc' dir='ltr'><em>αοει.</em></span> 
     </span>
    </p>
   </div>
   <div class='ocr_carea' id='block_1_50' title="bbox 2034 1995 3560 2069">
    <p class='ocr_par' dir='ltr' id='par_1_50' title="bbox 2034 1995 3560 2069">
     <span class='ocr_line' id='line_1_51' title="bbox 2034 1995 3560 2069; baseline 0.006 -19"><span class='ocrx_word' id='word_1_332' title='bbox 2034 1995 2099 2050; x_wconf 89' lang='lat' dir='ltr'>In</span> <span class='ocrx_word' id='word_1_333' title='bbox 2125 1995 2394 2050; x_wconf 86' lang='lat' dir='ltr'>Toletano</span> <span class='ocrx_word' id='word_1_334' title='bbox 2423 1997 2675 2063; x_wconf 91' lang='lat' dir='ltr'>concilio,</span> <span class='ocrx_word' id='word_1_335' title='bbox 2708 2014 2828 2068; x_wconf 88' lang='lat' dir='ltr'>cap.</span> <span class='ocrx_word' id='word_1_336' title='bbox 2852 2003 2904 2063; x_wconf 88' lang='lat'>7,</span> <span class='ocrx_word' id='word_1_337' title='bbox 2940 1998 3211 2069; x_wconf 88' lang='lat' dir='ltr'>scriptum</span> <span class='ocrx_word' id='word_1_338' title='bbox 3241 2005 3326 2054; x_wconf 89' lang='lat' dir='ltr'>est</span> <span class='ocrx_word' id='word_1_339' title='bbox 3372 2001 3441 2056; x_wconf 89' lang='lat' dir='ltr'>de</span> <span class='ocrx_word' id='word_1_340' title='bbox 3493 2019 3560 2058; x_wconf 91' lang='lat' dir='ltr'>eo</span> 
     </span>
    </p>
   </div>
   <div class='ocr_carea' id='block_1_51' title="bbox 1958 2083 3562 2162">
    <p class='ocr_par' dir='ltr' id='par_1_51' title="bbox 1958 2083 3562 2162">
     <span class='ocr_line' id='line_1_52' title="bbox 1958 2083 3562 2162; baseline 0.006 -24"><span class='ocrx_word' id='word_1_341' title='bbox 1958 2083 2054 2155; x_wconf 91' lang='lat' dir='ltr'>qui</span> <span class='ocrx_word' id='word_1_342' title='bbox 2084 2101 2314 2139; x_wconf 86' lang='lat' dir='ltr'>uxorem</span> <span class='ocrx_word' id='word_1_343' title='bbox 2357 2085 2544 2152; x_wconf 88' lang='lat' dir='ltr'>habet,</span> <span class='ocrx_word' id='word_1_344' title='bbox 2579 2085 2628 2140; x_wconf 90' lang='lat' dir='ltr'>si</span> <span class='ocrx_word' id='word_1_345' title='bbox 2661 2085 3027 2141; x_wconf 87' lang='lat' dir='ltr'>concubinam</span> <span class='ocrx_word' id='word_1_346' title='bbox 3083 2087 3362 2156; x_wconf 89' lang='lat' dir='ltr'>habuerit,</span> <span class='ocrx_word' id='word_1_347' title='bbox 3412 2092 3562 2162; x_wconf 91' lang='lat' dir='ltr'>quod</span> 
     </span>
    </p>
   </div>
   <div class='ocr_carea' id='block_1_52' title="bbox 1956 2174 3560 2247">
    <p class='ocr_par' dir='ltr' id='par_1_52' title="bbox 1956 2174 3560 2247">
     <span class='ocr_line' id='line_1_53' title="bbox 1956 2174 3560 2247; baseline 0.005 -20"><span class='ocrx_word' id='word_1_348' title='bbox 1956 2189 2068 2227; x_wconf 92' lang='lat' dir='ltr'>non</span> <span class='ocrx_word' id='word_1_349' title='bbox 2089 2174 2482 2229; x_wconf 87' lang='lat' dir='ltr'>communicet.</span> <span class='ocrx_word' id='word_1_350' title='bbox 2517 2175 2576 2229; x_wconf 91' lang='lat' dir='ltr'>Si</span> <span class='ocrx_word' id='word_1_351' title='bbox 2600 2175 2724 2246; x_wconf 90' lang='lat' dir='ltr'>quis</span> <span class='ocrx_word' id='word_1_352' title='bbox 2769 2175 2978 2230; x_wconf 88' lang='lat' dir='ltr'>habens</span> <span class='ocrx_word' id='word_1_353' title='bbox 3003 2192 3234 2232; x_wconf 85' lang='lat' dir='ltr'>uxorem</span> <span class='ocrx_word' id='word_1_354' title='bbox 3278 2178 3477 2247; x_wconf 90' lang='lat' dir='ltr'>ﬁdelis,</span> <span class='ocrx_word' id='word_1_355' title='bbox 3511 2180 3560 2236; x_wconf 91' lang='lat' dir='ltr'>si</span> 
     </span>
    </p>
   </div>
   <div class='ocr_carea' id='block_1_53' title="bbox 1957 2263 3560 2329">
    <p class='ocr_par' dir='ltr' id='par_1_53' title="bbox 1957 2263 3560 2329">
     <span class='ocr_line' id='line_1_54' title="bbox 1957 2263 3560 2329; baseline 0.004 -12"><span class='ocrx_word' id='word_1_356' title='bbox 1957 2263 2324 2318; x_wconf 87' lang='lat' dir='ltr'>concubinam</span> <span class='ocrx_word' id='word_1_357' title='bbox 2355 2263 2576 2329; x_wconf 82' lang='lat' dir='ltr'>habeat,</span> <span class='ocrx_word' id='word_1_358' title='bbox 2609 2281 2721 2318; x_wconf 91' lang='lat' dir='ltr'>non</span> <span class='ocrx_word' id='word_1_359' title='bbox 2766 2264 3159 2319; x_wconf 89' lang='lat' dir='ltr'>communicet.</span> <span class='ocrx_word' id='word_1_360' title='bbox 3201 2267 3479 2322; x_wconf 65' lang='lat' dir='ltr'>Caeterum</span> <span class='ocrx_word' id='word_1_361' title='bbox 3511 2269 3560 2324; x_wconf 90' lang='lat' dir='ltr'>is</span> 
     </span>
    </p>
   </div>
   <div class='ocr_carea' id='block_1_54' title="bbox 1959 2352 3559 2426">
    <p class='ocr_par' dir='ltr' id='par_1_54' title="bbox 1959 2352 3559 2426">
     <span class='ocr_line' id='line_1_55' title="bbox 1959 2352 3559 2426; baseline 0.004 -21"><span class='ocrx_word' id='word_1_362' title='bbox 1959 2352 2054 2422; x_wconf 91' lang='lat' dir='ltr'>qui</span> <span class='ocrx_word' id='word_1_363' title='bbox 2077 2369 2188 2406; x_wconf 89' lang='lat' dir='ltr'>non</span> <span class='ocrx_word' id='word_1_364' title='bbox 2221 2353 2386 2408; x_wconf 81' lang='lat' dir='ltr'>habet</span> <span class='ocrx_word' id='word_1_365' title='bbox 2437 2370 2686 2420; x_wconf 84' lang='lat' dir='ltr'>uxorem,</span> <span class='ocrx_word' id='word_1_366' title='bbox 2730 2360 2787 2408; x_wconf 90' lang='lat' dir='ltr'>et</span> <span class='ocrx_word' id='word_1_367' title='bbox 2832 2370 2932 2426; x_wconf 92' lang='lat' dir='ltr'>pro</span> <span class='ocrx_word' id='word_1_368' title='bbox 2977 2370 3148 2409; x_wconf 86' lang='lat' dir='ltr'>uxore</span> <span class='ocrx_word' id='word_1_369' title='bbox 3191 2355 3559 2412; x_wconf 89' lang='lat' dir='ltr'>concubinam</span> 
     </span>
    </p>
   </div>
   <div class='ocr_carea' id='block_1_55' title="bbox 1957 2441 3562 2515">
    <p class='ocr_par' dir='ltr' id='par_1_55' title="bbox 1957 2441 3562 2515">
     <span class='ocr_line' id='line_1_56' title="bbox 1957 2441 3562 2515; baseline 0.005 -21"><span class='ocrx_word' id='word_1_370' title='bbox 1957 2441 2146 2507; x_wconf 88' lang='lat' dir='ltr'>habet,</span> <span class='ocrx_word' id='word_1_371' title='bbox 2173 2459 2207 2496; x_wconf 89' lang='lat' dir='ltr'>a</span> <span class='ocrx_word' id='word_1_372' title='bbox 2235 2443 2626 2498; x_wconf 88' lang='lat' dir='ltr'>communione</span> <span class='ocrx_word' id='word_1_373' title='bbox 2675 2460 2788 2497; x_wconf 91' lang='lat' dir='ltr'>non</span> <span class='ocrx_word' id='word_1_374' title='bbox 2843 2444 3148 2515; x_wconf 87' lang='lat' dir='ltr'>repellatur</span> <span class='ocrx_word' id='word_1_375' title='bbox 3179 2463 3192 2498; x_wconf 89' lang='lat'><strong>:</strong></span> <span class='ocrx_word' id='word_1_376' title='bbox 3225 2450 3444 2500; x_wconf 87' lang='lat' dir='ltr'>tantum</span> <span class='ocrx_word' id='word_1_377' title='bbox 3496 2452 3562 2502; x_wconf 89' lang='lat' dir='ltr'>ut</span> 
     </span>
    </p>
   </div>
   <div class='ocr_carea' id='block_1_56' title="bbox 1960 2531 3559 2608">
    <p class='ocr_par' dir='ltr' id='par_1_56' title="bbox 1960 2531 3559 2608">
     <span class='ocr_line' id='line_1_57' title="bbox 1960 2531 3559 2608; baseline 0.004 -24"><span class='ocrx_word' id='word_1_378' title='bbox 1960 2531 2128 2585; x_wconf 88' lang='lat' dir='ltr'>unius</span> <span class='ocrx_word' id='word_1_379' title='bbox 2149 2531 2403 2586; x_wconf 87' lang='lat' dir='ltr'>mulieris</span> <span class='ocrx_word' id='word_1_380' title='bbox 2429 2537 2530 2586; x_wconf 91' lang='lat' dir='ltr'>aut</span> <span class='ocrx_word' id='word_1_381' title='bbox 2556 2532 2743 2586; x_wconf 86' lang='lat' dir='ltr'>uxoris</span> <span class='ocrx_word' id='word_1_382' title='bbox 2773 2537 2873 2586; x_wconf 91' lang='lat' dir='ltr'>aut</span> <span class='ocrx_word' id='word_1_383' title='bbox 2899 2533 3239 2600; x_wconf 68' lang='lat' dir='ltr'>concubium,</span> <span class='ocrx_word' id='word_1_384' title='bbox 3263 2541 3330 2590; x_wconf 93' lang='lat' dir='ltr'>ut</span> <span class='ocrx_word' id='word_1_385' title='bbox 3356 2537 3408 2590; x_wconf 90' lang='lat' dir='ltr'>ei</span> <span class='ocrx_word' id='word_1_386' title='bbox 3437 2537 3559 2608; x_wconf 87' lang='lat' dir='ltr'>pla-</span> 
     </span>
    </p>
   </div>
   <div class='ocr_carea' id='block_1_57' title="bbox 1961 2619 3560 2691">
    <p class='ocr_par' dir='ltr' id='par_1_57' title="bbox 1961 2619 3560 2691">
     <span class='ocr_line' id='line_1_58' title="bbox 1961 2619 3560 2691; baseline 0.005 -18"><span class='ocrx_word' id='word_1_387' title='bbox 1961 2619 2158 2684; x_wconf 86' lang='lat' dir='ltr'>cuerit,</span> <span class='ocrx_word' id='word_1_388' title='bbox 2189 2620 2264 2674; x_wconf 89' lang='lat' dir='ltr'>sit</span> <span class='ocrx_word' id='word_1_389' title='bbox 2290 2621 2681 2691; x_wconf 89' lang='lat' dir='ltr'>conjunctione</span> <span class='ocrx_word' id='word_1_390' title='bbox 2719 2623 3202 2677; x_wconf 83' lang='lat' dir='ltr'>contentus.Alias</span> <span class='ocrx_word' id='word_1_391' title='bbox 3224 2640 3351 2678; x_wconf 91' lang='lat' dir='ltr'>vero</span> <span class='ocrx_word' id='word_1_392' title='bbox 3373 2625 3560 2680; x_wconf 83' lang='lat' dir='ltr'>vivens</span> 
     </span>
    </p>
   </div>
   <div class='ocr_carea' id='block_1_58' title="bbox 1959 2707 3559 2782">
    <p class='ocr_par' dir='ltr' id='par_1_58' title="bbox 1959 2707 3559 2782">
     <span class='ocr_line' id='line_1_59' title="bbox 1959 2707 3559 2782; baseline 0.005 -21"><span class='ocrx_word' id='word_1_393' title='bbox 1959 2707 2258 2778; x_wconf 88' lang='lat' dir='ltr'>abjiciatur</span> <span class='ocrx_word' id='word_1_394' title='bbox 2285 2709 2461 2764; x_wconf 89' lang='lat' dir='ltr'>donec</span> <span class='ocrx_word' id='word_1_395' title='bbox 2497 2710 2734 2776; x_wconf 86' lang='lat' dir='ltr'>desinat,</span> <span class='ocrx_word' id='word_1_396' title='bbox 2769 2716 2827 2764; x_wconf 91' lang='lat' dir='ltr'>et</span> <span class='ocrx_word' id='word_1_397' title='bbox 2854 2711 2924 2764; x_wconf 89' lang='lat' dir='ltr'>ad</span> <span class='ocrx_word' id='word_1_398' title='bbox 2955 2711 3345 2782; x_wconf 72' lang='lat' dir='ltr'>ptenitentiam</span> <span class='ocrx_word' id='word_1_399' title='bbox 3371 2731 3559 2769; x_wconf 88' lang='lat' dir='ltr'>rever-</span> 
     </span>
    </p>
   </div>
   <div class='ocr_carea' id='block_1_59' title="bbox 1957 2800 2129 2851">
    <p class='ocr_par' dir='ltr' id='par_1_59' title="bbox 1957 2800 2129 2851">
     <span class='ocr_line' id='line_1_60' title="bbox 1957 2800 2129 2851; baseline -0.006 -1"><span class='ocrx_word' id='word_1_400' title='bbox 1957 2800 2129 2851; x_wconf 89' lang='lat' dir='ltr'>tatur.</span> 
     </span>
    </p>
   </div>
   <div class='ocr_carea' id='block_1_60' title="bbox 1957 2913 3559 3042">
    <p class='ocr_par' dir='ltr' id='par_1_60' title="bbox 1957 2913 3559 3042">
     <span class='ocr_line' id='line_1_61' title="bbox 1957 2913 3559 3042; baseline 0.003 -74"><span class='ocrx_word' id='word_1_401' title='bbox 1957 2913 2088 2968; x_wconf 79' lang='lat' dir='ltr'>CAP.</span> <span class='ocrx_word' id='word_1_402' title='bbox 2120 2913 2216 2966; x_wconf 83' lang='lat' dir='ltr'>XI.</span> <span class='ocrx_word' id='word_1_403' title='bbox 2246 2941 2312 2954; x_wconf 85' lang='lat'>--</span> <span class='ocrx_word' id='word_1_404' title='bbox 2341 2915 2413 2967; x_wconf 87' lang='lat' dir='ltr'>De</span> <span class='ocrx_word' id='word_1_405' title='bbox 2447 2916 2749 2983; x_wconf 83' lang='lat' dir='ltr'>parricida,</span> <span class='ocrx_word' id='word_1_406' title='bbox 2784 2921 2857 3042; x_wconf 61' lang='lat' dir='ltr'>cit</span> <span class='ocrx_word' id='word_1_407' title='bbox 2881 2917 2967 2969; x_wconf 76' lang='lat' dir='ltr'>his</span> <span class='ocrx_word' id='word_1_408' title='bbox 3040 2920 3142 2986; x_wconf 87' lang='lat' dir='ltr'>qui</span> <span class='ocrx_word' id='word_1_409' title='bbox 3187 2923 3388 2986; x_wconf 77' lang='lat' dir='ltr'>partus</span> <span class='ocrx_word' id='word_1_410' title='bbox 3433 2934 3559 2973; x_wconf 75' lang='lat' dir='ltr'>suos</span> 
     </span>
     <span class='ocr_line' id='line_1_62' title="bbox 2663 3003 2876 3041; baseline 0 -1"><span class='ocrx_word' id='word_1_411' title='bbox 2663 3003 2834 3041; x_wconf 87' lang='lat' dir='ltr'>nccan</span> <span class='ocrx_word' id='word_1_412' title='bbox 2865 3027 2876 3040; x_wconf 92' lang='lat'>.</span> 
     </span>
    </p>
   </div>
   <div class='ocr_carea' id='block_1_61' title="bbox 2663 3003 2876 3041">
    <p class='ocr_par' dir='ltr' id='par_1_61' title="bbox 2663 3003 2876 3041">
     <span class='ocr_line' id='line_1_63' title="bbox 2663 3003 2876 3041; baseline 0.005 -1"><span class='ocrx_word' id='word_1_413' title='bbox 2663 3003 2876 3041; x_wconf 78' lang='lat' dir='ltr'>necant.</span> 
     </span>
    </p>
   </div>
   <div class='ocr_carea' id='block_1_62' title="bbox 273 3079 3554 3172">
    <p class='ocr_par' dir='ltr' id='par_1_62' title="bbox 273 3079 3554 3172">
     <span class='ocr_line' id='line_1_64' title="bbox 273 3079 3554 3172; baseline 0.001 -16"><span class='ocrx_word' id='word_1_414' title='bbox 273 3079 690 3167; x_wconf 74' lang='lat' dir='ltr'>discretionem,</span> <span class='ocrx_word' id='word_1_415' title='bbox 723 3101 1112 3156; x_wconf 89' lang='lat' dir='ltr'>testimonium</span> <span class='ocrx_word' id='word_1_416' title='bbox 1149 3101 1309 3172; x_wconf 90' lang='lat' dir='ltr'>ponit</span> <span class='ocrx_word' id='word_1_417' title='bbox 1337 3118 1403 3156; x_wconf 87' lang='lat' dir='ltr'>ex</span> <span class='ocrx_word' id='word_1_418' title='bbox 1433 3079 1658 3164; x_wconf 73' lang='lat' dir='ltr'>Genesi,</span> <span class='ocrx_word' id='word_1_419' title='bbox 1680 3101 1776 3156; x_wconf 90' lang='lat' dir='ltr'>ubi</span> <span class='ocrx_word' id='word_1_420' title='bbox 1796 3101 1876 3156; x_wconf 89' lang='lat' dir='ltr'>di-</span> <span class='ocrx_word' id='word_1_421' title='bbox 1896 3079 1940 3138; x_wconf 71' lang='grc' dir='ltr'>ο</span> <span class='ocrx_word' id='word_1_422' title='bbox 2027 3098 2377 3154; x_wconf 88' lang='lat' dir='ltr'>Parricidum</span> <span class='ocrx_word' id='word_1_423' title='bbox 2407 3105 2597 3156; x_wconf 90' lang='lat' dir='ltr'>autem</span> <span class='ocrx_word' id='word_1_424' title='bbox 2629 3117 2796 3172; x_wconf 88' lang='lat' dir='ltr'>quam</span> <span class='ocrx_word' id='word_1_425' title='bbox 2822 3102 2896 3156; x_wconf 89' lang='lat' dir='ltr'>sit</span> <span class='ocrx_word' id='word_1_426' title='bbox 2937 3103 3268 3158; x_wconf 90' lang='lat' dir='ltr'>detestabile</span> <span class='ocrx_word' id='word_1_427' title='bbox 3322 3103 3554 3171; x_wconf 88' lang='lat' dir='ltr'>crimen,</span> 
     </span>
    </p>
   </div>
   <div class='ocr_carea' id='block_1_63' title="bbox 272 3189 1874 3261">
    <p class='ocr_par' dir='ltr' id='par_1_63' title="bbox 272 3189 1874 3261">
     <span class='ocr_line' id='line_1_65' title="bbox 272 3189 1874 3261; baseline -0.001 -15"><span class='ocrx_word' id='word_1_428' title='bbox 272 3193 424 3247; x_wconf 89' lang='lat' dir='ltr'>citur</span> <span class='ocrx_word' id='word_1_429' title='bbox 441 3191 711 3246; x_wconf 61' lang='lat' dir='ltr'>Abrahae:</span> <span class='ocrx_word' id='word_1_430' title='bbox 750 3211 772 3242; x_wconf 81' lang='grc' dir='ltr'>ι</span> <span class='ocrx_word' id='word_1_431' title='bbox 807 3189 957 3261; x_wconf 88' lang='lat' dir='ltr'>Ejice</span> <span class='ocrx_word' id='word_1_432' title='bbox 987 3191 1248 3246; x_wconf 85' lang='lat' dir='ltr'>ancillam</span> <span class='ocrx_word' id='word_1_433' title='bbox 1279 3196 1337 3245; x_wconf 90' lang='lat' dir='ltr'>et</span> <span class='ocrx_word' id='word_1_434' title='bbox 1365 3191 1544 3246; x_wconf 89' lang='lat' dir='ltr'>ﬁlium</span> <span class='ocrx_word' id='word_1_435' title='bbox 1574 3191 1716 3261; x_wconf 91' lang='lat' dir='ltr'>ejus.</span> <span class='ocrx_word' id='word_1_436' title='bbox 1749 3191 1874 3246; x_wconf 88' lang='lat' dir='ltr'>Non</span> 
     </span>
    </p>
   </div>
   <div class='ocr_carea' id='block_1_64' title="bbox 275 3280 1879 3336">
    <p class='ocr_par' dir='ltr' id='par_1_64' title="bbox 275 3280 1879 3336">
     <span class='ocr_line' id='line_1_66' title="bbox 275 3280 1879 3336; baseline -0.001 -1"><span class='ocrx_word' id='word_1_437' title='bbox 275 3281 428 3335; x_wconf 89' lang='lat' dir='ltr'>enim</span> <span class='ocrx_word' id='word_1_438' title='bbox 450 3282 627 3336; x_wconf 74' lang='lat' dir='ltr'>haeres</span> <span class='ocrx_word' id='word_1_439' title='bbox 659 3280 768 3334; x_wconf 91' lang='lat' dir='ltr'>erit</span> <span class='ocrx_word' id='word_1_440' title='bbox 795 3280 943 3334; x_wconf 90' lang='lat' dir='ltr'>ﬁlius</span> <span class='ocrx_word' id='word_1_441' title='bbox 966 3281 1180 3335; x_wconf 68' lang='lat' dir='ltr'>ancillae</span> <span class='ocrx_word' id='word_1_442' title='bbox 1212 3296 1339 3334; x_wconf 90' lang='lat' dir='ltr'>cum</span> <span class='ocrx_word' id='word_1_443' title='bbox 1398 3280 1513 3334; x_wconf 89' lang='lat' dir='ltr'>ﬁlio</span> <span class='ocrx_word' id='word_1_444' title='bbox 1561 3297 1686 3334; x_wconf 91' lang='lat' dir='ltr'>meo</span> <span class='ocrx_word' id='word_1_445' title='bbox 1724 3281 1879 3334; x_wconf 89' lang='lat' dir='ltr'>Isaac</span> 
     </span>
    </p>
   </div>
   <div class='ocr_carea' id='block_1_65' title="bbox 276 3367 1879 3440">
    <p class='ocr_par' dir='ltr' id='par_1_65' title="bbox 276 3367 1879 3440">
     <span class='ocr_line' id='line_1_67' title="bbox 276 3367 1879 3440; baseline -0.002 -15"><span class='ocrx_word' id='word_1_446' title='bbox 276 3371 430 3436; x_wconf 75' lang='lat' dir='ltr'>(Gen.</span> <span class='ocrx_word' id='word_1_447' title='bbox 447 3375 577 3436; x_wconf 76' lang='lat' dir='ltr'>xxx).</span> <span class='ocrx_word' id='word_1_448' title='bbox 595 3389 618 3421; x_wconf 76' lang='grc' dir='ltr'>ι</span> <span class='ocrx_word' id='word_1_449' title='bbox 633 3369 793 3424; x_wconf 91' lang='lat' dir='ltr'>Unde</span> <span class='ocrx_word' id='word_1_450' title='bbox 805 3387 932 3423; x_wconf 90' lang='lat' dir='ltr'>cum</span> <span class='ocrx_word' id='word_1_451' title='bbox 953 3370 1191 3424; x_wconf 86' lang='lat' dir='ltr'>societas</span> <span class='ocrx_word' id='word_1_452' title='bbox 1205 3369 1533 3440; x_wconf 87' lang='lat' dir='ltr'>nuptiarum</span> <span class='ocrx_word' id='word_1_453' title='bbox 1545 3370 1626 3423; x_wconf 90' lang='lat' dir='ltr'>ita</span> <span class='ocrx_word' id='word_1_454' title='bbox 1637 3367 1706 3423; x_wconf 88' lang='lat' dir='ltr'>ab</span> <span class='ocrx_word' id='word_1_455' title='bbox 1717 3369 1879 3422; x_wconf 90' lang='lat' dir='ltr'>initio</span> 
     </span>
    </p>
   </div>
   <div class='ocr_carea' id='block_1_66' title="bbox 271 3458 1878 3530">
    <p class='ocr_par' dir='ltr' id='par_1_66' title="bbox 271 3458 1878 3530">
     <span class='ocr_line' id='line_1_68' title="bbox 271 3458 1878 3530; baseline -0.002 -16"><span class='ocrx_word' id='word_1_456' title='bbox 271 3459 581 3514; x_wconf 88' lang='lat' dir='ltr'>constituta</span> <span class='ocrx_word' id='word_1_457' title='bbox 606 3459 698 3520; x_wconf 87' lang='lat' dir='ltr'>sit,</span> <span class='ocrx_word' id='word_1_458' title='bbox 712 3464 778 3514; x_wconf 90' lang='lat' dir='ltr'>ut</span> <span class='ocrx_word' id='word_1_459' title='bbox 798 3464 1001 3530; x_wconf 66' lang='lat' dir='ltr'>praeter</span> <span class='ocrx_word' id='word_1_460' title='bbox 1029 3475 1263 3513; x_wconf 87' lang='lat' dir='ltr'>sexuum</span> <span class='ocrx_word' id='word_1_461' title='bbox 1293 3458 1746 3529; x_wconf 87' lang='lat' dir='ltr'>conjunctionem</span> <span class='ocrx_word' id='word_1_462' title='bbox 1775 3458 1878 3510; x_wconf 91' lang='lat' dir='ltr'>ha-</span> 
     </span>
    </p>
   </div>
   <div class='ocr_carea' id='block_1_67' title="bbox 271 3545 1880 3613">
    <p class='ocr_par' dir='ltr' id='par_1_67' title="bbox 271 3545 1880 3613">
     <span class='ocr_line' id='line_1_69' title="bbox 271 3545 1880 3613; baseline -0.002 -11"><span class='ocrx_word' id='word_1_463' title='bbox 271 3547 436 3603; x_wconf 89' lang='lat' dir='ltr'>beret</span> <span class='ocrx_word' id='word_1_464' title='bbox 465 3549 522 3603; x_wconf 91' lang='lat' dir='ltr'>in</span> <span class='ocrx_word' id='word_1_465' title='bbox 542 3565 602 3603; x_wconf 91' lang='lat' dir='ltr'>se</span> <span class='ocrx_word' id='word_1_466' title='bbox 614 3548 821 3603; x_wconf 88' lang='lat' dir='ltr'>Christi</span> <span class='ocrx_word' id='word_1_467' title='bbox 842 3555 899 3602; x_wconf 89' lang='lat' dir='ltr'>et</span> <span class='ocrx_word' id='word_1_468' title='bbox 919 3547 1176 3602; x_wconf 63' lang='lat' dir='ltr'>Ecclesia;</span> <span class='ocrx_word' id='word_1_469' title='bbox 1187 3553 1624 3613; x_wconf 88' lang='lat' dir='ltr'>sacramentum,</span> <span class='ocrx_word' id='word_1_470' title='bbox 1645 3545 1880 3600; x_wconf 90' lang='lat' dir='ltr'>dubium</span> 
     </span>
    </p>
   </div>
   <div class='ocr_carea' id='block_1_68' title="bbox 271 3634 1881 3707">
    <p class='ocr_par' dir='ltr' id='par_1_68' title="bbox 271 3634 1881 3707">
     <span class='ocr_line' id='line_1_70' title="bbox 271 3634 1881 3707; baseline -0.003 -15"><span class='ocrx_word' id='word_1_471' title='bbox 271 3653 391 3692; x_wconf 87' lang='lat' dir='ltr'>non</span> <span class='ocrx_word' id='word_1_472' title='bbox 421 3643 507 3692; x_wconf 89' lang='lat' dir='ltr'>est</span> <span class='ocrx_word' id='word_1_473' title='bbox 530 3655 656 3692; x_wconf 90' lang='lat' dir='ltr'>eam</span> <span class='ocrx_word' id='word_1_474' title='bbox 688 3638 981 3692; x_wconf 90' lang='lat' dir='ltr'>mulierem</span> <span class='ocrx_word' id='word_1_475' title='bbox 1012 3653 1124 3690; x_wconf 89' lang='lat' dir='ltr'>non</span> <span class='ocrx_word' id='word_1_476' title='bbox 1151 3636 1432 3707; x_wconf 89' lang='lat' dir='ltr'>pertinere</span> <span class='ocrx_word' id='word_1_477' title='bbox 1463 3636 1534 3689; x_wconf 88' lang='lat' dir='ltr'>ad</span> <span class='ocrx_word' id='word_1_478' title='bbox 1593 3634 1881 3689; x_wconf 88' lang='lat' dir='ltr'>matrimo-</span> 
     </span>
    </p>
   </div>
   <div class='ocr_carea' id='block_1_69' title="bbox 275 3724 1878 3798">
    <p class='ocr_par' dir='ltr' id='par_1_69' title="bbox 275 3724 1878 3798">
     <span class='ocr_line' id='line_1_71' title="bbox 275 3724 1878 3798; baseline -0.002 -18"><span class='ocrx_word' id='word_1_479' title='bbox 275 3727 455 3789; x_wconf 87' lang='lat' dir='ltr'>nium,</span> <span class='ocrx_word' id='word_1_480' title='bbox 480 3727 670 3798; x_wconf 89' lang='lat' dir='ltr'>inqua</span> <span class='ocrx_word' id='word_1_481' title='bbox 712 3727 945 3780; x_wconf 88' lang='lat' dir='ltr'>docetur</span> <span class='ocrx_word' id='word_1_482' title='bbox 997 3724 1248 3796; x_wconf 85' lang='lat' dir='ltr'>nuptiale</span> <span class='ocrx_word' id='word_1_483' title='bbox 1292 3741 1405 3779; x_wconf 90' lang='lat' dir='ltr'>non</span> <span class='ocrx_word' id='word_1_484' title='bbox 1441 3725 1613 3780; x_wconf 89' lang='lat' dir='ltr'>fuisse</span> <span class='ocrx_word' id='word_1_485' title='bbox 1668 3729 1878 3796; x_wconf 83' lang='lat' dir='ltr'>myste-</span> 
     </span>
    </p>
   </div>
   <div class='ocr_carea' id='block_1_70' title="bbox 272 3813 1878 3887">
    <p class='ocr_par' dir='ltr' id='par_1_70' title="bbox 272 3813 1878 3887">
     <span class='ocr_line' id='line_1_72' title="bbox 272 3813 1878 3887; baseline -0.003 -16"><span class='ocrx_word' id='word_1_486' title='bbox 272 3817 446 3871; x_wconf 89' lang='lat' dir='ltr'>rium.</span> <span class='ocrx_word' id='word_1_487' title='bbox 484 3817 662 3887; x_wconf 82' lang='lat' dir='ltr'>Igitur</span> <span class='ocrx_word' id='word_1_488' title='bbox 691 3815 992 3885; x_wconf 88' lang='lat' dir='ltr'>cujuslibct</span> <span class='ocrx_word' id='word_1_489' title='bbox 1019 3813 1122 3868; x_wconf 92' lang='lat' dir='ltr'>loci</span> <span class='ocrx_word' id='word_1_490' title='bbox 1146 3813 1400 3878; x_wconf 87' lang='lat' dir='ltr'>clericus,</span> <span class='ocrx_word' id='word_1_491' title='bbox 1432 3813 1480 3867; x_wconf 92' lang='lat' dir='ltr'>si</span> <span class='ocrx_word' id='word_1_492' title='bbox 1501 3814 1677 3868; x_wconf 88' lang='lat' dir='ltr'>ﬁliam</span> <span class='ocrx_word' id='word_1_493' title='bbox 1719 3830 1878 3867; x_wconf 91' lang='lat' dir='ltr'>suam</span> 
     </span>
    </p>
   </div>
   <div class='ocr_carea' id='block_1_71' title="bbox 270 3899 1874 3970">
    <p class='ocr_par' dir='ltr' id='par_1_71' title="bbox 270 3899 1874 3970">
     <span class='ocr_line' id='line_1_73' title="bbox 270 3899 1874 3970; baseline -0.001 -10"><span class='ocrx_word' id='word_1_494' title='bbox 270 3907 396 3960; x_wconf 80' lang='lat' dir='ltr'>viro</span> <span class='ocrx_word' id='word_1_495' title='bbox 415 3905 644 3960; x_wconf 89' lang='lat' dir='ltr'>habenti</span> <span class='ocrx_word' id='word_1_496' title='bbox 673 3905 1039 3960; x_wconf 88' lang='lat' dir='ltr'>concubinam</span> <span class='ocrx_word' id='word_1_497' title='bbox 1077 3903 1135 3957; x_wconf 93' lang='lat' dir='ltr'>in</span> <span class='ocrx_word' id='word_1_498' title='bbox 1173 3899 1601 3956; x_wconf 83' lang='lat' dir='ltr'>matrimonium</span> <span class='ocrx_word' id='word_1_499' title='bbox 1639 3903 1874 3970; x_wconf 90' lang='lat' dir='ltr'>dederit,</span> 
     </span>
    </p>
   </div>
   <div class='ocr_carea' id='block_1_72' title="bbox 1957 3187 3556 3260">
    <p class='ocr_par' dir='ltr' id='par_1_72' title="bbox 1957 3187 3556 3260">
     <span class='ocr_line' id='line_1_74' title="bbox 1957 3187 3556 3260; baseline 0.005 -19"><span class='ocrx_word' id='word_1_500' title='bbox 1957 3187 2015 3241; x_wconf 89' lang='lat' dir='ltr'>in</span> <span class='ocrx_word' id='word_1_501' title='bbox 2033 3189 2246 3259; x_wconf 91' lang='lat' dir='ltr'>judicio</span> <span class='ocrx_word' id='word_1_502' title='bbox 2279 3189 2424 3243; x_wconf 89' lang='lat' dir='ltr'>facto</span> <span class='ocrx_word' id='word_1_503' title='bbox 2472 3189 2621 3244; x_wconf 90' lang='lat' dir='ltr'>inter</span> <span class='ocrx_word' id='word_1_504' title='bbox 2653 3191 2792 3246; x_wconf 89' lang='lat' dir='ltr'>Cain</span> <span class='ocrx_word' id='word_1_505' title='bbox 2823 3197 2879 3245; x_wconf 92' lang='lat' dir='ltr'>et</span> <span class='ocrx_word' id='word_1_506' title='bbox 2912 3191 3050 3246; x_wconf 86' lang='lat' dir='ltr'>Abel</span> <span class='ocrx_word' id='word_1_507' title='bbox 3106 3193 3338 3248; x_wconf 86' lang='lat' dir='ltr'>fratrem</span> <span class='ocrx_word' id='word_1_508' title='bbox 3370 3211 3556 3260; x_wconf 86' lang='lat' dir='ltr'>suum,</span> 
     </span>
    </p>
   </div>
   <div class='ocr_carea' id='block_1_73' title="bbox 1961 3277 3555 3353">
    <p class='ocr_par' dir='ltr' id='par_1_73' title="bbox 1961 3277 3555 3353">
     <span class='ocr_line' id='line_1_75' title="bbox 1961 3277 3555 3353; baseline 0.004 -23"><span class='ocrx_word' id='word_1_509' title='bbox 1961 3277 2234 3332; x_wconf 90' lang='lat' dir='ltr'>Dominus</span> <span class='ocrx_word' id='word_1_510' title='bbox 2255 3278 2373 3349; x_wconf 88' lang='lat' dir='ltr'>ipse</span> <span class='ocrx_word' id='word_1_511' title='bbox 2405 3280 2668 3344; x_wconf 88' lang='lat' dir='ltr'>ostendit,</span> <span class='ocrx_word' id='word_1_512' title='bbox 2702 3296 2828 3334; x_wconf 91' lang='lat' dir='ltr'>cum</span> <span class='ocrx_word' id='word_1_513' title='bbox 2850 3280 2919 3334; x_wconf 89' lang='lat' dir='ltr'>ad</span> <span class='ocrx_word' id='word_1_514' title='bbox 2951 3282 3089 3336; x_wconf 90' lang='lat' dir='ltr'>Cain</span> <span class='ocrx_word' id='word_1_515' title='bbox 3111 3282 3555 3353; x_wconf 87' lang='lat' dir='ltr'>parricidamait:</span> 
     </span>
    </p>
   </div>
   <div class='ocr_carea' id='block_1_74' title="bbox 1965 3366 3556 3442">
    <p class='ocr_par' dir='ltr' id='par_1_74' title="bbox 1965 3366 3556 3442">
     <span class='ocr_line' id='line_1_76' title="bbox 1965 3366 3556 3442; baseline 0.004 -24"><span class='ocrx_word' id='word_1_516' title='bbox 1965 3383 1990 3418; x_wconf 77' lang='grc' dir='ltr'><strong><em>α</em></strong></span> <span class='ocrx_word' id='word_1_517' title='bbox 2014 3366 2342 3420; x_wconf 87' lang='lat' dir='ltr'>Maledictus</span> <span class='ocrx_word' id='word_1_518' title='bbox 2389 3368 2500 3421; x_wconf 90' lang='lat' dir='ltr'>eris</span> <span class='ocrx_word' id='word_1_519' title='bbox 2556 3385 2726 3440; x_wconf 90' lang='lat' dir='ltr'>super</span> <span class='ocrx_word' id='word_1_520' title='bbox 2778 3373 3009 3436; x_wconf 86' lang='lat' dir='ltr'>terram,</span> <span class='ocrx_word' id='word_1_521' title='bbox 3043 3387 3168 3442; x_wconf 81' lang='lat' dir='ltr'>quae</span> <span class='ocrx_word' id='word_1_522' title='bbox 3214 3371 3438 3442; x_wconf 89' lang='lat' dir='ltr'>aperuit</span> <span class='ocrx_word' id='word_1_523' title='bbox 3493 3389 3556 3426; x_wconf 93' lang='lat' dir='ltr'>os</span> 
     </span>
    </p>
   </div>
   <div class='ocr_carea' id='block_1_75' title="bbox 1959 3457 3562 3527">
    <p class='ocr_par' dir='ltr' id='par_1_75' title="bbox 1959 3457 3562 3527">
     <span class='ocr_line' id='line_1_77' title="bbox 1959 3457 3562 3527; baseline 0.004 -19"><span class='ocrx_word' id='word_1_524' title='bbox 1959 3471 2144 3512; x_wconf 90' lang='lat' dir='ltr'>suum.</span> <span class='ocrx_word' id='word_1_525' title='bbox 2179 3460 2237 3509; x_wconf 92' lang='lat' dir='ltr'>et</span> <span class='ocrx_word' id='word_1_526' title='bbox 2272 3457 2516 3526; x_wconf 90' lang='lat' dir='ltr'>suscepit</span> <span class='ocrx_word' id='word_1_527' title='bbox 2543 3458 2873 3527; x_wconf 88' lang='lat' dir='ltr'>sanguinem</span> <span class='ocrx_word' id='word_1_528' title='bbox 2901 3458 3091 3512; x_wconf 86' lang='lat' dir='ltr'>fratris</span> <span class='ocrx_word' id='word_1_529' title='bbox 3141 3459 3227 3512; x_wconf 91' lang='lat' dir='ltr'>tui</span> <span class='ocrx_word' id='word_1_530' title='bbox 3271 3459 3342 3513; x_wconf 91' lang='lat' dir='ltr'>de</span> <span class='ocrx_word' id='word_1_531' title='bbox 3389 3476 3562 3514; x_wconf 88' lang='lat' dir='ltr'>manu</span> 
     </span>
    </p>
   </div>
   <div class='ocr_carea' id='block_1_76' title="bbox 1959 3543 3561 3617">
    <p class='ocr_par' dir='ltr' id='par_1_76' title="bbox 1959 3543 3561 3617">
     <span class='ocr_line' id='line_1_78' title="bbox 1959 3543 3561 3617; baseline 0.003 -21"><span class='ocrx_word' id='word_1_532' title='bbox 1959 3548 2076 3597; x_wconf 91' lang='lat' dir='ltr'>tua.</span> <span class='ocrx_word' id='word_1_533' title='bbox 2109 3545 2235 3596; x_wconf 87' lang='lat' dir='ltr'>Non</span> <span class='ocrx_word' id='word_1_534' title='bbox 2255 3543 2412 3598; x_wconf 86' lang='lat' dir='ltr'>dabit</span> <span class='ocrx_word' id='word_1_535' title='bbox 2432 3543 2532 3598; x_wconf 88' lang='lat' dir='ltr'>tibi</span> <span class='ocrx_word' id='word_1_536' title='bbox 2560 3545 2774 3600; x_wconf 87' lang='lat' dir='ltr'>fructus</span> <span class='ocrx_word' id='word_1_537' title='bbox 2800 3563 2950 3600; x_wconf 91' lang='lat' dir='ltr'>suos.</span> <span class='ocrx_word' id='word_1_538' title='bbox 2975 3547 3164 3616; x_wconf 77' lang='lat' dir='ltr'>Vagus</span> <span class='ocrx_word' id='word_1_539' title='bbox 3206 3552 3265 3600; x_wconf 86' lang='lat' dir='ltr'>et</span> <span class='ocrx_word' id='word_1_540' title='bbox 3293 3547 3561 3617; x_wconf 85' lang='lat' dir='ltr'>profugus</span> 
     </span>
    </p>
   </div>
   <div class='ocr_carea' id='block_1_77' title="bbox 1961 3631 3562 3707">
    <p class='ocr_par' dir='ltr' id='par_1_77' title="bbox 1961 3631 3562 3707">
     <span class='ocr_line' id='line_1_79' title="bbox 1961 3631 3562 3707; baseline 0.002 -21"><span class='ocrx_word' id='word_1_541' title='bbox 1961 3631 2071 3686; x_wconf 90' lang='lat' dir='ltr'>eris</span> <span class='ocrx_word' id='word_1_542' title='bbox 2094 3648 2263 3703; x_wconf 90' lang='lat' dir='ltr'>super</span> <span class='ocrx_word' id='word_1_543' title='bbox 2286 3637 2498 3686; x_wconf 89' lang='lat' dir='ltr'>terram</span> <span class='ocrx_word' id='word_1_544' title='bbox 2529 3635 2678 3700; x_wconf 77' lang='lat' dir='ltr'>(Gen.</span> <span class='ocrx_word' id='word_1_545' title='bbox 2711 3637 2808 3702; x_wconf 80' lang='lat' dir='ltr'>vx).</span> <span class='ocrx_word' id='word_1_546' title='bbox 2845 3653 2866 3685; x_wconf 73' lang='grc' dir='ltr'><strong>ι</strong></span> <span class='ocrx_word' id='word_1_547' title='bbox 2899 3636 2964 3689; x_wconf 90' lang='lat' dir='ltr'>In</span> <span class='ocrx_word' id='word_1_548' title='bbox 3010 3651 3120 3706; x_wconf 92' lang='lat' dir='ltr'>quo</span> <span class='ocrx_word' id='word_1_549' title='bbox 3164 3635 3336 3689; x_wconf 88' lang='lat' dir='ltr'>etiam</span> <span class='ocrx_word' id='word_1_550' title='bbox 3373 3636 3562 3707; x_wconf 92' lang='lat' dir='ltr'>posuit</span> 
     </span>
    </p>
   </div>
   <div class='ocr_carea' id='block_1_78' title="bbox 1963 3721 3564 3796">
    <p class='ocr_par' dir='ltr' id='par_1_78' title="bbox 1963 3721 3564 3796">
     <span class='ocr_line' id='line_1_80' title="bbox 1963 3721 3564 3796; baseline 0.004 -22"><span class='ocrx_word' id='word_1_551' title='bbox 1963 3721 2206 3790; x_wconf 89' lang='lat' dir='ltr'>signum,</span> <span class='ocrx_word' id='word_1_552' title='bbox 2236 3721 2341 3775; x_wconf 89' lang='lat' dir='ltr'>hoc</span> <span class='ocrx_word' id='word_1_553' title='bbox 2355 3726 2442 3774; x_wconf 86' lang='lat' dir='ltr'>est</span> <span class='ocrx_word' id='word_1_554' title='bbox 2455 3726 2518 3774; x_wconf 90' lang='lat' dir='ltr'>ut</span> <span class='ocrx_word' id='word_1_555' title='bbox 2539 3727 2786 3776; x_wconf 89' lang='lat' dir='ltr'>tremens</span> <span class='ocrx_word' id='word_1_556' title='bbox 2811 3731 3106 3793; x_wconf 87' lang='lat' dir='ltr'>etgemens</span> <span class='ocrx_word' id='word_1_557' title='bbox 3135 3723 3404 3796; x_wconf 87' lang='lat' dir='ltr'>profugus</span> <span class='ocrx_word' id='word_1_558' title='bbox 3422 3742 3564 3780; x_wconf 88' lang='lat' dir='ltr'>sem-</span> 
     </span>
    </p>
   </div>
   <div class='ocr_carea' id='block_1_79' title="bbox 1959 3809 3564 3882">
    <p class='ocr_par' dir='ltr' id='par_1_79' title="bbox 1959 3809 3564 3882">
     <span class='ocr_line' id='line_1_81' title="bbox 1959 3809 3564 3882; baseline 0.002 -18"><span class='ocrx_word' id='word_1_559' title='bbox 1959 3827 2060 3882; x_wconf 86' lang='lat' dir='ltr'>per</span> <span class='ocrx_word' id='word_1_560' title='bbox 2086 3809 2314 3875; x_wconf 88' lang='lat' dir='ltr'>viveret,</span> <span class='ocrx_word' id='word_1_561' title='bbox 2343 3826 2445 3862; x_wconf 92' lang='lat' dir='ltr'>nec</span> <span class='ocrx_word' id='word_1_562' title='bbox 2471 3809 2708 3863; x_wconf 83' lang='lat' dir='ltr'>auderet</span> <span class='ocrx_word' id='word_1_563' title='bbox 2722 3811 2842 3880; x_wconf 84' lang='lat' dir='ltr'>jam</span> <span class='ocrx_word' id='word_1_564' title='bbox 2873 3811 3092 3882; x_wconf 89' lang='lat' dir='ltr'>uspiam</span> <span class='ocrx_word' id='word_1_565' title='bbox 3145 3813 3305 3866; x_wconf 91' lang='lat' dir='ltr'>sedes</span> <span class='ocrx_word' id='word_1_566' title='bbox 3357 3813 3564 3868; x_wconf 87' lang='lat' dir='ltr'>habere</span> 
     </span>
    </p>
   </div>
   <div class='ocr_carea' id='block_1_80' title="bbox 1961 3897 3565 3973">
    <p class='ocr_par' dir='ltr' id='par_1_80' title="bbox 1961 3897 3565 3973">
     <span class='ocr_line' id='line_1_82' title="bbox 1961 3897 3565 3973; baseline 0.004 -21"><span class='ocrx_word' id='word_1_567' title='bbox 1961 3898 2196 3970; x_wconf 87' lang='lat' dir='ltr'>quietas.</span> <span class='ocrx_word' id='word_1_568' title='bbox 2221 3898 2330 3953; x_wconf 90' lang='lat' dir='ltr'>Sed</span> <span class='ocrx_word' id='word_1_569' title='bbox 2361 3897 2492 3969; x_wconf 86' lang='lat' dir='ltr'>quia</span> <span class='ocrx_word' id='word_1_570' title='bbox 2512 3897 2570 3952; x_wconf 91' lang='lat' dir='ltr'>in</span> <span class='ocrx_word' id='word_1_571' title='bbox 2601 3898 3246 3971; x_wconf 88' lang='lat' dir='ltr'>modernistemporibus</span> <span class='ocrx_word' id='word_1_572' title='bbox 3275 3902 3565 3973; x_wconf 67' lang='lat' dir='ltr'>parricidae</span> 
     </span>
    </p>
   </div>
   <div class='ocr_carea' id='block_1_81' title="bbox 274 3983 3564 4061">
    <p class='ocr_par' dir='ltr' id='par_1_81' title="bbox 274 3983 3564 4061">
     <span class='ocr_line' id='line_1_83' title="bbox 274 3983 3564 4061; baseline 0 -16"><span class='ocrx_word' id='word_1_573' title='bbox 274 4008 394 4046; x_wconf 90' lang='lat' dir='ltr'>non</span> <span class='ocrx_word' id='word_1_574' title='bbox 408 3991 489 4044; x_wconf 90' lang='lat' dir='ltr'>ita</span> <span class='ocrx_word' id='word_1_575' title='bbox 501 3990 888 4061; x_wconf 86' lang='lat' dir='ltr'>accipiendum</span> <span class='ocrx_word' id='word_1_576' title='bbox 917 3994 1022 4054; x_wconf 89' lang='lat' dir='ltr'>est,</span> <span class='ocrx_word' id='word_1_577' title='bbox 1055 3988 1214 4059; x_wconf 88' lang='lat' dir='ltr'>quasi</span> <span class='ocrx_word' id='word_1_578' title='bbox 1237 4005 1363 4042; x_wconf 88' lang='lat' dir='ltr'>eam</span> <span class='ocrx_word' id='word_1_579' title='bbox 1392 3988 1692 4058; x_wconf 89' lang='lat' dir='ltr'>conjugato</span> <span class='ocrx_word' id='word_1_580' title='bbox 1709 3988 1879 4044; x_wconf 87' lang='lat' dir='ltr'>dede-</span> <span class='ocrx_word' id='word_1_581' title='bbox 1961 3987 2181 4060; x_wconf 89' lang='lat' dir='ltr'>profugi</span> <span class='ocrx_word' id='word_1_582' title='bbox 2209 3987 2533 4041; x_wconf 90' lang='lat' dir='ltr'>discurrunt</span> <span class='ocrx_word' id='word_1_583' title='bbox 2560 4003 2662 4058; x_wconf 91' lang='lat' dir='ltr'>per</span> <span class='ocrx_word' id='word_1_584' title='bbox 2682 3987 2900 4042; x_wconf 88' lang='lat' dir='ltr'>diversa</span> <span class='ocrx_word' id='word_1_585' title='bbox 2931 3989 3071 4054; x_wconf 90' lang='lat' dir='ltr'>loca,</span> <span class='ocrx_word' id='word_1_586' title='bbox 3105 3995 3164 4044; x_wconf 93' lang='lat' dir='ltr'>et</span> <span class='ocrx_word' id='word_1_587' title='bbox 3214 3990 3385 4044; x_wconf 82' lang='lat' dir='ltr'>variis</span> <span class='ocrx_word' id='word_1_588' title='bbox 3413 3983 3564 4045; x_wconf 76' lang='lat' dir='ltr'>vitiis</span> 
     </span>
    </p>
   </div>
   <div class='ocr_carea' id='block_1_82' title="bbox 274 4075 3564 4148">
    <p class='ocr_par' dir='ltr' id='par_1_82' title="bbox 274 4075 3564 4148">
     <span class='ocr_line' id='line_1_84' title="bbox 274 4075 3564 4148; baseline 0 -14"><span class='ocrx_word' id='word_1_589' title='bbox 274 4080 374 4143; x_wconf 89' lang='lat' dir='ltr'>rit,</span> <span class='ocrx_word' id='word_1_590' title='bbox 405 4079 515 4133; x_wconf 91' lang='lat' dir='ltr'>nisi</span> <span class='ocrx_word' id='word_1_591' title='bbox 536 4080 678 4133; x_wconf 77' lang='lat' dir='ltr'>forte</span> <span class='ocrx_word' id='word_1_592' title='bbox 701 4080 795 4133; x_wconf 89' lang='lat' dir='ltr'>illa</span> <span class='ocrx_word' id='word_1_593' title='bbox 825 4079 1029 4133; x_wconf 88' lang='lat' dir='ltr'>mulier</span> <span class='ocrx_word' id='word_1_594' title='bbox 1051 4084 1108 4132; x_wconf 89' lang='lat' dir='ltr'>et</span> <span class='ocrx_word' id='word_1_595' title='bbox 1140 4077 1386 4147; x_wconf 87' lang='lat' dir='ltr'>ingenua</span> <span class='ocrx_word' id='word_1_596' title='bbox 1412 4076 1580 4141; x_wconf 87' lang='lat' dir='ltr'>facta,</span> <span class='ocrx_word' id='word_1_597' title='bbox 1612 4081 1670 4130; x_wconf 91' lang='lat' dir='ltr'>et</span> <span class='ocrx_word' id='word_1_598' title='bbox 1689 4075 1883 4130; x_wconf 89' lang='lat' dir='ltr'>dotata</span> <span class='ocrx_word' id='word_1_599' title='bbox 1962 4083 2131 4148; x_wconf 88' lang='lat' dir='ltr'>atque</span> <span class='ocrx_word' id='word_1_600' title='bbox 2153 4076 2300 4146; x_wconf 68' lang='lat' dir='ltr'>gula:</span> <span class='ocrx_word' id='word_1_601' title='bbox 2329 4075 2605 4131; x_wconf 91' lang='lat' dir='ltr'>illecebris</span> <span class='ocrx_word' id='word_1_602' title='bbox 2643 4076 2984 4145; x_wconf 89' lang='lat' dir='ltr'>deserviunt,</span> <span class='ocrx_word' id='word_1_603' title='bbox 3021 4079 3223 4134; x_wconf 89' lang='lat' dir='ltr'>melius</span> <span class='ocrx_word' id='word_1_604' title='bbox 3245 4079 3384 4134; x_wconf 90' lang='lat' dir='ltr'>mihi</span> <span class='ocrx_word' id='word_1_605' title='bbox 3408 4079 3564 4134; x_wconf 90' lang='lat' dir='ltr'>vide-</span> 
     </span>
    </p>
   </div>
   <div class='ocr_carea' id='block_1_83' title="bbox 275 4165 3566 4239">
    <p class='ocr_par' dir='ltr' id='par_1_83' title="bbox 275 4165 3566 4239">
     <span class='ocr_line' id='line_1_85' title="bbox 275 4165 3566 4239; baseline 0 -16"><span class='ocrx_word' id='word_1_606' title='bbox 275 4168 551 4239; x_wconf 87' lang='lat' dir='ltr'>legitime,</span> <span class='ocrx_word' id='word_1_607' title='bbox 583 4175 640 4222; x_wconf 91' lang='lat' dir='ltr'>et</span> <span class='ocrx_word' id='word_1_608' title='bbox 668 4167 904 4239; x_wconf 88' lang='lat' dir='ltr'>publicis</span> <span class='ocrx_word' id='word_1_609' title='bbox 923 4167 1136 4238; x_wconf 89' lang='lat' dir='ltr'>nuptiis</span> <span class='ocrx_word' id='word_1_610' title='bbox 1151 4167 1448 4220; x_wconf 87' lang='lat' dir='ltr'>honestata</span> <span class='ocrx_word' id='word_1_611' title='bbox 1467 4165 1722 4218; x_wconf 87' lang='lat' dir='ltr'>videatur</span> <span class='ocrx_word' id='word_1_612' title='bbox 1753 4182 1764 4217; x_wconf 89' lang='lat'><strong>:</strong></span> <span class='ocrx_word' id='word_1_613' title='bbox 1790 4181 1886 4236; x_wconf 84' lang='lat' dir='ltr'>pa-</span> <span class='ocrx_word' id='word_1_614' title='bbox 1963 4172 2076 4232; x_wconf 92' lang='lat' dir='ltr'>tur,</span> <span class='ocrx_word' id='word_1_615' title='bbox 2095 4171 2155 4220; x_wconf 90' lang='lat' dir='ltr'>ut</span> <span class='ocrx_word' id='word_1_616' title='bbox 2177 4165 2235 4219; x_wconf 91' lang='lat' dir='ltr'>in</span> <span class='ocrx_word' id='word_1_617' title='bbox 2273 4181 2386 4219; x_wconf 90' lang='lat' dir='ltr'>uno</span> <span class='ocrx_word' id='word_1_618' title='bbox 2433 4165 2552 4220; x_wconf 92' lang='lat' dir='ltr'>loco</span> <span class='ocrx_word' id='word_1_619' title='bbox 2590 4170 2901 4232; x_wconf 90' lang='lat' dir='ltr'>manentes,</span> <span class='ocrx_word' id='word_1_620' title='bbox 2952 4167 3285 4238; x_wconf 69' lang='lat' dir='ltr'>poenitentia</span> <span class='ocrx_word' id='word_1_621' title='bbox 3311 4169 3566 4224; x_wconf 84' lang='lat' dir='ltr'>districta</span> 
     </span>
    </p>
   </div>
   <div class='ocr_carea' id='block_1_84' title="bbox 279 4253 3566 4328">
    <p class='ocr_par' dir='ltr' id='par_1_84' title="bbox 279 4253 3566 4328">
     <span class='ocr_line' id='line_1_86' title="bbox 279 4253 3566 4328; baseline 0 -16"><span class='ocrx_word' id='word_1_622' title='bbox 279 4264 445 4314; x_wconf 89' lang='lat' dir='ltr'>terno</span> <span class='ocrx_word' id='word_1_623' title='bbox 474 4257 709 4312; x_wconf 89' lang='lat' dir='ltr'>arbitrio</span> <span class='ocrx_word' id='word_1_624' title='bbox 735 4257 870 4312; x_wconf 84' lang='lat' dir='ltr'>viris</span> <span class='ocrx_word' id='word_1_625' title='bbox 885 4258 1095 4328; x_wconf 70' lang='lat' dir='ltr'>juncta:</span> <span class='ocrx_word' id='word_1_626' title='bbox 1128 4259 1324 4309; x_wconf 88' lang='lat' dir='ltr'>carent</span> <span class='ocrx_word' id='word_1_627' title='bbox 1350 4255 1514 4324; x_wconf 86' lang='lat' dir='ltr'>culpa</span> <span class='ocrx_word' id='word_1_628' title='bbox 1540 4253 1587 4307; x_wconf 88' lang='lat' dir='ltr'>si</span> <span class='ocrx_word' id='word_1_629' title='bbox 1616 4253 1884 4308; x_wconf 90' lang='lat' dir='ltr'>mulieres</span> <span class='ocrx_word' id='word_1_630' title='bbox 1967 4254 2296 4326; x_wconf 88' lang='lat' dir='ltr'>semeptisos</span> <span class='ocrx_word' id='word_1_631' title='bbox 2333 4254 2624 4325; x_wconf 85' lang='lat' dir='ltr'>castigent,</span> <span class='ocrx_word' id='word_1_632' title='bbox 2649 4254 2696 4309; x_wconf 92' lang='lat' dir='ltr'>si</span> <span class='ocrx_word' id='word_1_633' title='bbox 2725 4255 2870 4310; x_wconf 89' lang='lat' dir='ltr'>forte</span> <span class='ocrx_word' id='word_1_634' title='bbox 2889 4272 2926 4310; x_wconf 91' lang='lat' dir='ltr'>a</span> <span class='ocrx_word' id='word_1_635' title='bbox 2949 4256 3174 4310; x_wconf 90' lang='lat' dir='ltr'>Domini</span> <span class='ocrx_word' id='word_1_636' title='bbox 3203 4257 3454 4312; x_wconf 89' lang='lat' dir='ltr'>bonitate</span> <span class='ocrx_word' id='word_1_637' title='bbox 3483 4259 3566 4314; x_wconf 92' lang='lat' dir='ltr'>in-</span> 
     </span>
    </p>
   </div>
   <div class='ocr_carea' id='block_1_85' title="bbox 280 4340 3565 4419">
    <p class='ocr_par' dir='ltr' id='par_1_85' title="bbox 280 4340 3565 4419">
     <span class='ocr_line' id='line_1_87' title="bbox 280 4340 3565 4419; baseline -0.001 -17"><span class='ocrx_word' id='word_1_638' title='bbox 280 4364 410 4419; x_wconf 73' lang='lat' dir='ltr'>qua:</span> <span class='ocrx_word' id='word_1_639' title='bbox 439 4365 474 4402; x_wconf 88' lang='lat' dir='ltr'>a</span> <span class='ocrx_word' id='word_1_640' title='bbox 500 4346 635 4401; x_wconf 86' lang='lat' dir='ltr'>viris</span> <span class='ocrx_word' id='word_1_641' title='bbox 665 4345 979 4401; x_wconf 86' lang='lat' dir='ltr'>habeantur</span> <span class='ocrx_word' id='word_1_642' title='bbox 1005 4345 1063 4399; x_wconf 90' lang='lat' dir='ltr'>in</span> <span class='ocrx_word' id='word_1_643' title='bbox 1094 4343 1454 4398; x_wconf 89' lang='lat' dir='ltr'>matrimonio</span> <span class='ocrx_word' id='word_1_644' title='bbox 1477 4359 1589 4397; x_wconf 89' lang='lat' dir='ltr'>non</span> <span class='ocrx_word' id='word_1_645' title='bbox 1635 4342 1879 4410; x_wconf 86' lang='lat' dir='ltr'>fuerunt,</span> <span class='ocrx_word' id='word_1_646' title='bbox 1903 4341 2314 4419; x_wconf 59' lang='lat' dir='ltr'>“dulgentiam</span> <span class='ocrx_word' id='word_1_647' title='bbox 2345 4340 2608 4396; x_wconf 89' lang='lat' dir='ltr'>facinoris</span> <span class='ocrx_word' id='word_1_648' title='bbox 2631 4343 2718 4397; x_wconf 90' lang='lat' dir='ltr'>sui</span> <span class='ocrx_word' id='word_1_649' title='bbox 2752 4343 3038 4414; x_wconf 89' lang='lat' dir='ltr'>percipere</span> <span class='ocrx_word' id='word_1_650' title='bbox 3067 4350 3410 4398; x_wconf 89' lang='lat' dir='ltr'>mereantur.</span> <span class='ocrx_word' id='word_1_651' title='bbox 3439 4346 3565 4399; x_wconf 89' lang='lat' dir='ltr'>Non</span> 
     </span>
    </p>
   </div>
   <div class='ocr_carea' id='block_1_86' title="bbox 281 4429 3566 4508">
    <p class='ocr_par' dir='ltr' id='par_1_86' title="bbox 281 4429 3566 4508">
     <span class='ocr_line' id='line_1_88' title="bbox 281 4429 3566 4508; baseline -0.001 -18"><span class='ocrx_word' id='word_1_652' title='bbox 281 4437 418 4508; x_wconf 89' lang='lat' dir='ltr'>quia</span> <span class='ocrx_word' id='word_1_653' title='bbox 445 4436 596 4490; x_wconf 88' lang='lat' dir='ltr'>aliud</span> <span class='ocrx_word' id='word_1_654' title='bbox 623 4441 711 4490; x_wconf 87' lang='lat' dir='ltr'>est</span> <span class='ocrx_word' id='word_1_655' title='bbox 734 4441 929 4507; x_wconf 87' lang='lat' dir='ltr'>nupta,</span> <span class='ocrx_word' id='word_1_656' title='bbox 962 4434 1114 4489; x_wconf 89' lang='lat' dir='ltr'>aliud</span> <span class='ocrx_word' id='word_1_657' title='bbox 1143 4431 1474 4488; x_wconf 88' lang='lat' dir='ltr'>concubina.</span> <span class='ocrx_word' id='word_1_658' title='bbox 1901 4429 1950 4456; x_wconf 79' lang='grc' dir='ltr'><em>υ</em></span> <span class='ocrx_word' id='word_1_659' title='bbox 1965 4430 2115 4484; x_wconf 91' lang='lat' dir='ltr'>enim</span> <span class='ocrx_word' id='word_1_660' title='bbox 2144 4430 2225 4485; x_wconf 92' lang='lat' dir='ltr'>eis</span> <span class='ocrx_word' id='word_1_661' title='bbox 2249 4429 2440 4484; x_wconf 92' lang='lat' dir='ltr'>licebit</span> <span class='ocrx_word' id='word_1_662' title='bbox 2464 4432 2613 4485; x_wconf 88' lang='lat' dir='ltr'>ultra</span> <span class='ocrx_word' id='word_1_663' title='bbox 2632 4431 2847 4488; x_wconf 74' lang='lat' dir='ltr'>militiae</span> <span class='ocrx_word' id='word_1_664' title='bbox 2876 4432 3163 4502; x_wconf 83' lang='lat' dir='ltr'>cingulum</span> <span class='ocrx_word' id='word_1_665' title='bbox 3211 4449 3454 4500; x_wconf 88' lang='lat' dir='ltr'>sumere,</span> <span class='ocrx_word' id='word_1_666' title='bbox 3506 4440 3566 4488; x_wconf 91' lang='lat' dir='ltr'>et</span> 
     </span>
    </p>
   </div>
   <div class='ocr_carea' id='block_1_87' title="bbox 355 4519 3569 4595">
    <p class='ocr_par' dir='ltr' id='par_1_87' title="bbox 355 4519 3569 4595">
     <span class='ocr_line' id='line_1_89' title="bbox 355 4519 3569 4595; baseline -0.001 -16"><span class='ocrx_word' id='word_1_667' title='bbox 355 4525 497 4580; x_wconf 90' lang='lat' dir='ltr'>Item</span> <span class='ocrx_word' id='word_1_668' title='bbox 525 4525 584 4578; x_wconf 89' lang='lat' dir='ltr'>in</span> <span class='ocrx_word' id='word_1_669' title='bbox 613 4525 865 4595; x_wconf 87' lang='lat' dir='ltr'>ejusdem</span> <span class='ocrx_word' id='word_1_670' title='bbox 893 4523 1148 4590; x_wconf 90' lang='lat' dir='ltr'>decretis,</span> <span class='ocrx_word' id='word_1_671' title='bbox 1181 4540 1302 4593; x_wconf 90' lang='lat' dir='ltr'>cap.</span> <span class='ocrx_word' id='word_1_672' title='bbox 1328 4520 1418 4587; x_wconf 76' lang='lat'>26,</span> <span class='ocrx_word' id='word_1_673' title='bbox 1452 4521 1724 4593; x_wconf 89' lang='lat' dir='ltr'>scriptum</span> <span class='ocrx_word' id='word_1_674' title='bbox 1751 4526 1836 4575; x_wconf 90' lang='lat' dir='ltr'>est</span> <span class='ocrx_word' id='word_1_675' title='bbox 1867 4538 1880 4574; x_wconf 89' lang='lat'><strong>:</strong></span> <span class='ocrx_word' id='word_1_676' title='bbox 1966 4519 2176 4590; x_wconf 88' lang='lat' dir='ltr'>nuptiis</span> <span class='ocrx_word' id='word_1_677' title='bbox 2205 4525 2375 4590; x_wconf 88' lang='lat' dir='ltr'>atque</span> <span class='ocrx_word' id='word_1_678' title='bbox 2403 4519 2648 4590; x_wconf 87' lang='lat' dir='ltr'>conjugii</span> <span class='ocrx_word' id='word_1_679' title='bbox 2668 4521 2866 4592; x_wconf 86' lang='lat' dir='ltr'>ecpula</span> <span class='ocrx_word' id='word_1_680' title='bbox 2887 4521 2968 4575; x_wconf 92' lang='lat' dir='ltr'>uti</span> <span class='ocrx_word' id='word_1_681' title='bbox 3011 4538 3023 4573; x_wconf 92' lang='lat'><strong>:</strong></span> <span class='ocrx_word' id='word_1_682' title='bbox 3058 4521 3192 4592; x_wconf 88' lang='lat' dir='ltr'>quia</span> <span class='ocrx_word' id='word_1_683' title='bbox 3219 4521 3361 4576; x_wconf 90' lang='lat' dir='ltr'>sacri</span> <span class='ocrx_word' id='word_1_684' title='bbox 3390 4523 3569 4578; x_wconf 89' lang='lat' dir='ltr'>Cano-</span> 
     </span>
    </p>
   </div>
   <div class='ocr_carea' id='block_1_88' title="bbox 281 4608 3569 4684">
    <p class='ocr_par' dir='ltr' id='par_1_88' title="bbox 281 4608 3569 4684">
     <span class='ocr_line' id='line_1_90' title="bbox 281 4608 3569 4684; baseline -0 -17"><span class='ocrx_word' id='word_1_685' title='bbox 281 4613 444 4677; x_wconf 86' lang='lat' dir='ltr'>Quod</span> <span class='ocrx_word' id='word_1_686' title='bbox 471 4631 582 4668; x_wconf 91' lang='lat' dir='ltr'>non</span> <span class='ocrx_word' id='word_1_687' title='bbox 608 4614 684 4668; x_wconf 90' lang='lat' dir='ltr'>sit</span> <span class='ocrx_word' id='word_1_688' title='bbox 720 4613 966 4684; x_wconf 87' lang='lat' dir='ltr'>conjugii</span> <span class='ocrx_word' id='word_1_689' title='bbox 1031 4611 1352 4684; x_wconf 90' lang='lat' dir='ltr'>duplicatio,</span> <span class='ocrx_word' id='word_1_690' title='bbox 1405 4611 1649 4682; x_wconf 88' lang='lat' dir='ltr'>quando,</span> <span class='ocrx_word' id='word_1_691' title='bbox 1682 4609 1885 4664; x_wconf 89' lang='lat' dir='ltr'>ancilla</span> <span class='ocrx_word' id='word_1_692' title='bbox 1967 4625 2066 4662; x_wconf 88' lang='lat' dir='ltr'>nes</span> <span class='ocrx_word' id='word_1_693' title='bbox 2088 4608 2193 4662; x_wconf 87' lang='lat' dir='ltr'>hoc</span> <span class='ocrx_word' id='word_1_694' title='bbox 2220 4609 2301 4662; x_wconf 86' lang='lat' dir='ltr'>eis</span> <span class='ocrx_word' id='word_1_695' title='bbox 2329 4625 2444 4662; x_wconf 73' lang='lat' dir='ltr'>non</span> <span class='ocrx_word' id='word_1_696' title='bbox 2459 4610 2819 4665; x_wconf 88' lang='lat' dir='ltr'>consentiunt</span> <span class='ocrx_word' id='word_1_697' title='bbox 2849 4629 2861 4663; x_wconf 74' lang='grc' dir='ltr'>ε</span> <span class='ocrx_word' id='word_1_698' title='bbox 2887 4610 3031 4664; x_wconf 92' lang='lat' dir='ltr'>sicut</span> <span class='ocrx_word' id='word_1_699' title='bbox 3060 4611 3226 4665; x_wconf 89' lang='lat' dir='ltr'>modo</span> <span class='ocrx_word' id='word_1_700' title='bbox 3280 4611 3350 4666; x_wconf 90' lang='lat' dir='ltr'>de</span> <span class='ocrx_word' id='word_1_701' title='bbox 3393 4612 3569 4682; x_wconf 51' lang='lat' dir='ltr'>paeni-</span> 
     </span>
    </p>
   </div>
   <div class='ocr_carea' id='block_1_89' title="bbox 281 4695 3568 4772">
    <p class='ocr_par' dir='ltr' id='par_1_89' title="bbox 281 4695 3568 4772">
     <span class='ocr_line' id='line_1_91' title="bbox 281 4695 3568 4772; baseline -0 -16"><span class='ocrx_word' id='word_1_702' title='bbox 281 4702 513 4772; x_wconf 87' lang='lat' dir='ltr'>rejecta,</span> <span class='ocrx_word' id='word_1_703' title='bbox 538 4719 678 4758; x_wconf 87' lang='lat' dir='ltr'>uxor</span> <span class='ocrx_word' id='word_1_704' title='bbox 694 4702 1021 4757; x_wconf 89' lang='lat' dir='ltr'>assumitur.</span> <span class='ocrx_word' id='word_1_705' title='bbox 1055 4701 1332 4755; x_wconf 84' lang='lat' dir='ltr'>Ancillam</span> <span class='ocrx_word' id='word_1_706' title='bbox 1361 4716 1396 4753; x_wconf 88' lang='lat' dir='ltr'>a</span> <span class='ocrx_word' id='word_1_707' title='bbox 1421 4699 1587 4753; x_wconf 90' lang='lat' dir='ltr'>thoro</span> <span class='ocrx_word' id='word_1_708' title='bbox 1620 4698 1880 4769; x_wconf 84' lang='lat' dir='ltr'>abjicerc,</span> <span class='ocrx_word' id='word_1_709' title='bbox 1966 4695 2214 4751; x_wconf 86' lang='lat' dir='ltr'>tentibus</span> <span class='ocrx_word' id='word_1_710' title='bbox 2272 4713 2374 4768; x_wconf 87' lang='lat' dir='ltr'>pro</span> <span class='ocrx_word' id='word_1_711' title='bbox 2431 4697 2611 4768; x_wconf 90' lang='lat' dir='ltr'>culpis</span> <span class='ocrx_word' id='word_1_712' title='bbox 2665 4699 2920 4766; x_wconf 87' lang='lat' dir='ltr'>gravium</span> <span class='ocrx_word' id='word_1_713' title='bbox 2967 4699 3270 4754; x_wconf 90' lang='lat' dir='ltr'>criminum</span> <span class='ocrx_word' id='word_1_714' title='bbox 3341 4701 3568 4756; x_wconf 85' lang='lat' dir='ltr'>decreta</span> 
     </span>
    </p>
   </div>
   <div class='ocr_carea' id='block_1_90' title="bbox 281 4785 3502 4862">
    <p class='ocr_par' dir='ltr' id='par_1_90' title="bbox 281 4785 3502 4862">
     <span class='ocr_line' id='line_1_92' title="bbox 281 4785 3502 4862; baseline -0.001 -17"><span class='ocrx_word' id='word_1_715' title='bbox 281 4795 343 4845; x_wconf 87' lang='lat' dir='ltr'>et</span> <span class='ocrx_word' id='word_1_716' title='bbox 373 4808 605 4846; x_wconf 89' lang='lat' dir='ltr'>uxorem</span> <span class='ocrx_word' id='word_1_717' title='bbox 625 4797 790 4846; x_wconf 66' lang='lat' dir='ltr'>certae</span> <span class='ocrx_word' id='word_1_718' title='bbox 820 4790 1184 4862; x_wconf 87' lang='lat' dir='ltr'>ingenuitatis</span> <span class='ocrx_word' id='word_1_719' title='bbox 1233 4788 1504 4860; x_wconf 89' lang='lat' dir='ltr'>accipere,</span> <span class='ocrx_word' id='word_1_720' title='bbox 1537 4804 1649 4842; x_wconf 88' lang='lat' dir='ltr'>non</span> <span class='ocrx_word' id='word_1_721' title='bbox 1698 4787 1883 4859; x_wconf 91' lang='lat' dir='ltr'>dupli-</span> <span class='ocrx_word' id='word_1_722' title='bbox 1966 4785 2260 4856; x_wconf 84' lang='lat' dir='ltr'>synodalia</span> <span class='ocrx_word' id='word_1_723' title='bbox 2286 4785 2588 4839; x_wconf 88' lang='lat' dir='ltr'>decernere</span> <span class='ocrx_word' id='word_1_724' title='bbox 2615 4785 2892 4839; x_wconf 88' lang='lat' dir='ltr'>ostensuri</span> <span class='ocrx_word' id='word_1_725' title='bbox 2923 4803 3137 4844; x_wconf 89' lang='lat' dir='ltr'>sumus.</span> <span class='ocrx_word' id='word_1_726' title='bbox 3497 4787 3502 4802; x_wconf 93' lang='lat'>&#39;</span> 
     </span>
    </p>
   </div>
   <div class='ocr_carea' id='block_1_91' title="bbox 281 4873 3569 4951">
    <p class='ocr_par' dir='ltr' id='par_1_91' title="bbox 281 4873 3569 4951">
     <span class='ocr_line' id='line_1_93' title="bbox 281 4873 3569 4951; baseline -0 -17"><span class='ocrx_word' id='word_1_727' title='bbox 281 4880 432 4934; x_wconf 88' lang='lat' dir='ltr'>catio</span> <span class='ocrx_word' id='word_1_728' title='bbox 452 4881 718 4951; x_wconf 88' lang='lat' dir='ltr'>conjugii,</span> <span class='ocrx_word' id='word_1_729' title='bbox 739 4881 836 4934; x_wconf 89' lang='lat' dir='ltr'>sed</span> <span class='ocrx_word' id='word_1_730' title='bbox 859 4879 1234 4951; x_wconf 88' lang='lat' dir='ltr'>profectusest</span> <span class='ocrx_word' id='word_1_731' title='bbox 1250 4877 1890 4948; x_wconf 84' lang='lat' dir='ltr'>honestatis.Culpanda</span> <span class='ocrx_word' id='word_1_732' title='bbox 2040 4875 2236 4944; x_wconf 88' lang='lat' dir='ltr'>Itaque</span> <span class='ocrx_word' id='word_1_733' title='bbox 2278 4873 2338 4928; x_wconf 91' lang='lat' dir='ltr'>in</span> <span class='ocrx_word' id='word_1_734' title='bbox 2381 4875 2679 4945; x_wconf 84' lang='lat' dir='ltr'>Ancyrano</span> <span class='ocrx_word' id='word_1_735' title='bbox 2722 4873 2956 4929; x_wconf 91' lang='lat' dir='ltr'>concilio</span> <span class='ocrx_word' id='word_1_736' title='bbox 3004 4895 3124 4949; x_wconf 89' lang='lat' dir='ltr'>cap.</span> <span class='ocrx_word' id='word_1_737' title='bbox 3157 4877 3245 4942; x_wconf 81' lang='grc'>20,</span> <span class='ocrx_word' id='word_1_738' title='bbox 3297 4879 3569 4949; x_wconf 89' lang='lat' dir='ltr'>scriptum</span> 
     </span>
    </p>
   </div>
   <div class='ocr_carea' id='block_1_92' title="bbox 281 4961 3570 5039">
    <p class='ocr_par' dir='ltr' id='par_1_92' title="bbox 281 4961 3570 5039">
     <span class='ocr_line' id='line_1_94' title="bbox 281 4961 3570 5039; baseline -0 -17"><span class='ocrx_word' id='word_1_739' title='bbox 281 4969 360 5022; x_wconf 87' lang='lat' dir='ltr'>sit</span> <span class='ocrx_word' id='word_1_740' title='bbox 386 4985 522 5023; x_wconf 88' lang='lat' dir='ltr'>sane</span> <span class='ocrx_word' id='word_1_741' title='bbox 549 4969 750 5024; x_wconf 88' lang='lat' dir='ltr'>talium</span> <span class='ocrx_word' id='word_1_742' title='bbox 776 4967 1120 5039; x_wconf 84' lang='lat' dir='ltr'>negligentia</span> <span class='ocrx_word' id='word_1_743' title='bbox 1147 4985 1158 5020; x_wconf 91' lang='lat'>:</span> <span class='ocrx_word' id='word_1_744' title='bbox 1193 4967 1290 5021; x_wconf 92' lang='lat' dir='ltr'>sed</span> <span class='ocrx_word' id='word_1_745' title='bbox 1321 4983 1433 5021; x_wconf 90' lang='lat' dir='ltr'>non</span> <span class='ocrx_word' id='word_1_746' title='bbox 1452 4965 1674 5038; x_wconf 90' lang='lat' dir='ltr'>penitus</span> <span class='ocrx_word' id='word_1_747' title='bbox 1695 4966 1888 5036; x_wconf 88' lang='lat' dir='ltr'>despe-</span> <span class='ocrx_word' id='word_1_748' title='bbox 1969 4967 2057 5017; x_wconf 92' lang='lat' dir='ltr'>est</span> <span class='ocrx_word' id='word_1_749' title='bbox 2086 4963 2156 5016; x_wconf 91' lang='lat' dir='ltr'>de</span> <span class='ocrx_word' id='word_1_750' title='bbox 2183 4961 2270 5016; x_wconf 87' lang='lat' dir='ltr'>his</span> <span class='ocrx_word' id='word_1_751' title='bbox 2292 4963 2388 5034; x_wconf 91' lang='lat' dir='ltr'>qui</span> <span class='ocrx_word' id='word_1_752' title='bbox 2410 4969 2604 5034; x_wconf 89' lang='lat' dir='ltr'>partus</span> <span class='ocrx_word' id='word_1_753' title='bbox 2635 4979 2766 5017; x_wconf 91' lang='lat' dir='ltr'>suos</span> <span class='ocrx_word' id='word_1_754' title='bbox 2801 4981 2867 5018; x_wconf 91' lang='lat' dir='ltr'>ex</span> <span class='ocrx_word' id='word_1_755' title='bbox 2924 4964 3289 5021; x_wconf 88' lang='lat' dir='ltr'>fornicatione</span> <span class='ocrx_word' id='word_1_756' title='bbox 3336 4966 3570 5021; x_wconf 87' lang='lat' dir='ltr'>diversis</span> 
     </span>
    </p>
   </div>
   <div class='ocr_carea' id='block_1_93' title="bbox 281 5051 3572 5126">
    <p class='ocr_par' dir='ltr' id='par_1_93' title="bbox 281 5051 3572 5126">
     <span class='ocr_line' id='line_1_95' title="bbox 281 5051 3572 5126; baseline -0.001 -14"><span class='ocrx_word' id='word_1_757' title='bbox 281 5057 502 5112; x_wconf 88' lang='lat' dir='ltr'>randa:</span> <span class='ocrx_word' id='word_1_758' title='bbox 557 5064 621 5113; x_wconf 92' lang='lat' dir='ltr'>ut</span> <span class='ocrx_word' id='word_1_759' title='bbox 659 5057 868 5112; x_wconf 91' lang='lat' dir='ltr'>crebris</span> <span class='ocrx_word' id='word_1_760' title='bbox 921 5055 1400 5112; x_wconf 80' lang='lat' dir='ltr'>exhortationibus</span> <span class='ocrx_word' id='word_1_761' title='bbox 1452 5055 1688 5121; x_wconf 86' lang='lat' dir='ltr'>incitati,</span> <span class='ocrx_word' id='word_1_762' title='bbox 1737 5055 1886 5126; x_wconf 89' lang='lat' dir='ltr'>quod</span> <span class='ocrx_word' id='word_1_763' title='bbox 1971 5051 2527 5106; x_wconf 88' lang='lat' dir='ltr'>modisinterimunt:</span> <span class='ocrx_word' id='word_1_764' title='bbox 2551 5053 2630 5106; x_wconf 91' lang='lat' dir='ltr'>De</span> <span class='ocrx_word' id='word_1_765' title='bbox 2655 5052 2986 5107; x_wconf 88' lang='lat' dir='ltr'>mulieribus</span> <span class='ocrx_word' id='word_1_766' title='bbox 3008 5055 3572 5124; x_wconf 68' lang='lat' dir='ltr'>quaefornicantur,et</span> 
     </span>
    </p>
   </div>
   <div class='ocr_carea' id='block_1_94' title="bbox 282 5141 3569 5219">
    <p class='ocr_par' dir='ltr' id='par_1_94' title="bbox 282 5141 3569 5219">
     <span class='ocr_line' id='line_1_96' title="bbox 282 5141 3569 5219; baseline -0.001 -17"><span class='ocrx_word' id='word_1_767' title='bbox 282 5147 600 5202; x_wconf 88' lang='lat' dir='ltr'>necessarie</span> <span class='ocrx_word' id='word_1_768' title='bbox 683 5147 1072 5219; x_wconf 86' lang='lat' dir='ltr'>expetiverunt</span> <span class='ocrx_word' id='word_1_769' title='bbox 1093 5186 1106 5211; x_wconf 94' lang='lat'>,</span> <span class='ocrx_word' id='word_1_770' title='bbox 1172 5144 1412 5199; x_wconf 87' lang='lat' dir='ltr'>ﬁdeliter</span> <span class='ocrx_word' id='word_1_771' title='bbox 1488 5149 1882 5214; x_wconf 85' lang='lat' dir='ltr'>exsequantur.</span> <span class='ocrx_word' id='word_1_772' title='bbox 1969 5146 2164 5212; x_wconf 89' lang='lat' dir='ltr'>partus</span> <span class='ocrx_word' id='word_1_773' title='bbox 2193 5157 2324 5194; x_wconf 91' lang='lat' dir='ltr'>suos</span> <span class='ocrx_word' id='word_1_774' title='bbox 2351 5143 2574 5206; x_wconf 88' lang='lat' dir='ltr'>necant,</span> <span class='ocrx_word' id='word_1_775' title='bbox 2607 5141 2689 5194; x_wconf 92' lang='lat' dir='ltr'>vel</span> <span class='ocrx_word' id='word_1_776' title='bbox 2713 5159 2835 5211; x_wconf 70' lang='lat' dir='ltr'>quae</span> <span class='ocrx_word' id='word_1_777' title='bbox 2857 5148 3033 5213; x_wconf 85' lang='lat' dir='ltr'>agunt</span> <span class='ocrx_word' id='word_1_778' title='bbox 3070 5159 3256 5196; x_wconf 89' lang='lat' dir='ltr'>secum</span> <span class='ocrx_word' id='word_1_779' title='bbox 3293 5150 3359 5198; x_wconf 91' lang='lat' dir='ltr'>ut</span> <span class='ocrx_word' id='word_1_780' title='bbox 3405 5147 3569 5198; x_wconf 86' lang='lat' dir='ltr'>utero</span> 
     </span>
    </p>
   </div>
   <div class='ocr_carea' id='block_1_95' title="bbox 278 5228 3570 5307">
    <p class='ocr_par' dir='ltr' id='par_1_95' title="bbox 278 5228 3570 5307">
     <span class='ocr_line' id='line_1_97' title="bbox 278 5228 3570 5307; baseline -0.002 -16"><span class='ocrx_word' id='word_1_781' title='bbox 278 5237 465 5292; x_wconf 86' lang='lat' dir='ltr'>Nemo</span> <span class='ocrx_word' id='word_1_782' title='bbox 494 5235 644 5290; x_wconf 89' lang='lat' dir='ltr'>enim</span> <span class='ocrx_word' id='word_1_783' title='bbox 677 5235 1060 5307; x_wconf 88' lang='lat' dir='ltr'>desperandus</span> <span class='ocrx_word' id='word_1_784' title='bbox 1116 5239 1218 5298; x_wconf 90' lang='lat' dir='ltr'>est,</span> <span class='ocrx_word' id='word_1_785' title='bbox 1263 5233 1396 5286; x_wconf 91' lang='lat' dir='ltr'>dum</span> <span class='ocrx_word' id='word_1_786' title='bbox 1422 5231 1480 5286; x_wconf 90' lang='lat' dir='ltr'>in</span> <span class='ocrx_word' id='word_1_787' title='bbox 1513 5232 1618 5286; x_wconf 88' lang='lat' dir='ltr'>hoc</span> <span class='ocrx_word' id='word_1_788' title='bbox 1657 5248 1886 5302; x_wconf 88' lang='lat' dir='ltr'>corpore</span> <span class='ocrx_word' id='word_1_789' title='bbox 1969 5235 2264 5300; x_wconf 87' lang='lat' dir='ltr'>conceptos</span> <span class='ocrx_word' id='word_1_790' title='bbox 2284 5228 2586 5296; x_wconf 87' lang='lat' dir='ltr'>excutiant,</span> <span class='ocrx_word' id='word_1_791' title='bbox 2609 5229 2843 5301; x_wconf 88' lang='lat' dir='ltr'>antiqua</span> <span class='ocrx_word' id='word_1_792' title='bbox 2869 5231 3094 5302; x_wconf 92' lang='lat' dir='ltr'>quidem</span> <span class='ocrx_word' id='word_1_793' title='bbox 3109 5231 3362 5286; x_wconf 86' lang='lat' dir='ltr'>deﬁnitio</span> <span class='ocrx_word' id='word_1_794' title='bbox 3392 5248 3570 5303; x_wconf 89' lang='lat' dir='ltr'>usque</span> 
     </span>
    </p>
   </div>
   <div class='ocr_carea' id='block_1_96' title="bbox 277 5317 3570 5395">
    <p class='ocr_par' dir='ltr' id='par_1_96' title="bbox 277 5317 3570 5395">
     <span class='ocr_line' id='line_1_98' title="bbox 277 5317 3570 5395; baseline -0.002 -15"><span class='ocrx_word' id='word_1_795' title='bbox 277 5325 625 5380; x_wconf 89' lang='lat' dir='ltr'>constitutus</span> <span class='ocrx_word' id='word_1_796' title='bbox 665 5330 782 5379; x_wconf 82' lang='lat' dir='ltr'>est:</span> <span class='ocrx_word' id='word_1_797' title='bbox 819 5324 949 5395; x_wconf 90' lang='lat' dir='ltr'>quia</span> <span class='ocrx_word' id='word_1_798' title='bbox 977 5337 1383 5392; x_wconf 87' lang='lat' dir='ltr'>nonnunquam</span> <span class='ocrx_word' id='word_1_799' title='bbox 1405 5321 1552 5393; x_wconf 92' lang='lat' dir='ltr'>quod</span> <span class='ocrx_word' id='word_1_800' title='bbox 1573 5319 1887 5375; x_wconf 74' lang='lat' dir='ltr'>difﬁdentia</span> <span class='ocrx_word' id='word_1_801' title='bbox 1967 5319 2038 5374; x_wconf 90' lang='lat' dir='ltr'>ad</span> <span class='ocrx_word' id='word_1_802' title='bbox 2058 5317 2268 5372; x_wconf 86' lang='lat' dir='ltr'>exitum</span> <span class='ocrx_word' id='word_1_803' title='bbox 2300 5317 2422 5371; x_wconf 69' lang='lat' dir='ltr'>vitae</span> <span class='ocrx_word' id='word_1_804' title='bbox 2453 5333 2548 5371; x_wconf 91' lang='lat' dir='ltr'>eas</span> <span class='ocrx_word' id='word_1_805' title='bbox 2578 5317 2648 5371; x_wconf 90' lang='lat' dir='ltr'>ab</span> <span class='ocrx_word' id='word_1_806' title='bbox 2675 5319 2920 5374; x_wconf 90' lang='lat' dir='ltr'>Ecclesia</span> <span class='ocrx_word' id='word_1_807' title='bbox 2953 5325 3221 5374; x_wconf 90' lang='lat' dir='ltr'>removet.</span> <span class='ocrx_word' id='word_1_808' title='bbox 3254 5319 3570 5375; x_wconf 89' lang='lat' dir='ltr'>Humanius</span> 
     </span>
    </p>
   </div>
   <div class='ocr_carea' id='block_1_97' title="bbox 277 5405 3571 5482">
    <p class='ocr_par' dir='ltr' id='par_1_97' title="bbox 277 5405 3571 5482">
     <span class='ocr_line' id='line_1_99' title="bbox 277 5405 3571 5482; baseline -0.002 -13"><span class='ocrx_word' id='word_1_809' title='bbox 277 5414 466 5468; x_wconf 68' lang='lat' dir='ltr'>aetatis</span> <span class='ocrx_word' id='word_1_810' title='bbox 515 5415 790 5478; x_wconf 81' lang='lat' dir='ltr'>diﬂ‘ertur,</span> <span class='ocrx_word' id='word_1_811' title='bbox 851 5411 1082 5467; x_wconf 90' lang='lat' dir='ltr'>consilio</span> <span class='ocrx_word' id='word_1_812' title='bbox 1128 5409 1423 5464; x_wconf 87' lang='lat' dir='ltr'>maturiori</span> <span class='ocrx_word' id='word_1_813' title='bbox 1463 5409 1769 5482; x_wconf 89' lang='lat' dir='ltr'>perﬁcitur,</span> <span class='ocrx_word' id='word_1_814' title='bbox 1825 5409 1884 5462; x_wconf 89' lang='lat' dir='ltr'>in</span> <span class='ocrx_word' id='word_1_815' title='bbox 1969 5414 2157 5462; x_wconf 84' lang='lat' dir='ltr'>autem</span> <span class='ocrx_word' id='word_1_816' title='bbox 2187 5405 2826 5472; x_wconf 86' lang='lat' dir='ltr'>nuncdeﬁnimus,uteis</span> <span class='ocrx_word' id='word_1_817' title='bbox 2846 5408 3328 5462; x_wconf 88' lang='lat' dir='ltr'>decemannorum</span> <span class='ocrx_word' id='word_1_818' title='bbox 3345 5413 3571 5480; x_wconf 88' lang='lat' dir='ltr'>tempus</span> 
     </span>
    </p>
   </div>
   <div class='ocr_carea' id='block_1_98' title="bbox 281 5495 3496 5569">
    <p class='ocr_par' dir='ltr' id='par_1_98' title="bbox 281 5495 3496 5569">
     <span class='ocr_line' id='line_1_100' title="bbox 281 5495 3496 5569; baseline -0.001 -13"><span class='ocrx_word' id='word_1_819' title='bbox 281 5502 647 5556; x_wconf 87' lang='lat' dir='ltr'>matrimonio</span> <span class='ocrx_word' id='word_1_820' title='bbox 667 5503 886 5557; x_wconf 72' lang='lat' dir='ltr'>Videtur</span> <span class='ocrx_word' id='word_1_821' title='bbox 908 5518 1050 5556; x_wconf 89' lang='lat' dir='ltr'>esse.</span> <span class='ocrx_word' id='word_1_822' title='bbox 1967 5497 2275 5552; x_wconf 89' lang='lat' dir='ltr'>secundum</span> <span class='ocrx_word' id='word_1_823' title='bbox 2306 5495 2559 5566; x_wconf 69' lang='lat' dir='ltr'>praaﬁxos</span> <span class='ocrx_word' id='word_1_824' title='bbox 2571 5495 2781 5565; x_wconf 87' lang='lat' dir='ltr'>gradus</span> <span class='ocrx_word' id='word_1_825' title='bbox 2808 5496 3149 5566; x_wconf 68' lang='lat' dir='ltr'>paenitentiae</span> <span class='ocrx_word' id='word_1_826' title='bbox 3170 5497 3496 5569; x_wconf 83' lang='lat' dir='ltr'>largiamur.</span> 
     </span>
    </p>
   </div>
   <div class='ocr_carea' id='block_1_99' title="bbox 2043 5583 3572 5660">
    <p class='ocr_par' dir='ltr' id='par_1_99' title="bbox 2043 5583 3572 5660">
     <span class='ocr_line' id='line_1_101' title="bbox 2043 5583 3572 5660; baseline 0.001 -18"><span class='ocrx_word' id='word_1_827' title='bbox 2043 5588 2187 5642; x_wconf 82' lang='lat' dir='ltr'>Item</span> <span class='ocrx_word' id='word_1_828' title='bbox 2211 5585 2271 5640; x_wconf 90' lang='lat' dir='ltr'>in</span> <span class='ocrx_word' id='word_1_829' title='bbox 2300 5583 2534 5640; x_wconf 88' lang='lat' dir='ltr'>concilio</span> <span class='ocrx_word' id='word_1_830' title='bbox 2549 5583 2984 5653; x_wconf 85' lang='lat' dir='ltr'>Heliberritano,</span> <span class='ocrx_word' id='word_1_831' title='bbox 3005 5603 3128 5659; x_wconf 87' lang='lat' dir='ltr'>cap.</span> <span class='ocrx_word' id='word_1_832' title='bbox 3184 5585 3272 5655; x_wconf 87' lang='lat'>63,</span> <span class='ocrx_word' id='word_1_833' title='bbox 3296 5587 3572 5660; x_wconf 86' lang='lat' dir='ltr'>scriptum</span> 
     </span>
    </p>
   </div>
  </div>
