4018 6168
445 329 458 342 ,
539 274 666 329 i411

531 404 616 452 est
635 399 704 451 de
737 397 824 454 his
854 412 976 466 qua
1007 394 1147 446 filios
1180 409 1242 446 ex
1277 393 1550 446 adulterio
1563 397 1764 448 necant
1786 413 1794 444 :
1815 395 1871 448 Si
1902 411 2012 464 qua
2042 411 2140 464 per

529 486 870 541 adulterium
922 483 1151 536 absente
1184 482 1384 534 marito
1414 483 1746 552 conceperit,
1789 483 1955 553 idque
2011 491 2134 552 post

525 577 736 630 facinus
759 572 1038 638 occiderit,
1082 571 1294 643 placuit
1322 571 1410 624 vix
1456 571 1512 624 in
1563 574 1670 625 ﬁne
1717 573 1960 628 dandam
2009 590 2129 626 esse

528 663 997 724 communionem,
1033 678 1096 714 eo
1137 660 1282 730 quod
1314 661 1683 728 geminaverit
1713 663 1912 715 scelus.

598 757 736 810 ltem
763 753 818 805 in
843 750 1072 804 concilio
1099 749 1432 814 ililerdensi,
1468 766 1586 819 cap.
1625 751 1674 808 '2,
1722 751 1988 820 scriptum
2045 757 2130 803 est

525 843 702 900 dehis
733 841 828 911 qui
851 840 1108 893 abortum
1133 839 1360 901 faciunt,
1396 839 1476 890 vel
1529 845 1688 891 natos
1736 857 1866 892 suos
1926 841 2128 895 exstin-

523 937 707 1001 guunt
736 949 746 983 :
785 929 854 986 lli
882 945 1008 982 vero
1040 928 1134 998 qui
1184 927 1328 980 male
1372 933 1688 996 conceptos,
1722 946 1786 981 ex
1850 929 2126 982 adulterio

525 1022 699 1076 factos
730 1020 812 1072 vel
844 1018 1022 1082 editos
1052 1033 1249 1070 necare
1282 1017 1618 1082 studueriut,
1654 1019 1737 1070 vel
1757 1018 1811 1071 in
1847 1019 2131 1074 ventribus

525 1117 792 1173 matrum,
821 1106 1139 1178 potionibus
1169 1106 1450 1175 aliquibus
1482 1107 1785 1162 colliserint
1811 1109 1868 1164 in
1895 1116 2131 1178 utroque

529 1217 662 1254 sexu
710 1197 998 1259 adulteris,
1054 1201 1180 1265 post
1233 1201 1447 1266 septem
1497 1211 1770 1250 annorum
1831 1199 2125 1257 curricula,

529 1287 849 1346 communio
875 1286 1158 1339 tribuatur
1185 1283 1293 1336 :ita
1315 1290 1502 1348 tamen
1562 1291 1624 1340 ut
1672 1286 1822 1340 omni
1878 1293 2132 1357 tempore

528 1377 653 1432 vitio
675 1393 788 1433 suae
819 1374 1041 1428 ﬂetibus
1073 1379 1128 1426 et
1151 1372 1452 1428 humilitati
1478 1374 1756 1428 insistant.

599 1495 730 1546 CAP.
767 1492 888 1546 XII.
925 1521 989 1529 -—
1025 1492 1091 1542 De
1120 1491 1432 1540 hmm‘riiliiv
1465 1493 1776 1542 'i'o/un/J/‘ic
1807 1496 2128 1550 (vmmn'ssiv.

601 1602 664 1654 1n
697 1597 929 1651 concilio
961 1595 1414 1658 Neoczrsariensi,
1449 1613 1567 1665 cap.
1604 1595 1690 1652 ‘21.
1725 1598 1792 1649 de
1821 1599 2134 1652 homicidiis

529 1691 799 1759 scriptum
845 1692 929 1739 est
957 1705 967 1737 :
997 1685 1102 1748 Qui
1149 1685 1456 1737 voluntarie
1495 1686 1852 1738 homicidium
1879 1687 2129 1748 fecerint,

528 1775 871 1848 pmnitentia:
897 1774 1122 1843 quidem
1142 1773 1352 1842 jugiter
1377 1790 1436 1825 se
1468 1773 1822 1832 submittant.
1843 1777 2130 1844 perfectio-

527 1883 656 1919 nem
685 1881 814 1918 vero
840 1864 984 1916 circa
1017 1863 1226 1916 exitum
1255 1868 1688 1932 consequantur.

621 1990 750 2042 CAP.
778 1989 928 2042 XIII.
964 2017 1027 2026 —
1061 1989 1131 2040 De
1162 1988 1476 2038 homicidiis
1514 1991 1560 2038 ct
1586 1989 1744 2053 [it/sis
1779 1991 2015 2040 tesh‘bm.

600 2097 742 2149 Item
764 2095 821 2148 in
851 2094 1083 2147 concilio
1129 2093 1456 2160 Agathensi,
1480 2110 1600 2164 cap.
1627 2092 1711 2157 3’1,
1746 2095 1813 2146 de
1846 2094 2138 2149 homicidis

526 2191 584 2238 et
603 2185 754 2238 falsis
786 2183 1022 2236 testibus
1059 2183 1326 2252 scriptum
1379 2188 1504 2234 est:
1552 2183 1747 2252 Itaque
1793 2184 2130 2248 censuimus,

527 2273 835 2326 homicidas
867 2279 924 2325 et
944 2273 1112 2324 falsos
1160 2277 1330 2322 testes
1368 2288 1401 2322 a
1440 2272 1833 2324 communione
1880 2274 2133 2327 ecclesia-

524 2362 662 2415 stica
705 2361 1128 2416 submovendos.
1190 2360 1296 2412 nisi
1347 2359 1688 2430 poenitentiae
1750 2362 2130 2416 satisfactione

531 2451 768 2504 crimina
799 2449 1042 2504 admissa
1063 2449 1350 2501 diluerint.

523 2566 652 2618 CAP.
690 2566 833 2620 XIV.
884 2597 948 2605 —
1006 2569 1072 2618 llr
1097 2565 1181 2616 his
1211 2567 1310 2630 qui
1331 2580 1506 2615 scrros
1532 2580 1653 2615 sum
1682 2571 1836 2618 (πίννα
1877 2569 2120 2636 judicent

596 2644 810 2699 necant,
847 2643 890 2689 cl
923 2639 1149 2689 (lonu'n/z
1182 2653 1290 2702 (Illa.
1322 2651 1422 2702 per
1451 2639 1625 2686 scfum
1677 2640 1947 2690 auri/Iam.
1991 2644 2124 2692 ccci-

592 2711 761 2759 derit.

597 2807 734 2858 Item
771 2805 826 2856 in
853 2804 1084 2856 concilio
1113 2804 1440 2872 Agathensi,
1473 2821 1592 2874 cap.
1623 2804 1710 2865 (i2,
1743 2806 2012 2875 scriptum
2045 2816 2130 2860 est

527 2894 596 2947 de
629 2893 712 2946 his
744 2893 838 2962 qui
857 2910 1044 2946 servos
1074 2907 1205 2945 suos
1221 2899 1375 2945 extra
1400 2893 1862 2960 judicemnecant
1894 2913 1903 2946 :
1932 2895 2128 2966 Siquis

526 2998 749 3034 servum
779 2981 1069 3050 proprium
1093 2981 1210 3034 sine
1231 2981 1570 3034 conscientia
1596 2982 1798 3050 judicis
1843 2985 2121 3051 occiderit,

525 3069 1097 3130 excommunicatione
1131 3071 1210 3122 vel
1243 3071 1570 3139 poenitentia
1619 3071 1847 3136 biennii,
1911 3081 2128 3128 reatum

523 3158 812 3227 sanguinis
839 3157 1182 3212 emundabit.

594 3248 735 3305 Item
759 3247 815 3302 in
847 3245 1077 3300 concilio
1109 3245 1539 3306 Heliberritano,
1603 3264 1722 3316 cap.
1759 3249 1808 3309 5,
1857 3249 2123 3319 scriptum

523 3341 625 3396 est,
676 3336 721 3390 si
772 3335 1000 3393 domina
1024 3352 1123 3405 per
1180 3335 1360 3388 zelum
1413 3335 1672 3390 ancillam
1719 3336 2026 3392 occiderit:
2064 3339 2122 3392 Si

521 3441 634 3494 qua
654 3424 881 3488 femina,
909 3424 1098 3478 furore.
1129 3423 1226 3478 zeli
1247 3441 1500 3486 accensa,
1537 3425 1728 3494 ﬂagris
1755 3426 2129 3482 verberaverit

520 3513 781 3568 ancillam
812 3513 1096 3579 suam,-ita
1119 3521 1182 3566 ut
1221 3513 1368 3569 intra
1395 3513 1624 3568 tertium
1676 3515 1824 3568 diem
1879 3517 2127 3572 animum

521 3619 650 3658 cum
683 3603 932 3656 cruciatu
961 3602 1230 3664 eﬁ'undat,
1275 3619 1340 3654 eo
1353 3603 1498 3672 quod
1530 3603 1806 3658 incertum
1829 3604 1902 3658 sit
1931 3605 2125 3659 volun—

517 3697 635 3746 tate
673 3708 746 3746 an
770 3708 902 3744 casu
933 3691 1196 3746 occiderit
1224 3709 1235 3742 :
1269 3691 1314 3750 si
1348 3692 1648 3756 voluntate,
1683 3698 1896 3761 septem
1927 3711 2122 3758 annos,

520 3779 566 3832 si
598 3797 748 3845 casu,
772 3798 873 3850 per
894 3780 1263 3850 quinquennii
1296 3787 1568 3849 tempora,
1601 3787 1725 3834 acta
1742 3781 1989 3849 legitima
2015 3801 2126 3852 po:-

519 3869 778 3934 nitentia,
810 3870 880 3922 ad
909 3870 1360 3930 communionem
1395 3869 1602 3938 placuit
1631 3869 1872 3924 admitti.
1905 3871 2124 3934 Quodsi

519 3958 665 4013 infra
715 3965 970 4027 tempora
1025 3959 1328 4015 constituta
1380 3957 1550 4012 fuerit
1597 3958 1839 4021 inﬁrma,
1888 3961 2124 4030 accipiat

516 4046 988 4102 communionem.

519 4152 650 4204 CAP.
679 4151 791 4203 XV.
827 4181 891 4191 --
924 4154 994 4204 lle
1019 4153 1332 4204 hmm'cidiis
1363 4169 1475 4205 non
1504 4159 1690 4220 sponte
1729 4158 2047 4215 cmmm‘ssz‘s,
2077 4162 2124 4208 et

591 4225 819 4290 illisqm'
837 4239 888 4274 se
909 4228 1170 4275 m'cusant
1195 4226 1357 4290 quasi
1387 4227 1626 4276 insontes
1644 4227 1713 4280 ab
1742 4227 1905 4280 homo
1927 4228 2037 4279 z'di'o
2059 4231 2122 4280 in

586 4296 778 4362 prwlio
800 4297 1081 4346 unmnz'sso
1111 4297 1273 4360 jussu
1303 4298 1644 4363 principum.

589 4392 653 4446 In
689 4390 922 4446 concilio
952 4391 1407 4457 Neocaesariensi,
1438 4409 1559 4462 cap.
1608 4391 1696 4456 '22,
1733 4393 2003 4463 scriptum
2038 4401 2124 4448 est

517 4481 584 4536 de
612 4480 700 4534 his
731 4480 825 4551 qui
856 4497 968 4534 non
999 4487 1196 4551 sponte
1253 4481 1615 4536 homicidium
1665 4482 2071 4538 commiserunt
2105 4501 2115 4535 :

517 4569 598 4622 De
620 4567 937 4622 homicidiis
969 4585 1078 4621 non
1101 4575 1299 4639 sponte
1330 4569 1659 4632 commissis,
1696 4570 1849 4640 prior
1893 4570 2122 4640 quidem

516 4655 784 4719 deﬁnitio,
807 4663 931 4725 post
961 4663 1287 4727 septennem
1309 4658 2126 4729 pamitcntiam.pel-lectionem

515 4744 780 4813 consequi
812 4746 1074 4816 praecepit
1113 4765 1125 4812 ;
1153 4747 1398 4804 secunda
1414 4763 1564 4807 vero,
1590 4747 1956 4817 quinquennii
1986 4754 2126 4804 tem-

513 4850 619 4904 pus
649 4833 888 4904 explere.

587 4923 748 4986 Quod
769 4930 959 4979 autem
997 4924 1226 4994 quidem
1272 4924 1636 4982 homicidium
1686 4925 1833 4994 quod
1867 4942 2047 4996 nuper
2066 4926 2125 4979 in

516 5011 790 5066 seditione
822 5017 878 5066 et
906 5012 1098 5082 preclio
1128 5013 1444 5084 principum
1475 5019 1796 5067 nostrorum
1842 5021 2127 5084 perpetra-

513 5106 636 5159 tum
670 5107 772 5167 est,
809 5109 1094 5173 excusant,
1129 5102 1289 5172 quasi
1323 5119 1547 5156 necesse
1607 5103 1680 5156 sit
1710 5095 1808 5173 pro
1840 5103 1943 5156 hoc
1973 5104 2128 5158 cuili-

515 5189 609 5244 bet
633 5207 798 5260 agere
829 5191 1236 5261 pumitentiam,
1272 5209 1336 5244 eo
1383 5193 1532 5261 quod
1584 5193 1747 5261 jussu
1804 5193 2121 5262 principum

515 5285 804 5346 peractum
832 5280 924 5346 sit,
969 5287 1026 5332 et
1062 5280 1162 5336 Dei
1203 5280 1415 5350 judicio
1470 5281 1552 5334 ita
1604 5280 1846 5334 ﬁnitum.
1905 5282 2122 5334 Scimus

517 5367 666 5420 enim
699 5369 846 5436 quod
867 5368 964 5432 Dei
989 5369 1266 5439 judicium
1288 5387 1510 5440 semper
1518 5371 1740 5439 justum
1758 5375 1860 5434 est,
1887 5377 1943 5422 et
1967 5371 2123 5424 nulla

517 5455 948 5522 reprehensione
975 5457 1208 5527 dignum
1233 5477 1244 5512 :
1277 5459 1346 5514 de
1366 5476 1477 5530 quo
1500 5458 1672 5514 etiam
1703 5459 1971 5528 scriptum
1998 5466 2114 5520 est;

523 5559 550 5593 α
581 5541 774 5609 Justus
794 5543 1064 5610 Dominus
1093 5563 1153 5612 in
1182 5547 1442 5612 omnibus
1469 5547 1572 5614 viis
1599 5547 1736 5614 suis,
1787 5554 1844 5604 et
1887 5553 2120 5614 sanctus

1121 269 1182 320 Β.
1225 267 1495 320 RABANI
1545 269 1773 322 MAURI
1815 265 2152 330 ARCHIEP.

2193 267 2516 324 uocum.
2561 269 2857 322 opERUM
2897 267 3078 320 mas
3117 268 3210 321 Ill.
3619 278 3720 339 μη

2158 396 2198 458 ,κ
2217 395 2275 448 in
2295 394 2553 452 omnibus
2575 394 2835 465 operibus
2855 393 2972 448 suis
2997 411 3008 445 :
3043 394 3133 462 qui
3168 394 3372 462 judicat
3397 396 3564 452 orbem
3597 407 3723 456 teme

2216 483 2272 536 in
2303 485 2566 554 wquitate
2597 493 2652 538 et
2681 485 2911 555 populos
2941 483 2996 536 in
3027 483 3252 536 veritate
3272 501 3367 537 sua
3389 505 3399 550 ς
3423 487 3530 540 sine
3549 507 3639 560 quo
3653 510 3728 546 nec

2215 591 2406 642 passer
2425 575 2573 627 cadit
2601 592 2770 644 super
2799 580 3004 626 terram
3040 575 3192 634 (μίψᾶ
3225 589 3373 626 cxuv
3400 616 3408 624 .
3445 601 3463 620 ιι
3487 579 3578 630 Sed
3603 596 3730 633 nemo

2214 662 2400 716 omnia
2418 663 2632 730 judicia
2655 664 2753 718 Dei
2787 669 3078 732 penetrare
3125 667 3319 731 potest,
3350 664 3582 732 quoniam
3627 670 3732 722 scri-

2214 757 2370 820 ptum
2393 758 2478 804 est
2510 771 2519 802 :
2553 773 2576 800 «
2597 751 2930 806 JudiciaDei
2953 750 3185 820 abyssus
3207 751 3537 813 multa(Psal.
3555 772 3729 822 xxxv”

2213 841 2369 894 Unde
2403 847 2621 910 Oportet
2643 859 2737 893 eos
2767 840 3139 902 considerare,
3167 839 3259 908 qui
3298 839 3432 892 hanc
3470 858 3633 896 necem
3666 862 3735 897 ne-

2211 928 2408 982 fariam
2429 929 2725 984 defendere
2755 929 3008 998 cupiunt,
3041 933 3228 982 utrum
3261 928 3379 981 illos
3409 946 3574 985 coram
3601 934 3736 988 oculis

2214 1017 2313 1071 Dei
2357 1018 2516 1088 quasi
2564 1019 2818 1072 innoxios
2857 1033 3119 1070 excusare
3157 1017 3384 1086 possint,
3434 1019 3516 1087 qui
3561 1029 3737 1090 propter

2214 1107 2504 1162 avaritiam
2529 1125 2652 1178 qua:
2682 1107 2931 1160 omnium
2978 1107 3252 1160 malorum
3294 1105 3442 1158 radix
3469 1115 3559 1171 est,
3586 1116 3630 1161 et
3654 1110 3771 1164 ide--

2215 1196 2394 1250 lorum
2436 1197 3083 1265 servituticomparatur,
3118 1204 3285 1264 atque
3315 1203 3526 1265 propter
3543 1197 3736 1256 favorem

2214 1285 2568 1338 dominorum
2592 1302 2827 1339 suorum
2861 1284 3274 1354 temporalium,
3307 1291 3554 1338 internum
3598 1287 3740 1340 Domi-

2214 1389 2347 1426 num
2370 1379 2843 1444 contempserunt,
2877 1379 2932 1425 et
2971 1373 3236 1425 mandata
3281 1373 3426 1426 illius
3456 1385 3736 1442 spernentes.

2219 1478 2327 1516 non
2353 1479 2484 1517 casu
2635 1479 2733 1532 per
2789 1461 3121 1516 industriam
3173 1461 3521 1516 homicidium
3555 1464 3742 1532 perfere-

2217 1551 2526 1604 runt.Nam
2565 1551 2633 1604 de
2666 1551 2754 1604 his
2785 1551 3021 1619 legimus
3047 1551 3140 1618 qui
3174 1550 3424 1603 homines
3455 1567 3553 1604 non
3592 1563 3739 1620 sponte

2217 1638 2634 1702 interfecerunt,
2665 1641 2840 1692 Deum
2873 1656 2971 1708 per
2995 1639 3132 1707 legis
3163 1639 3396 1692 latorem
3427 1637 3574 1691 urbes
3591 1640 3741 1708 refugii

2216 1727 2515 1796 deputasse
2561 1747 2571 1780 :
2621 1729 2692 1780 ad
2739 1745 2877 1797 quas
2919 1727 3304 1796 confugientes
3338 1728 3656 1780 salvarentur
3693 1728 3742 1780 ab

2211 1817 2393 1869 ultore
2425 1817 2714 1884 sanguinis
2749 1817 2984 1886 proximi
3017 1817 3122 1872 sui.
3167 1824 3222 1869 et
3276 1833 3385 1870 non
3436 1823 3739 1870 morerentur.

2211 1906 2346 1958 Inde
2379 1906 2434 1958 in
2450 1906 2884 1958 Deuteronomio
2917 1905 3187 1976 scriptum
3208 1911 3306 1966 est
3337 1925 3347 1957 :
3379 1929 3397 1952 ιι
3433 1906 3550 1958 Haec
3574 1907 3660 1958 erit
3681 1908 3740 1958 lex

2209 1995 2520 2058 homicidae,
2554 1997 2714 2064 cujus
2741 1995 2850 2047 vita
2873 1994 3142 2047 servanda
3175 1999 3280 2046 est.
3331 1993 3432 2056 Qui
3474 1994 3741 2064 percusserit

2222 2084 2540 2152 proximum
2561 2101 2723 2138 suum
2753 2083 3024 2146 nesciens,
3057 2091 3112 2136 et
3157 2083 3278 2141 heri
3335 2090 3387 2135 et
3410 2084 3746 2138 nudiustertius

2220 2173 2436 2226 nullum
2459 2179 2653 2226 contra
2684 2190 2813 2226 eum
2835 2172 3096 2226 habuisse
3147 2172 3342 2229 odium
3399 2172 3745 2242 comprobatur,

2217 2262 2310 2314 sed
2335 2261 2536 2315 abiisse
2567 2261 2896 2332 simpliciter
2920 2278 3044 2314 cum
3076 2278 3140 2313 eo
3197 2261 3254 2315 in
3315 2261 3502 2314 silvam
3540 2261 3599 2313 ad
3635 2261 3748 2328 ligna

2214 2351 2496 2416 caedenda,
2522 2356 2578 2404 et
2607 2351 2662 2406 in
2692 2351 2998 2405 succisione
3037 2351 3341 2419 lignorum,
3402 2350 3590 2402 securis
3635 2349 3752 2417 fuge-

2215 2439 2288 2492 rit
2311 2440 2378 2491 de
2405 2455 2594 2494 manu.
2613 2445 2712 2493 aut
2730 2439 2940 2492 ferrum
2963 2439 3180 2509 lapsum
3232 2440 3299 2492 de
3330 2438 3616 2502 manubrio,
3643 2438 3750 2490 ami-

2209 2545 2334 2582 cum
2374 2529 2496 2598 ejus
2518 2528 2856 2598 percusserit
2877 2534 2929 2580 et
2963 2528 3248 2593 occiderit,
3275 2528 3363 2581 hic
3394 2528 3460 2582 ad
3502 2545 3648 2582 unam
3687 2543 3752 2578 ur-

2209 2617 2362 2670 bium
2416 2617 2864 2687 supradictarum
2909 2617 3191 2686 contugiet
3222 2625 3276 2670 et
3309 2618 3482 2672 vivet:
3517 2634 3578 2670 ne
3615 2615 3754 2686 proxi-

2209 2723 2332 2758 mus
2353 2707 2474 2774 ejus
2511 2707 2669 2776 cujus
2702 2706 2930 2775 sanguis
2953 2707 3160 2760 effusus
3192 2715 3300 2770 est,
3333 2707 3548 2770 stimulo
3593 2703 3753 2757 doloris

2213 2794 2491 2863 percutiat
2511 2795 2754 2850 animam
2783 2796 2903 2863 ejus
2927 2797 3102 2861 (Deut.
3139 2799 3280 2864 xxx).
3313 2818 3333 2844 ι
3363 2797 3438 2851 De
3466 2812 3525 2848 eo
3551 2810 3661 2846 vero
3684 2792 3754 2862 qui

2211 2900 2312 2953 per
2338 2884 2672 2938 industriam
2704 2885 2948 2955 aliquem
2973 2883 3258 2947 occiderit,
3293 2885 3347 2937 in
3363 2884 3537 2938 Exodo
3557 2883 3624 2936 ita
3648 2897 3754 2950 pne-

2213 2979 2434 3043 ceptum
2457 2978 2541 3026 est
2571 2991 2581 3024 :
2621 2994 2646 3021 α
2673 2973 2729 3027 Si
2761 2973 2884 3043 quis
2913 2973 2981 3025 de
3003 2973 3286 3026 industria
3336 2980 3392 3026 et
3435 2990 3527 3043 per
3572 2969 3756 3024 insidias

2213 3061 2478 3114 occiderit
2507 3061 2842 3131 proximum,
2878 3061 2948 3127 ab
2971 3062 3135 3116 altari
3181 3079 3310 3114 meo
3341 3061 3533 3114 evellas
3560 3076 3685 3122 eum,
3712 3066 3756 3108 ut

2213 3149 2486 3204 moriatur
2509 3152 2696 3217 (Ea-od.
2735 3153 2871 3219 xxx).
2909 3170 2934 3202 υ
2973 3152 3038 3204 Et
3087 3150 3142 3202 in
3190 3149 3684 3204 Deuteronomiozo
3714 3146 3755 3198 Si

2210 3238 2352 3306 quis,
2385 3239 2583 3309 inquit,
2620 3240 2746 3293 odio
2773 3238 2982 3292 habens
3014 3239 3333 3312 proximum
3373 3256 3548 3299 suum,
3578 3235 3757 3289 insidia-

2208 3335 2297 3380 tus
2327 3327 2494 3380 tuerit
2513 3328 2636 3381 vita:
2658 3329 2796 3398 ejus,
2831 3335 2886 3382 et
2913 3344 3147 3396 surgens
3161 3328 3500 3397 percusserit
3538 3327 3689 3378 illum.
3715 3329 3756 3374 et

2213 3423 2468 3470 mortuus
2486 3417 2674 3476 fuerit,
2703 3425 2758 3470 et
2808 3417 3014 3485 fugerit
3052 3417 3121 3470 ad
3163 3434 3336 3472 unam
3369 3418 3436 3473 de
3479 3412 3755 3487 supradictis

2212 3504 2460 3570 urbibus,
2495 3505 2722 3560 mittent
2751 3505 2998 3560 seniores
3021 3506 3264 3560 civitatis
3295 3505 3461 3567 illius,
3486 3515 3537 3558 et
3563 3502 3754 3572 eripient

2210 3611 2338 3646 cum
2368 3595 2436 3646 de
2463 3594 2581 3646 loco
2597 3594 2794 3663 ret‘ugii
2826 3613 2836 3644 :
2871 3601 2927 3648 et.
2948 3594 3172 3648 tradent
3200 3595 3402 3650 eumin
3425 3587 3758 3662 numusproxi-

2211 3682 2287 3736 rni
2316 3684 2456 3751 ejus,
2481 3684 2642 3752 cujus
2675 3683 2902 3750 sanguis
2943 3683 3149 3736 clfusus
3179 3691 3288 3748 est,
3320 3691 3378 3736 et
3406 3683 3668 3742 morietur,
3683 3693 3756 3730 nec

2211 3771 2562 3824 misereberis
2594 3772 2716 3842 ejus
2767 3774 2944 3836 (Ucut.
2999 3779 3136 3838 xxx).
3173 3795 3196 3826 υ
3233 3773 3294 3826 Si
3325 3789 3456 3842 ergo
3486 3788 3603 3824 eum
3632 3781 3759 3840 quem

2209 3860 2478 3914 Dominus
2501 3860 2732 3929 dignum
2773 3867 2952 3914 morte
2983 3879 3103 3914 esse
3147 3861 3442 3932 judicavit,
3486 3876 3629 3914 reum
3676 3870 3759 3909 non

2206 3965 2325 4002 esse
2358 3949 2450 4018 qui
2501 3949 2654 4015 dicit,
2701 3951 2979 4018 quomodo
3038 3951 3355 4005 contrarius
3409 3949 3512 4018 legi
3550 3946 3638 4002 Dei
3675 3959 3758 3996 non

2206 4037 2410 4100 existit,
2435 4037 2530 4107 qui
2545 4038 2650 4090 hoc
2679 4039 2826 4107 quod
2851 4038 3120 4094 Dominus
3137 4039 3426 4109 prmcepit,
3445 4051 3645 4090 cassum
3668 4047 3759 4085 esse

2208 4126 2494 4180 contendit
2525 4127 2888 4186 ?\'idendum
2921 4143 3052 4196 ergo
3085 4127 3164 4180 illi
3192 4134 3281 4182 est
3311 4144 3380 4182 ne
3411 4127 3544 4180 forte
3571 4124 3622 4178 in
3664 4121 3759 4175 illo-

2209 4231 2332 4268 rum
2358 4232 2590 4270 numero
2631 4215 2721 4280 sit,
2777 4215 2977 4285 quibus
3027 4233 3127 4285 per
3184 4217 3511 4286 prophetam
3556 4211 3756 4268 dicitur:

2139 4333 2186 4390 D
2206 4322 2231 4354 τι
2266 4305 2359 4358 Vae
2411 4304 2563 4357 vobis
2603 4304 2696 4374 qui
2719 4305 2990 4358 consuitis
3011 4305 3269 4374 pulvillos
3288 4304 3392 4358 sub
3421 4302 3563 4358 omni
3589 4298 3758 4358 cubito.

2206 4398 2261 4444 et
2281 4393 2572 4446 cervicalia
2597 4393 2666 4446 ad
2708 4393 3064 4464 decipiendus
3115 4394 3338 4448 animus
3367 4394 3574 4463 (Esccli.
3605 4391 3716 4454 xm).
3739 4402 3786 4439 I.

2207 4483 2274 4534 Et
2301 4482 2433 4538 alibi
2466 4499 2476 4533 :
2517 4502 2539 4532 ε
2577 4482 2670 4535 Va:
2687 4481 2856 4547 vobis,
2883 4482 3082 4553 inquit,
3119 4483 3215 4552 qui
3245 4483 3430 4538 dicitis
3459 4481 3645 4534 bonum
3663 4490 3758 4530 ma-

2205 4571 2346 4636 lum,
2380 4575 2436 4622 et
2459 4571 2669 4624 malum
2697 4570 2926 4632 bonum,
2961 4576 3236 4640 ponentes
3259 4572 3440 4625 lucem
3469 4567 3698 4624 tenebras
3717 4569 3759 4615 et

2208 4659 2468 4712 tenebras
2497 4660 2700 4722 lucem,
2728 4659 2974 4714 dicentes
3007 4676 3265 4713 amarum
3300 4661 3477 4714 dulce.
3532 4663 3583 4710 et
3628 4653 3760 4706 dulce

2207 4765 2479 4804 amarum.
2517 4748 2679 4802 Tales
2711 4765 2842 4817 ergo
2877 4748 3218 4806 mortilicant
3271 4749 3486 4802 animus
3531 4762 3639 4816 quae
3671 4756 3758 4799 non

2208 4838 2545 4902 moriuntur,
2571 4844 2627 4890 et
2657 4837 2934 4890 viviﬁcant
2962 4853 3086 4907 quae
3123 4854 3234 4892 non
3281 4839 3472 4891 vivunt
3502 4837 3616 4897 (lsa.
3648 4834 3708 4888 \‘l-
3737 4845 3756 4877 ⁸

2208 4927 2469 4996 Quisquis
2493 4943 2626 4996 ergo
2655 4927 2928 4980 malorum
2951 4943 3184 4998 operum
3209 4926 3328 4980 sine
3379 4925 3638 4993 condigna
3671 4934 3758 4990 p4?-

2207 5015 2445 5070 nitentia
2474 5031 2812 5085 quemquam
2851 5014 3067 5072 veniam
3094 5032 3128 5068 a
3157 5015 3270 5072 Deo
3331 5014 3602 5086 percipere
3631 5020 3760 5079 posse

2210 5103 2430 5170 dixerit,
2452 5103 2852 5176 penituserrat.
2891 5104 2959 5158 Et
2987 5119 3116 5160 cum
3145 5104 3408 5175 deceptus
3433 5102 3566 5154 alios
3583 5096 3758 5166 decipe-

2207 5210 2264 5246 re
2294 5193 2538 5250 festinat.
2573 5192 2780 5263 duplici
2807 5209 2951 5246 noxa
2978 5191 3395 5262 constringitur,
3431 5191 3532 5244 hoc
3548 5193 3641 5242 est.
3663 5197 3758 5254 pro-

2205 5282 2310 5351 prii
2332 5281 2538 5336 erroris
2578 5288 2634 5336 et
2670 5282 2866 5336 aliena:
2911 5281 3270 5352 deceptionis.
3329 5279 3436 5333 Sed
3487 5278 3628 5332 inter
3669 5272 3757 5326 halt

2204 5371 2514 5430 sciendum.
2547 5370 2694 5440 quod
2711 5386 2916 5438 magna
2935 5370 3202 5426 distantia
3223 5375 3306 5422 est
3323 5369 3469 5422 inter
3486 5364 3755 5434 legitimum

2207 5460 2511 5529 principem
2532 5465 2588 5512 et
2615 5459 2940 5512 seditiosum
2969 5464 3291 5525 tyrannum.
3344 5458 3493 5518 Inter
3519 5469 3635 5506 cum
3682 5444 3756 5520 qui

2203 5548 2523 5602 subvertere
2561 5547 2762 5600 nititur
2791 5547 3124 5602 Christianae
3146 5547 3293 5618 pacis
3312 5542 3751 5614 tranquillitatem.

2152 1713 2196 1769 Β
