4018 6168
266 276 407 333 1413

265 490 402 545 dere
424 492 769 561 zequitatem.
802 494 882 546 De
903 510 1012 563 quo
1038 495 1282 564 plurima
1315 495 1417 547 sub
1447 496 1566 563 lege
1598 504 1785 550 vetere
1813 504 1869 551 et

265 580 375 632 sub
402 580 761 635 Testamento
788 600 946 648 novo,
982 584 1209 637 fortium
1239 585 1481 640 virorum
1509 585 1872 640 inveniuntur

266 671 556 740 exempla:
582 689 819 743 quaenos
850 677 1089 743 possunt
1108 674 1387 729 instruere
1420 674 1553 743 quid
1583 675 1651 727 (le
1682 677 1874 745 hujus-

266 760 486 812 cemodi
515 760 661 816 facto
683 762 953 825 debemus
984 763 1212 818 sentire.

267 866 562 920 CARXVI.
589 898 655 906 —
686 872 759 923 [)0
801 870 1357 923 admtnistratortbus
1380 876 1426 923 et
1466 874 1550 923 his
1571 876 1670 939 qui
1692 889 1872 940 prrrcs

784 944 1104 993 criminalcs
1136 944 1369 994 dictant.

339 1044 420 1096 De
446 1044 997 1099 administratoribus
1014 1052 1201 1100 autem
1235 1047 1329 1117 qui
1349 1048 1563 1117 judicia
1585 1048 1870 1101 saecularia

265 1132 575 1186 secundum
614 1134 798 1203 legem
829 1137 1108 1203 majorum
1164 1153 1395 1189 suorum
1426 1142 1701 1202 exercent,
1737 1137 1869 1207 quid

265 1221 413 1273 sacri
436 1237 678 1275 canones
697 1223 824 1275 inde
845 1225 1108 1283 sentiant,
1142 1224 1302 1277 facile
1320 1232 1405 1277 est
1424 1226 1693 1279 invenire.
1720 1226 1865 1281 Nam

263 1309 323 1362 in
373 1311 612 1364 decretis
644 1313 955 1365 Innocentii
1003 1330 1176 1383 papae,
1226 1332 1346 1384 cap.
1383 1314 1469 1379 23,
1506 1316 1582 1367 ita
1612 1315 1819 1382 legitur
1854 1333 1863 1366 :

265 1398 578 1461 Quaesitum
608 1408 694 1453 est
721 1418 854 1468 ergo
886 1419 1056 1471 super
1104 1403 1191 1454 his
1223 1404 1316 1472 qui
1351 1410 1475 1472 post
1526 1404 1868 1473 baptismum

268 1489 829 1555 administraverunt,
845 1496 902 1543 et
914 1497 1015 1543 aut
1035 1497 1319 1545 tormenta
1338 1493 1455 1545 sola
1479 1499 1864 1555 exercuerunt,

266 1586 367 1630 aut
399 1578 571 1631 etiam
602 1580 901 1648 capitalem
922 1581 1278 1649 protulerunt
1301 1587 1658 1641 sententiam,
1685 1583 1754 1634 de
1783 1582 1869 1634 his

268 1666 411 1719 nihil
445 1668 683 1736 legimus
714 1686 747 1721 a
802 1669 1111 1737 majoribus
1149 1671 1464 1723 definitum.

269 1755 419 1808 enim
452 1773 485 1808 a
518 1757 631 1809 Deo
656 1763 960 1827 potestates
991 1759 1091 1811 has
1112 1759 1283 1811 fuisse
1312 1776 1620 1825 concessas,
1655 1767 1709 1811 et
1742 1776 1872 1827 pro-

270 1844 713 1913 ptervindictam
744 1847 1035 1900 noxiorum
1056 1848 1306 1916 gladium
1318 1848 1487 1901 fuisse
1512 1849 1868 1918 promissum,

270 1939 328 1985 et
352 1933 454 1986 Dei
487 1934 808 1988 ministrum
834 1953 954 1989 esse
977 1937 1192 1994 datum,
1226 1937 1501 1990 vindicem
1533 1954 1653 1989 esse
1678 1937 1733 1989 in
1764 1938 1871 1990 hu-

264 2021 536 2089 jusmodi.
573 2022 1061 2085 Quemadmodum
1090 2024 1263 2093 igitur
1294 2025 1770 2093 reprehenderent
1794 2025 1870 2078 fa-

269 2115 423 2163 ctum
461 2110 610 2179 quod
656 2118 884 2163 auctore
940 2112 1175 2164 Domino
1207 2112 1468 2164 viderunt
1497 2129 1618 2164 esse
1650 2129 1869 2165 conces—

266 2215 398 2251 sum
422 2199 443 2250 ‘?
470 2200 548 2251 De
570 2199 657 2251 his
684 2216 817 2267 ergo
848 2199 926 2252 ita
954 2208 1019 2253 ut
1044 2202 1314 2253 hactenus
1339 2207 1620 2254 servatum
1653 2210 1754 2263 est,
1791 2203 1869 2255 sic

266 2287 544 2341 habemus
578 2306 588 2339 :
626 2305 697 2341 ne
721 2293 819 2340 aut
846 2289 1197 2359 disciplinam
1231 2295 1498 2355 evertere,
1538 2297 1637 2343 aut
1676 2298 1873 2344 contra

267 2377 665 2429 auctoritatem
715 2378 937 2431 Domini
978 2378 1163 2431 venire
1196 2380 1505 2432 videamur.
1544 2380 1653 2448 Ipsi
1679 2386 1869 2433 autem

270 2465 327 2517 in
357 2466 575 2519 ratione
604 2467 888 2519 reddenda
910 2473 1071 2536 gesta
1100 2485 1203 2520 sua
1225 2468 1413 2520 omnia
1436 2468 1757 2521 servabunt.

346 2556 486 2607 Item
509 2555 565 2607 in
594 2556 848 2624 ejusdem
893 2557 1151 2617 decretis,
1183 2574 1301 2625 cap.
1342 2556 1427 2619 30,
1460 2558 1731 2626 scriptum
1762 2566 1865 2619 est,

273 2642 424 2710 quod
447 2643 541 2712 qui
573 2659 763 2712 preces
794 2644 1114 2697 criminales
1158 2646 1387 2703 dictant,
1437 2645 1751 2698 habeantur
1770 2646 1870 2697 im-

270 2747 473 2784 munes
507 2750 518 2783 :
550 2732 686 2785 illud
744 2739 932 2785 autem
984 2733 1253 2787 sciscitari
1303 2734 1544 2800 voluisti,
1580 2751 1650 2787 an
1680 2752 1870 2804 preces

270 2819 615 2874 dictantibus
639 2821 878 2875 liberum
905 2823 1261 2875 concedatur.
1286 2822 1490 2892 Utique
1512 2828 1740 2892 propter
1768 2823 1868 2876 ba-

272 2909 468 2978 ptismi
516 2912 999 2979 regenerationem
1028 2929 1062 2963 a
1093 2911 1437 2981 principibus
1466 2929 1691 2981 poscere
1724 2930 1870 2964 mor-

269 3004 385 3051 tem
419 2998 677 3067 alicujus,
710 3001 793 3052 vel
825 3000 1156 3069 sanguinem
1196 3002 1263 3053 de
1305 3007 1482 3053 reatu.
1516 3001 1696 3063 Quam
1746 3018 1865 3053 rem
1890 3020 1930 3077 ρ

1516 283 2035 346 PCENITENTIUM
2074 287 2304 345 LIBER.

264 408 323 453 et
349 401 511 457 illum
541 404 636 475 qui
667 404 839 459 armis
863 410 1053 459 contra
1081 405 1458 476 iniquitatem,
1482 412 1661 461 certat
1680 409 1865 463 defen-
1880 415 1928 472 A

3410 290 3550 347 1414

2020 412 2164 465 Item
2186 412 2243 465 in
2277 413 2471 469 eodem
2507 412 2759 477 concilio,
2785 429 2905 481 cap.
2930 412 3018 472 9.6,
3043 414 3313 483 scriptum
3334 422 3418 467 est
3443 433 3453 466 :
3488 416 3550 481 Si

1953 500 2046 567 qui
2080 517 2207 553 vero
2222 501 2406 557 clerici
2433 503 2769 556 documenta
2787 501 2988 571 quibus
3011 502 3251 555 ecclesiae
3274 504 3548 572 possessio

1956 588 2231 653 ﬁrmatur,
2260 596 2359 643 aut
2388 590 2758 659 supprimere,
2789 598 2887 644 aut
2912 606 3134 659 negare,
3173 596 3274 644 aut
3292 592 3549 646 adversa-

1960 676 2057 729 riis
2087 677 2322 731 fortasse
2352 680 2572 731 tradere
2603 678 2906 733 damnabili
2924 686 2979 731 et
3000 680 3282 748 punienda
3297 680 3546 737 obstina-

1957 767 2111 820 tione
2130 775 2624 838 prmsumpsel‘unt,
2643 768 2911 837 quidquid
2930 786 3027 837 per
3044 768 3438 821 abstinentiam
3454 770 3548 823 do-

1955 862 2344 910 cumentorum
2377 858 2567 911 damni
2600 858 2843 910 ecclesiae
2870 858 3084 910 illatum
3115 865 3216 919 est,
3251 864 3309 909 et
3334 858 3400 911 de
3424 875 3547 927 pro-

1956 944 2092 1013 priis
2112 945 2470 999 facultatibus
2484 946 2736 1009 reddant,
2756 953 2811 999 et
2831 946 3222 1000 communione
3237 948 3540 1015 priventur,

1954 1033 2124 1085 etiam
2154 1032 2247 1102 qui
2280 1034 2337 1087 in
2366 1034 2572 1089 damno
2595 1035 2838 1089 ecclesia)
2868 1035 3037 1104 impie
3068 1035 3352 1090 sollicitati
3375 1054 3409 1090 a
3435 1044 3547 1093 tra-

1953 1120 2227 1175 ditoribus
2257 1124 2621 1192 susceperint.

2022 1229 2152 1280 CAP.
2189 1229 2405 1281 XIX.—
2436 1232 2509 1282 De
2539 1233 2922 1296 conjuratione
2944 1234 3023 1282 rel
3046 1234 3469 1298 conspiratz'mzc.

2026 1345 2103 1397 De
2162 1345 2549 1413 conjuratione
2588 1346 2673 1397 vel
2740 1345 3150 1415 conspiratione
3200 1347 3258 1399 in
3314 1348 3545 1401 concilio

1954 1424 2412 1493 Chal‘cedoncnsi,
2439 1453 2557 1505 cap.
2592 1434 2603 1489 l
2630 1442 2668 1500 ί,
2692 1435 2959 1503 scriptum
2985 1442 3100 1488 est:
3132 1439 3549 1506 Conjurationis

1951 1523 2035 1574 vel
2066 1523 2497 1592 conspirationis
2528 1524 2759 1583 crimen,
2788 1529 2843 1574 et
2872 1523 2939 1576 ab
2987 1525 3189 1577 exteris
3220 1525 3435 1595 legibus
3464 1534 3550 1581 est

1952 1610 2178 1661 omnino
2214 1609 2576 1680 prohibitum,
2606 1612 2781 1663 multo
2806 1610 2982 1678 magis
3016 1611 3068 1662 in
3102 1612 3206 1663 hoc
3239 1614 3337 1666 Dei
3370 1615 3548 1669 Eccle-

1498 1671 1872 1770 Memulemnt
1897 1693 1937 1752 Β
1959 1698 2041 1752 sia
2071 1716 2141 1751 ne
2168 1700 2232 1751 fit
2276 1700 2577 1757 admonere
2608 1700 2917 1753 conveniet.
2956 1700 3010 1753 Si
3045 1702 3140 1770 qui
3187 1717 3318 1770 ergo
3366 1703 3549 1756 clerici

1955 1788 2039 1839 vel
2062 1787 2317 1844 monachi
2351 1790 2555 1859 reperti
2588 1789 2794 1841 fuerint
2819 1790 3179 1858 conjurantes
3207 1798 3306 1843 aut
3337 1792 3552 1862 conspi-
3582 1820 3591 1823 ν

1958 1883 2165 1941 rantes,
2192 1878 2534 1930 autinsidias
2554 1883 2823 1947 ponentes
2841 1878 3115 1948 episcopis
3130 1885 3229 1933 aut
3252 1880 3484 1947 clericis,
3520 1900 3551 1935 a

1952 1966 2131 2033 gradu
2158 1967 2384 2037 proprio
2418 1967 2638 2037 penitus
2666 1966 3020 2037 abjiciantur.

1953 2073 2081 2125 ΟΜ».
2118 2073 2235 2125 XX.
2267 2104 2329 2111 —
2364 2076 2434 2127 [lc
2483 2074 2567 2125 his
2600 2077 2698 2140 qui
2731 2079 3075 2126 sacramcnto
3112 2092 3163 2124 sc
3207 2077 3449 2139 obligant
3486 2092 3550 2128 nc.

2450 2147 2520 2196 cui
2566 2161 2749 2211 pacem
2803 2146 3043 2197 redeant.

2028 2250 2111 2304 De
2141 2250 2227 2303 his
2260 2268 2402 2309 vero
2463 2250 2553 2320 qui
2587 2256 2937 2304 sacramento
2987 2270 3043 2303 se
3077 2250 3344 2321 obligant,
3380 2270 3449 2304 nc
3480 2253 3546 2307 ad

1955 2354 2148 2406 pacem
2172 2339 2424 2399 redeant,
2460 2337 2517 2392 in
2554 2338 2787 2391 concilio
2837 2339 3172 2401 Hilerdensi,
3221 2356 3340 2410 cap.
3378 2338 3428 2406 7,
3470 2340 3551 2399 ita

1954 2426 2223 2497 scriptum
2261 2434 2347 2479 est
2371 2443 2379 2478 :
2406 2427 2511 2489 Qui
2545 2431 2893 2481 sacramento
2927 2444 2985 2481 se
3017 2428 3364 2496 obligaverit,
3394 2434 3457 2481 ut
3487 2430 3547 2501 li-

1952 2514 2089 2584 tiget
2121 2533 2247 2568 cum
2272 2515 2536 2587 quolibet,
2567 2534 2635 2568 ne
2666 2517 2735 2571 ad
2775 2533 2964 2585 pacem
2995 2516 3108 2569 ullo
3140 2517 3304 2570 modo
3331 2518 3541 2582 redeat,

1950 2620 2050 2672 pro
2076 2604 2344 2674 perjurio,
2388 2620 2496 2656 uno
2540 2621 2685 2657 anno
2728 2622 2761 2657 a
2790 2606 3179 2658 communione
3216 2606 3464 2675 corporis
3495 2614 3550 2659 et

1954 2692 2244 2761 sanguinis
2258 2692 2479 2746 Domini
2513 2698 2856 2761 segregatus,
2885 2700 3101 2747 reatum
3129 2711 3291 2747 suum
3312 2695 3549 2751 eleemo-

1952 2781 2104 2851 synis
2127 2787 2182 2833 et
2214 2781 2455 2842 ﬂetibus,
2478 2788 2533 2834 et
2550 2790 2823 2852 quantum
2838 2783 3085 2852 potuerit
3107 2783 3341 2851 jejuniis
3359 2783 3545 2841 absol-

1951 2876 2062 2925 vat.
2093 2870 2174 2923 Ad
2207 2871 2538 2923 charitatem
2574 2888 2719 2937 vero,
2753 2888 2873 2941 quae
2904 2872 3085 2940 operit
3120 2871 3545 2925 multitudinem

1952 2965 2325 3028 peccatorum,
2353 2960 2612 3013 celeriter
2638 2960 2825 3015 venire
2857 2960 3099 3013 festinet.

1920 3055 1931 3077 Α

268 3087 552 3157 principes
575 3105 862 3157 nunquam
898 3090 1019 3142 sine
1050 3090 1367 3157 cognitione
1404 3090 1735 3153 concedunt,
1770 3091 1867 3142 sed

1959 3076 2242 3130 CAp.XXI.
2266 3078 2418 3129 —l)c
2439 3077 2522 3129 his
2554 3079 2651 3157 qui
2676 3078 3185 3141 nea-iajuramrnta
3216 3078 3538 3142 conﬁciunt,

269 3176 341 3228 ad
358 3177 577 3246 judices
608 3178 904 3231 commissa
926 3178 1047 3247 ipsa
1071 3179 1152 3230 vel
1181 3178 1417 3230 crimina
1441 3196 1664 3248 semper
1680 3179 1871 3231 remit-

268 3270 415 3329 tunt,
440 3274 504 3318 ut
528 3283 697 3319 causa
715 3266 937 3335 cognita
947 3267 1419 3329 vimiicetur.Qua3
1439 3284 1565 3321 cum
1586 3268 1869 3337 quaesitori

272 3354 484 3407 fuerint
510 3356 785 3424 delegata,
843 3363 942 3409 aut
970 3356 1266 3420 absolutio,
1300 3363 1399 3409 aut
1446 3356 1731 3410 damnatio
1770 3373 1870 3426 pro

274 3445 483 3513 negotii
518 3445 787 3513 qualitate
818 3446 1116 3515 profertur.
1134 3447 1199 3499 Et
1216 3447 1349 3497 dum
1372 3446 1556 3513 legum
1588 3446 1644 3497 in
1666 3446 1873 3515 impro-

274 3532 371 3585 bos
399 3541 691 3587 exercetur
719 3535 1041 3599 auctoritas,
1075 3535 1183 3587 erit
1212 3535 1451 3587 dictator
1479 3534 1766 3586 immunis.

379 3640 507 3692 CAP.
546 3641 788 3693 XVII.——
818 3644 885 3694 I)c
904 3645 1097 3708 populi
1123 3645 1420 3693 ιιριυίικςίινίί)
1445 3644 1755 3693 mmnn'ssu.

345 3745 423 3798 De
453 3747 643 3815 populi
678 3754 868 3799 autem
913 3746 1227 3799 necessario
1258 3746 1558 3798 ccmnnissu
1589 3746 1868 3815 quomodo

266 3835 514 3887 inultum
541 3836 719 3888 soleat
743 3835 1030 3905 praeteriri,
1059 3836 1205 3888 idem
1230 3852 1376 3905 papa
1396 3834 1729 3904 quibusdam
1760 3834 1871 3905 epi-

266 3924 453 3993 scopis
482 3924 549 3976 de
569 3924 897 3976 Macedonia
916 3924 983 3976 ad
1026 3924 1371 3992 interrogata
1398 3924 1757 3994 respondens,
1792 3923 1871 3975 ita

267 4012 514 4081 scripsit,
534 4013 726 4065 dicens
752 4031 761 4063 :
784 4012 1097 4065 Prtevideat
1123 4029 1254 4081 ergo
1278 4012 1503 4066 dilectio
1535 4018 1717 4065 vestra
1737 4012 1869 4064 hac—

265 4109 438 4154 tenus
458 4102 594 4153 talia
616 4100 887 4154 mansisse
915 4120 923 4152 :
944 4110 999 4153 et
1022 4102 1087 4153 ad
1098 4101 1469 4171 vertite.quod
1490 4100 1681 4170 utique
1703 4106 1765 4152 ut
1785 4100 1870 4153 di—

265 4189 417 4255 citis,
450 4190 753 4243 necessitas
777 4190 1071 4260 imperavit
1100 4210 1109 4241 :
1156 4190 1211 4242 in
1242 4206 1378 4259 pace
1402 4190 1569 4242 etiam
1600 4188 1871 4243 Ecclesias

267 4280 609 4332 constitutas
642 4296 752 4331 non
784 4296 944 4348 posse
974 4295 1331 4349 praesumere.
1377 4279 1481 4331 Sed
1513 4282 1575 4329 ut
1604 4294 1749 4347 saepe
1778 4294 1870 4330 ac-

269 4368 409 4421 cidit
447 4368 665 4439 quoties
689 4384 721 4419 a
750 4368 971 4437 p01)UllS
1010 4374 1065 4420 et
1086 4386 1119 4420 a
1147 4368 1313 4421 turba
1350 4372 1626 4437 peccatur,
1661 4367 1789 4436 quia
1814 4366 1871 4418 in

270 4475 468 4511 omnes
497 4462 733 4528 propter
779 4457 1199 4509 multitudinem
1230 4474 1340 4510 non
1370 4461 1554 4527 potest
1581 4456 1867 4519 vindicari,

272 4548 517 4600 inultum
549 4546 728 4599 solere
754 4545 1219 4598 transire.Priora
1234 4562 1368 4614 ergo
1399 4545 1870 4597 dimittendadico

271 4637 377 4688 Dei
402 4635 634 4704 judicio,
660 4635 727 4687 de
763 4635 974 4705 reliquo
995 4635 1238 4687 maxima
1269 4633 1641 4686 sollicitudine
1666 4649 1871 4703 praeca-

272 4724 537 4777 vendum.
564 4726 689 4777 Non
715 4724 863 4776 enim
895 4724 1003 4787 hic,
1034 4728 1097 4775 ut
1128 4722 1265 4775 mihi
1294 4723 1530 4785 videtur,
1552 4723 1653 4775 iste
1677 4723 1872 4773 doctor

272 4814 618 4883 apostolicus
649 4813 785 4865 dicit
817 4828 927 4864 non
958 4812 1336 4866 necessarium
1377 4829 1497 4864 esse
1528 4811 1731 4882 populo
1772 4827 1871 4881 pro

274 4903 423 4955 male
474 4901 785 4955 commissis
835 4918 1000 4970 agere
1042 4901 1447 4971 pmnitentiam,
1483 4901 1575 4954 sed
1635 4901 1785 4971 quod
1815 4900 1872 4953 in

276 5008 474 5044 nti-nes
503 4998 731 5061 propter
756 4990 1176 5043 multitudinem
1208 5008 1319 5043 non
1351 4996 1534 5063 potest
1582 4990 1868 5053 vindicari,

278 5081 467 5151 priora
493 5080 827 5133 dimittenda
858 5080 957 5132 Dei
992 5079 1206 5149 judicio
1243 5098 1252 5130 :
1286 5080 1353 5131 de
1386 5080 1600 5149 reliquo
1633 5080 1878 5132 maxima

275 5169 653 5223 sollicitudine
682 5169 1107 5240 praecavendum
1128 5185 1198 5221 ne
1232 5170 1390 5222 fiant.
1855 5167 1868 5181 '

698 5277 827 5330 CAP.
861 5277 1061 5331 XVIII.
1097 5307 1161 5315 —
1183 5278 1255 5329 De
1286 5277 1459 5342 furto.

356 5385 435 5438 De
486 5383 633 5438 furto
670 5400 797 5437 vero
818 5383 877 5437 in
905 5383 1138 5437 concilio
1182 5382 1508 5451 Agathensi,
1551 5398 1672 5451 cap.
1717 5380 1766 5445 ὃ,
1797 5381 1878 5434 ita

285 5473 557 5542 scriptum
588 5479 673 5525 est
710 5493 719 5524 :
785 5473 841 5525 Si
872 5473 1104 5525 clericus
1134 5471 1345 5525 furtum
1378 5470 1620 5524 ecclesiae
1661 5470 1870 5531 fecerit,

286 5560 589 5633 peregrina
615 5562 666 5615 ei
695 5560 1013 5614 communio
1043 5560 1343 5613 tribuatur.

2332 3149 2595 3213 quomodo
2613 3150 2868 3215 pamitcrc
2898 3152 3156 3215 oporteat.

2023 3253 2101 3304 De
2129 3252 2322 3322 iniquo
2372 3269 2506 3321 ergo
2530 3253 2853 3321 juramento
2883 3259 2939 3305 et
2969 3254 3034 3307 ad
3071 3255 3305 3323 proximi
3342 3272 3544 3310 noxam

1954 3341 2288 3410 pertinente,
2326 3342 2380 3394 in
2420 3342 2690 3395 Toletana
2725 3342 2955 3412 synodo,
3008 3359 3127 3411 cap.
3170 3342 3256 3405 '26,
3300 3344 3380 3397 ita
3409 3345 3545 3397 scri-

1955 3436 2111 3498 ptum
2144 3430 2464 3483 continetur
2498 3449 2507 3481 :
2555 3430 2771 3485 Etenim
2806 3431 2938 3482 dum
2970 3432 3257 3499 perjurare
3301 3434 3545 3502 compel-

1954 3517 2142 3581 limur,
2163 3518 2483 3570 Creatorem
2519 3517 2744 3585 quidem
2769 3517 3101 3570 offendimus
3126 3537 3135 3569 :
3172 3519 3267 3571 sed
3300 3536 3397 3572 nos
3418 3526 3544 3572 tan-

1952 3606 2243 3659 tummodo
2293 3606 2659 3659 maculamus.
2722 3606 2861 3659 Cum
2898 3622 3025 3658 vero
3081 3607 3244 3661 noxia
3272 3608 3565 3676 promissa-

1952 3695 2313 3763 complemus,
2350 3699 2405 3746 et
2427 3694 2526 3746 Dei
2553 3695 2715 3761 jussa-
2739 3693 2977 3762 superbe
3015 3696 3445 3761 contemnimus,
3484 3706 3547 3750 ut

1954 3782 2219 3851 proximis
2250 3782 2425 3851 impia
2459 3781 2787 3835 crudelitate
2839 3798 3158 3847 noceamus,
3193 3788 3251 3835 et
3292 3784 3546 3854 nosipsos

1953 3871 2251 3925 crudeliori
2284 3872 2481 3925 mortis
2509 3870 2695 3940 gladio
2727 3870 3090 3925 trucidamus.
3126 3872 3243 3926 Illic
3274 3872 3424 3926 enim
3444 3874 3542 3927 du-

1954 3960 2079 4029 plici
2109 3961 2396 4028 culparum
2428 3960 2539 4013 telo
2572 3960 2917 4029 percutimur
2960 3978 2970 4010 :
3030 3961 3117 4014 hic
3139 3962 3437 4032 tripliciter
3459 3965 3549 4033 ju-

1951 4050 2231 4117 gulamur.
2268 4049 2466 4101 Restat
2502 4066 2654 4117 ergo,
2686 4054 2750 4102 ut
2780 4067 2845 4102 eo
2873 4056 3065 4103 nostra
3098 4057 3291 4120 pergat
3321 4058 3546 4106 senten-

1953 4138 2050 4202 tia,
2071 4154 2181 4207 quo
2212 4137 2605 4192 misericordiae
2635 4138 2881 4208 patuerit
2907 4138 3011 4192 via.
3047 4139 3181 4202 Quae
3209 4140 3290 4194 ita
3310 4141 3548 4196 Domino

1954 4227 2223 4296 probatur
2249 4232 2495 4296 accepta,
2522 4234 2584 4280 ut
2607 4228 2729 4297 plus
2768 4244 2891 4281 eam
2923 4229 3114 4299 cupiat
3142 4246 3308 4299 quam
3334 4231 3548 4284 sacrifi-

1888 4335 1935 4393 D
1954 4316 2039 4370 cia
2068 4317 2401 4377 veneranda,
2442 4317 2663 4371 dicente
2686 4316 2804 4386 ipso
2828 4335 2838 4368 :
2880 4338 2901 4369 α
2934 4318 3371 4372 Misericordiam
3400 4319 3547 4373 volui

1955 4412 2008 4458 et
2036 4422 2144 4458 non
2176 4404 2512 4458 sacrificium
2561 4407 2773 4469 (Jlatth.
2828 4408 2919 4473 ix).
2964 4428 2984 4453 ››
3044 4408 3159 4459 Hac
3188 4407 3550 4475 indulgentia;

1954 4510 2217 4547 concessa
2243 4492 2485 4557 licentia,
2521 4492 2900 4549 miserationis
2958 4494 3132 4563 ipsius
3180 4510 3319 4562 opus
3347 4494 3405 4547 in
3433 4496 3550 4563 glo-

1957 4581 2086 4635 riosi
2117 4581 2381 4651 principis
2412 4586 2748 4651 potestatem
2773 4582 3079 4650 redigimus
3117 4600 3127 4633 ε
3152 4586 3215 4635 ut
3244 4583 3376 4652 quia
3400 4585 3549 4639 Deus

1958 4670 2039 4723 illi
2069 4670 2371 4723 miserandi
2385 4670 2599 4723 aditum
2620 4670 2899 4739 patefecit,
2921 4671 3170 4725 remedia
3188 4671 3409 4741 pietatis
3430 4673 3549 4743 ipse

1956 4775 2177 4827 quoque
2195 4775 2303 4811 non
2323 4759 2578 4827 deneget,
2624 4776 2745 4829 quze
2764 4760 2846 4812 ita
2876 4759 3169 4829 principali
3216 4761 3549 4817 discretione

1956 4848 2244 4901 moderata
2277 4846 2599 4917 persistant,
2634 4854 2698 4901 ut
2716 4854 2772 4901 et
2792 4847 2902 4901 illis
2930 4847 3010 4900 ita
3042 4848 3133 4912 sit,
3153 4855 3428 4918 quatenus
3450 4850 3550 4906 mi-

1957 4937 2259 4991 sericordia
2285 4936 2620 5002 contributa,
2655 4943 2717 4990 ut
2746 4954 3025 5006 nusquam
3062 4954 3200 5005 gens
3235 4944 3333 4996 aut
3367 4938 3549 5007 patria

1958 5042 2057 5094 per
2105 5024 2330 5077 eosdem
2377 5030 2476 5076 aut
2526 5023 2829 5093 periculum
2882 5024 3251 5094 quodcunque
3307 5024 3550 5093 perferat

1959 5120 2057 5166 aut
2077 5114 2379 5181 jacturam,
2402 5113 2517 5166 hinc
2546 5114 2921 5166 miserationis
2950 5113 3180 5167 obtentu
3209 5120 3550 5183 temperasse

1959 5201 2217 5256 sufﬁciat.
2254 5202 2528 5255 Caeterum
2565 5202 2695 5270 quia
2713 5203 3037 5270 juramenta
3064 5220 3164 5272 pro
3204 5202 3369 5270 regiae
3397 5209 3552 5272 potes

1960 5291 2120 5344 statis
2141 5291 2341 5353 salute,
2376 5291 2459 5342 vel
2490 5290 2889 5344 constitutione
2920 5291 3106 5359 gentis
3140 5296 3193 5344 et
3215 5290 3430 5361 patriae,
3464 5293 3551 5347 vel

1962 5381 2228 5433 hactenus
2259 5384 2393 5432 sunt
2423 5384 2632 5443 exacta,
2670 5379 2754 5431 vel
2782 5379 3043 5449 deinceps
3071 5380 3405 5435 exstiterunt
3442 5380 3553 5435 exis

1960 5469 2162 5535 genda,
2196 5468 2347 5521 omni
2380 5466 2635 5521 custodia
2663 5468 2927 5539 omnique
2949 5469 3236 5537 vigilantia
3256 5470 3553 5529 indissolu-

1966 5557 2148 5621 liiliter
2188 5556 2541 5623 decernimus
2573 5555 2934 5625 observanda,
2976 5557 3357 5627 membrorum
3387 5566 3551 5618 trans
