4018 6168
555 277 698 331 1415

1169 273 1233 326 Β.
1275 269 1548 326 RABANI
1585 271 1818 326 MAURI
1871 269 2206 325 ARCHIEP.
2248 271 2572 326 MOGUNT.
2617 271 2913 328 OPERUM
2949 273 3132 329 PARS
3167 275 3264 330 III.

3629 273 3738 333 1416

546 398 765 452 catione
777 397 1086 466 mortisque
1111 394 1410 460 sententia,
1443 394 1714 465 religione
1735 394 1960 466 penitus
1988 393 2209 455 abso-A
2232 411 2338 448 nus
2355 411 2484 448 eum
2506 395 2602 465 qui
2619 398 2987 468 assumpserit
3007 415 3206 452 nomen
3223 398 3433 453 Domini
3453 398 3545 452 Dei
3562 399 3634 452 sui
3648 400 3742 454 fru-

545 487 684 540 luta.
719 487 824 540 Sed
871 503 940 540 ne
991 500 1291 556 pravarum
1322 483 1599 538 mentium
1642 489 1868 538 versuta
1896 482 2148 554 nequitia

546 581 768 630 nosmet
778 575 846 628 ad
860 573 1093 644 perjurii
1107 573 1408 644 aliquando
1425 578 1692 643 provocet
1702 573 2090 643 culpam,neve
2113 589 2148 625 a

546 671 750 719 sanctae
773 664 900 717 ﬁdei
923 664 1119 733 regula
1147 663 1293 718 hanc
1319 668 1536 716 asserat
1563 662 1752 716 venire
1783 661 2141 726 sententiam,

546 759 661 807 tam
694 753 893 806 divinae
921 751 1278 806 auctoritatis
1333 751 1578 816 oracula,
1629 767 1798 822 quam
1828 749 2146 821 praeceden-

549 841 689 896 tium
721 843 954 894 Patrum
969 841 1100 894 huic
1121 839 1432 894 narrationi
1457 839 2142 893 curavimusinnectenda.

549 931 640 988 Sic
661 931 811 984 enim
841 946 941 1000 per
969 929 1270 983 Jeremiam
1301 928 1441 982 dixit
1465 946 1476 980 :
1517 948 1536 977 ι
1567 928 2028 998 Repenteloquar
2052 926 2148 980 ad-

546 1034 742 1072 versus
751 1023 996 1086 gentem,
1011 1017 1279 1070 adversus
1295 1032 1550 1086 regnum,
1570 1021 1634 1070 ut
1649 1015 1927 1069 eradicem
1946 1020 2004 1068 et
2030 1015 2146 1068 dis-

547 1107 779 1178 perdam
831 1106 990 1162 illud.
1048 1105 1106 1160 Si
1161 1105 1548 1176 paenitentiam
1601 1104 1779 1174 egerit
1816 1121 1956 1174 gens
1993 1103 2148 1157 illaa

551 1197 698 1250 malo
715 1211 816 1249 suo
847 1195 995 1265 quod
1017 1195 1236 1248 locutus
1259 1211 1383 1248 sum
1421 1195 1688 1248 adversus
1718 1210 1862 1259 eam,
1896 1208 2062 1262 agam
2089 1196 2147 1246 et

550 1301 654 1354 ego
684 1283 1072 1354 pmﬁtentiam
1098 1285 1268 1354 super
1288 1284 1435 1337 malo
1459 1283 1607 1354 quod
1637 1281 1894 1351 cogitavi,
1922 1287 1987 1335 ut
2006 1281 2146 1335 face-

549 1389 671 1427 rem
727 1372 776 1426 ei
835 1375 947 1440 (Jcr
1027 1378 1192 1438 xvm).
1231 1391 1256 1422 ι)
1311 1372 1381 1425 Et
1427 1388 1527 1441 per
1580 1370 1970 1446 Ezechielem:
2018 1389 2040 1420 α
2085 1369 2144 1423 Si

550 1461 760 1524 dixero,
791 1460 991 1532 inquit.
1037 1461 1193 1529 justo
1228 1459 1376 1530 quod
1399 1459 1512 1512 vita
1538 1459 1701 1523 vivat,
1737 1465 1794 1512 et
1821 1459 2061 1512 confisus
2090 1456 2149 1510 in

545 1550 769 1620 justitia
789 1566 891 1602 sua
930 1549 1124 1602 fecerit
1153 1547 1528 1618 iniquitatem,
1554 1564 1747 1601 omnes
1771 1546 2006 1617 justitiae
2027 1546 2150 1616 ejus

550 1638 810 1693 oblivioni
841 1638 1156 1702 tradentur,
1190 1643 1247 1690 et
1273 1638 1332 1691 in
1360 1637 1661 1707 iniquitate
1690 1653 1790 1689 sua
1820 1651 1988 1706 quam
2013 1650 2148 1705 ope-

2227 489 2353 538 stra
2383 485 2572 550 (Exod.
2608 492 2722 551 xx).
2768 505 2790 535 ›
2825 486 2894 540 Et
2948 487 3007 540 in
3056 487 3292 541 Levitico
3325 507 3335 540 :
3375 507 3395 537 ι
3437 487 3550 542 Non
3591 491 3744 558 perju-

2228 571 2378 626 rabis
2411 572 2468 626 in
2500 573 2727 627 nomine
2762 591 2906 640 meo,
2942 591 3044 629 nec
3100 576 3308 646 pollues
3352 593 3538 630 nomen
3564 578 3744 630 Domini

2227 661 2328 716 Dei
2369 663 2490 716 tui:
2545 679 2648 732 ego
2680 663 2952 718 Dominus
3008 666 3149 725 (Lor.
3185 663 3316 734 xm).
3351 683 3378 716 ι
3429 665 3615 719 Tamen
3650 683 3744 720 ma-

2229 751 2345 806 lum
2375 751 2524 821 quod
2563 751 2843 806 facturum
2887 769 2946 806 se
2975 759 3318 808 sacramento
3343 753 3620 816 devoverat,
3651 771 3744 808 om-

2228 840 2362 894 nino
2405 856 2518 894 nou
2573 839 2758 906 faciat,
2809 841 3076 911 quoniam
3131 843 3302 896 stulta
3337 849 3457 896 vota
3497 841 3746 913 frangenda

2229 933 2379 982 sunt.

2229 1086 2362 1140 CAP.
2387 1086 2560 1140 XXII.
2589 1116 2653 1126 —
2701 1087 2769 1140 De
2797 1087 2883 1140 his
2921 1089 3020 1155 qui
3059 1089 3132 1140 ad
3183 1089 3403 1140 ecclesia
3429 1087 3747 1154 patrocinium

2299 1158 2651 1224 confugiunt,
2715 1174 2780 1211 ne
2829 1159 3132 1211 tradantur
3155 1160 3574 1227 persequentibus
3597 1174 3641 1210 se
3657 1161 3747 1210 sine

2295 1230 2489 1296 fa’dcrc
2509 1231 2678 1296 pacti.

2301 1369 2382 1423 De
2428 1369 2516 1424 his
2546 1386 2680 1438 ergo
2713 1369 2808 1440 qui
2841 1369 2912 1424 ad
2960 1369 3202 1424 ecclesiae
3233 1369 3578 1441 patrocinium
3600 1368 3751 1423 confu-

2230 1458 2396 1528 giunt
2424 1474 2494 1512 ne
2535 1459 2852 1523 tradantur,
2905 1458 2964 1513 in
3011 1459 3244 1513 concilio
3290 1457 3622 1522 Arausioano,
3655 1475 3748 1528 cap.

2230 1550 2284 1613 ὕ,
2307 1548 2390 1601 ita
2416 1547 2686 1618 scriptum
2718 1553 2804 1601 est
2838 1567 2849 1600 :
2904 1549 3011 1602 Eos
3052 1555 3242 1601 autem
3293 1547 3387 1617 qui
3431 1546 3498 1600 ad
3523 1545 3752 1599 ecclesiam

2231 1636 2600 1708 confugerint,
2633 1636 2779 1690 tradi
2808 1653 2922 1690 non
2948 1643 3254 1708 oportere,‘
3278 1635 3375 1689 sed
3407 1634 3506 1688 loci
3527 1633 3674 1688 sancti
3692 1650 3753 1687 re-

549 1733 708 1782 ratus
729 1733 832 1793 est,
871 1726 930 1780 in
951 1725 1072 1797 ipsa
1115 1725 1404 1780 morietur.
1431 1725 1488 1780 Si
1517 1730 1706 1779 autem
1738 1725 1928 1778 dixero
1953 1723 2148 1794 impio,
2166 1713 2212 1772 Β
2230 1725 2483 1780 verentia
2505 1729 2563 1778 et
2584 1725 2984 1780 intercessione
3024 1725 3268 1779 defendi.
3309 1726 3372 1779 In
3395 1723 3604 1778 concilio
3624 1725 3754 1776 Aure-

551 1817 730 1870 Morte
754 1815 1028 1878 morieris,
1047 1819 1102 1868 et
1132 1815 1308 1868 everit
1329 1815 1743 1886 paenitentiam,
1771 1814 1887 1867 vita
1915 1813 2066 1882 viget
2094 1816 2151 1864 et

551 1921 666 1960 non
690 1905 961 1958 morietur
982 1905 1190 1969 (E:cch.
1216 1907 1388 1972 xviii).
1413 1923 1440 1955 u
1477 1904 1533 1957 Si
1557 1921 1689 1974 ergo
1709 1909 1902 1957 nostra
1919 1918 2148 1956 conver-

559 1995 641 2048 sio
675 1994 754 2048 sic
783 1993 1028 2047 divinam
1075 1998 1259 2047 mutat
1287 1993 1646 2059 sententiam,
1683 2010 1783 2047 cur
1813 1991 2148 2045 miserorum

561 2088 732 2137 tanta:
765 2083 1021 2154 lacrymae
1051 2083 1134 2135 vel
1163 2098 1443 2152 pressura,
1475 2088 1593 2135 tam
1622 2081 1851 2136 crudam
1879 2097 1992 2134 non
2004 2086 2149 2133 tem-

555 2178 754 2244 perent
779 2189 841 2225 ex
869 2171 1227 2225 miseratione
1240 2170 1542 2225 vindictam
1559 2172 1582 2223 ?
1609 2171 1750 2224 Hinc
1763 2170 1967 2242 populo
1979 2169 2149 2244 etiam

552 2259 860 2316 Israelitico
882 2276 1026 2329 saepe
1057 2259 1196 2312 ultio
1239 2259 1517 2330 promissa
1546 2257 1927 2329 suspenditur,
1969 2261 2027 2310 et
2054 2236 2149 2310 Ni-

553 2337 1129 2419 nivimrum‘perditio
1159 2347 1358 2402 divinae
1402 2347 1693 2402 sententia:
1736 2345 2148 2418 permutatione

550 2439 800 2492 sedatur.
833 2439 975 2491 Nam
1008 2442 1236 2490 sanctus
1266 2436 1595 2490 Ambrosius
1633 2435 1691 2489 in
1720 2434 1862 2489 libro
1890 2433 2058 2488 tertio
2079 2434 2148 2488 de

553 2527 782 2590 Ofﬁciis,
815 2543 936 2598 cap.
981 2526 1063 2589 12,
1101 2525 1181 2580 ita
1209 2525 1325 2579 ait:
1361 2527 1571 2580 Purum
1594 2523 1767 2595 igitur
1785 2541 1850 2581 ac
1873 2523 2153 2578 sincerum

552 2622 772 2688 oportet
825 2633 945 2669 esse
1006 2615 1286 2680 affectum,
1330 2621 1395 2668 ut
1433 2613 1816 2684 unusquisque
1845 2612 2151 2683 simplicem

555 2720 872 2760 sermonem
903 2703 1150 2774 proferat
1183 2721 1195 2756 :
1229 2720 1324 2757 vas
1363 2720 1528 2758 suum
1558 2703 1616 2756 in
1661 2701 1958 2756 sanctitate
1979 2701 2154 2772 possi-

557 2794 708 2858 deat,
743 2810 812 2846 ne
835 2794 1068 2847 fratrem
1109 2791 1604 2864 circumspectione
1659 2790 1956 2846 verborum
1993 2789 2154 2844 indu-

556 2887 649 2936 cat
674 2900 685 2934 :
720 2882 857 2935 nihil
881 2881 1175 2952 promittat
1201 2881 1582 2935 inhonestum.
1628 2883 1704 2935 At
1732 2880 1778 2933 si
1808 2879 2148 2951 promiserit,

555 2970 908 3024 tolerabilius
930 2975 1016 3024 est
1045 2969 1380 3040 promissum
1420 2987 1533 3024 non
1563 2970 1764 3036 facere,
1783 2986 1951 3039 quam
1968 2968 2151 3022 facere

2230 1814 2488 1880 lianensi,
2522 1831 2645 1885 cap.
2675 1814 2730 1880 1,
2755 1815 2824 1868 de
2843 1815 3157 1868 homicidis.
3195 1819 3253 1868 et
3281 1811 3554 1877 adulteris,
3583 1817 3632 1864 et
3649 1810 3754 1864 furi-

2228 1903 2353 1968 bus,
2387 1903 2435 1956 si
2463 1903 2533 1957 ad
2565 1903 2854 1957 ecclesiam
2887 1903 3260 1973 confugerint,
3284 1903 3365 1956 ita
3393 1901 3632 1972 scriptum
3655 1907 3718 1953 est
3743 1919 3752 1952 :

2231 1993 2293 2047 Id
2325 1992 2721 2046 constituimus
2751 1991 3162 2046 observandum
3185 1991 3336 2062 quod
3367 1989 3678 2044 ecclesiastici
3693 2005 3757 2041 ca-

2231 2097 2405 2135 nones
2463 2081 2846 2144 decreverunt,
2901 2087 2960 2134 et
3003 2081 3090 2134 lex
3121 2081 3379 2134 Romana
3417 2078 3681 2142 constituit,
3712 2083 3759 2130 ut

2232 2170 2302 2225 ab
2333 2170 2576 2224 ecclesiae
2606 2169 2766 2224 atriis
2795 2170 2879 2223 vel
2907 2169 3074 2224 domo
3102 2169 3351 2241 episcopi
3377 2185 3468 2222 eos
3493 2166 3758 2221 abstrahere

2234 2259 2462 2314 omnino
2508 2275 2620 2313 non
2669 2259 2818 2324 licet,
2861 2259 2958 2313 sed
3008 2275 3110 2312 nec
3157 2257 3326 2312 altari
3354 2256 3654 2327 consignari,
3680 2253 3762 2308 nisi

2232 2349 2302 2403 ad
2333 2347 2633 2418 Evangelia
2661 2347 2808 2401 datis
2841 2347 3231 2414 sacramentis,
3274 2347 3344 2401 de
3373 2351 3542 2400 morte
3565 2351 3615 2398 et
3642 2341 3761 2396 debi-

2230 2438 2391 2492 litate
2430 2443 2488 2491 et
2515 2437 2668 2491 omni
2693 2453 2987 2508 pcenarum
3007 2453 3218 2507 genere
3249 2437 3361 2490 sint
3391 2431 3764 2499 securi,itautei

2236 2527 2326 2581 cui
2358 2543 2489 2581 reus
2527 2525 2699 2580 fuerit
2745 2513 3082 2580 criminosus
3111 2525 3180 2580 de
3227 2525 3589 2580 satisfactione
3611 2537 3765 2575 conve-

2236 2616 2374 2670 niat.
2407 2615 2566 2679 Quod
2599 2615 2646 2668 si
2696 2621 3051 2669 sacramenta
3078 2631 3180 2668 sua
3228 2615 3506 2668 convictus
3527 2611 3672 2666 fuerit
3685 2609 3768 2662 vio—

2235 2706 2382 2760 lasse
2411 2721 2540 2758 reus
2569 2704 2823 2774 perjurii,
2859 2721 2972 2758 non
3023 2704 3208 2757 solum
3248 2720 3283 2756 a
3311 2695 3668 2757 communione
3691 2699 3767 2752 Ec-

2235 2794 2414 2848 clesia:
2434 2795 2518 2847 vel
2540 2793 2793 2847 omnium
2813 2793 3162 2856 clericorum,
3195 2809 3393 2846 verum
3422 2791 3579 2846 etiam
3605 2795 3690 2844 eta
3704 2803 3769 2841 ca-

2236 2883 2570 2937 tholicorum
2593 2881 2842 2936 convivio
2870 2886 3180 2952 separetur.
3227 2881 3390 2946 Quod
3409 2881 3454 2935 si
3473 2880 3558 2934 cui
3575 2895 3684 2934 reus
3706 2883 3768 2929 est

2235 2971 2481 3026 noluerit
2525 2969 2630 3025 sibi
2683 2969 2993 3024 intentione
3039 2970 3282 3025 faciente
3319 2969 3584 3042 componi,
3610 2965 3768 3037 etipsc

557 3059 702 3130 quod
737 3064 900 3129 turpe
923 3059 1012 3112 sit.
1039 3059 1195 3129 Saepe
1225 3059 1475 3129 plerique
1521 3059 1914 3127 constringunt
1941 3057 2211 3128 seipsosc
2234 3077 2363 3115 reus
2390 3060 2460 3113 de
2490 3059 2724 3113 ecclesia
2751 3063 2908 3113 actus
2947 3059 3152 3114 timore
3189 3059 3526 3124 discesserit,
3555 3057 3618 3111 ab
3639 3054 3770 3110 eccle-

552 3147 928 3217 jurisjurandi
981 3153 1333 3201 sacramento
1367 3165 1378 3198 :
1415 3152 1472 3200 ct
1497 3164 1622 3201 cum
1653 3147 1759 3217 ipsi
1789 3147 2152 3216 cognoverint

557 3236 998 3306 promittendum
1025 3252 1137 3289 non
1167 3235 1338 3288 fuisse
1353 3241 1788 3298 sacramentum,
1807 3242 2000 3288 tamen
2026 3251 2154 3288 con-

557 3324 927 3394 templatione
955 3324 1169 3378 faciunt
1205 3324 1352 3394 quod
1405 3324 1842 3394 spoponderunt.
1901 3324 2058 3378 Sicut
2083 3324 2152 3376 de

557 3412 780 3466 Herode
809 3429 982 3482 supra
1019 3412 1364 3483 scripsimus,
1411 3411 1507 3482 qui
1563 3412 1832 3466 saltatrici
1861 3412 2153 3482 praemium

557 3500 802 3571 turpiter
849 3500 1127 3571 promisit,
1187 3500 1491 3554 crudeliter
1533 3501 1695 3553 solvit
1748 3501 1959 3567 (Matth.
2013 3505 2148 3567 x1v).

553 3589 740 3660 Turpe
764 3589 913 3659 quod
932 3605 1171 3659 regnum
1191 3607 1293 3660 pro
1315 3589 1614 3643 saltatione
1637 3589 2013 3660 promittitur:
2031 3605 2154 3643 cru-

553 3677 696 3744 dele,
713 3678 860 3748 quod
874 3695 1025 3732 mors
1037 3679 1323 3750 prophetae
1351 3694 1452 3749 pro
1477 3677 1851 3747 jurisjurandi
1883 3677 2154 3748 religione

551 3766 824 3820 donatur!
844 3766 1066 3830 Quanto
1083 3765 1433 3822 tolerabilius
1453 3767 1567 3820 tale
1595 3766 1790 3821 fuisset
1819 3766 2148 3838 perjurium,

553 3860 929 3909 sacramento.
965 3856 1034 3910 Et
1079 3861 1210 3926 post
1255 3871 1433 3926 pauca
1459 3855 1528 3909 de
1577 3855 1778 3926 Jephte
1807 3854 2149 3921 discernens,

551 3943 889 3999 Miserabilis
904 3944 1229 4011 necessitas,
1246 3960 1369 4015 quae
1385 3943 1618 3998 solvitur
1628 3943 2154 4016 parricidio.Melius

553 4037 642 4087 est
669 4049 782 4086 non
803 4049 1002 4086 vovere
1025 4033 1081 4087 id
1105 4033 1254 4103 quod
1303 4032 1408 4086 sibi
1448 4033 1496 4087 is
1528 4033 1618 4087 cui
1639 4032 1987 4104 promittitur
2015 4033 2156 4088 nolit

553 4120 781 4175 exsolvi.
807 4121 876 4174 Et
903 4127 1030 4192 post
1059 4121 1380 4192 paululum:
1414 4122 1540 4176 Non
1579 4139 1802 4194 semper
1830 4121 2004 4192 igitur
2029 4139 2154 4193 pro-

554 4207 728 4263 missa
748 4209 1014 4264 solvenda
1045 4211 1238 4264 omnia
1264 4217 1414 4266 sunt.
1438 4211 1690 4282 Denique
1719 4211 1839 4283 ipse
1858 4212 2148 4278 Dominus,

551 4298 698 4353 sicut
713 4297 1005 4369 Scriptura
1039 4298 1268 4366 indicat,
1287 4299 1612 4371 frequenter
1641 4317 1798 4354 suam
1821 4305 2006 4354 mutat
2022 4317 2150 4355 sen-

547 4387 804 4442 tentiam.
837 4387 938 4441 Vir
965 4405 1188 4460 quoque
1212 4389 1600 4446 sanctissimus
1611 4389 1975 4459 Augustinus,
2004 4389 2152 4443 inve-

549 4476 865 4548 stigationis
877 4479 1136 4536 acumine
1155 4485 1355 4536 acutus
1379 4498 1389 4532 :
1418 4480 1743 4534 Inveniendi
1765 4480 1952 4534 aditus
1973 4485 2146 4552 patet,

549 4565 772 4619 minora
799 4582 1022 4638 semper
1076 4568 1380 4639 eligantur.
1438 4569 1582 4633 Quia
1623 4574 1682 4622 et
1731 4568 1826 4640 qui
1859 4586 2152 4624 murorum

549 4651 763 4708 ambitu
795 4670 866 4707 ne
885 4655 1068 4726 fugiat
1093 4659 1394 4720 clauditur,
1411 4658 1488 4712 ibi
1518 4675 1578 4713 se
1609 4659 1668 4712 in
1697 4658 1888 4728 fugam
1905 4659 2154 4731 praecipi-

552 4750 658 4811 tat,
691 4743 786 4799 ubi
812 4745 1038 4800 brevior
1066 4763 1264 4802 murus
1315 4748 1618 4802 invenitur.
1645 4748 1788 4801 Hinc
1817 4754 1875 4802 et
1903 4749 2151 4804 Isidorus

551 4835 635 4890 ait
661 4854 673 4889 :
697 4835 1065 4892 Tolerabilius
1095 4843 1183 4891 est
1212 4837 1365 4892 enim
1419 4854 1530 4891 non
1561 4837 1796 4908 implere
1838 4855 2154 4892 sacramen-

552 4929 676 4980 tum
707 4941 876 4996 quam
901 4940 1234 4995 permanere
1262 4926 1320 4978 in
1351 4925 1532 4996 stupri
1552 4925 2067 4996 ﬁagitio.Similiter
2093 4927 2154 4982 in

553 5013 895 5085 Synonymis
928 5029 939 5064 :
975 5013 1037 5066 In
1066 5013 1228 5066 malis
1248 5013 1542 5084 promissis
1565 5013 1820 5068 rescinde
1849 5015 2018 5068 ﬁdem
2045 5033 2057 5068 :
2093 5015 2152 5070 in

552 5102 706 5174 turpi
744 5107 872 5156 voto
930 5107 1090 5156 muta
1135 5101 1423 5158 decretura
1460 5120 1470 5154 :
1504 5103 1652 5174 quod
1683 5102 1906 5156 incaute
1935 5103 2148 5172 vovisti,

553 5205 626 5244 ne
654 5190 843 5245 facias.
893 5191 1074 5262 Impia
1103 5196 1190 5244 est
1215 5190 1532 5262 promissio,
1567 5207 1690 5262 qua:
1732 5191 1941 5246 scelere
1969 5193 2152 5248 adim-

555 5279 760 5350 pletur.
794 5279 952 5334 Unde
1011 5295 1234 5334 necesse
1291 5284 1378 5334 est
1435 5285 1499 5333 ut
1527 5281 1674 5334 male
1697 5281 1896 5350 jurans
1925 5281 2152 5352 dignam

555 5367 946 5437 paenitentiam
976 5374 1126 5439 agat,
1161 5385 1227 5423 eo
1251 5369 1401 5440 quod
1431 5385 1635 5423 nomen
1691 5369 1917 5423 Domini
1957 5377 2154 5425 contra

557 5462 897 5526 praeceptum
929 5457 1077 5511 illius
1129 5458 1371 5530 sumpsit
1409 5457 1468 5512 in
1499 5475 1676 5513 vano:
1712 5458 1846 5529 quia
1876 5459 1935 5513 in
1966 5460 2152 5514 Exodo

559 5541 830 5612 scriptum
856 5549 943 5600 est
967 5562 978 5596 :
1018 5565 1039 5596 ι
1076 5547 1191 5602 Nec
1219 5547 1370 5603 enim
1390 5547 1673 5604 insontem
1705 5547 1935 5604 habebit
1961 5549 2154 5604 Domi-

2171 4343 2220 4400 D

2233 3149 2328 3203 sia:
2347 3147 2562 3202 clericis
2593 3163 2706 3202 non
2735 3153 3038 3218 quaeratur.

2307 3239 2446 3292 Item
2471 3237 2530 3290 in
2579 3237 2773 3291 eodem
2801 3237 3053 3297 concilio,
3085 3253 3206 3308 cap.
3243 3236 3298 3300 2,
3341 3237 3598 3308 scriptum
3629 3239 3700 3288 est
3722 3231 3772 3284 de

2235 3325 2572 3396 raptoribus,
2615 3325 2662 3379 si
2699 3325 2768 3379 ad
2799 3325 3089 3380 ecclesiam
3119 3325 3506 3396 confugerint:
3537 3325 3608 3378 De
3631 3328 3774 3391 rapto-

2235 3415 2391 3469 ribus
2420 3420 2610 3468 autem
2639 3415 2697 3467 id
2723 3413 3175 3468 constituendum
3205 3432 3334 3470 esse
3358 3414 3666 3476 censuimus.
3682 3407 3774 3462 utsi

2237 3504 2304 3558 ad
2343 3503 2640 3558 ecclesiam
2661 3509 2856 3574 raptor
2883 3520 3008 3557 cum
3039 3508 3203 3574 rapta
3241 3503 3572 3564 convenerit,
3588 3507 3638 3554 et
3652 3497 3774 3552 femi-

2235 3609 2368 3648 nam
2398 3594 2582 3664 ipsam
2613 3591 2939 3646 violentiam
2970 3593 3272 3664 pertulisse
3296 3590 3616 3656 constiterit,
3629 3587 3776 3642 statim

2234 3681 2506 3736 liberetur
2524 3681 2594 3736 de
2619 3685 2895 3752 potestate
2916 3683 3156 3753 raptoris
3181 3700 3192 3734 :
3228 3687 3290 3736 et
3308 3689 3498 3753 raptor
3525 3679 3693 3734 mortis
3714 3675 3775 3728 vel

2236 3787 2529 3841 poenarum
2551 3770 2886 3841 impunitate
2903 3772 3270 3836 concessa,ad_
3279 3770 3622 3826 serviendum
3635 3765 3777 3836 subje-

2235 3865 2358 3914 ctus
2386 3859 2480 3925 sit,
2496 3864 2596 3913 aut
2605 3857 2918 3914 redimendi
2937 3877 2998 3914 se
3009 3860 3248 3914 liberam
3263 3859 3471 3914 habeat
3487 3859 3774 3913 facultatem.

2237 3949 2296 4003 Si
2326 3965 2458 4003 vero
2477 3965 2599 4019 quae
2631 3949 2851 4019 rapitur
2879 3953 3099 4020 patrem
3150 3949 3365 4004 habere
3415 3945 3711 4004 constiterit,
3735 3949 3776 3995 ct

2235 4038 2423 4110 puella
2441 4037 2655 4109 raptori
2681 4037 3046 4104 consenserit,
3079 4039 3350 4108 potestati
3378 4038 3547 4110 patris
3564 4037 3776 4090 excusata

2234 4127 2503 4181 reddatur
2554 4143 2565 4178 :
2609 4132 2667 4180 et
2693 4132 2886 4198 raptor
2915 4143 2950 4180 a
2975 4133 3136 4198 patre
3161 4127 3470 4200 superioris
3496 4120 3777 4181 conditionis

2234 4215 2611 4270 satisfactione
2631 4219 2893 4271 teneatur
2918 4215 3206 4271 obnoxius.

2305 4306 2448 4360 Item
2477 4304 2536 4359 in
2586 4305 2782 4359 eodem
2813 4305 3066 4372 concilio,
3097 4323 3218 4377 cap.
3252 4305 3310 4373 3,
3351 4307 3610 4378 scriptum
3633 4305 3707 4356 est
3725 4296 3777 4351 de

2233 4392 2424 4459 servis,
2458 4393 2504 4448 si
2535 4393 2604 4447 ad
2653 4394 2942 4448 ecclesiam
2975 4395 3332 4464 confugerint
3371 4414 3384 4448 :
3419 4395 3606 4450 Servus
3653 4391 3693 4442 si
3724 4385 3778 4440 ad

2233 4483 2527 4537 ecclesiam
2546 4482 2862 4554 confugerit
2876 4500 2977 4554 pro
2999 4483 3250 4554 qualibet
3267 4485 3450 4556 culpa,
3465 4483 3511 4538 si
3536 4499 3568 4536 a
3592 4477 3778 4535 domino

2233 4571 2441 4626 omissa
2469 4572 2634 4644 culpa
2681 4580 3095 4627 sacramentum
3149 4574 3476 4645 susceperit.
3531 4570 3697 4626 statim
3723 4563 3778 4618 ad

2233 4661 2524 4714 servitium
2555 4661 2769 4715 domini
2795 4662 2882 4716 sui
2903 4661 3086 4716 redire
3116 4663 3447 4733 cogatur.Et
3464 4667 3776 4732 posteaquam

2233 4749 2364 4804 dato
2393 4755 2745 4804 sacramento
2772 4750 3000 4805 domino
3030 4768 3132 4805 suo
3168 4750 3344 4806 fuerit
3370 4750 3712 4820 consignatus,
3739 4740 3776 4795 si

2233 4837 2446 4909 aliquid
2476 4855 2652 4910 paenae
2680 4855 2781 4910 pro
2807 4839 3004 4894 eadem
3031 4840 3196 4912 culpa
3231 4857 3344 4911 qua
3371 4843 3650 4894 excusatur
3678 4847 3776 4904 pro-

2234 4925 2398 4982 batus
2427 4927 2598 4982 fuerit
2639 4928 2956 4999 pertulisse,
2993 4945 3094 5000 pro
3133 4935 3456 5000 contemptu
3496 4924 3711 4982 ecclesiae
3731 4924 3774 4974 et

2234 5016 2689 5086 praevaricatione
2711 5017 2860 5082 ﬁdei,
2893 5035 2928 5072 a
2951 5019 3342 5073 communione
3371 5023 3429 5072 et
3452 5014 3676 5071 convivio
3701 5024 3772 5062 ca-

2233 5105 2293 5158 th
2301 5104 2590 5172 olicorum,
2604 5105 2749 5160 sicut
2767 5107 3023 5178 superius
3042 5107 3506 5179 comprehensum
3520 5110 3615 5170 est,
3632 5107 3773 5156 extra-

2234 5211 2374 5248 neus
2402 5193 2696 5249 habeatur.
2733 5195 2793 5250 Si
2847 5212 2978 5250 vero
3007 5213 3218 5262 servus,
3263 5212 3365 5267 pro
3413 5195 3572 5265 culpa
3612 5207 3700 5244 sua
3718 5183 3770 5238 ab

2235 5283 2469 5337 ecclesia
2515 5283 2856 5348 defensatus,
2910 5291 3262 5340 sacramenta
3306 5283 3544 5346 Domini,
3598 5274 3770 5335 clericis

2235 5372 2600 5443 exigentibus,
2636 5374 2704 5428 de
2736 5373 3073 5445 impunitate
3095 5373 3422 5446 perceperit,
3455 5372 3594 5425 exire
3620 5367 3767 5423 nolen-

2233 5467 2348 5515 tem
2377 5479 2411 5516 a
2431 5461 2657 5516 domino
2681 5463 2848 5516 liceat
2875 5463 3154 5534 occupari.
