4018 6168
322 227 472 285 1417

1570 234 2089 288 ΡΟΞΝΙΤΕΝΤΙΙΙΜ
2127 235 2358 290 LIBER.

3458 241 3599 300 1418

320 353 458 406 CAP.
481 351 695 430 XXIII.
718 381 782 430 -τ
806 351 992 430 Dahis
1019 356 1116 430 qui
1145 355 1517 430 divinationes
1561 363 1837 425 expetunt.
1874 363 1921 411 ei
1945 363 1983 417 Α
2008 359 2160 412 tione
2189 360 2469 430 colligere.
2502 362 2628 415 Non
2656 361 2822 415 liceat
2845 362 2904 415 in
2941 363 3266 418 collectione
3295 364 3599 420 herbarum

501 424 979 475 incantationibus
999 426 1109 476 sive
1127 429 1386 493 auguriis
1407 424 1737 483 deserviunt.

399 530 464 583 In
492 529 788 598 Ancyrano
805 529 1057 596 concilio,
1077 547 1269 602 cap....
1303 533 1373 587 de
1402 534 1490 588 his
1513 535 1609 605 qui
1630 535 1924 590 divinatio-

2006 464 2128 517 quae
2158 449 2516 504 medicinales
2542 455 2676 504 sunt
2704 450 2920 521 aliquas
2941 449 3354 507 observationes
3385 469 3485 508 aut
3509 454 3599 509 in-

2003 537 2670 604 cantationesintendere,
2706 539 2813 593 nisi
2833 544 3055 594 tantum
3083 557 3210 595 cum
3239 541 3491 613 symbolo
3511 543 3600 597 di-

319 632 423 670 nes
455 622 738 686 expetunt,
776 622 833 670 et
881 634 1096 672 morem
1149 621 1446 690 gentilium
1477 622 1916 694 subsequuntur,
2004 625 2132 680 vino
2153 632 2209 680 et
2241 628 2493 682 oratione
2514 628 2806 683 Dominica
2830 647 2840 682 :
2867 634 2932 682 ut
2951 635 3176 684 tantum
3206 631 3356 686 Deus
3381 638 3603 686 creator

321 711 427 758 aut
455 706 512 758 in
533 705 731 759 domos
759 722 889 760 suas
917 707 1239 775 hujusmodi
1260 710 1516 766 homines
1536 711 1918 778 introducunt,
2005 715 2258 769 omnium
2279 723 2336 770 et
2363 718 2636 772 Dominus
2663 718 2992 775 honoretur.

323 795 652 866 exquirendi
681 795 896 866 aliquid
927 802 1047 850 arte
1075 799 1348 866 malefica,
1382 807 1482 854 aut
1509 801 1769 871 expiandi
1790 819 1923 856 cau-

2079 805 2142 858 In
2163 806 2397 860 concilio
2441 807 2788 874 Laodicensi,
2821 824 2942 877 cap.
2990 805 3076 867 39,
3107 798 3376 879 scriptum
3413 817 3498 864 est
3531 810 3601 864 de

322 902 407 949 sa,
442 883 546 938 sub
573 885 771 954 regula
798 885 1166 956 quinquennii
1189 889 1416 957 jaceant
1458 891 1763 944 secundum
1792 908 1924 958 gra-
2007 893 2096 945 his
2159 894 2492 949 Christianis
2554 896 2648 965 qui
2713 895 2998 950 celebrant
3063 896 3205 950 festa
3256 897 3597 966 gentilium:

324 974 433 1027 dus
453 973 798 1044 pcenitentiae
828 974 1106 1028 deﬁnitos.

2008 981 2168 1044 Quod
2196 999 2305 1036 non
2338 989 2594 1054 oporteat
2621 1001 2747 1038 cum
2777 984 3080 1054 gentilibus
3118 985 3262 1039 festa
3297 987 3598 1052 celebrare,

399 1063 463 1115 In
489 1061 722 1115 concilio
743 1063 1088 1127 Laodicensi,
1115 1081 1235 1136 cap.
1267 1063 1355 1118 36.
1390 1065 1459 1119 de
1485 1065 1571 1120 his
1599 1067 1698 1137 qui
1730 1067 1920 1120 incan-
2005 1075 2063 1123 et
2109 1071 2521 1126 communicare
2556 1073 2925 1144 pravitatibus
2971 1090 3165 1128 eorum
3195 1075 3292 1146 qui
3329 1074 3450 1130 sine
3487 1076 3604 1130 Deo

324 1150 635 1204 tationibus
655 1157 712 1205 et
734 1151 1094 1222 phylacteriis
1115 1158 1368 1220 utuntur,
1385 1153 1465 1208 ita
1493 1155 1763 1225 scriptum
1795 1161 1882 1210 est
1905 1175 1920 1210 :

324 1239 488 1303 Quod
520 1257 633 1294 non
653 1247 910 1311 oporteat
937 1242 1110 1296 sacris
1139 1241 1334 1296 officiis
1363 1243 1580 1298 deditos
1628 1245 1716 1298 vel
1767 1243 1924 1298 cleri-

322 1345 437 1394 cos,
474 1345 671 1399 magos
692 1335 792 1384 aut
809 1329 1190 1385 incantatores
1211 1331 1466 1398 existere,
1487 1333 1778 1388 autfacere
1789 1334 1926 1405 phy-

323 1418 576 1484 lacteria,
609 1436 731 1490 qua:
757 1419 1074 1473 animarum
1113 1437 1343 1474 suarum
1371 1421 1594 1475 vincula
1622 1439 1743 1476 esse
1771 1439 1924 1477 com-

323 1505 670 1577 probantur:
699 1524 795 1562 eos
821 1513 1011 1562 autem
1041 1509 1137 1579 qui
1167 1509 1254 1563 his
1285 1515 1538 1576 utuntur,
1583 1509 1653 1564 ab
1683 1511 1928 1565 Ecclesia

232 1657 240 1662 _
321 1595 457 1666 pelli
486 1595 858 1666 przecipimus.

400 1685 462 1737 In
493 1683 727 1738 concilio
757 1684 1082 1754 Agathensi,
1105 1685 1175 1739 de
1204 1685 1485 1756 sortilegis
1513 1688 1598 1740 vel
1625 1673 1989 1758 auguriumB

326 1773 698 1838 servantibus,
733 1779 798 1827 ut
851 1772 922 1827 ab
981 1774 1226 1829 Ecclesia
1269 1782 1621 1846 separentur,
1655 1794 1776 1848 cap.
1835 1777 1922 1842 43,

326 1862 600 1932 scriptum
623 1868 709 1916 est
741 1881 752 1915 :
789 1864 872 1916 Ne
899 1863 967 1916 de
999 1880 1064 1918 eo
1091 1863 1328 1918 fortasse
1357 1865 1612 1919 videatur
1634 1865 1922 1931 omissum,

327 1951 476 2020 quod
505 1951 746 2005 maxime
779 1951 947 2006 ﬁdem
997 1952 1294 2007 Catholicae
1349 1953 1635 2024 religionis
1674 1954 1921 2019 infestat,

327 2039 476 2109 quod
509 2039 781 2110 aliquanti
798 2041 986 2094 clerici
1009 2041 1124 2095 sive
1152 2041 1280 2096 laici
1309 2043 1538 2097 student
1565 2043 1836 2113 auguriis,
1871 2051 1929 2099 et

327 2127 432 2182 sub
457 2129 683 2182 nomine
715 2131 858 2183 ﬁctae
905 2129 1195 2200 religionis
1235 2148 1346 2202 qua
1398 2138 1718 2186 sanctorum
1748 2140 1928 2188 sortes

326 2217 686 2272 divinationis
713 2218 1005 2272 scientiam
1035 2221 1388 2290 proﬁtentur,
1425 2227 1525 2275 aut
1552 2239 1927 2293 quarumcun-

326 2324 435 2378 que
463 2307 808 2378 inspectione
839 2309 1030 2362 futura
1073 2309 1428 2380 promittunt,
1459 2311 1561 2364 hoc
1611 2312 1927 2383 quicunque

323 2396 562 2450 clericus
591 2397 678 2450 vel
704 2397 879 2452 laicus
900 2397 1152 2452 detectus
1181 2397 1370 2464 fuerit,
1393 2400 1479 2453 vel
1508 2401 1816 2466 consulere,
1841 2402 1926 2454 vel

323 2485 546 2551 docere,
573 2485 643 2538 ab
677 2486 921 2540 Ecclesia
949 2487 1228 2542 habeatur
1247 2493 1567 2545 extraneus.

397 2575 462 2628 In
484 2573 718 2628 concilio
736 2575 1113 2640 Toletanensi,
1141 2593 1261 2647 cap.
1287 2575 1377 2642 20,
1401 2576 1480 2631 ita
1501 2577 1772 2648 scriptum
1794 2587 1879 2633 est
1908 2598 1920 2632 :

325 2662 384 2717 Si
415 2663 540 2734 quis
569 2663 860 2735 episcopus
889 2670 989 2718 aut
1019 2664 1328 2736 presbyter.
1359 2666 1474 2720 sive
1517 2666 1805 2733 diaconus,
1841 2669 1924 2721 vel

326 2751 563 2822 quilibet
581 2769 646 2806 ex
676 2753 872 2807 ordine
899 2753 1247 2821 clericorum,
1283 2771 1478 2825 magos
1509 2760 1609 2808 aut
1639 2756 1925 2827 aruspices

326 2847 427 2894 aut
456 2840 661 2894 ariolos
689 2842 775 2896 vel
805 2842 1119 2912 sortilegos,
1139 2848 1239 2896 aut
1257 2859 1352 2897 eos
1373 2844 1469 2914 qui
1493 2845 1930 2914 proﬁtenturar—

323 2936 439 2984 tem
489 2931 738 3002 aliquam
792 2931 1092 2997 curiosum,
1121 2937 1220 2986 aut
1247 2932 1464 3002 aliquos
1492 2950 1687 2988 eorum
1725 2933 1932 2987 similia

325 3025 645 3074 exercentes
672 3021 968 3076 consulens
994 3021 1166 3076 fuerit
1184 3021 1583 3092 deprehensus,
1624 3021 1693 3077 ab
1713 3023 1926 3077 honore

325 3108 620 3178 dignitatis
630 3126 743 3164 suae
757 3110 1063 3181 depositus,
1081 3110 1408 3164 monasterii
1427 3128 1620 3165 curam
1649 3111 1886 3183 excipiat
1908 3131 1920 3166 :

323 3196 512 3268 ibique
543 3205 827 3269 perpetua:
847 3200 1191 3270 paenitentiae
1219 3200 1462 3266 deditus,
1504 3201 1686 3254 scelus
1714 3200 1924 3255 admis-

321 3303 450 3340 sum
479 3288 758 3361 sacrilegii
779 3289 974 3342 solvat.

395 3376 460 3429 In
479 3376 692 3446 synodo
713 3376 959 3442 Martini,
978 3393 1098 3446 cap.
1118 3377 1204 3440 59,
1226 3377 1307 3430 ita
1334 3377 1604 3447 scriptum
1636 3385 1722 3432 est
1751 3396 1762 3430 :
1797 3379 1921 3432 Non

321 3464 490 3519 liceat
517 3465 900 3520 sacerdotibus
929 3465 1014 3519 vel
1045 3465 1260 3519 clericis
1307 3465 1686 3520 incantatores
1709 3484 1829 3521 esse
1867 3473 1925 3520 et

321 3554 598 3622 ligaturas
627 3554 808 3608 facere
845 3573 856 3607 :
885 3554 1032 3625 quod
1063 3559 1148 3608 est
1191 3554 1474 3624 colligatio
1504 3555 1840 3610 animarum.
1865 3556 1922 3611 Si

324 3642 451 3712 quis
481 3643 598 3696 hzec
627 3643 776 3709 facit,
801 3643 871 3696 de
893 3643 1140 3698 Ecclesia
1168 3643 1516 3715 projiciatur.

324 3749 458 3803 CAP.
491 3750 686 3804 XXIV.
722 3781 786 3790 —-
819 3752 972 3818 Quod
999 3767 1110 3805 non
1141 3753 1300 3804 liceat
1345 3752 1679 3806 Christianis
1706 3767 1922 3804 servare

399 3823 726 3875 traditiones
765 3825 1062 3888 gentilium
1095 3841 1110 3876 :
1145 3839 1241 3875 nec
1281 3825 1414 3876 ullis
1457 3824 1922 3876 observationibus

395 3894 548 3960 festis
579 3909 768 3946 eorum
798 3895 1230 3947 communicare.

398 3999 540 4053 Item
555 3999 614 4054 in
635 4001 828 4054 eadem
843 3999 1078 4071 synodo,
1102 4017 1224 4070 cap.
1241 3997 1330 4064 7'2,
1345 4000 1618 4069 scriptum
1650 4003 1760 4052 est:
1797 4000 1922 4053 Non

318 4087 492 4164 liceat
506 4088 843 4144 Christianis
855 4095 1048 4144 tenere
1069 4088 1402 4142 traditiones
1421 4087 1803 4155 gentilium,et
1822 4087 1922 4141 ob-

324 4177 708 4232 servarelunae
727 4185 826 4232 aut
845 4178 1136 4232 stellarum
1159 4193 1405 4232 cursum.
1437 4176 1563 4229 Non
1577 4175 1745 4230 liceat
1763 4177 1924 4230 Chri-

2005 1164 2156 1212 sunt.

2008 1267 2140 1320 CAP.
2175 1267 2341 1320 XXV.
2375 1297 2445 1306 —
2467 1271 2617 1335 Quod
2647 1285 2758 1322 non
2787 1271 2859 1322 sit
2889 1285 3016 1322 cum
3043 1273 3282 1338 paganis
3313 1273 3606 1325 convivan-

2719 1342 2873 1393 dum.

2079 1446 2142 1498 In
2165 1445 2400 1499 concilio
2419 1445 2700 1511 Africano,
2725 1463 2848 1518 cap.
2867 1447 2958 1512 ‘27,
2983 1448 3253 1519 scriptum
3283 1454 3370 1502 est
3396 1449 3465 1502 de
3504 1467 3604 1521 pa-

2007 1550 2284 1603 ganorum
2328 1534 2589 1588 conviviis
2633 1535 2952 1590 auferendis
2985 1554 2996 1588 :
3045 1536 3188 1590 Illud
3217 1535 3388 1590 etiam
3416 1543 3607 1608 peten-

2011 1623 2243 1686 dum,ut
2272 1623 2558 1694 quoniam,
2590 1629 2788 1678 contra
2817 1630 3094 1695 praecepta
3120 1625 3328 1692 divina,
3361 1625 3610 1680 convivia

2011 1711 2203 1765 multis
2248 1712 2307 1766 in
2353 1713 2489 1791 locis
2547 1719 2892 1782 exercentur,
2926 1730 3049 1784 quae
3085 1713 3154 1766 ab
3186 1729 3376 1768 errore
3411 1713 3610 1784 gentili

2009 1801 2265 1854 adtracta
2296 1806 2444 1866 sunt,
2481 1801 2561 1855 ita
2589 1807 2654 1855 ut
2682 1819 2832 1856 nunc
2860 1819 2896 1856 a
2923 1803 3156 1873 paganis
3203 1802 3510 1858 Christiani
3539 1802 3610 1856 ad

2009 1889 2126 1943 haec
2153 1889 2488 1944 celebranda
2546 1896 2836 1960 cogantur,
2873 1908 2937 1945 ex
2986 1907 3098 1962 qua
3145 1907 3208 1944 re
3260 1891 3610 1962 temporibus

2010 1977 2456 2032 Christianorum
2487 1979 2898 2049 Imperatorum
2929 1980 3244 2050 persecutio
3272 1981 3452 2034 altera
3484 1979 3609 2034 ﬁeri

2009 2066 2222 2119 occulte
2252 2065 2526 2130 videatur,
2557 2065 2730 2118 vetari
2759 2065 2894 2119 talia
2916 2065 3155 2135 jubeant
3191 2083 3203 2118 :
3233 2072 3290 2120 et
3317 2067 3386 2120 de
3415 2066 3610 2120 civita-

2010 2153 2159 2208 tibus
2189 2160 2246 2208 et
2275 2153 2718 2226 possessionibus
2762 2154 3031 2225 imposita
3077 2170 3243 2226 poena
3271 2153 3556 2225 prohiberi
3592 2171 3604 2206 :

2012 2243 2252 2297 maxime
2282 2261 2408 2298 cum
2441 2243 2612 2297 etiam
2655 2242 2934 2297 natalibus
2973 2242 3425 2298 beatissimorum
3463 2259 3611 2296 mar-

2008 2337 2199 2404 tyrum
2218 2349 2319 2403 per
2340 2333 2639 2387 nonnullas
2659 2332 2932 2396 civitates,
2952 2338 3010 2386 et
3032 2331 3090 2385 in
3122 2331 3257 2403 ipsis
3278 2331 3412 2385 locis
3436 2331 3610 2386 sacris

2007 2422 2144 2475 talia
2173 2421 2524 2476 committere
2573 2438 2686 2476 non
2730 2421 3096 2475 reformident
3126 2439 3137 2472 :
3171 2419 3375 2491 quibus
3412 2419 3608 2475 diebus

2007 2511 2200 2577 etiam,
2236 2511 2384 2580 quod
2405 2510 2636 2581 pudoris
2665 2516 2751 2564 est
2779 2510 2984 2574 dicere,
3010 2509 3337 2564 saltationes
3367 2509 3608 2563 scelera-

2007 2599 2254 2654 tissimus
2277 2616 2377 2671 per
2387 2599 2534 2654 vicos
2551 2605 2720 2670 atque
2748 2600 2962 2670 plateas
2983 2604 3294 2662 exerceant,
3319 2603 3384 2652 ut
3404 2603 3609 2652 matro-

2008 2688 2151 2742 nalis
2183 2689 2364 2742 honor
2393 2694 2450 2742 et
2487 2687 2988 2742 innumerabilium
3033 2687 3374 2742 feminarum
3405 2687 3604 2757 pudor,

2010 2777 2206 2830 devote
2234 2777 2580 2831 venientium
2611 2776 2680 2830 ad
2713 2775 3157 2830 sacratissimum
3185 2775 3357 2840 diem,
3384 2774 3610 2845 injuriis

2011 2865 2418 2919 lascivientium
2449 2871 2749 2936 appetatur
2773 2885 2783 2918 :
2813 2871 2879 2918 ut
2898 2863 3069 2918 etiam
3098 2863 3275 2936 ipsius
3294 2870 3500 2918 sancta
3523 2881 3609 2918 re-

2011 2953 2239 3024 ligionis
2265 2971 2404 3026 pene
2431 2954 2685 3024 fugiatur
2712 2971 2986 3008 accessus.

2080 3044 2144 3098 In
2173 3033 2408 3098 decretis
2429 3043 2629 3098 Leonis
2649 3045 2830 3114 Papae,
2857 3060 2978 3114 cap.
3006 3041 3092 3106 30,
3122 3043 3394 3114 scriptum
3423 3048 3509 3096 est
3537 3042 3608 3097 de

2009 3133 2096 3186 his
2125 3133 2220 3203 qui
2250 3132 2497 3186 convivio
2524 3133 2822 3202 gentilium
2852 3139 2909 3187 et
2933 3133 3074 3186 escis
3115 3131 3490 3186 immolatitiis
3517 3131 3606 3186 usi

2007 3227 2170 3275 sunt:
2193 3221 2368 3292 Siqui
2415 3221 2661 3289 convivio
2692 3222 2810 3275 solo
2848 3220 3145 3290 gentilium
3165 3227 3224 3276 et
3245 3220 3386 3275 escis
3407 3221 3608 3275 immo-

2007 3309 2204 3363 latitiis
2233 3310 2320 3364 usi
2361 3316 2510 3374 sunt,
2543 3315 2776 3380 possunt
2803 3309 3034 3379 jejuniis
3058 3315 3116 3362 et
3144 3325 3346 3363 manus
3373 3308 3606 3380 imposi-

2007 3396 2158 3450 tione
2204 3397 2452 3468 purgari,
2516 3396 2586 3451 ab
2643 3396 2968 3466 idolothytis
3019 3395 3384 3460 abstinentes,
3416 3413 3605 3450 sacra-

2005 3491 2325 3539 mentorum
2357 3485 2566 3539 Christi
2587 3491 2822 3556 possunt
2848 3501 2969 3538 esse
2998 3484 3316 3555 participes.
3340 3484 3398 3538 Si
3413 3489 3605 3539 autem

2005 3579 2106 3628 aut
2126 3574 2276 3628 idola
2327 3574 2721 3638 adoraverunt,
2753 3579 2853 3626 aut
2903 3572 3220 3626 homicidiis
3273 3577 3374 3628 aut
3426 3572 3604 3627 forni-

2005 3662 2317 3717 cationibus
2349 3661 2718 3716 contaminati
2742 3667 2891 3726 sunt,
2926 3661 2996 3715 ad
3026 3661 3478 3716 communionem
3508 3679 3604 3717 eos

2005 3751 2113 3805 nisi
2171 3768 2272 3822 per
2327 3749 2716 3822 paenitentiam
2756 3749 3035 3822 publicam
3083 3767 3195 3804 non
3242 3756 3466 3822 oportet
3500 3751 3602 3804 ad-

2005 3839 2172 3894 mitti.

2006 3950 2136 4001 Csr.
2178 3947 2372 4000 XXVI.
2409 3978 2472 3987 —
2507 3949 2576 4000 De
2608 3947 2942 4000 Christianis
2983 3949 3083 4015 qui
3124 3963 3250 4000 cum
3277 3947 3482 4001 Juda'is
3519 3963 3601 4001 rc-

2073 4023 2328 4083 scuntur,
2353 4023 2402 4071 ct
2421 4019 2777 4086 quodluda’is
2799 4034 2912 4071 non
2933 4020 3092 4072 liccat
3114 4019 3308 4071 habere
3327 4019 3600 4072 Christia-

2077 4106 2178 4143 nas
2209 4106 2402 4143 uxores
2431 4093 2510 4143 cel
2538 4091 2888 4154 concubinas,
2923 4106 3014 4143 seu
3057 4091 3403 4158 mancipium
3435 4091 3598 4146 Ultri-

2074 4163 2344 4214 stianum.

323 4265 528 4321 stianis
555 4265 847 4320 observare
875 4267 961 4321 vel
989 4267 1171 4321 colere
1200 4265 1498 4330 elementa,
1522 4269 1622 4318 aut
1658 4266 1804 4319 luna:
1825 4269 1988 4364 autD
2080 4267 2384 4322 Inconcilio
2407 4266 2840 4332 Heliberritano,
2857 4283 2978 4338 cap.
3003 4268 3092 4332 55,
3117 4268 3386 4338 scriptum
3417 4274 3503 4321 est
3529 4268 3599 4321 de

324 4355 618 4409 stellarum
643 4371 890 4422 cursum,
923 4361 1025 4410 aut
1051 4355 1280 4409 inanem
1310 4354 1602 4425 signorum
1642 4353 1922 4408 fallaciam
1942 4353 1984 4364 ”
2009 4355 2342 4409 Christianis
2363 4355 2458 4425 qui
2476 4371 2604 4408 cum
2625 4355 2832 4408 Judzeis
2860 4360 3161 4409 vescuntur
3185 4373 3196 4408 :
3231 4354 3289 4408 Si
3320 4370 3449 4408 vero
3475 4354 3600 4424 quis

321 4461 429 4514 pro
449 4445 615 4498 domo
633 4443 906 4509 facienda,
926 4445 1010 4498 vel
1027 4443 1333 4514 segetibus,
1357 4445 1442 4498 vel
1463 4443 1757 4498 arboribus
1768 4444 1924 4514 plan-

319 4531 532 4599 tandis,
565 4533 651 4588 vel
671 4533 948 4604 conjugiis
975 4533 1272 4587 sociandis.
1303 4533 1585 4604 Scriptum
1607 4537 1695 4587 est
1723 4533 1873 4586 enim
1907 4551 1918 4585 :

326 4642 351 4672 ι
386 4621 588 4675 Omnia
608 4623 947 4692 qua-.facitis,
975 4628 1073 4676 aut
1094 4622 1153 4676 in
1171 4621 1340 4676 verbo
1370 4629 1470 4676 aut
1491 4622 1550 4676 in
1577 4639 1766 4694 opere,
1799 4639 1924 4675 om-

321 4709 422 4763 nia
453 4710 512 4764 in
531 4711 755 4765 nomine
771 4711 993 4765 Domini
1015 4711 1194 4764 nostri
1212 4713 1238 4764 J
1245 4728 1343 4765 esu
1367 4710 1573 4765 Christi
1602 4711 1784 4776 facite,
1797 4727 1924 4781 gra-

319 4798 432 4852 tias
461 4805 692 4868 agentes
721 4800 836 4853 Deo
863 4801 916 4872 (Ι
947 4801 1068 4854 Cor.
1102 4800 1176 4871 κ).
1212 4820 1237 4852 )›

395 4888 540 4941 Item
566 4887 626 4942 in
655 4888 850 4942 eodem
879 4889 1131 4952 concilio,
1163 4906 1284 4960 cap.
1309 4887 1396 4955 72,
1421 4890 1504 4944 ita
1522 4889 1794 4960 scriptum
1816 4893 1920 4952 est,

321 4975 474 5047 quod
500 4993 614 5030 non
671 4975 837 5030 liceat
891 4977 1172 5032 Kalendas
1223 4977 1519 5032 observare
1553 4997 1564 5032 :
1599 4979 1722 5032 Non
1758 4977 1923 5039 liceat

318 5065 547 5136 iniquas
567 5064 981 5120 observationes
1011 5083 1178 5136 agere
1209 5067 1610 5133 Kalendarum,
1646 5073 1704 5120 et
1729 5065 1922 5120 otiosis

319 5171 520 5208 vacare
558 5153 726 5208 rebus
759 5173 771 5206 :
801 5171 984 5225 neque
1013 5155 1172 5208 lauro
1217 5161 1318 5208 aut
1345 5155 1625 5209 viriditate
1653 5154 1920 5209 arborum

321 5243 563 5297 circuire
589 5243 806 5298 domos.
855 5243 1052 5298 Omnis
1108 5244 1226 5298 haec
1255 5243 1568 5298 observatio
1606 5243 1920 5315 paganismi

319 5337 426 5386 est.

395 5421 539 5475 Item
597 5421 655 5476 in
711 5422 908 5477 eodem
965 5422 1218 5489 concilio,
1245 5438 1367 5493 cap.
1393 5420 1481 5488 73,
1513 5421 1783 5492 scriptum
1811 5428 1915 5487 est,

320 5509 473 5580 quod
503 5526 617 5565 non
635 5510 803 5566 liceat
829 5511 1189 5568 medicinales
1221 5509 1423 5566 herbas
1444 5510 1630 5582 aliqua
1659 5510 1921 5565 observa-

565 5609 830 5672 ΡΑτιιοι..
867 5610 1056 5672 CXII.

2006 4444 2237 4498 clericus
2266 4445 2350 4497 vel
2393 4443 2570 4497 ﬁdelis
2627 4460 2754 4496 cum
2805 4443 3012 4496 Judaais
3049 4443 3233 4497 cibum
3272 4442 3595 4512 sumpserit,

2005 4534 2214 4604 placuit
2242 4550 2372 4587 eum
2428 4549 2463 4586 a
2502 4531 2897 4586 communione
2951 4529 3251 4597 abstinere,
3292 4537 3358 4587 ut
3399 4531 3602 4586 debeat

2005 4621 2316 4676 emundari.
3081 4677 3084 4680 .

2076 4711 2139 4764 In
2167 4709 2400 4763 concilio
2427 4708 2802 4773 'I‘oletanensi,
2835 4724 2956 4779 cap.
2987 4709 3078 4772 14,
3119 4707 3390 4780 scriptum
3418 4716 3504 4765 est
3529 4712 3599 4764 de

2003 4799 2209 4853 Judaeis
2241 4817 2252 4851 :
2287 4799 2634 4869 Suggerente
2663 4797 2930 4863 Concilio,
2949 4796 3006 4850 id
3032 4797 3470 4868 gloriosissimus
3495 4799 3600 4852 Do-

2006 4887 2193 4942 minus
2222 4894 2413 4942 noster
2437 4887 2757 4942 Canonibus
2805 4887 3166 4942 inserendum
3221 4887 3503 4959 praecepit,
3535 4891 3601 4940 ut

2003 4977 2212 5030 Judaeis
2252 4993 2364 5030 non
2417 4976 2586 5030 liccat
2627 4977 2978 5030 Christianas
3025 4976 3231 5030 habere
3259 4992 3458 5030 uxores
3511 4976 3599 5030 vel

2003 5065 2358 5129 concubinas,
2393 5081 2574 5135 neque
2603 5065 2945 5134 mancipium
2969 5064 3348 5119 Christianum
3379 5064 3436 5118 in
3464 5081 3600 5118 usus

2002 5155 2258 5226 proprios
2277 5170 2622 5224 comparare.
2651 5152 2758 5206 Sed
2780 5158 2835 5206 et
2857 5153 2956 5206 filii
2987 5153 3083 5223 qui
3112 5170 3176 5205 ex
3208 5152 3307 5204 tali
3336 5153 3599 5223 conjugio

2003 5243 2120 5298 nati
2143 5248 2294 5308 sunt,
2309 5241 2672 5297 assumendos
2691 5258 2814 5295 esse
2834 5241 2904 5294 ad
2941 5240 3310 5312 baptismum:
3336 5241 3494 5295 nulla
3523 5241 3601 5296 of.

2004 5333 2128 5386 ﬁcia
2149 5331 2370 5404 publica
2389 5348 2484 5386 eos
2499 5348 2639 5402 opus
2669 5336 2754 5384 est
2782 5347 2968 5400 agere,
2992 5346 3094 5400 per
3121 5345 3245 5400 quae
3274 5329 3354 5384 eis
3383 5329 3598 5384 occasio

2003 5421 2285 5476 tribuatur
2319 5437 2542 5492 pcenam
2585 5419 2919 5474 Christianis
2964 5419 3188 5474 inferre.
3219 5419 3277 5472 Si
3305 5419 3431 5491 quis
3472 5436 3600 5474 vero

2004 5510 2308 5566 Christiani
2337 5509 2408 5564 ab
2433 5509 2515 5564 eis
2541 5508 2749 5564 Judaais
2776 5508 2835 5563 in
2864 5507 2978 5564 ritu
3015 5514 3148 5564 sunt
3193 5509 3478 5574 maculati,
3513 5509 3599 5564 vel

3281 5611 3358 5670 45
