  <div class='ocr_page' id='page_1' title='image "/cluster/home/n/w/nwhite01/storage/ocr_20150623/112/hvd.32044054759774/715.png"; bbox 0 0 3958 6170; ppageno 0'>
   <div class='ocr_carea' id='block_1_1' title="bbox 435 289 577 362">
    <p class='ocr_par' dir='ltr' id='par_1_1' title="bbox 435 289 577 362">
     <span class='ocr_line' id='line_1_1' title="bbox 435 289 577 362; baseline 0.014 -4"><span class='ocrx_word' id='word_1_1' title='bbox 435 289 577 362; x_wconf 57' lang='lat' dir='ltr'>me</span> 
     </span>
    </p>
   </div>
   <div class='ocr_carea' id='block_1_2' title="bbox 1033 283 3120 372">
    <p class='ocr_par' dir='ltr' id='par_1_2' title="bbox 1033 283 3120 372">
     <span class='ocr_line' id='line_1_2' title="bbox 1033 283 3120 372; baseline 0.004 -10"><span class='ocrx_word' id='word_1_2' title='bbox 1033 309 1096 361; x_wconf 91' lang='lat' dir='ltr'>B.</span> <span class='ocrx_word' id='word_1_3' title='bbox 1139 307 1409 364; x_wconf 84' lang='lat' dir='ltr'>RABANI</span> <span class='ocrx_word' id='word_1_4' title='bbox 1449 309 1681 365; x_wconf 85' lang='lat' dir='ltr'>MAURI</span> <span class='ocrx_word' id='word_1_5' title='bbox 1719 285 2056 368; x_wconf 73' lang='lat' dir='ltr'>AncHiEP.</span> <span class='ocrx_word' id='word_1_6' title='bbox 2098 283 2422 368; x_wconf 64' lang='lat' dir='ltr'>nouom.</span> <span class='ocrx_word' id='word_1_7' title='bbox 2464 313 2760 370; x_wconf 87' lang='lat' dir='ltr'>OPERUM</span> <span class='ocrx_word' id='word_1_8' title='bbox 2797 315 2982 371; x_wconf 78' lang='lat' dir='ltr'>PARS</span> <span class='ocrx_word' id='word_1_9' title='bbox 3019 316 3120 372; x_wconf 87' lang='lat' dir='ltr'>III.</span> 
     </span>
    </p>
   </div>
   <div class='ocr_carea' id='block_1_3' title="bbox 3582 283 3700 374">
    <p class='ocr_par' dir='ltr' id='par_1_3' title="bbox 3582 283 3700 374">
     <span class='ocr_line' id='line_1_3' title="bbox 3582 283 3700 374; baseline 0.017 -2"><span class='ocrx_word' id='word_1_10' title='bbox 3582 283 3700 374; x_wconf 59' lang='grc' dir='ltr'>ωδ</span> 
     </span>
    </p>
   </div>
   <div class='ocr_carea' id='block_1_4' title="bbox 431 424 3698 511">
    <p class='ocr_par' dir='ltr' id='par_1_4' title="bbox 431 424 3698 511">
     <span class='ocr_line' id='line_1_4' title="bbox 431 424 3698 511; baseline 0.006 -31"><span class='ocrx_word' id='word_1_11' title='bbox 431 428 604 481; x_wconf 80' lang='lat' dir='ltr'>etiam</span> <span class='ocrx_word' id='word_1_12' title='bbox 631 427 946 482; x_wconf 83' lang='lat' dir='ltr'>circumcisi</span> <span class='ocrx_word' id='word_1_13' title='bbox 976 447 1088 484; x_wconf 90' lang='lat' dir='ltr'>non</span> <span class='ocrx_word' id='word_1_14' title='bbox 1120 424 1339 486; x_wconf 85' lang='lat' dir='ltr'>reddito</span> <span class='ocrx_word' id='word_1_15' title='bbox 1377 433 1580 503; x_wconf 88' lang='lat' dir='ltr'>pretio,</span> <span class='ocrx_word' id='word_1_16' title='bbox 1613 435 1682 488; x_wconf 89' lang='lat' dir='ltr'>ad</span> <span class='ocrx_word' id='word_1_17' title='bbox 1709 430 2027 490; x_wconf 89' lang='lat' dir='ltr'>libertatem</span> <span class='ocrx_word' id='word_1_18' title='bbox 2046 437 2246 497; x_wconf 79' lang='lat' dir='ltr'>Adum</span> <span class='ocrx_word' id='word_1_19' title='bbox 2275 439 2547 507; x_wconf 84' lang='lat' dir='ltr'>judicare.</span> <span class='ocrx_word' id='word_1_20' title='bbox 2573 439 2672 492; x_wconf 87' lang='lat' dir='ltr'>His</span> <span class='ocrx_word' id='word_1_21' title='bbox 2694 456 2828 492; x_wconf 89' lang='lat' dir='ltr'>vero</span> <span class='ocrx_word' id='word_1_22' title='bbox 2858 457 2893 494; x_wconf 90' lang='lat' dir='ltr'>a</span> <span class='ocrx_word' id='word_1_23' title='bbox 2922 441 3126 511; x_wconf 87' lang='lat' dir='ltr'>quibus</span> <span class='ocrx_word' id='word_1_24' title='bbox 3147 442 3375 497; x_wconf 87' lang='lat' dir='ltr'>Domini</span> <span class='ocrx_word' id='word_1_25' title='bbox 3401 436 3698 498; x_wconf 77' lang='lat' dir='ltr'>sacramen-</span> 
     </span>
    </p>
   </div>
   <div class='ocr_carea' id='block_1_5' title="bbox 432 517 1542 587">
    <p class='ocr_par' dir='ltr' id='par_1_5' title="bbox 432 517 1542 587">
     <span class='ocr_line' id='line_1_5' title="bbox 432 517 1542 587; baseline 0.006 -18"><span class='ocrx_word' id='word_1_26' title='bbox 432 523 490 570; x_wconf 89' lang='lat' dir='ltr'>et</span> <span class='ocrx_word' id='word_1_27' title='bbox 518 517 848 587; x_wconf 81' lang='lat' dir='ltr'>religionem</span> <span class='ocrx_word' id='word_1_28' title='bbox 880 518 1114 574; x_wconf 78' lang='lat' dir='ltr'>redeant</span> <span class='ocrx_word' id='word_1_29' title='bbox 1144 522 1542 576; x_wconf 80' lang='lat' dir='ltr'>Christianam.</span> 
     </span>
    </p>
   </div>
   <div class='ocr_carea' id='block_1_6' title="bbox 433 641 2036 717">
    <p class='ocr_par' dir='ltr' id='par_1_6' title="bbox 433 641 2036 717">
     <span class='ocr_line' id='line_1_6' title="bbox 433 641 2036 717; baseline 0.006 -23"><span class='ocrx_word' id='word_1_30' title='bbox 433 641 565 694; x_wconf 78' lang='lat' dir='ltr'>CAP.</span> <span class='ocrx_word' id='word_1_31' title='bbox 601 642 922 717; x_wconf 21' lang='grc' dir='ltr'>ΧΧΥΙΙἎ-</span> <span class='ocrx_word' id='word_1_32' title='bbox 958 645 1109 710; x_wconf 83' lang='lat' dir='ltr'>Quod</span> <span class='ocrx_word' id='word_1_33' title='bbox 1137 647 1473 702; x_wconf 70' lang='lat' dir='ltr'>Christianis</span> <span class='ocrx_word' id='word_1_34' title='bbox 1504 664 1614 701; x_wconf 84' lang='lat' dir='ltr'>non</span> <span class='ocrx_word' id='word_1_35' title='bbox 1647 656 1915 717; x_wconf 78' lang='lat' dir='ltr'>congruat</span> <span class='ocrx_word' id='word_1_36' title='bbox 1954 669 2036 704; x_wconf 88' lang='lat' dir='ltr'>co-</span> 
     </span>
    </p>
   </div>
   <div class='ocr_carea' id='block_1_7' title="bbox 508 715 2036 787">
    <p class='ocr_par' dir='ltr' id='par_1_7' title="bbox 508 715 2036 787">
     <span class='ocr_line' id='line_1_7' title="bbox 508 715 2036 787; baseline 0.007 -25"><span class='ocrx_word' id='word_1_37' title='bbox 508 715 924 766; x_wconf 84' lang='lat' dir='ltr'>messationibus</span> <span class='ocrx_word' id='word_1_38' title='bbox 964 717 1235 780; x_wconf 80' lang='lat' dir='ltr'>interesse,</span> <span class='ocrx_word' id='word_1_39' title='bbox 1281 734 1374 771; x_wconf 76' lang='lat' dir='ltr'>nec</span> <span class='ocrx_word' id='word_1_40' title='bbox 1412 719 1705 772; x_wconf 84' lang='lat' dir='ltr'>histriones</span> <span class='ocrx_word' id='word_1_41' title='bbox 1750 715 1894 787; x_wconf 66' lang='lat' dir='ltr'>ﬁeri,</span> <span class='ocrx_word' id='word_1_42' title='bbox 1943 739 2036 775; x_wconf 86' lang='lat' dir='ltr'>nec</span> 
     </span>
    </p>
   </div>
   <div class='ocr_carea' id='block_1_8' title="bbox 502 786 1675 855">
    <p class='ocr_par' dir='ltr' id='par_1_8' title="bbox 502 786 1675 855">
     <span class='ocr_line' id='line_1_8' title="bbox 502 786 1675 855; baseline 0.006 -20"><span class='ocrx_word' id='word_1_43' title='bbox 502 786 708 836; x_wconf 78' lang='lat' dir='ltr'>saltare</span> <span class='ocrx_word' id='word_1_44' title='bbox 741 787 803 837; x_wconf 86' lang='lat' dir='ltr'>in</span> <span class='ocrx_word' id='word_1_45' title='bbox 835 789 1068 853; x_wconf 76' lang='lat' dir='ltr'>nuptiis,</span> <span class='ocrx_word' id='word_1_46' title='bbox 1097 804 1267 855; x_wconf 76' lang='lat' dir='ltr'>neque</span> <span class='ocrx_word' id='word_1_47' title='bbox 1298 792 1357 841; x_wconf 89' lang='lat' dir='ltr'>in</span> <span class='ocrx_word' id='word_1_48' title='bbox 1387 793 1675 845; x_wconf 70' lang='lat' dir='ltr'>conviviis.</span> 
     </span>
    </p>
   </div>
   <div class='ocr_carea' id='block_1_9' title="bbox 503 887 2035 967">
    <p class='ocr_par' dir='ltr' id='par_1_9' title="bbox 503 887 2035 967">
     <span class='ocr_line' id='line_1_9' title="bbox 503 887 2035 967; baseline 0.007 -25"><span class='ocrx_word' id='word_1_49' title='bbox 503 887 568 942; x_wconf 89' lang='lat' dir='ltr'>In</span> <span class='ocrx_word' id='word_1_50' title='bbox 597 888 831 942; x_wconf 91' lang='lat' dir='ltr'>concilio</span> <span class='ocrx_word' id='word_1_51' title='bbox 860 891 1209 958; x_wconf 89' lang='lat' dir='ltr'>Laodicensi,</span> <span class='ocrx_word' id='word_1_52' title='bbox 1235 911 1356 965; x_wconf 88' lang='lat' dir='ltr'>cap.</span> <span class='ocrx_word' id='word_1_53' title='bbox 1395 893 1483 960; x_wconf 82' lang='lat'>55,</span> <span class='ocrx_word' id='word_1_54' title='bbox 1512 895 1782 967; x_wconf 91' lang='lat' dir='ltr'>scriptum</span> <span class='ocrx_word' id='word_1_55' title='bbox 1813 903 1898 951; x_wconf 90' lang='lat' dir='ltr'>est</span> <span class='ocrx_word' id='word_1_56' title='bbox 1924 915 2035 952; x_wconf 90' lang='lat' dir='ltr'>non</span> 
     </span>
    </p>
   </div>
   <div class='ocr_carea' id='block_1_10' title="bbox 431 979 2030 1046">
    <p class='ocr_par' dir='ltr' id='par_1_10' title="bbox 431 979 2030 1046">
     <span class='ocr_line' id='line_1_10' title="bbox 431 979 2030 1046; baseline 0.007 -17"><span class='ocrx_word' id='word_1_57' title='bbox 431 991 742 1046; x_wconf 83' lang='lat' dir='ltr'>congruere</span> <span class='ocrx_word' id='word_1_58' title='bbox 767 979 1118 1046; x_wconf 86' lang='lat' dir='ltr'>Christianis,</span> <span class='ocrx_word' id='word_1_59' title='bbox 1153 984 1659 1037; x_wconf 88' lang='lat' dir='ltr'>comessationibus</span> <span class='ocrx_word' id='word_1_60' title='bbox 1716 985 1985 1040; x_wconf 90' lang='lat' dir='ltr'>interesse</span> <span class='ocrx_word' id='word_1_61' title='bbox 2021 1006 2030 1039; x_wconf 97' lang='lat'>:</span> 
     </span>
    </p>
   </div>
   <div class='ocr_carea' id='block_1_11' title="bbox 432 1061 2037 1138">
    <p class='ocr_par' dir='ltr' id='par_1_11' title="bbox 432 1061 2037 1138">
     <span class='ocr_line' id='line_1_11' title="bbox 432 1061 2037 1138; baseline 0.006 -19"><span class='ocrx_word' id='word_1_62' title='bbox 432 1066 592 1129; x_wconf 83' lang='lat' dir='ltr'>Quod</span> <span class='ocrx_word' id='word_1_63' title='bbox 615 1083 725 1120; x_wconf 90' lang='lat' dir='ltr'>non</span> <span class='ocrx_word' id='word_1_64' title='bbox 756 1074 1012 1138; x_wconf 86' lang='lat' dir='ltr'>oporteat</span> <span class='ocrx_word' id='word_1_65' title='bbox 1037 1072 1356 1126; x_wconf 77' lang='lat' dir='ltr'>sacerdotes</span> <span class='ocrx_word' id='word_1_66' title='bbox 1391 1079 1489 1126; x_wconf 89' lang='lat' dir='ltr'>aut</span> <span class='ocrx_word' id='word_1_67' title='bbox 1516 1061 1744 1128; x_wconf 80' lang='lat' dir='ltr'>clericos</span> <span class='ocrx_word' id='word_1_68' title='bbox 1774 1092 1839 1128; x_wconf 83' lang='lat' dir='ltr'>ex</span> <span class='ocrx_word' id='word_1_69' title='bbox 1865 1077 2037 1129; x_wconf 91' lang='lat' dir='ltr'>colla-</span> 
     </span>
    </p>
   </div>
   <div class='ocr_carea' id='block_1_12' title="bbox 431 1151 2035 1218">
    <p class='ocr_par' dir='ltr' id='par_1_12' title="bbox 431 1151 2035 1218">
     <span class='ocr_line' id='line_1_12' title="bbox 431 1151 2035 1218; baseline 0.006 -10"><span class='ocrx_word' id='word_1_70' title='bbox 431 1151 506 1208; x_wconf 88' lang='lat' dir='ltr'>tis</span> <span class='ocrx_word' id='word_1_71' title='bbox 534 1155 620 1208; x_wconf 87' lang='lat' dir='ltr'>vel</span> <span class='ocrx_word' id='word_1_72' title='bbox 648 1157 1148 1212; x_wconf 89' lang='lat' dir='ltr'>comessationibus</span> <span class='ocrx_word' id='word_1_73' title='bbox 1187 1161 1436 1215; x_wconf 88' lang='lat' dir='ltr'>convivia</span> <span class='ocrx_word' id='word_1_74' title='bbox 1465 1161 1765 1216; x_wconf 88' lang='lat' dir='ltr'>celebrare.</span> <span class='ocrx_word' id='word_1_75' title='bbox 1802 1163 1918 1218; x_wconf 88' lang='lat' dir='ltr'>Hoc</span> <span class='ocrx_word' id='word_1_76' title='bbox 1939 1183 2035 1218; x_wconf 89' lang='lat' dir='ltr'>au-</span> 
     </span>
    </p>
   </div>
   <div class='ocr_carea' id='block_1_13' title="bbox 433 1245 1412 1319">
    <p class='ocr_par' dir='ltr' id='par_1_13' title="bbox 433 1245 1412 1319">
     <span class='ocr_line' id='line_1_13' title="bbox 433 1245 1412 1319; baseline 0.006 -23"><span class='ocrx_word' id='word_1_77' title='bbox 433 1248 547 1297; x_wconf 89' lang='lat' dir='ltr'>tem</span> <span class='ocrx_word' id='word_1_78' title='bbox 575 1261 678 1297; x_wconf 91' lang='lat' dir='ltr'>nec</span> <span class='ocrx_word' id='word_1_79' title='bbox 711 1245 868 1298; x_wconf 90' lang='lat' dir='ltr'>laicis</span> <span class='ocrx_word' id='word_1_80' title='bbox 889 1263 1054 1316; x_wconf 85' lang='lat' dir='ltr'>posse</span> <span class='ocrx_word' id='word_1_81' title='bbox 1083 1265 1412 1319; x_wconf 87' lang='lat' dir='ltr'>congruere.</span> 
     </span>
    </p>
   </div>
   <div class='ocr_carea' id='block_1_14' title="bbox 505 1332 2034 1410">
    <p class='ocr_par' dir='ltr' id='par_1_14' title="bbox 505 1332 2034 1410">
     <span class='ocr_line' id='line_1_14' title="bbox 505 1332 2034 1410; baseline 0.005 -22"><span class='ocrx_word' id='word_1_82' title='bbox 505 1332 570 1388; x_wconf 90' lang='lat' dir='ltr'>In</span> <span class='ocrx_word' id='word_1_83' title='bbox 599 1333 832 1387; x_wconf 89' lang='lat' dir='ltr'>concilio</span> <span class='ocrx_word' id='word_1_84' title='bbox 862 1333 1142 1402; x_wconf 85' lang='lat' dir='ltr'>Africano,</span> <span class='ocrx_word' id='word_1_85' title='bbox 1164 1354 1284 1409; x_wconf 92' lang='lat' dir='ltr'>cap.</span> <span class='ocrx_word' id='word_1_86' title='bbox 1312 1338 1398 1404; x_wconf 91' lang='lat'>30,</span> <span class='ocrx_word' id='word_1_87' title='bbox 1431 1339 1701 1410; x_wconf 90' lang='lat' dir='ltr'>scriptum</span> <span class='ocrx_word' id='word_1_88' title='bbox 1734 1347 1819 1394; x_wconf 88' lang='lat' dir='ltr'>est</span> <span class='ocrx_word' id='word_1_89' title='bbox 1846 1341 1914 1394; x_wconf 91' lang='lat' dir='ltr'>de</span> <span class='ocrx_word' id='word_1_90' title='bbox 1947 1342 2034 1396; x_wconf 90' lang='lat' dir='ltr'>hi-</span> 
     </span>
    </p>
   </div>
   <div class='ocr_carea' id='block_1_15' title="bbox 432 1420 2036 1502">
    <p class='ocr_par' dir='ltr' id='par_1_15' title="bbox 432 1420 2036 1502">
     <span class='ocr_line' id='line_1_15' title="bbox 432 1420 2036 1502; baseline 0.009 -30"><span class='ocrx_word' id='word_1_91' title='bbox 432 1420 758 1488; x_wconf 88' lang='lat' dir='ltr'>strionibus,</span> <span class='ocrx_word' id='word_1_92' title='bbox 783 1421 1119 1478; x_wconf 84' lang='lat' dir='ltr'>Christianis</span> <span class='ocrx_word' id='word_1_93' title='bbox 1141 1426 1319 1492; x_wconf 85' lang='lat' dir='ltr'>factis,</span> <span class='ocrx_word' id='word_1_94' title='bbox 1347 1434 1405 1481; x_wconf 90' lang='lat' dir='ltr'>et</span> <span class='ocrx_word' id='word_1_95' title='bbox 1431 1429 1499 1482; x_wconf 93' lang='lat' dir='ltr'>de</span> <span class='ocrx_word' id='word_1_96' title='bbox 1531 1429 1615 1482; x_wconf 89' lang='lat' dir='ltr'>his</span> <span class='ocrx_word' id='word_1_97' title='bbox 1645 1431 1816 1484; x_wconf 89' lang='lat' dir='ltr'>etiam</span> <span class='ocrx_word' id='word_1_98' title='bbox 1847 1437 2036 1502; x_wconf 89' lang='lat' dir='ltr'>peten-</span> 
     </span>
    </p>
   </div>
   <div class='ocr_carea' id='block_1_16' title="bbox 431 1509 2034 1584">
    <p class='ocr_par' dir='ltr' id='par_1_16' title="bbox 431 1509 2034 1584">
     <span class='ocr_line' id='line_1_16' title="bbox 431 1509 2034 1584; baseline 0.009 -23"><span class='ocrx_word' id='word_1_99' title='bbox 431 1509 586 1574; x_wconf 88' lang='lat' dir='ltr'>dum,</span> <span class='ocrx_word' id='word_1_100' title='bbox 604 1515 669 1562; x_wconf 91' lang='lat' dir='ltr'>ut</span> <span class='ocrx_word' id='word_1_101' title='bbox 697 1511 744 1563; x_wconf 88' lang='lat' dir='ltr'>si</span> <span class='ocrx_word' id='word_1_102' title='bbox 770 1512 895 1580; x_wconf 87' lang='lat' dir='ltr'>quis</span> <span class='ocrx_word' id='word_1_103' title='bbox 925 1529 990 1566; x_wconf 84' lang='lat' dir='ltr'>ex</span> <span class='ocrx_word' id='word_1_104' title='bbox 1019 1514 1270 1584; x_wconf 80' lang='lat' dir='ltr'>qualibet</span> <span class='ocrx_word' id='word_1_105' title='bbox 1292 1516 1508 1571; x_wconf 86' lang='lat' dir='ltr'>ludicra</span> <span class='ocrx_word' id='word_1_106' title='bbox 1528 1525 1648 1572; x_wconf 85' lang='lat' dir='ltr'>arte</span> <span class='ocrx_word' id='word_1_107' title='bbox 1668 1519 1738 1572; x_wconf 88' lang='lat' dir='ltr'>ad</span> <span class='ocrx_word' id='word_1_108' title='bbox 1761 1521 2034 1574; x_wconf 89' lang='lat' dir='ltr'>Christia-</span> 
     </span>
    </p>
   </div>
   <div class='ocr_carea' id='block_1_17' title="bbox 432 1598 2033 1671">
    <p class='ocr_par' dir='ltr' id='par_1_17' title="bbox 432 1598 2033 1671">
     <span class='ocr_line' id='line_1_17' title="bbox 432 1598 2033 1671; baseline 0.009 -21"><span class='ocrx_word' id='word_1_109' title='bbox 432 1598 626 1652; x_wconf 84' lang='lat' dir='ltr'>nitatis</span> <span class='ocrx_word' id='word_1_110' title='bbox 653 1599 893 1668; x_wconf 81' lang='lat' dir='ltr'>gratiam</span> <span class='ocrx_word' id='word_1_111' title='bbox 917 1602 1106 1655; x_wconf 89' lang='lat' dir='ltr'>venire</span> <span class='ocrx_word' id='word_1_112' title='bbox 1134 1605 1390 1671; x_wconf 88' lang='lat' dir='ltr'>voluerit,</span> <span class='ocrx_word' id='word_1_113' title='bbox 1425 1624 1489 1660; x_wconf 91' lang='lat' dir='ltr'>ac</span> <span class='ocrx_word' id='word_1_114' title='bbox 1529 1607 1672 1661; x_wconf 90' lang='lat' dir='ltr'>liber</span> <span class='ocrx_word' id='word_1_115' title='bbox 1699 1607 1768 1662; x_wconf 91' lang='lat' dir='ltr'>ab</span> <span class='ocrx_word' id='word_1_116' title='bbox 1791 1609 1886 1663; x_wconf 90' lang='lat' dir='ltr'>illa</span> <span class='ocrx_word' id='word_1_117' title='bbox 1913 1627 2033 1664; x_wconf 90' lang='lat' dir='ltr'>ma-</span> 
     </span>
    </p>
   </div>
   <div class='ocr_carea' id='block_1_18' title="bbox 431 1688 2032 1768">
    <p class='ocr_par' dir='ltr' id='par_1_18' title="bbox 431 1688 2032 1768">
     <span class='ocr_line' id='line_1_18' title="bbox 431 1688 2032 1768; baseline 0.009 -29"><span class='ocrx_word' id='word_1_118' title='bbox 431 1688 559 1740; x_wconf 89' lang='lat' dir='ltr'>cula</span> <span class='ocrx_word' id='word_1_119' title='bbox 581 1688 929 1758; x_wconf 84' lang='lat' dir='ltr'>permanere,</span> <span class='ocrx_word' id='word_1_120' title='bbox 960 1707 1073 1744; x_wconf 92' lang='lat' dir='ltr'>non</span> <span class='ocrx_word' id='word_1_121' title='bbox 1104 1709 1232 1747; x_wconf 89' lang='lat' dir='ltr'>eum</span> <span class='ocrx_word' id='word_1_122' title='bbox 1264 1693 1430 1749; x_wconf 88' lang='lat' dir='ltr'>liceat</span> <span class='ocrx_word' id='word_1_123' title='bbox 1455 1713 1489 1749; x_wconf 91' lang='lat' dir='ltr'>a</span> <span class='ocrx_word' id='word_1_124' title='bbox 1511 1690 1795 1768; x_wconf 80' lang='lat' dir='ltr'>quoquam</span> <span class='ocrx_word' id='word_1_125' title='bbox 1825 1691 2032 1754; x_wconf 84' lang='lat' dir='ltr'>iterum</span> 
     </span>
    </p>
   </div>
   <div class='ocr_carea' id='block_1_19' title="bbox 432 1772 1574 1854">
    <p class='ocr_par' dir='ltr' id='par_1_19' title="bbox 432 1772 1574 1854">
     <span class='ocr_line' id='line_1_19' title="bbox 432 1772 1574 1854; baseline 0.011 -27"><span class='ocrx_word' id='word_1_126' title='bbox 432 1772 504 1829; x_wconf 86' lang='lat' dir='ltr'>ad</span> <span class='ocrx_word' id='word_1_127' title='bbox 535 1775 730 1853; x_wconf 85' lang='lat' dir='ltr'>eadem</span> <span class='ocrx_word' id='word_1_128' title='bbox 761 1779 1070 1833; x_wconf 83' lang='lat' dir='ltr'>exercenda</span> <span class='ocrx_word' id='word_1_129' title='bbox 1096 1782 1288 1836; x_wconf 87' lang='lat' dir='ltr'>reduci</span> <span class='ocrx_word' id='word_1_130' title='bbox 1318 1784 1402 1837; x_wconf 90' lang='lat' dir='ltr'>vel</span> <span class='ocrx_word' id='word_1_131' title='bbox 1433 1785 1574 1854; x_wconf 89' lang='lat' dir='ltr'>cogi.</span> 
     </span>
    </p>
   </div>
   <div class='ocr_carea' id='block_1_20' title="bbox 502 1863 2035 1946">
    <p class='ocr_par' dir='ltr' id='par_1_20' title="bbox 502 1863 2035 1946">
     <span class='ocr_line' id='line_1_20' title="bbox 502 1863 2035 1946; baseline 0.01 -29"><span class='ocrx_word' id='word_1_132' title='bbox 502 1863 566 1918; x_wconf 92' lang='lat' dir='ltr'>In</span> <span class='ocrx_word' id='word_1_133' title='bbox 587 1865 819 1920; x_wconf 91' lang='lat' dir='ltr'>concilio</span> <span class='ocrx_word' id='word_1_134' title='bbox 857 1866 1206 1936; x_wconf 90' lang='lat' dir='ltr'>Laodicensi,</span> <span class='ocrx_word' id='word_1_135' title='bbox 1235 1887 1355 1943; x_wconf 86' lang='lat' dir='ltr'>cap.</span> <span class='ocrx_word' id='word_1_136' title='bbox 1399 1872 1486 1936; x_wconf 83' lang='lat'>53,</span> <span class='ocrx_word' id='word_1_137' title='bbox 1519 1874 1790 1946; x_wconf 88' lang='lat' dir='ltr'>scriptum</span> <span class='ocrx_word' id='word_1_138' title='bbox 1834 1883 1937 1942; x_wconf 92' lang='lat' dir='ltr'>est,</span> <span class='ocrx_word' id='word_1_139' title='bbox 1971 1885 2035 1933; x_wconf 92' lang='lat' dir='ltr'>ut</span> 
     </span>
    </p>
   </div>
   <div class='ocr_carea' id='block_1_21' title="bbox 433 1953 2033 2033">
    <p class='ocr_par' dir='ltr' id='par_1_21' title="bbox 433 1953 2033 2033">
     <span class='ocr_line' id='line_1_21' title="bbox 433 1953 2033 2033; baseline 0.01 -29"><span class='ocrx_word' id='word_1_140' title='bbox 433 1953 492 2006; x_wconf 90' lang='lat' dir='ltr'>in</span> <span class='ocrx_word' id='word_1_141' title='bbox 523 1953 975 2009; x_wconf 88' lang='lat' dir='ltr'>Christianorum</span> <span class='ocrx_word' id='word_1_142' title='bbox 1005 1975 1119 2012; x_wconf 89' lang='lat' dir='ltr'>non</span> <span class='ocrx_word' id='word_1_143' title='bbox 1175 1962 1412 2015; x_wconf 88' lang='lat' dir='ltr'>saltetur</span> <span class='ocrx_word' id='word_1_144' title='bbox 1456 1963 1687 2033; x_wconf 88' lang='lat' dir='ltr'>nuptiis.</span> <span class='ocrx_word' id='word_1_145' title='bbox 1723 1964 1880 2028; x_wconf 86' lang='lat' dir='ltr'>Quod</span> <span class='ocrx_word' id='word_1_146' title='bbox 1921 1983 2033 2021; x_wconf 91' lang='lat' dir='ltr'>non</span> 
     </span>
    </p>
   </div>
   <div class='ocr_carea' id='block_1_22' title="bbox 429 2043 2031 2123">
    <p class='ocr_par' dir='ltr' id='par_1_22' title="bbox 429 2043 2031 2123">
     <span class='ocr_line' id='line_1_22' title="bbox 429 2043 2031 2123; baseline 0.009 -29"><span class='ocrx_word' id='word_1_147' title='bbox 429 2044 686 2112; x_wconf 84' lang='lat' dir='ltr'>Oporteat</span> <span class='ocrx_word' id='word_1_148' title='bbox 713 2043 1058 2101; x_wconf 87' lang='lat' dir='ltr'>Christianos</span> <span class='ocrx_word' id='word_1_149' title='bbox 1081 2057 1276 2104; x_wconf 89' lang='lat' dir='ltr'>euntes</span> <span class='ocrx_word' id='word_1_150' title='bbox 1307 2051 1377 2104; x_wconf 92' lang='lat' dir='ltr'>ad</span> <span class='ocrx_word' id='word_1_151' title='bbox 1409 2051 1640 2122; x_wconf 85' lang='lat' dir='ltr'>nuptias</span> <span class='ocrx_word' id='word_1_152' title='bbox 1663 2054 1929 2123; x_wconf 85' lang='lat' dir='ltr'>plaudere</span> <span class='ocrx_word' id='word_1_153' title='bbox 1947 2057 2031 2110; x_wconf 91' lang='lat' dir='ltr'>vel</span> 
     </span>
    </p>
   </div>
   <div class='ocr_carea' id='block_1_23' title="bbox 433 2131 2033 2212">
    <p class='ocr_par' dir='ltr' id='par_1_23' title="bbox 433 2131 2033 2212">
     <span class='ocr_line' id='line_1_23' title="bbox 433 2131 2033 2212; baseline 0.009 -28"><span class='ocrx_word' id='word_1_154' title='bbox 433 2131 657 2196; x_wconf 78' lang='lat' dir='ltr'>saltare,</span> <span class='ocrx_word' id='word_1_155' title='bbox 676 2133 772 2186; x_wconf 90' lang='lat' dir='ltr'>sed</span> <span class='ocrx_word' id='word_1_156' title='bbox 795 2135 1192 2192; x_wconf 86' lang='lat' dir='ltr'>venerabiliter</span> <span class='ocrx_word' id='word_1_157' title='bbox 1218 2157 1439 2194; x_wconf 62' lang='lat' dir='ltr'>cenare</span> <span class='ocrx_word' id='word_1_158' title='bbox 1459 2142 1545 2194; x_wconf 91' lang='lat' dir='ltr'>vel</span> <span class='ocrx_word' id='word_1_159' title='bbox 1571 2143 1870 2212; x_wconf 88' lang='lat' dir='ltr'>prandere,</span> <span class='ocrx_word' id='word_1_160' title='bbox 1887 2145 2033 2199; x_wconf 87' lang='lat' dir='ltr'>sicut</span> 
     </span>
    </p>
   </div>
   <div class='ocr_carea' id='block_1_24' title="bbox 435 2218 984 2276">
    <p class='ocr_par' dir='ltr' id='par_1_24' title="bbox 435 2218 984 2276">
     <span class='ocr_line' id='line_1_24' title="bbox 435 2218 984 2276; baseline 0.005 -3"><span class='ocrx_word' id='word_1_161' title='bbox 435 2218 785 2275; x_wconf 88' lang='lat' dir='ltr'>Christianos</span> <span class='ocrx_word' id='word_1_162' title='bbox 807 2221 984 2276; x_wconf 89' lang='lat' dir='ltr'>decet.</span> 
     </span>
    </p>
   </div>
   <div class='ocr_carea' id='block_1_25' title="bbox 435 2343 2034 2424">
    <p class='ocr_par' dir='ltr' id='par_1_25' title="bbox 435 2343 2034 2424">
     <span class='ocr_line' id='line_1_25' title="bbox 435 2343 2034 2424; baseline 0.008 -26"><span class='ocrx_word' id='word_1_163' title='bbox 435 2343 568 2424; x_wconf 58' lang='lat' dir='ltr'>Car.</span> <span class='ocrx_word' id='word_1_164' title='bbox 601 2346 851 2424; x_wconf 82' lang='lat' dir='ltr'>XXVIII.</span> <span class='ocrx_word' id='word_1_165' title='bbox 886 2376 949 2424; x_wconf 56' lang='grc' dir='ltr'>-έ-</span> <span class='ocrx_word' id='word_1_166' title='bbox 986 2349 1049 2401; x_wconf 84' lang='lat' dir='ltr'>Ut</span> <span class='ocrx_word' id='word_1_167' title='bbox 1072 2349 1146 2424; x_wconf 84' lang='lat' dir='ltr'>ad</span> <span class='ocrx_word' id='word_1_168' title='bbox 1189 2365 1434 2424; x_wconf 78' lang='lat' dir='ltr'>mensam</span> <span class='ocrx_word' id='word_1_169' title='bbox 1460 2356 1694 2421; x_wconf 80' lang='lat' dir='ltr'>episcopi</span> <span class='ocrx_word' id='word_1_170' title='bbox 1732 2356 2034 2424; x_wconf 70' lang='lat' dir='ltr'>Scriptura:</span> 
     </span>
    </p>
   </div>
   <div class='ocr_carea' id='block_1_26' title="bbox 507 2417 2033 2487">
    <p class='ocr_par' dir='ltr' id='par_1_26' title="bbox 507 2417 2033 2487">
     <span class='ocr_line' id='line_1_26' title="bbox 507 2417 2033 2487; baseline 0.009 -19"><span class='ocrx_word' id='word_1_171' title='bbox 507 2417 709 2470; x_wconf 66' lang='lat' dir='ltr'>divinae</span> <span class='ocrx_word' id='word_1_172' title='bbox 739 2421 1036 2484; x_wconf 84' lang='lat' dir='ltr'>legantur:</span> <span class='ocrx_word' id='word_1_173' title='bbox 1068 2423 1115 2472; x_wconf 72' lang='lat' dir='ltr'>et</span> <span class='ocrx_word' id='word_1_174' title='bbox 1143 2422 1288 2487; x_wconf 81' lang='lat' dir='ltr'>quod</span> <span class='ocrx_word' id='word_1_175' title='bbox 1315 2417 1799 2479; x_wconf 52' lang='lat' dir='ltr'>sacris—ordinibus</span> <span class='ocrx_word' id='word_1_176' title='bbox 1829 2417 2033 2483; x_wconf 80' lang='lat' dir='ltr'>deditos</span> 
     </span>
    </p>
   </div>
   <div class='ocr_carea' id='block_1_27' title="bbox 501 2489 1672 2548">
    <p class='ocr_par' dir='ltr' id='par_1_27' title="bbox 501 2489 1672 2548">
     <span class='ocr_line' id='line_1_27' title="bbox 501 2489 1672 2548; baseline 0.008 -9"><span class='ocrx_word' id='word_1_177' title='bbox 501 2489 648 2540; x_wconf 80' lang='lat' dir='ltr'>uiros</span> <span class='ocrx_word' id='word_1_178' title='bbox 678 2503 789 2541; x_wconf 88' lang='lat' dir='ltr'>non</span> <span class='ocrx_word' id='word_1_179' title='bbox 817 2492 1103 2542; x_wconf 78' lang='lat' dir='ltr'>conveniat</span> <span class='ocrx_word' id='word_1_180' title='bbox 1133 2492 1444 2546; x_wconf 84' lang='lat' dir='ltr'>ebrietatem</span> <span class='ocrx_word' id='word_1_181' title='bbox 1458 2499 1672 2548; x_wconf 77' lang='lat' dir='ltr'>sectari.</span> 
     </span>
    </p>
   </div>
   <div class='ocr_carea' id='block_1_28' title="bbox 507 2593 2036 2674">
    <p class='ocr_par' dir='ltr' id='par_1_28' title="bbox 507 2593 2036 2674">
     <span class='ocr_line' id='line_1_28' title="bbox 507 2593 2036 2674; baseline 0.01 -29"><span class='ocrx_word' id='word_1_182' title='bbox 507 2594 572 2647; x_wconf 92' lang='lat' dir='ltr'>In</span> <span class='ocrx_word' id='word_1_183' title='bbox 593 2593 826 2647; x_wconf 91' lang='lat' dir='ltr'>concilio</span> <span class='ocrx_word' id='word_1_184' title='bbox 856 2595 1229 2663; x_wconf 88' lang='lat' dir='ltr'>Toletanensi,</span> <span class='ocrx_word' id='word_1_185' title='bbox 1265 2615 1385 2669; x_wconf 89' lang='lat' dir='ltr'>cap.</span> <span class='ocrx_word' id='word_1_186' title='bbox 1428 2601 1480 2668; x_wconf 88' lang='lat'>7,</span> <span class='ocrx_word' id='word_1_187' title='bbox 1532 2603 1804 2674; x_wconf 87' lang='lat' dir='ltr'>scriptum</span> <span class='ocrx_word' id='word_1_188' title='bbox 1843 2612 1945 2670; x_wconf 90' lang='lat' dir='ltr'>est,</span> <span class='ocrx_word' id='word_1_189' title='bbox 1973 2613 2036 2661; x_wconf 91' lang='lat' dir='ltr'>ut</span> 
     </span>
    </p>
   </div>
   <div class='ocr_carea' id='block_1_29' title="bbox 433 2681 2031 2762">
    <p class='ocr_par' dir='ltr' id='par_1_29' title="bbox 433 2681 2031 2762">
     <span class='ocr_line' id='line_1_29' title="bbox 433 2681 2031 2762; baseline 0.009 -28"><span class='ocrx_word' id='word_1_190' title='bbox 433 2681 504 2735; x_wconf 87' lang='lat' dir='ltr'>ad</span> <span class='ocrx_word' id='word_1_191' title='bbox 531 2699 784 2735; x_wconf 89' lang='lat' dir='ltr'>mensam</span> <span class='ocrx_word' id='word_1_192' title='bbox 809 2683 1056 2755; x_wconf 90' lang='lat' dir='ltr'>episcopi</span> <span class='ocrx_word' id='word_1_193' title='bbox 1079 2685 1380 2756; x_wconf 70' lang='lat' dir='ltr'>Scriptura:</span> <span class='ocrx_word' id='word_1_194' title='bbox 1401 2688 1599 2745; x_wconf 76' lang='lat' dir='ltr'>divinae</span> <span class='ocrx_word' id='word_1_195' title='bbox 1627 2692 1903 2762; x_wconf 86' lang='lat' dir='ltr'>legantur.</span> <span class='ocrx_word' id='word_1_196' title='bbox 1922 2695 2031 2749; x_wconf 88' lang='lat' dir='ltr'>Pro</span> 
     </span>
    </p>
   </div>
   <div class='ocr_carea' id='block_1_30' title="bbox 434 2771 2032 2842">
    <p class='ocr_par' dir='ltr' id='par_1_30' title="bbox 434 2771 2032 2842">
     <span class='ocr_line' id='line_1_30' title="bbox 434 2771 2032 2842; baseline 0.01 -20"><span class='ocrx_word' id='word_1_197' title='bbox 434 2771 748 2824; x_wconf 89' lang='lat' dir='ltr'>reverentia</span> <span class='ocrx_word' id='word_1_198' title='bbox 777 2771 874 2824; x_wconf 89' lang='lat' dir='ltr'>Dei</span> <span class='ocrx_word' id='word_1_199' title='bbox 918 2779 975 2826; x_wconf 91' lang='lat' dir='ltr'>et</span> <span class='ocrx_word' id='word_1_200' title='bbox 1013 2774 1386 2842; x_wconf 84' lang='lat' dir='ltr'>sacerdotum,</span> <span class='ocrx_word' id='word_1_201' title='bbox 1421 2778 1476 2831; x_wconf 88' lang='lat' dir='ltr'>id</span> <span class='ocrx_word' id='word_1_202' title='bbox 1525 2781 1782 2836; x_wconf 86' lang='lat' dir='ltr'>universa</span> <span class='ocrx_word' id='word_1_203' title='bbox 1837 2792 2032 2838; x_wconf 86' lang='lat' dir='ltr'>sancta</span> 
     </span>
    </p>
   </div>
   <div class='ocr_carea' id='block_1_31' title="bbox 431 2859 2032 2934">
    <p class='ocr_par' dir='ltr' id='par_1_31' title="bbox 431 2859 2032 2934">
     <span class='ocr_line' id='line_1_31' title="bbox 431 2859 2032 2934; baseline 0.01 -24"><span class='ocrx_word' id='word_1_204' title='bbox 431 2859 722 2912; x_wconf 90' lang='lat' dir='ltr'>constituit</span> <span class='ocrx_word' id='word_1_205' title='bbox 777 2861 1042 2930; x_wconf 87' lang='lat' dir='ltr'>synodus,</span> <span class='ocrx_word' id='word_1_206' title='bbox 1077 2868 1134 2916; x_wconf 90' lang='lat' dir='ltr'>et</span> <span class='ocrx_word' id='word_1_207' title='bbox 1189 2859 1322 2934; x_wconf 76' lang='lat' dir='ltr'>quia</span> <span class='ocrx_word' id='word_1_208' title='bbox 1372 2868 1552 2921; x_wconf 88' lang='lat' dir='ltr'>solent</span> <span class='ocrx_word' id='word_1_209' title='bbox 1583 2869 1774 2924; x_wconf 88' lang='lat' dir='ltr'>crebro</span> <span class='ocrx_word' id='word_1_210' title='bbox 1824 2874 2032 2926; x_wconf 88' lang='lat' dir='ltr'>mensis</span> 
     </span>
    </p>
   </div>
   <div class='ocr_carea' id='block_1_32' title="bbox 434 2941 2032 3020">
    <p class='ocr_par' dir='ltr' id='par_1_32' title="bbox 434 2941 2032 3020">
     <span class='ocr_line' id='line_1_32' title="bbox 434 2941 2032 3020; baseline 0.009 -20"><span class='ocrx_word' id='word_1_211' title='bbox 434 2941 626 3001; x_wconf 67' lang='lat' dir='ltr'>otiosae</span> <span class='ocrx_word' id='word_1_212' title='bbox 650 2945 848 3001; x_wconf 67' lang='lat' dir='ltr'>fabulae</span> <span class='ocrx_word' id='word_1_213' title='bbox 862 2947 1165 3020; x_wconf 85' lang='lat' dir='ltr'>interponi,</span> <span class='ocrx_word' id='word_1_214' title='bbox 1187 2951 1244 3005; x_wconf 91' lang='lat' dir='ltr'>in</span> <span class='ocrx_word' id='word_1_215' title='bbox 1271 2955 1421 3008; x_wconf 90' lang='lat' dir='ltr'>omni</span> <span class='ocrx_word' id='word_1_216' title='bbox 1435 2958 1764 3012; x_wconf 86' lang='lat' dir='ltr'>sacerdotali</span> <span class='ocrx_word' id='word_1_217' title='bbox 1782 2962 2032 3014; x_wconf 84' lang='lat' dir='ltr'>convivio</span> 
     </span>
    </p>
   </div>
   <div class='ocr_carea' id='block_1_33' title="bbox 429 3033 2032 3108">
    <p class='ocr_par' dir='ltr' id='par_1_33' title="bbox 429 3033 2032 3108">
     <span class='ocr_line' id='line_1_33' title="bbox 429 3033 2032 3108; baseline 0.01 -20"><span class='ocrx_word' id='word_1_218' title='bbox 429 3033 597 3088; x_wconf 90' lang='lat' dir='ltr'>lectio</span> <span class='ocrx_word' id='word_1_219' title='bbox 629 3037 1046 3108; x_wconf 90' lang='lat' dir='ltr'>Scripturarum</span> <span class='ocrx_word' id='word_1_220' title='bbox 1075 3040 1390 3096; x_wconf 87' lang='lat' dir='ltr'>divinarum</span> <span class='ocrx_word' id='word_1_221' title='bbox 1427 3045 1748 3101; x_wconf 84' lang='lat' dir='ltr'>misceatur.</span> <span class='ocrx_word' id='word_1_222' title='bbox 1783 3049 1892 3102; x_wconf 89' lang='lat' dir='ltr'>Per</span> <span class='ocrx_word' id='word_1_223' title='bbox 1929 3051 2032 3104; x_wconf 86' lang='lat' dir='ltr'>hoc</span> 
     </span>
    </p>
   </div>
   <div class='ocr_carea' id='block_1_34' title="bbox 432 3112 2031 3200">
    <p class='ocr_par' dir='ltr' id='par_1_34' title="bbox 432 3112 2031 3200">
     <span class='ocr_line' id='line_1_34' title="bbox 432 3112 2031 3200; baseline 0.01 -22"><span class='ocrx_word' id='word_1_224' title='bbox 432 3112 585 3178; x_wconf 83' lang='lat' dir='ltr'>enim</span> <span class='ocrx_word' id='word_1_225' title='bbox 614 3131 670 3177; x_wconf 89' lang='lat' dir='ltr'>et</span> <span class='ocrx_word' id='word_1_226' title='bbox 697 3125 896 3180; x_wconf 70' lang='lat' dir='ltr'>animae</span> <span class='ocrx_word' id='word_1_227' title='bbox 927 3127 1273 3182; x_wconf 84' lang='lat' dir='ltr'>aediﬁcantur</span> <span class='ocrx_word' id='word_1_228' title='bbox 1291 3131 1362 3183; x_wconf 89' lang='lat' dir='ltr'>ad</span> <span class='ocrx_word' id='word_1_229' title='bbox 1383 3131 1609 3200; x_wconf 90' lang='lat' dir='ltr'>bonum,</span> <span class='ocrx_word' id='word_1_230' title='bbox 1629 3143 1686 3189; x_wconf 90' lang='lat' dir='ltr'>et</span> <span class='ocrx_word' id='word_1_231' title='bbox 1699 3135 1898 3193; x_wconf 77' lang='lat' dir='ltr'>fabulae</span> <span class='ocrx_word' id='word_1_232' title='bbox 1919 3157 2031 3194; x_wconf 90' lang='lat' dir='ltr'>non</span> 
     </span>
    </p>
   </div>
   <div class='ocr_carea' id='block_1_35' title="bbox 433 3213 1177 3286">
    <p class='ocr_par' dir='ltr' id='par_1_35' title="bbox 433 3213 1177 3286">
     <span class='ocr_line' id='line_1_35' title="bbox 433 3213 1177 3286; baseline 0.004 -20"><span class='ocrx_word' id='word_1_233' title='bbox 433 3213 762 3267; x_wconf 85' lang='lat' dir='ltr'>necessariae</span> <span class='ocrx_word' id='word_1_234' title='bbox 791 3214 1177 3286; x_wconf 86' lang='lat' dir='ltr'>prohibentur.</span> 
     </span>
    </p>
   </div>
   <div class='ocr_carea' id='block_1_36' title="bbox 504 3303 2031 3387">
    <p class='ocr_par' dir='ltr' id='par_1_36' title="bbox 504 3303 2031 3387">
     <span class='ocr_line' id='line_1_36' title="bbox 504 3303 2031 3387; baseline 0.009 -31"><span class='ocrx_word' id='word_1_235' title='bbox 504 3303 568 3356; x_wconf 92' lang='lat' dir='ltr'>In</span> <span class='ocrx_word' id='word_1_236' title='bbox 591 3319 802 3356; x_wconf 87' lang='lat' dir='ltr'>canone</span> <span class='ocrx_word' id='word_1_237' title='bbox 821 3304 1458 3378; x_wconf 69' lang='lat' dir='ltr'>Apostolorum,cap.-—’r2,</span> <span class='ocrx_word' id='word_1_238' title='bbox 1476 3311 1746 3384; x_wconf 89' lang='lat' dir='ltr'>scriptum</span> <span class='ocrx_word' id='word_1_239' title='bbox 1763 3322 1866 3381; x_wconf 89' lang='lat' dir='ltr'>est,</span> <span class='ocrx_word' id='word_1_240' title='bbox 1883 3317 2031 3387; x_wconf 89' lang='lat' dir='ltr'>quod</span> 
     </span>
    </p>
   </div>
   <div class='ocr_carea' id='block_1_37' title="bbox 435 3381 2031 3468">
    <p class='ocr_par' dir='ltr' id='par_1_37' title="bbox 435 3381 2031 3468">
     <span class='ocr_line' id='line_1_37' title="bbox 435 3381 2031 3468; baseline 0.011 -24"><span class='ocrx_word' id='word_1_241' title='bbox 435 3381 750 3463; x_wconf 71' lang='lat' dir='ltr'>episcopus,</span> <span class='ocrx_word' id='word_1_242' title='bbox 772 3393 1084 3464; x_wconf 82' lang='lat' dir='ltr'>presbyter,</span> <span class='ocrx_word' id='word_1_243' title='bbox 1104 3402 1204 3450; x_wconf 89' lang='lat' dir='ltr'>aut</span> <span class='ocrx_word' id='word_1_244' title='bbox 1229 3395 1515 3468; x_wconf 88' lang='lat' dir='ltr'>diaconus,</span> <span class='ocrx_word' id='word_1_245' title='bbox 1535 3402 1751 3457; x_wconf 90' lang='lat' dir='ltr'>aleator</span> <span class='ocrx_word' id='word_1_246' title='bbox 1775 3413 1832 3458; x_wconf 91' lang='lat' dir='ltr'>et</span> <span class='ocrx_word' id='word_1_247' title='bbox 1853 3406 2031 3460; x_wconf 87' lang='lat' dir='ltr'>ebrio-</span> 
     </span>
    </p>
   </div>
   <div class='ocr_carea' id='block_1_38' title="bbox 434 3471 2030 3563">
    <p class='ocr_par' dir='ltr' id='par_1_38' title="bbox 434 3471 2030 3563">
     <span class='ocr_line' id='line_1_38' title="bbox 434 3471 2030 3563; baseline 0.01 -29"><span class='ocrx_word' id='word_1_248' title='bbox 434 3471 530 3534; x_wconf 85' lang='lat' dir='ltr'>sus</span> <span class='ocrx_word' id='word_1_249' title='bbox 559 3497 680 3534; x_wconf 89' lang='lat' dir='ltr'>esse</span> <span class='ocrx_word' id='word_1_250' title='bbox 707 3498 822 3535; x_wconf 91' lang='lat' dir='ltr'>non</span> <span class='ocrx_word' id='word_1_251' title='bbox 851 3482 1081 3536; x_wconf 87' lang='lat' dir='ltr'>debeat:</span> <span class='ocrx_word' id='word_1_252' title='bbox 1116 3485 1427 3560; x_wconf 86' lang='lat' dir='ltr'>episcopus,</span> <span class='ocrx_word' id='word_1_253' title='bbox 1454 3491 1766 3563; x_wconf 83' lang='lat' dir='ltr'>presbyter,</span> <span class='ocrx_word' id='word_1_254' title='bbox 1781 3499 1881 3548; x_wconf 89' lang='lat' dir='ltr'>aut</span> <span class='ocrx_word' id='word_1_255' title='bbox 1909 3496 2030 3550; x_wconf 90' lang='lat' dir='ltr'>dia-</span> 
     </span>
    </p>
   </div>
   <div class='ocr_carea' id='block_1_39' title="bbox 431 3570 2024 3652">
    <p class='ocr_par' dir='ltr' id='par_1_39' title="bbox 431 3570 2024 3652">
     <span class='ocr_line' id='line_1_39' title="bbox 431 3570 2024 3652; baseline 0.011 -29"><span class='ocrx_word' id='word_1_256' title='bbox 431 3586 623 3636; x_wconf 80' lang='lat' dir='ltr'>conus,</span> <span class='ocrx_word' id='word_1_257' title='bbox 657 3570 792 3646; x_wconf 73' lang='lat' dir='ltr'>aIeae</span> <span class='ocrx_word' id='word_1_258' title='bbox 809 3575 978 3644; x_wconf 89' lang='lat' dir='ltr'>atque</span> <span class='ocrx_word' id='word_1_259' title='bbox 1014 3572 1272 3629; x_wconf 87' lang='lat' dir='ltr'>ebrietati</span> <span class='ocrx_word' id='word_1_260' title='bbox 1296 3575 1633 3649; x_wconf 83' lang='lat' dir='ltr'>deserviens,</span> <span class='ocrx_word' id='word_1_261' title='bbox 1659 3590 1759 3636; x_wconf 89' lang='lat' dir='ltr'>aut</span> <span class='ocrx_word' id='word_1_262' title='bbox 1784 3585 2024 3652; x_wconf 86' lang='lat' dir='ltr'>desinat,</span> 
     </span>
    </p>
   </div>
   <div class='ocr_carea' id='block_1_40' title="bbox 431 3649 1060 3716">
    <p class='ocr_par' dir='ltr' id='par_1_40' title="bbox 431 3649 1060 3716">
     <span class='ocr_line' id='line_1_40' title="bbox 431 3649 1060 3716; baseline 0.002 -3"><span class='ocrx_word' id='word_1_263' title='bbox 431 3649 534 3713; x_wconf 85' lang='lat' dir='ltr'>aut</span> <span class='ocrx_word' id='word_1_264' title='bbox 559 3665 710 3713; x_wconf 89' lang='lat' dir='ltr'>certe</span> <span class='ocrx_word' id='word_1_265' title='bbox 741 3659 1060 3716; x_wconf 87' lang='lat' dir='ltr'>damnetur.</span> 
     </span>
    </p>
   </div>
   <div class='ocr_carea' id='block_1_41' title="bbox 435 3782 2027 3852">
    <p class='ocr_par' dir='ltr' id='par_1_41' title="bbox 435 3782 2027 3852">
     <span class='ocr_line' id='line_1_41' title="bbox 435 3782 2027 3852; baseline 0.009 -14"><span class='ocrx_word' id='word_1_266' title='bbox 435 3784 566 3840; x_wconf 77' lang='lat' dir='ltr'>CAP.</span> <span class='ocrx_word' id='word_1_267' title='bbox 594 3785 792 3840; x_wconf 83' lang='lat' dir='ltr'>XXIX.</span> <span class='ocrx_word' id='word_1_268' title='bbox 826 3815 891 3825; x_wconf 92' lang='lat'>—</span> <span class='ocrx_word' id='word_1_269' title='bbox 933 3788 1006 3840; x_wconf 82' lang='lat' dir='ltr'>De</span> <span class='ocrx_word' id='word_1_270' title='bbox 1045 3792 1388 3844; x_wconf 77' lang='lat' dir='ltr'>continentia</span> <span class='ocrx_word' id='word_1_271' title='bbox 1418 3797 1468 3844; x_wconf 86' lang='lat' dir='ltr'>et</span> <span class='ocrx_word' id='word_1_272' title='bbox 1507 3782 1758 3849; x_wconf 85' lang='lat' dir='ltr'>castitate</span> <span class='ocrx_word' id='word_1_273' title='bbox 1803 3801 2027 3852; x_wconf 82' lang='lat' dir='ltr'>clerico-</span> 
     </span>
    </p>
   </div>
   <div class='ocr_carea' id='block_1_42' title="bbox 1141 3877 1292 3913">
    <p class='ocr_par' dir='ltr' id='par_1_42' title="bbox 1141 3877 1292 3913">
     <span class='ocr_line' id='line_1_42' title="bbox 1141 3877 1292 3913; baseline 0.007 -1"><span class='ocrx_word' id='word_1_274' title='bbox 1141 3877 1292 3913; x_wconf 82' lang='lat' dir='ltr'>rum.</span> 
     </span>
    </p>
   </div>
   <div class='ocr_carea' id='block_1_43' title="bbox 504 3962 2027 4040">
    <p class='ocr_par' dir='ltr' id='par_1_43' title="bbox 504 3962 2027 4040">
     <span class='ocr_line' id='line_1_43' title="bbox 504 3962 2027 4040; baseline 0.01 -25"><span class='ocrx_word' id='word_1_275' title='bbox 504 3963 568 4016; x_wconf 92' lang='lat' dir='ltr'>In</span> <span class='ocrx_word' id='word_1_276' title='bbox 589 3962 820 4017; x_wconf 90' lang='lat' dir='ltr'>concilio</span> <span class='ocrx_word' id='word_1_277' title='bbox 860 3965 1311 4036; x_wconf 88' lang='lat' dir='ltr'>Carthaginensi,</span> <span class='ocrx_word' id='word_1_278' title='bbox 1343 3985 1462 4040; x_wconf 86' lang='lat' dir='ltr'>cap.</span> <span class='ocrx_word' id='word_1_279' title='bbox 1497 3969 1549 4036; x_wconf 90' lang='lat'>3,</span> <span class='ocrx_word' id='word_1_280' title='bbox 1584 3971 1654 4024; x_wconf 92' lang='lat' dir='ltr'>de</span> <span class='ocrx_word' id='word_1_281' title='bbox 1683 3974 2027 4030; x_wconf 87' lang='lat' dir='ltr'>continentia</span> 
     </span>
    </p>
   </div>
   <div class='ocr_carea' id='block_1_44' title="bbox 432 4051 2028 4128">
    <p class='ocr_par' dir='ltr' id='par_1_44' title="bbox 432 4051 2028 4128">
     <span class='ocr_line' id='line_1_44' title="bbox 432 4051 2028 4128; baseline 0.01 -26"><span class='ocrx_word' id='word_1_282' title='bbox 432 4055 491 4103; x_wconf 89' lang='lat' dir='ltr'>et</span> <span class='ocrx_word' id='word_1_283' title='bbox 515 4051 772 4106; x_wconf 80' lang='lat' dir='ltr'>castitate</span> <span class='ocrx_word' id='word_1_284' title='bbox 817 4053 1166 4120; x_wconf 90' lang='lat' dir='ltr'>clericorum,</span> <span class='ocrx_word' id='word_1_285' title='bbox 1201 4055 1282 4110; x_wconf 85' lang='lat' dir='ltr'>ita</span> <span class='ocrx_word' id='word_1_286' title='bbox 1308 4057 1578 4128; x_wconf 89' lang='lat' dir='ltr'>scriptum</span> <span class='ocrx_word' id='word_1_287' title='bbox 1608 4066 1696 4114; x_wconf 92' lang='lat' dir='ltr'>est</span> <span class='ocrx_word' id='word_1_288' title='bbox 1721 4080 1732 4114; x_wconf 92' lang='lat'>:</span> <span class='ocrx_word' id='word_1_289' title='bbox 1765 4063 2028 4118; x_wconf 88' lang='lat' dir='ltr'>Aurelius</span> 
     </span>
    </p>
   </div>
   <div class='ocr_carea' id='block_1_45' title="bbox 431 4138 2028 4214">
    <p class='ocr_par' dir='ltr' id='par_1_45' title="bbox 431 4138 2028 4214">
     <span class='ocr_line' id='line_1_45' title="bbox 431 4138 2028 4214; baseline 0.01 -23"><span class='ocrx_word' id='word_1_290' title='bbox 431 4138 724 4210; x_wconf 86' lang='lat' dir='ltr'>episcopus</span> <span class='ocrx_word' id='word_1_291' title='bbox 753 4139 894 4194; x_wconf 63' lang='lat' dir='ltr'>dixit</span> <span class='ocrx_word' id='word_1_292' title='bbox 925 4161 936 4194; x_wconf 93' lang='lat'>:</span> <span class='ocrx_word' id='word_1_293' title='bbox 973 4143 1115 4197; x_wconf 89' lang='lat' dir='ltr'>Cum</span> <span class='ocrx_word' id='word_1_294' title='bbox 1153 4146 1436 4214; x_wconf 66' lang='lat' dir='ltr'>praeterito</span> <span class='ocrx_word' id='word_1_295' title='bbox 1476 4149 1709 4202; x_wconf 91' lang='lat' dir='ltr'>concilio</span> <span class='ocrx_word' id='word_1_296' title='bbox 1758 4151 1826 4206; x_wconf 91' lang='lat' dir='ltr'>de</span> <span class='ocrx_word' id='word_1_297' title='bbox 1855 4153 2028 4207; x_wconf 89' lang='lat' dir='ltr'>conti-</span> 
     </span>
    </p>
   </div>
   <div class='ocr_carea' id='block_1_46' title="bbox 431 4228 2024 4310">
    <p class='ocr_par' dir='ltr' id='par_1_46' title="bbox 431 4228 2024 4310">
     <span class='ocr_line' id='line_1_46' title="bbox 431 4228 2024 4310; baseline 0.01 -29"><span class='ocrx_word' id='word_1_298' title='bbox 431 4228 638 4282; x_wconf 68' lang='lat' dir='ltr'>nentiae</span> <span class='ocrx_word' id='word_1_299' title='bbox 657 4234 714 4282; x_wconf 89' lang='lat' dir='ltr'>et</span> <span class='ocrx_word' id='word_1_300' title='bbox 728 4229 1004 4284; x_wconf 88' lang='lat' dir='ltr'>castitatis</span> <span class='ocrx_word' id='word_1_301' title='bbox 1033 4233 1417 4288; x_wconf 87' lang='lat' dir='ltr'>moderamine</span> <span class='ocrx_word' id='word_1_302' title='bbox 1439 4241 1798 4305; x_wconf 81' lang='lat' dir='ltr'>tractaretur,</span> <span class='ocrx_word' id='word_1_303' title='bbox 1815 4243 2024 4310; x_wconf 86' lang='lat' dir='ltr'>gradus</span> 
     </span>
    </p>
   </div>
   <div class='ocr_carea' id='block_1_47' title="bbox 428 4315 2026 4400">
    <p class='ocr_par' dir='ltr' id='par_1_47' title="bbox 428 4315 2026 4400">
     <span class='ocr_line' id='line_1_47' title="bbox 428 4315 2026 4400; baseline 0.009 -31"><span class='ocrx_word' id='word_1_304' title='bbox 428 4315 525 4370; x_wconf 88' lang='lat' dir='ltr'>isti</span> <span class='ocrx_word' id='word_1_305' title='bbox 555 4322 670 4370; x_wconf 89' lang='lat' dir='ltr'>tres</span> <span class='ocrx_word' id='word_1_306' title='bbox 701 4317 796 4388; x_wconf 90' lang='lat' dir='ltr'>qui</span> <span class='ocrx_word' id='word_1_307' title='bbox 818 4319 1212 4375; x_wconf 90' lang='lat' dir='ltr'>constrictione</span> <span class='ocrx_word' id='word_1_308' title='bbox 1233 4323 1472 4392; x_wconf 87' lang='lat' dir='ltr'>quadam</span> <span class='ocrx_word' id='word_1_309' title='bbox 1491 4325 1764 4382; x_wconf 87' lang='lat' dir='ltr'>castitatis</span> <span class='ocrx_word' id='word_1_310' title='bbox 1784 4345 1884 4400; x_wconf 86' lang='lat' dir='ltr'>per</span> <span class='ocrx_word' id='word_1_311' title='bbox 1900 4348 2026 4384; x_wconf 90' lang='lat' dir='ltr'>con-</span> 
     </span>
    </p>
   </div>
   <div class='ocr_carea' id='block_1_48' title="bbox 427 4406 2025 4489">
    <p class='ocr_par' dir='ltr' id='par_1_48' title="bbox 427 4406 2025 4489">
     <span class='ocr_line' id='line_1_48' title="bbox 427 4406 2025 4489; baseline 0.009 -31"><span class='ocrx_word' id='word_1_312' title='bbox 427 4406 768 4460; x_wconf 87' lang='lat' dir='ltr'>secrationes</span> <span class='ocrx_word' id='word_1_313' title='bbox 797 4407 997 4461; x_wconf 86' lang='lat' dir='ltr'>adnexi</span> <span class='ocrx_word' id='word_1_314' title='bbox 1022 4417 1171 4476; x_wconf 87' lang='lat' dir='ltr'>sunt,</span> <span class='ocrx_word' id='word_1_315' title='bbox 1197 4411 1501 4483; x_wconf 82' lang='lat' dir='ltr'>episcOpos,</span> <span class='ocrx_word' id='word_1_316' title='bbox 1527 4415 1775 4486; x_wconf 89' lang='lat' dir='ltr'>inquam,</span> <span class='ocrx_word' id='word_1_317' title='bbox 1799 4419 2025 4489; x_wconf 72' lang='lat' dir='ltr'>presby-</span> 
     </span>
    </p>
   </div>
   <div class='ocr_carea' id='block_1_49' title="bbox 427 4496 2023 4573">
    <p class='ocr_par' dir='ltr' id='par_1_49' title="bbox 427 4496 2023 4573">
     <span class='ocr_line' id='line_1_49' title="bbox 427 4496 2023 4573; baseline 0.01 -26"><span class='ocrx_word' id='word_1_318' title='bbox 427 4500 578 4548; x_wconf 87' lang='lat' dir='ltr'>teros</span> <span class='ocrx_word' id='word_1_319' title='bbox 606 4501 663 4548; x_wconf 89' lang='lat' dir='ltr'>et</span> <span class='ocrx_word' id='word_1_320' title='bbox 685 4496 967 4564; x_wconf 84' lang='lat' dir='ltr'>diaconos,</span> <span class='ocrx_word' id='word_1_321' title='bbox 1003 4497 1084 4552; x_wconf 87' lang='lat' dir='ltr'>ita</span> <span class='ocrx_word' id='word_1_322' title='bbox 1121 4499 1348 4570; x_wconf 85' lang='lat' dir='ltr'>placuit,</span> <span class='ocrx_word' id='word_1_323' title='bbox 1395 4509 1460 4556; x_wconf 89' lang='lat' dir='ltr'>ut</span> <span class='ocrx_word' id='word_1_324' title='bbox 1516 4506 1800 4573; x_wconf 88' lang='lat' dir='ltr'>condecet,</span> <span class='ocrx_word' id='word_1_325' title='bbox 1836 4525 2023 4563; x_wconf 88' lang='lat' dir='ltr'>sacros</span> 
     </span>
    </p>
   </div>
   <div class='ocr_carea' id='block_1_50' title="bbox 427 4583 2026 4663">
    <p class='ocr_par' dir='ltr' id='par_1_50' title="bbox 427 4583 2026 4663">
     <span class='ocr_line' id='line_1_50' title="bbox 427 4583 2026 4663; baseline 0.01 -27"><span class='ocrx_word' id='word_1_326' title='bbox 427 4583 710 4638; x_wconf 85' lang='lat' dir='ltr'>antistites</span> <span class='ocrx_word' id='word_1_327' title='bbox 735 4602 800 4639; x_wconf 90' lang='lat' dir='ltr'>ac</span> <span class='ocrx_word' id='word_1_328' title='bbox 828 4587 929 4640; x_wconf 91' lang='lat' dir='ltr'>Dei</span> <span class='ocrx_word' id='word_1_329' title='bbox 959 4589 1294 4655; x_wconf 87' lang='lat' dir='ltr'>sacerdotes,</span> <span class='ocrx_word' id='word_1_330' title='bbox 1328 4607 1430 4644; x_wconf 90' lang='lat' dir='ltr'>nec</span> <span class='ocrx_word' id='word_1_331' title='bbox 1459 4609 1570 4646; x_wconf 90' lang='lat' dir='ltr'>non</span> <span class='ocrx_word' id='word_1_332' title='bbox 1601 4601 1657 4647; x_wconf 89' lang='lat' dir='ltr'>et</span> <span class='ocrx_word' id='word_1_333' title='bbox 1695 4595 1908 4663; x_wconf 85' lang='lat' dir='ltr'>levitas,</span> <span class='ocrx_word' id='word_1_334' title='bbox 1941 4599 2026 4652; x_wconf 91' lang='lat' dir='ltr'>vel</span> 
     </span>
    </p>
   </div>
   <div class='ocr_carea' id='block_1_51' title="bbox 427 4671 2024 4748">
    <p class='ocr_par' dir='ltr' id='par_1_51' title="bbox 427 4671 2024 4748">
     <span class='ocr_line' id='line_1_51' title="bbox 427 4671 2024 4748; baseline 0.011 -25"><span class='ocrx_word' id='word_1_335' title='bbox 427 4671 525 4741; x_wconf 89' lang='lat' dir='ltr'>qui</span> <span class='ocrx_word' id='word_1_336' title='bbox 553 4675 917 4728; x_wconf 88' lang='lat' dir='ltr'>sacramentis</span> <span class='ocrx_word' id='word_1_337' title='bbox 939 4676 1140 4731; x_wconf 79' lang='lat' dir='ltr'>divinis</span> <span class='ocrx_word' id='word_1_338' title='bbox 1169 4678 1500 4748; x_wconf 89' lang='lat' dir='ltr'>inserviunt,</span> <span class='ocrx_word' id='word_1_339' title='bbox 1526 4683 1873 4740; x_wconf 86' lang='lat' dir='ltr'>continentes</span> <span class='ocrx_word' id='word_1_340' title='bbox 1902 4703 2024 4741; x_wconf 89' lang='lat' dir='ltr'>esse</span> 
     </span>
    </p>
   </div>
   <div class='ocr_carea' id='block_1_52' title="bbox 425 4759 2020 4844">
    <p class='ocr_par' dir='ltr' id='par_1_52' title="bbox 425 4759 2020 4844">
     <span class='ocr_line' id='line_1_52' title="bbox 425 4759 2020 4844; baseline 0.011 -32"><span class='ocrx_word' id='word_1_341' title='bbox 425 4759 485 4814; x_wconf 92' lang='lat' dir='ltr'>in</span> <span class='ocrx_word' id='word_1_342' title='bbox 513 4761 792 4828; x_wconf 84' lang='lat' dir='ltr'>omnibus,</span> <span class='ocrx_word' id='word_1_343' title='bbox 850 4779 960 4834; x_wconf 91' lang='lat' dir='ltr'>quo</span> <span class='ocrx_word' id='word_1_344' title='bbox 1019 4767 1235 4836; x_wconf 90' lang='lat' dir='ltr'>possint</span> <span class='ocrx_word' id='word_1_345' title='bbox 1280 4768 1611 4840; x_wconf 88' lang='lat' dir='ltr'>simpliciter</span> <span class='ocrx_word' id='word_1_346' title='bbox 1649 4775 1798 4844; x_wconf 88' lang='lat' dir='ltr'>quod</span> <span class='ocrx_word' id='word_1_347' title='bbox 1835 4793 1870 4828; x_wconf 90' lang='lat' dir='ltr'>a</span> <span class='ocrx_word' id='word_1_348' title='bbox 1907 4776 2020 4830; x_wconf 88' lang='lat' dir='ltr'>Deo</span> 
     </span>
    </p>
   </div>
   <div class='ocr_carea' id='block_1_53' title="bbox 423 4851 2016 4932">
    <p class='ocr_par' dir='ltr' id='par_1_53' title="bbox 423 4851 2016 4932">
     <span class='ocr_line' id='line_1_53' title="bbox 423 4851 2016 4932; baseline 0.009 -28"><span class='ocrx_word' id='word_1_349' title='bbox 423 4851 714 4921; x_wconf 87' lang='lat' dir='ltr'>postulant</span> <span class='ocrx_word' id='word_1_350' title='bbox 761 4851 1082 4923; x_wconf 88' lang='lat' dir='ltr'>impetrare.</span> <span class='ocrx_word' id='word_1_351' title='bbox 1133 4857 1208 4910; x_wconf 91' lang='lat' dir='ltr'>Ut</span> <span class='ocrx_word' id='word_1_352' title='bbox 1236 4858 1384 4928; x_wconf 90' lang='lat' dir='ltr'>quod</span> <span class='ocrx_word' id='word_1_353' title='bbox 1414 4861 1648 4930; x_wconf 89' lang='lat' dir='ltr'>apostoli</span> <span class='ocrx_word' id='word_1_354' title='bbox 1687 4863 2016 4932; x_wconf 90' lang='lat' dir='ltr'>docuerunt,</span> 
     </span>
    </p>
   </div>
   <div class='ocr_carea' id='block_1_54' title="bbox 425 4940 2020 5020">
    <p class='ocr_par' dir='ltr' id='par_1_54' title="bbox 425 4940 2020 5020">
     <span class='ocr_line' id='line_1_54' title="bbox 425 4940 2020 5020; baseline 0.009 -27"><span class='ocrx_word' id='word_1_355' title='bbox 425 4944 484 4995; x_wconf 88' lang='lat' dir='ltr'>et</span> <span class='ocrx_word' id='word_1_356' title='bbox 508 4940 632 5012; x_wconf 86' lang='lat' dir='ltr'>ipsa</span> <span class='ocrx_word' id='word_1_357' title='bbox 684 4942 925 4996; x_wconf 88' lang='lat' dir='ltr'>servavit</span> <span class='ocrx_word' id='word_1_358' title='bbox 979 4945 1304 5016; x_wconf 83' lang='lat' dir='ltr'>antiquitas,</span> <span class='ocrx_word' id='word_1_359' title='bbox 1337 4963 1439 5002; x_wconf 90' lang='lat' dir='ltr'>nos</span> <span class='ocrx_word' id='word_1_360' title='bbox 1487 4966 1707 5020; x_wconf 88' lang='lat' dir='ltr'>quoque</span> <span class='ocrx_word' id='word_1_361' title='bbox 1743 4954 2020 5008; x_wconf 89' lang='lat' dir='ltr'>custodia-</span> 
     </span>
    </p>
   </div>
   <div class='ocr_carea' id='block_1_55' title="bbox 426 5045 574 5083">
    <p class='ocr_par' dir='ltr' id='par_1_55' title="bbox 426 5045 574 5083">
     <span class='ocr_line' id='line_1_55' title="bbox 426 5045 574 5083; baseline 0 -1"><span class='ocrx_word' id='word_1_362' title='bbox 426 5045 552 5083; x_wconf 86' lang='lat' dir='ltr'>mus</span> <span class='ocrx_word' id='word_1_363' title='bbox 563 5069 574 5082; x_wconf 84' lang='lat'>.</span> 
     </span>
    </p>
   </div>
   <div class='ocr_carea' id='block_1_56' title="bbox 423 5153 2021 5234">
    <p class='ocr_par' dir='ltr' id='par_1_56' title="bbox 423 5153 2021 5234">
     <span class='ocr_line' id='line_1_56' title="bbox 423 5153 2021 5234; baseline 0.01 -28"><span class='ocrx_word' id='word_1_364' title='bbox 423 5154 554 5234; x_wconf 59' lang='lat' dir='ltr'>Car.</span> <span class='ocrx_word' id='word_1_365' title='bbox 591 5153 1160 5234; x_wconf 39' lang='lat' dir='ltr'>XXX.—‘Quod__non</span> <span class='ocrx_word' id='word_1_366' title='bbox 1189 5158 1412 5214; x_wconf 87' lang='lat' dir='ltr'>debeant</span> <span class='ocrx_word' id='word_1_367' title='bbox 1441 5165 1736 5218; x_wconf 83' lang='lat' dir='ltr'>sacerdotes</span> <span class='ocrx_word' id='word_1_368' title='bbox 1757 5170 2021 5234; x_wconf 82' lang='lat' dir='ltr'>quaslibet</span> 
     </span>
    </p>
   </div>
   <div class='ocr_carea' id='block_1_57' title="bbox 496 5227 2019 5301">
    <p class='ocr_par' dir='ltr' id='par_1_57' title="bbox 496 5227 2019 5301">
     <span class='ocr_line' id='line_1_57' title="bbox 496 5227 2019 5301; baseline 0.012 -27"><span class='ocrx_word' id='word_1_369' title='bbox 496 5227 559 5278; x_wconf 86' lang='lat' dir='ltr'>in</span> <span class='ocrx_word' id='word_1_370' title='bbox 579 5230 806 5301; x_wconf 72' lang='lat' dir='ltr'>ecclesia:</span> <span class='ocrx_word' id='word_1_371' title='bbox 833 5228 1074 5295; x_wconf 83' lang='lat' dir='ltr'>familiis</span> <span class='ocrx_word' id='word_1_372' title='bbox 1122 5234 1498 5286; x_wconf 78' lang='lat' dir='ltr'>truncationcs</span> <span class='ocrx_word' id='word_1_373' title='bbox 1525 5236 1703 5301; x_wconf 78' lang='lat' dir='ltr'>facere</span> <span class='ocrx_word' id='word_1_374' title='bbox 1735 5227 1880 5291; x_wconf 32' lang='lat' dir='ltr'>{nec</span> <span class='ocrx_word' id='word_1_375' title='bbox 1908 5243 2019 5293; x_wconf 86' lang='lat' dir='ltr'>ati-</span> 
     </span>
    </p>
   </div>
   <div class='ocr_carea' id='block_1_58' title="bbox 497 5299 1772 5372">
    <p class='ocr_par' dir='ltr' id='par_1_58' title="bbox 497 5299 1772 5372">
     <span class='ocr_line' id='line_1_58' title="bbox 497 5299 1772 5372; baseline 0.008 -24"><span class='ocrx_word' id='word_1_376' title='bbox 497 5299 632 5362; x_wconf 86' lang='lat' dir='ltr'>quid</span> <span class='ocrx_word' id='word_1_377' title='bbox 659 5301 805 5365; x_wconf 88' lang='lat' dir='ltr'>quod</span> <span class='ocrx_word' id='word_1_378' title='bbox 834 5305 1006 5352; x_wconf 83' lang='lat' dir='ltr'>morte</span> <span class='ocrx_word' id='word_1_379' title='bbox 1031 5304 1376 5368; x_wconf 76' lang='lat' dir='ltr'>plectendum.</span> <span class='ocrx_word' id='word_1_380' title='bbox 1410 5307 1484 5356; x_wconf 89' lang='lat' dir='ltr'>sit</span> <span class='ocrx_word' id='word_1_381' title='bbox 1494 5299 1772 5372; x_wconf 82' lang='lat' dir='ltr'>judicare.</span> 
     </span>
    </p>
   </div>
   <div class='ocr_carea' id='block_1_59' title="bbox 496 5393 2016 5482">
    <p class='ocr_par' dir='ltr' id='par_1_59' title="bbox 496 5393 2016 5482">
     <span class='ocr_line' id='line_1_59' title="bbox 496 5393 2016 5482; baseline 0.011 -30"><span class='ocrx_word' id='word_1_382' title='bbox 496 5393 559 5452; x_wconf 88' lang='lat' dir='ltr'>In</span> <span class='ocrx_word' id='word_1_383' title='bbox 589 5401 822 5456; x_wconf 86' lang='lat' dir='ltr'>concilio</span> <span class='ocrx_word' id='word_1_384' title='bbox 851 5403 1227 5472; x_wconf 89' lang='lat' dir='ltr'>Toletanensi,</span> <span class='ocrx_word' id='word_1_385' title='bbox 1260 5409 1450 5478; x_wconf 83' lang='lat' dir='ltr'>cap.6,</span> <span class='ocrx_word' id='word_1_386' title='bbox 1486 5410 1753 5482; x_wconf 85' lang='lat' dir='ltr'>scriptum</span> <span class='ocrx_word' id='word_1_387' title='bbox 1784 5420 1886 5477; x_wconf 89' lang='lat' dir='ltr'>est,</span> <span class='ocrx_word' id='word_1_388' title='bbox 1904 5433 2016 5469; x_wconf 91' lang='lat' dir='ltr'>non</span> 
     </span>
    </p>
   </div>
   <div class='ocr_carea' id='block_1_60' title="bbox 423 5485 2016 5567">
    <p class='ocr_par' dir='ltr' id='par_1_60' title="bbox 423 5485 2016 5567">
     <span class='ocr_line' id='line_1_60' title="bbox 423 5485 2016 5567; baseline 0.012 -29"><span class='ocrx_word' id='word_1_389' title='bbox 423 5485 626 5540; x_wconf 88' lang='lat' dir='ltr'>debere</span> <span class='ocrx_word' id='word_1_390' title='bbox 664 5493 999 5558; x_wconf 89' lang='lat' dir='ltr'>sacerdotes,</span> <span class='ocrx_word' id='word_1_391' title='bbox 1055 5496 1330 5567; x_wconf 88' lang='lat' dir='ltr'>quaslibet</span> <span class='ocrx_word' id='word_1_392' title='bbox 1383 5499 1439 5550; x_wconf 77' lang='lat' dir='ltr'>in</span> <span class='ocrx_word' id='word_1_393' title='bbox 1492 5501 1734 5556; x_wconf 78' lang='lat' dir='ltr'>ecclesiae</span> <span class='ocrx_word' id='word_1_394' title='bbox 1791 5503 2016 5558; x_wconf 79' lang='lat' dir='ltr'>ﬁuniliis</span> 
     </span>
    </p>
   </div>
   <div class='ocr_carea' id='block_1_61' title="bbox 421 5569 2015 5664">
    <p class='ocr_par' dir='ltr' id='par_1_61' title="bbox 421 5569 2015 5664">
     <span class='ocr_line' id='line_1_61' title="bbox 421 5569 2015 5664; baseline 0.013 -36"><span class='ocrx_word' id='word_1_395' title='bbox 421 5569 804 5631; x_wconf 77' lang='lat' dir='ltr'>truncationes</span> <span class='ocrx_word' id='word_1_396' title='bbox 831 5573 1030 5646; x_wconf 76' lang='lat' dir='ltr'>facere,</span> <span class='ocrx_word' id='word_1_397' title='bbox 1063 5599 1163 5638; x_wconf 88' lang='lat' dir='ltr'>nec</span> <span class='ocrx_word' id='word_1_398' title='bbox 1179 5576 1555 5658; x_wconf 86' lang='lat' dir='ltr'>aliquidquod</span> <span class='ocrx_word' id='word_1_399' title='bbox 1570 5596 1746 5644; x_wconf 85' lang='lat' dir='ltr'>morte</span> <span class='ocrx_word' id='word_1_400' title='bbox 1767 5593 2015 5664; x_wconf 87' lang='lat' dir='ltr'>plecten-</span> 
     </span>
    </p>
   </div>
   <div class='ocr_carea' id='block_1_62' title="bbox 2115 527 3702 601">
    <p class='ocr_par' dir='ltr' id='par_1_62' title="bbox 2115 527 3702 601">
     <span class='ocr_line' id='line_1_62' title="bbox 2115 527 3702 601; baseline 0.004 -21"><span class='ocrx_word' id='word_1_401' title='bbox 2115 532 2176 580; x_wconf 87' lang='lat' dir='ltr'>ta</span> <span class='ocrx_word' id='word_1_402' title='bbox 2204 527 2497 580; x_wconf 87' lang='lat' dir='ltr'>tractanda</span> <span class='ocrx_word' id='word_1_403' title='bbox 2521 533 2673 593; x_wconf 88' lang='lat' dir='ltr'>sunt,</span> <span class='ocrx_word' id='word_1_404' title='bbox 2702 529 2980 599; x_wconf 89' lang='lat' dir='ltr'>judicium</span> <span class='ocrx_word' id='word_1_405' title='bbox 3013 530 3304 601; x_wconf 85' lang='lat' dir='ltr'>sanguinis</span> <span class='ocrx_word' id='word_1_406' title='bbox 3351 531 3571 601; x_wconf 88' lang='lat' dir='ltr'>agitare</span> <span class='ocrx_word' id='word_1_407' title='bbox 3608 549 3702 587; x_wconf 90' lang='lat' dir='ltr'>non</span> 
     </span>
    </p>
   </div>
   <div class='ocr_carea' id='block_1_63' title="bbox 2117 615 3700 692">
    <p class='ocr_par' dir='ltr' id='par_1_63' title="bbox 2117 615 3700 692">
     <span class='ocr_line' id='line_1_63' title="bbox 2117 615 3700 692; baseline 0.005 -25"><span class='ocrx_word' id='word_1_408' title='bbox 2117 615 2248 669; x_wconf 89' lang='lat' dir='ltr'>licet</span> <span class='ocrx_word' id='word_1_409' title='bbox 2281 635 2290 668; x_wconf 95' lang='lat'>:</span> <span class='ocrx_word' id='word_1_410' title='bbox 2327 621 2383 669; x_wconf 89' lang='lat' dir='ltr'>et</span> <span class='ocrx_word' id='word_1_411' title='bbox 2409 616 2535 670; x_wconf 89' lang='lat' dir='ltr'>ideo</span> <span class='ocrx_word' id='word_1_412' title='bbox 2564 634 2904 689; x_wconf 88' lang='lat' dir='ltr'>magnopere</span> <span class='ocrx_word' id='word_1_413' title='bbox 2943 619 3143 672; x_wconf 85' lang='lat' dir='ltr'>talium</span> <span class='ocrx_word' id='word_1_414' title='bbox 3179 621 3498 675; x_wconf 80' lang='lat' dir='ltr'>excessibus</span> <span class='ocrx_word' id='word_1_415' title='bbox 3527 623 3700 692; x_wconf 86' lang='lat' dir='ltr'>prohi-</span> 
     </span>
    </p>
   </div>
   <div class='ocr_carea' id='block_1_64' title="bbox 2117 705 3702 786">
    <p class='ocr_par' dir='ltr' id='par_1_64' title="bbox 2117 705 3702 786">
     <span class='ocr_line' id='line_1_64' title="bbox 2117 705 3702 786; baseline 0.005 -29"><span class='ocrx_word' id='word_1_416' title='bbox 2117 705 2360 758; x_wconf 91' lang='lat' dir='ltr'>bendum</span> <span class='ocrx_word' id='word_1_417' title='bbox 2408 711 2510 766; x_wconf 82' lang='lat' dir='ltr'>est,</span> <span class='ocrx_word' id='word_1_418' title='bbox 2544 724 2613 760; x_wconf 88' lang='lat' dir='ltr'>ne</span> <span class='ocrx_word' id='word_1_419' title='bbox 2645 706 2961 762; x_wconf 65' lang='lat' dir='ltr'>indiscreta;</span> <span class='ocrx_word' id='word_1_420' title='bbox 2991 709 3444 786; x_wconf 61' lang='lat' dir='ltr'>praesumptionis</span> <span class='ocrx_word' id='word_1_421' title='bbox 3475 710 3702 786; x_wconf 84' lang='lat' dir='ltr'>motibus</span> 
     </span>
    </p>
   </div>
   <div class='ocr_carea' id='block_1_65' title="bbox 2119 784 3704 867">
    <p class='ocr_par' dir='ltr' id='par_1_65' title="bbox 2119 784 3704 867">
     <span class='ocr_line' id='line_1_65' title="bbox 2119 784 3704 867; baseline 0.005 -21"><span class='ocrx_word' id='word_1_422' title='bbox 2119 795 2334 862; x_wconf 87' lang='lat' dir='ltr'>agitati,</span> <span class='ocrx_word' id='word_1_423' title='bbox 2369 801 2468 848; x_wconf 90' lang='lat' dir='ltr'>aut</span> <span class='ocrx_word' id='word_1_424' title='bbox 2496 795 2643 865; x_wconf 91' lang='lat' dir='ltr'>quod</span> <span class='ocrx_word' id='word_1_425' title='bbox 2675 802 2854 850; x_wconf 88' lang='lat' dir='ltr'>morte</span> <span class='ocrx_word' id='word_1_426' title='bbox 2893 797 3251 867; x_wconf 87' lang='lat' dir='ltr'>plectendum</span> <span class='ocrx_word' id='word_1_427' title='bbox 3302 784 3406 862; x_wconf 85' lang='lat' dir='ltr'>est,</span> <span class='ocrx_word' id='word_1_428' title='bbox 3441 784 3704 854; x_wconf 85' lang='lat' dir='ltr'>sententia</span> 
     </span>
    </p>
   </div>
   <div class='ocr_carea' id='block_1_66' title="bbox 2119 883 3704 959">
    <p class='ocr_par' dir='ltr' id='par_1_66' title="bbox 2119 883 3704 959">
     <span class='ocr_line' id='line_1_66' title="bbox 2119 883 3704 959; baseline 0.005 -25"><span class='ocrx_word' id='word_1_429' title='bbox 2119 883 2346 953; x_wconf 90' lang='lat' dir='ltr'>propria</span> <span class='ocrx_word' id='word_1_430' title='bbox 2360 883 2615 952; x_wconf 84' lang='lat' dir='ltr'>judicare</span> <span class='ocrx_word' id='word_1_431' title='bbox 2631 884 2998 955; x_wconf 68' lang='lat' dir='ltr'>praesumant:</span> <span class='ocrx_word' id='word_1_432' title='bbox 3033 891 3132 940; x_wconf 91' lang='lat' dir='ltr'>aut</span> <span class='ocrx_word' id='word_1_433' title='bbox 3149 887 3540 942; x_wconf 88' lang='lat' dir='ltr'>truncationes</span> <span class='ocrx_word' id='word_1_434' title='bbox 3561 906 3704 959; x_wconf 87' lang='lat' dir='ltr'>quas-</span> 
     </span>
    </p>
   </div>
   <div class='ocr_carea' id='block_1_67' title="bbox 2119 965 3708 1044">
    <p class='ocr_par' dir='ltr' id='par_1_67' title="bbox 2119 965 3708 1044">
     <span class='ocr_line' id='line_1_67' title="bbox 2119 965 3708 1044; baseline 0.006 -22"><span class='ocrx_word' id='word_1_435' title='bbox 2119 969 2257 1023; x_wconf 84' lang='lat' dir='ltr'>libet</span> <span class='ocrx_word' id='word_1_436' title='bbox 2278 972 2534 1041; x_wconf 89' lang='lat' dir='ltr'>personis</span> <span class='ocrx_word' id='word_1_437' title='bbox 2570 979 2668 1026; x_wconf 89' lang='lat' dir='ltr'>aut</span> <span class='ocrx_word' id='word_1_438' title='bbox 2718 991 2818 1044; x_wconf 90' lang='lat' dir='ltr'>per</span> <span class='ocrx_word' id='word_1_439' title='bbox 2869 991 2927 1027; x_wconf 91' lang='lat' dir='ltr'>se</span> <span class='ocrx_word' id='word_1_440' title='bbox 2980 975 3240 1040; x_wconf 86' lang='lat' dir='ltr'>inferant,</span> <span class='ocrx_word' id='word_1_441' title='bbox 3283 979 3384 1029; x_wconf 89' lang='lat' dir='ltr'>aut</span> <span class='ocrx_word' id='word_1_442' title='bbox 3429 965 3708 1031; x_wconf 80' lang='lat' dir='ltr'>inferenda</span> 
     </span>
    </p>
   </div>
   <div class='ocr_carea' id='block_1_68' title="bbox 2119 1059 3708 1133">
    <p class='ocr_par' dir='ltr' id='par_1_68' title="bbox 2119 1059 3708 1133">
     <span class='ocr_line' id='line_1_68' title="bbox 2119 1059 3708 1133; baseline 0.005 -21"><span class='ocrx_word' id='word_1_443' title='bbox 2119 1059 2460 1130; x_wconf 65' lang='lat' dir='ltr'>przecipiant.</span> <span class='ocrx_word' id='word_1_444' title='bbox 2520 1061 2679 1124; x_wconf 86' lang='lat' dir='ltr'>Quod</span> <span class='ocrx_word' id='word_1_445' title='bbox 2729 1063 2775 1116; x_wconf 90' lang='lat' dir='ltr'>si</span> <span class='ocrx_word' id='word_1_446' title='bbox 2827 1063 3125 1133; x_wconf 90' lang='lat' dir='ltr'>quisquam</span> <span class='ocrx_word' id='word_1_447' title='bbox 3170 1065 3376 1118; x_wconf 89' lang='lat' dir='ltr'>horum</span> <span class='ocrx_word' id='word_1_448' title='bbox 3423 1065 3708 1120; x_wconf 88' lang='lat' dir='ltr'>immemor</span> 
     </span>
    </p>
   </div>
   <div class='ocr_carea' id='block_1_69' title="bbox 2117 1151 3707 1228">
    <p class='ocr_par' dir='ltr' id='par_1_69' title="bbox 2117 1151 3707 1228">
     <span class='ocr_line' id='line_1_69' title="bbox 2117 1151 3707 1228; baseline 0.005 -27"><span class='ocrx_word' id='word_1_449' title='bbox 2117 1154 2541 1219; x_wconf 73' lang='lat' dir='ltr'>praeceptorum,</span> <span class='ocrx_word' id='word_1_450' title='bbox 2576 1158 2675 1204; x_wconf 91' lang='lat' dir='ltr'>aut</span> <span class='ocrx_word' id='word_1_451' title='bbox 2702 1151 2759 1204; x_wconf 88' lang='lat' dir='ltr'>in</span> <span class='ocrx_word' id='word_1_452' title='bbox 2817 1153 3060 1206; x_wconf 71' lang='lat' dir='ltr'>ecclesue</span> <span class='ocrx_word' id='word_1_453' title='bbox 3093 1153 3338 1220; x_wconf 89' lang='lat' dir='ltr'>familiis,</span> <span class='ocrx_word' id='word_1_454' title='bbox 3373 1160 3474 1208; x_wconf 91' lang='lat' dir='ltr'>aut</span> <span class='ocrx_word' id='word_1_455' title='bbox 3520 1151 3578 1209; x_wconf 90' lang='lat' dir='ltr'>in</span> <span class='ocrx_word' id='word_1_456' title='bbox 3603 1157 3707 1228; x_wconf 88' lang='lat' dir='ltr'>qui-</span> 
     </span>
    </p>
   </div>
   <div class='ocr_carea' id='block_1_70' title="bbox 2115 1237 3706 1312">
    <p class='ocr_par' dir='ltr' id='par_1_70' title="bbox 2115 1237 3706 1312">
     <span class='ocr_line' id='line_1_70' title="bbox 2115 1237 3706 1312; baseline 0.003 -21"><span class='ocrx_word' id='word_1_457' title='bbox 2115 1237 2358 1291; x_wconf 90' lang='lat' dir='ltr'>buslibet</span> <span class='ocrx_word' id='word_1_458' title='bbox 2385 1239 2638 1308; x_wconf 89' lang='lat' dir='ltr'>personis</span> <span class='ocrx_word' id='word_1_459' title='bbox 2667 1240 2778 1294; x_wconf 90' lang='lat' dir='ltr'>tale</span> <span class='ocrx_word' id='word_1_460' title='bbox 2807 1241 3020 1312; x_wconf 90' lang='lat' dir='ltr'>aliquid</span> <span class='ocrx_word' id='word_1_461' title='bbox 3050 1239 3262 1306; x_wconf 83' lang='lat' dir='ltr'>fecerit,</span> <span class='ocrx_word' id='word_1_462' title='bbox 3281 1247 3337 1294; x_wconf 90' lang='lat' dir='ltr'>et</span> <span class='ocrx_word' id='word_1_463' title='bbox 3366 1243 3706 1297; x_wconf 87' lang='lat' dir='ltr'>concessior-</span> 
     </span>
    </p>
   </div>
   <div class='ocr_carea' id='block_1_71' title="bbox 2117 1327 3710 1406">
    <p class='ocr_par' dir='ltr' id='par_1_71' title="bbox 2117 1327 3710 1406">
     <span class='ocr_line' id='line_1_71' title="bbox 2117 1327 3710 1406; baseline 0.004 -26"><span class='ocrx_word' id='word_1_464' title='bbox 2117 1327 2261 1380; x_wconf 88' lang='lat' dir='ltr'>dinis</span> <span class='ocrx_word' id='word_1_465' title='bbox 2293 1327 2504 1382; x_wconf 87' lang='lat' dir='ltr'>honore</span> <span class='ocrx_word' id='word_1_466' title='bbox 2535 1328 2783 1399; x_wconf 89' lang='lat' dir='ltr'>privatus</span> <span class='ocrx_word' id='word_1_467' title='bbox 2814 1335 2871 1382; x_wconf 88' lang='lat' dir='ltr'>et</span> <span class='ocrx_word' id='word_1_468' title='bbox 2899 1330 3036 1396; x_wconf 91' lang='lat' dir='ltr'>loco,</span> <span class='ocrx_word' id='word_1_469' title='bbox 3068 1329 3171 1384; x_wconf 89' lang='lat' dir='ltr'>sub</span> <span class='ocrx_word' id='word_1_470' title='bbox 3197 1338 3472 1402; x_wconf 89' lang='lat' dir='ltr'>perpetuo</span> <span class='ocrx_word' id='word_1_471' title='bbox 3494 1331 3710 1406; x_wconf 84' lang='lat' dir='ltr'>damna-</span> 
     </span>
    </p>
   </div>
   <div class='ocr_carea' id='block_1_72' title="bbox 2115 1415 3709 1489">
    <p class='ocr_par' dir='ltr' id='par_1_72' title="bbox 2115 1415 3709 1489">
     <span class='ocr_line' id='line_1_72' title="bbox 2115 1415 3709 1489; baseline 0.004 -21"><span class='ocrx_word' id='word_1_472' title='bbox 2115 1415 2285 1469; x_wconf 86' lang='lat' dir='ltr'>tionis</span> <span class='ocrx_word' id='word_1_473' title='bbox 2305 1421 2568 1471; x_wconf 87' lang='lat' dir='ltr'>teneatur</span> <span class='ocrx_word' id='word_1_474' title='bbox 2596 1418 2865 1486; x_wconf 84' lang='lat' dir='ltr'>religatus</span> <span class='ocrx_word' id='word_1_475' title='bbox 2897 1421 3200 1489; x_wconf 86' lang='lat' dir='ltr'>ergastulo.</span> <span class='ocrx_word' id='word_1_476' title='bbox 3227 1420 3330 1472; x_wconf 91' lang='lat' dir='ltr'>Cui</span> <span class='ocrx_word' id='word_1_477' title='bbox 3363 1426 3564 1474; x_wconf 87' lang='lat' dir='ltr'>tamen</span> <span class='ocrx_word' id='word_1_478' title='bbox 3577 1439 3709 1476; x_wconf 80' lang='lat' dir='ltr'>com-</span> 
     </span>
    </p>
   </div>
   <div class='ocr_carea' id='block_1_73' title="bbox 2119 1504 3710 1585">
    <p class='ocr_par' dir='ltr' id='par_1_73' title="bbox 2119 1504 3710 1585">
     <span class='ocr_line' id='line_1_73' title="bbox 2119 1504 3710 1585; baseline 0.004 -28"><span class='ocrx_word' id='word_1_479' title='bbox 2119 1504 2310 1559; x_wconf 87' lang='lat' dir='ltr'>munio</span> <span class='ocrx_word' id='word_1_480' title='bbox 2329 1505 2554 1558; x_wconf 83' lang='lat' dir='ltr'>exeunti</span> <span class='ocrx_word' id='word_1_481' title='bbox 2586 1523 2651 1559; x_wconf 82' lang='lat' dir='ltr'>ex</span> <span class='ocrx_word' id='word_1_482' title='bbox 2673 1507 2777 1559; x_wconf 89' lang='lat' dir='ltr'>hac</span> <span class='ocrx_word' id='word_1_483' title='bbox 2801 1508 2914 1561; x_wconf 86' lang='lat' dir='ltr'>vita</span> <span class='ocrx_word' id='word_1_484' title='bbox 2940 1525 3052 1561; x_wconf 89' lang='lat' dir='ltr'>non</span> <span class='ocrx_word' id='word_1_485' title='bbox 3076 1508 3333 1578; x_wconf 85' lang='lat' dir='ltr'>neganda</span> <span class='ocrx_word' id='word_1_486' title='bbox 3352 1515 3457 1572; x_wconf 81' lang='lat' dir='ltr'>est,</span> <span class='ocrx_word' id='word_1_487' title='bbox 3494 1509 3588 1585; x_wconf 76' lang='lat' dir='ltr'>pre</span> <span class='ocrx_word' id='word_1_488' title='bbox 3597 1517 3710 1581; x_wconf 85' lang='lat' dir='ltr'>pter</span> 
     </span>
    </p>
   </div>
   <div class='ocr_carea' id='block_1_74' title="bbox 2115 1593 3709 1666">
    <p class='ocr_par' dir='ltr' id='par_1_74' title="bbox 2115 1593 3709 1666">
     <span class='ocr_line' id='line_1_74' title="bbox 2115 1593 3709 1666; baseline 0.003 -19"><span class='ocrx_word' id='word_1_489' title='bbox 2115 1593 2340 1647; x_wconf 87' lang='lat' dir='ltr'>Domini</span> <span class='ocrx_word' id='word_1_490' title='bbox 2361 1594 2800 1648; x_wconf 78' lang='lat' dir='ltr'>misericordiam</span> <span class='ocrx_word' id='word_1_491' title='bbox 2827 1615 2838 1647; x_wconf 92' lang='lat'><strong>:</strong></span> <span class='ocrx_word' id='word_1_492' title='bbox 2873 1595 2966 1666; x_wconf 91' lang='lat' dir='ltr'>qui</span> <span class='ocrx_word' id='word_1_493' title='bbox 2990 1613 3102 1650; x_wconf 90' lang='lat' dir='ltr'>non</span> <span class='ocrx_word' id='word_1_494' title='bbox 3123 1596 3240 1650; x_wconf 87' lang='lat' dir='ltr'>vult</span> <span class='ocrx_word' id='word_1_495' title='bbox 3253 1598 3566 1666; x_wconf 81' lang='lat' dir='ltr'>peccatoris</span> <span class='ocrx_word' id='word_1_496' title='bbox 3578 1615 3709 1652; x_wconf 85' lang='lat' dir='ltr'>mor-</span> 
     </span>
    </p>
   </div>
   <div class='ocr_carea' id='block_1_75' title="bbox 2117 1683 3140 1748">
    <p class='ocr_par' dir='ltr' id='par_1_75' title="bbox 2117 1683 3140 1748">
     <span class='ocr_line' id='line_1_75' title="bbox 2117 1683 3140 1748; baseline 0.003 -13"><span class='ocrx_word' id='word_1_497' title='bbox 2117 1687 2251 1748; x_wconf 87' lang='lat' dir='ltr'>tem,</span> <span class='ocrx_word' id='word_1_498' title='bbox 2284 1683 2382 1736; x_wconf 91' lang='lat' dir='ltr'>sed</span> <span class='ocrx_word' id='word_1_499' title='bbox 2411 1689 2474 1736; x_wconf 91' lang='lat' dir='ltr'>ut</span> <span class='ocrx_word' id='word_1_500' title='bbox 2501 1688 2860 1738; x_wconf 90' lang='lat' dir='ltr'>convertatur</span> <span class='ocrx_word' id='word_1_501' title='bbox 2889 1691 2946 1738; x_wconf 90' lang='lat' dir='ltr'>et</span> <span class='ocrx_word' id='word_1_502' title='bbox 2973 1684 3140 1738; x_wconf 84' lang='lat' dir='ltr'>vivat.</span> 
     </span>
    </p>
   </div>
   <div class='ocr_carea' id='block_1_76' title="bbox 2118 1808 3704 1877">
    <p class='ocr_par' dir='ltr' id='par_1_76' title="bbox 2118 1808 3704 1877">
     <span class='ocr_line' id='line_1_76' title="bbox 2118 1808 3704 1877; baseline 0.004 -17"><span class='ocrx_word' id='word_1_503' title='bbox 2118 1808 2246 1861; x_wconf 77' lang='lat' dir='ltr'>CAP.</span> <span class='ocrx_word' id='word_1_504' title='bbox 2281 1808 2477 1862; x_wconf 85' lang='lat' dir='ltr'>XXXI.</span> <span class='ocrx_word' id='word_1_505' title='bbox 2509 1839 2571 1848; x_wconf 93' lang='lat'>—-</span> <span class='ocrx_word' id='word_1_506' title='bbox 2602 1811 2676 1863; x_wconf 81' lang='lat' dir='ltr'>De</span> <span class='ocrx_word' id='word_1_507' title='bbox 2706 1812 2919 1864; x_wconf 80' lang='lat' dir='ltr'>clericis</span> <span class='ocrx_word' id='word_1_508' title='bbox 2959 1813 3059 1877; x_wconf 84' lang='lat' dir='ltr'>qui</span> <span class='ocrx_word' id='word_1_509' title='bbox 3105 1813 3166 1863; x_wconf 85' lang='lat' dir='ltr'>in</span> <span class='ocrx_word' id='word_1_510' title='bbox 3214 1816 3479 1865; x_wconf 82' lang='lat' dir='ltr'>mutuam</span> <span class='ocrx_word' id='word_1_511' title='bbox 3521 1815 3704 1866; x_wconf 55' lang='lat' dir='ltr'>eadem</span> 
     </span>
    </p>
   </div>
   <div class='ocr_carea' id='block_1_77' title="bbox 2721 1885 3125 1950">
    <p class='ocr_par' dir='ltr' id='par_1_77' title="bbox 2721 1885 3125 1950">
     <span class='ocr_line' id='line_1_77' title="bbox 2721 1885 3125 1950; baseline 0 -16"><span class='ocrx_word' id='word_1_512' title='bbox 2721 1885 3125 1950; x_wconf 78' lang='lat' dir='ltr'>prorumpunt.</span> 
     </span>
    </p>
   </div>
   <div class='ocr_carea' id='block_1_78' title="bbox 2185 1985 3708 2064">
    <p class='ocr_par' dir='ltr' id='par_1_78' title="bbox 2185 1985 3708 2064">
     <span class='ocr_line' id='line_1_78' title="bbox 2185 1985 3708 2064; baseline 0.005 -26"><span class='ocrx_word' id='word_1_513' title='bbox 2185 1986 2248 2038; x_wconf 91' lang='lat' dir='ltr'>In</span> <span class='ocrx_word' id='word_1_514' title='bbox 2277 1985 2510 2039; x_wconf 90' lang='lat' dir='ltr'>concilio</span> <span class='ocrx_word' id='word_1_515' title='bbox 2548 1986 2885 2053; x_wconf 87' lang='lat' dir='ltr'>Hilerdensi,</span> <span class='ocrx_word' id='word_1_516' title='bbox 2919 2004 3040 2058; x_wconf 87' lang='lat' dir='ltr'>cap.</span> <span class='ocrx_word' id='word_1_517' title='bbox 3095 1987 3180 2053; x_wconf 83' lang='grc'>11,</span> <span class='ocrx_word' id='word_1_518' title='bbox 3215 1989 3490 2060; x_wconf 87' lang='lat' dir='ltr'>scriptum</span> <span class='ocrx_word' id='word_1_519' title='bbox 3530 1997 3614 2045; x_wconf 87' lang='lat' dir='ltr'>est</span> <span class='ocrx_word' id='word_1_520' title='bbox 3644 1992 3708 2064; x_wconf 80' lang='lat' dir='ltr'>de</span> 
     </span>
    </p>
   </div>
   <div class='ocr_carea' id='block_1_79' title="bbox 2113 2074 3707 2151">
    <p class='ocr_par' dir='ltr' id='par_1_79' title="bbox 2113 2074 3707 2151">
     <span class='ocr_line' id='line_1_79' title="bbox 2113 2074 3707 2151; baseline 0.005 -25"><span class='ocrx_word' id='word_1_521' title='bbox 2113 2074 2348 2141; x_wconf 90' lang='lat' dir='ltr'>clericis,</span> <span class='ocrx_word' id='word_1_522' title='bbox 2375 2075 2471 2145; x_wconf 90' lang='lat' dir='ltr'>qui</span> <span class='ocrx_word' id='word_1_523' title='bbox 2501 2075 2560 2129; x_wconf 93' lang='lat' dir='ltr'>in</span> <span class='ocrx_word' id='word_1_524' title='bbox 2587 2081 2847 2130; x_wconf 84' lang='lat' dir='ltr'>mutuam</span> <span class='ocrx_word' id='word_1_525' title='bbox 2877 2077 3084 2130; x_wconf 72' lang='lat' dir='ltr'>caedem</span> <span class='ocrx_word' id='word_1_526' title='bbox 3105 2087 3522 2149; x_wconf 87' lang='lat' dir='ltr'>prorumpunt:</span> <span class='ocrx_word' id='word_1_527' title='bbox 3545 2081 3600 2135; x_wconf 90' lang='lat' dir='ltr'>Si</span> <span class='ocrx_word' id='word_1_528' title='bbox 3619 2081 3707 2151; x_wconf 87' lang='lat' dir='ltr'>qui</span> 
     </span>
    </p>
   </div>
   <div class='ocr_carea' id='block_1_80' title="bbox 2113 2162 3708 2238">
    <p class='ocr_par' dir='ltr' id='par_1_80' title="bbox 2113 2162 3708 2238">
     <span class='ocr_line' id='line_1_80' title="bbox 2113 2162 3708 2238; baseline 0.003 -22"><span class='ocrx_word' id='word_1_529' title='bbox 2113 2162 2297 2216; x_wconf 90' lang='lat' dir='ltr'>clerici</span> <span class='ocrx_word' id='word_1_530' title='bbox 2324 2163 2385 2216; x_wconf 91' lang='lat' dir='ltr'>in</span> <span class='ocrx_word' id='word_1_531' title='bbox 2409 2171 2667 2218; x_wconf 86' lang='lat' dir='ltr'>mutuam</span> <span class='ocrx_word' id='word_1_532' title='bbox 2696 2165 2903 2219; x_wconf 62' lang='lat' dir='ltr'>caedem</span> <span class='ocrx_word' id='word_1_533' title='bbox 2935 2167 3313 2236; x_wconf 86' lang='lat' dir='ltr'>proruperint,</span> <span class='ocrx_word' id='word_1_534' title='bbox 3341 2174 3516 2238; x_wconf 90' lang='lat' dir='ltr'>prout</span> <span class='ocrx_word' id='word_1_535' title='bbox 3540 2169 3708 2238; x_wconf 84' lang='lat' dir='ltr'>digni-</span> 
     </span>
    </p>
   </div>
   <div class='ocr_carea' id='block_1_81' title="bbox 2115 2251 3702 2327">
    <p class='ocr_par' dir='ltr' id='par_1_81' title="bbox 2115 2251 3702 2327">
     <span class='ocr_line' id='line_1_81' title="bbox 2115 2251 3702 2327; baseline 0.005 -23"><span class='ocrx_word' id='word_1_536' title='bbox 2115 2257 2203 2305; x_wconf 88' lang='lat' dir='ltr'>tas</span> <span class='ocrx_word' id='word_1_537' title='bbox 2233 2251 2544 2308; x_wconf 88' lang='lat' dir='ltr'>ofﬁciorum</span> <span class='ocrx_word' id='word_1_538' title='bbox 2573 2254 2632 2307; x_wconf 93' lang='lat' dir='ltr'>in</span> <span class='ocrx_word' id='word_1_539' title='bbox 2652 2253 2751 2307; x_wconf 90' lang='lat' dir='ltr'>tali</span> <span class='ocrx_word' id='word_1_540' title='bbox 2770 2271 3028 2309; x_wconf 84' lang='lat' dir='ltr'>excessus</span> <span class='ocrx_word' id='word_1_541' title='bbox 3037 2255 3382 2310; x_wconf 87' lang='lat' dir='ltr'>contumelia</span> <span class='ocrx_word' id='word_1_542' title='bbox 3397 2258 3702 2327; x_wconf 85' lang='lat' dir='ltr'>pertulerit,</span> 
     </span>
    </p>
   </div>
   <div class='ocr_carea' id='block_1_82' title="bbox 2115 2341 3126 2411">
    <p class='ocr_par' dir='ltr' id='par_1_82' title="bbox 2115 2341 3126 2411">
     <span class='ocr_line' id='line_1_82' title="bbox 2115 2341 3126 2411; baseline 0.003 -18"><span class='ocrx_word' id='word_1_543' title='bbox 2115 2357 2150 2394; x_wconf 88' lang='lat' dir='ltr'>a</span> <span class='ocrx_word' id='word_1_544' title='bbox 2171 2341 2432 2411; x_wconf 90' lang='lat' dir='ltr'>pontiﬁce</span> <span class='ocrx_word' id='word_1_545' title='bbox 2461 2342 2768 2397; x_wconf 89' lang='lat' dir='ltr'>districtius</span> <span class='ocrx_word' id='word_1_546' title='bbox 2793 2343 3126 2398; x_wconf 87' lang='lat' dir='ltr'>vindicetur.</span> 
     </span>
    </p>
   </div>
   <div class='ocr_carea' id='block_1_83' title="bbox 2118 2465 3708 2544">
    <p class='ocr_par' dir='ltr' id='par_1_83' title="bbox 2118 2465 3708 2544">
     <span class='ocr_line' id='line_1_83' title="bbox 2118 2465 3708 2544; baseline 0.004 -26"><span class='ocrx_word' id='word_1_547' title='bbox 2118 2465 2247 2518; x_wconf 75' lang='lat' dir='ltr'>CAP.</span> <span class='ocrx_word' id='word_1_548' title='bbox 2281 2465 2506 2521; x_wconf 86' lang='lat' dir='ltr'>XXXII.</span> <span class='ocrx_word' id='word_1_549' title='bbox 2548 2498 2613 2506; x_wconf 97' lang='lat'><strong>—</strong></span> <span class='ocrx_word' id='word_1_550' title='bbox 2655 2468 2726 2544; x_wconf 79' lang='lat' dir='ltr'>De</span> <span class='ocrx_word' id='word_1_551' title='bbox 2753 2471 2998 2522; x_wconf 76' lang='lat' dir='ltr'>avaritia</span> <span class='ocrx_word' id='word_1_552' title='bbox 3035 2474 3086 2544; x_wconf 87' lang='lat' dir='ltr'>ct</span> <span class='ocrx_word' id='word_1_553' title='bbox 3113 2470 3431 2544; x_wconf 70' lang='lat' dir='ltr'>cupiditate,</span> <span class='ocrx_word' id='word_1_554' title='bbox 3487 2477 3538 2524; x_wconf 74' lang='lat' dir='ltr'>et</span> <span class='ocrx_word' id='word_1_555' title='bbox 3573 2475 3708 2540; x_wconf 84' lang='lat' dir='ltr'>quod</span> 
     </span>
    </p>
   </div>
   <div class='ocr_carea' id='block_1_84' title="bbox 2545 2543 3266 2607">
    <p class='ocr_par' dir='ltr' id='par_1_84' title="bbox 2545 2543 3266 2607">
     <span class='ocr_line' id='line_1_84' title="bbox 2545 2543 3266 2607; baseline 0 -15"><span class='ocrx_word' id='word_1_556' title='bbox 2545 2555 2657 2592; x_wconf 89' lang='lat' dir='ltr'>non</span> <span class='ocrx_word' id='word_1_557' title='bbox 2677 2543 2750 2592; x_wconf 87' lang='lat' dir='ltr'>sit</span> <span class='ocrx_word' id='word_1_558' title='bbox 2771 2555 2949 2593; x_wconf 82' lang='lat' dir='ltr'>usura</span> <span class='ocrx_word' id='word_1_559' title='bbox 2979 2543 3266 2607; x_wconf 71' lang='lat' dir='ltr'>exigenda.</span> 
     </span>
    </p>
   </div>
   <div class='ocr_carea' id='block_1_85' title="bbox 2188 2661 3711 2738">
    <p class='ocr_par' dir='ltr' id='par_1_85' title="bbox 2188 2661 3711 2738">
     <span class='ocr_line' id='line_1_85' title="bbox 2188 2661 3711 2738; baseline 0.005 -24"><span class='ocrx_word' id='word_1_560' title='bbox 2188 2661 2250 2714; x_wconf 92' lang='lat' dir='ltr'>In</span> <span class='ocrx_word' id='word_1_561' title='bbox 2280 2661 2514 2716; x_wconf 87' lang='lat' dir='ltr'>concilio</span> <span class='ocrx_word' id='word_1_562' title='bbox 2535 2663 2982 2735; x_wconf 88' lang='lat' dir='ltr'>Carthaginensi,</span> <span class='ocrx_word' id='word_1_563' title='bbox 3007 2681 3128 2735; x_wconf 86' lang='lat' dir='ltr'>cap.</span> <span class='ocrx_word' id='word_1_564' title='bbox 3153 2665 3206 2729; x_wconf 83' lang='lat'>5,</span> <span class='ocrx_word' id='word_1_565' title='bbox 3224 2665 3294 2720; x_wconf 89' lang='lat' dir='ltr'>de</span> <span class='ocrx_word' id='word_1_566' title='bbox 3325 2667 3565 2722; x_wconf 87' lang='lat' dir='ltr'>avaritia</span> <span class='ocrx_word' id='word_1_567' title='bbox 3585 2670 3711 2738; x_wconf 85' lang='lat' dir='ltr'>scri-</span> 
     </span>
    </p>
   </div>
   <div class='ocr_carea' id='block_1_86' title="bbox 2113 2753 3713 2828">
    <p class='ocr_par' dir='ltr' id='par_1_86' title="bbox 2113 2753 3713 2828">
     <span class='ocr_line' id='line_1_86' title="bbox 2113 2753 3713 2828; baseline 0.006 -26"><span class='ocrx_word' id='word_1_568' title='bbox 2113 2755 2272 2819; x_wconf 90' lang='lat' dir='ltr'>ptum</span> <span class='ocrx_word' id='word_1_569' title='bbox 2296 2758 2406 2804; x_wconf 88' lang='lat' dir='ltr'>est:</span> <span class='ocrx_word' id='word_1_570' title='bbox 2425 2753 2687 2806; x_wconf 87' lang='lat' dir='ltr'>Aurelius</span> <span class='ocrx_word' id='word_1_571' title='bbox 2709 2753 2998 2824; x_wconf 89' lang='lat' dir='ltr'>episcopus</span> <span class='ocrx_word' id='word_1_572' title='bbox 3019 2755 3158 2807; x_wconf 89' lang='lat' dir='ltr'>dixit</span> <span class='ocrx_word' id='word_1_573' title='bbox 3182 2773 3192 2806; x_wconf 92' lang='lat'>:</span> <span class='ocrx_word' id='word_1_574' title='bbox 3213 2755 3478 2810; x_wconf 68' lang='lat' dir='ltr'>Avaritiae</span> <span class='ocrx_word' id='word_1_575' title='bbox 3509 2759 3713 2828; x_wconf 83' lang='lat' dir='ltr'>cupidi-</span> 
     </span>
    </p>
   </div>
   <div class='ocr_carea' id='block_1_87' title="bbox 2114 2840 3710 2914">
    <p class='ocr_par' dir='ltr' id='par_1_87' title="bbox 2114 2840 3710 2914">
     <span class='ocr_line' id='line_1_87' title="bbox 2114 2840 3710 2914; baseline 0.005 -22"><span class='ocrx_word' id='word_1_576' title='bbox 2114 2844 2200 2892; x_wconf 89' lang='lat' dir='ltr'>tas</span> <span class='ocrx_word' id='word_1_577' title='bbox 2227 2840 2556 2894; x_wconf 88' lang='lat' dir='ltr'>detestanda</span> <span class='ocrx_word' id='word_1_578' title='bbox 2579 2861 2590 2894; x_wconf 87' lang='lat'><strong>:</strong></span> <span class='ocrx_word' id='word_1_579' title='bbox 2626 2859 2792 2914; x_wconf 86' lang='lat' dir='ltr'>quem</span> <span class='ocrx_word' id='word_1_580' title='bbox 2815 2859 3004 2896; x_wconf 89' lang='lat' dir='ltr'>rerum</span> <span class='ocrx_word' id='word_1_581' title='bbox 3027 2843 3282 2896; x_wconf 89' lang='lat' dir='ltr'>omnium</span> <span class='ocrx_word' id='word_1_582' title='bbox 3305 2846 3588 2900; x_wconf 89' lang='lat' dir='ltr'>malarum</span> <span class='ocrx_word' id='word_1_583' title='bbox 3603 2864 3710 2899; x_wconf 86' lang='lat' dir='ltr'>ma-</span> 
     </span>
    </p>
   </div>
   <div class='ocr_carea' id='block_1_88' title="bbox 2115 2919 3708 2998">
    <p class='ocr_par' dir='ltr' id='par_1_88' title="bbox 2115 2919 3708 2998">
     <span class='ocr_line' id='line_1_88' title="bbox 2115 2919 3708 2998; baseline 0.006 -18"><span class='ocrx_word' id='word_1_584' title='bbox 2115 2933 2258 2981; x_wconf 89' lang='lat' dir='ltr'>trem</span> <span class='ocrx_word' id='word_1_585' title='bbox 2283 2946 2402 2982; x_wconf 84' lang='lat' dir='ltr'>esse</span> <span class='ocrx_word' id='word_1_586' title='bbox 2427 2919 2590 2982; x_wconf 69' lang='lat' dir='ltr'>nemo</span> <span class='ocrx_word' id='word_1_587' title='bbox 2615 2930 2851 2984; x_wconf 85' lang='lat' dir='ltr'>dubitat.</span> <span class='ocrx_word' id='word_1_588' title='bbox 2868 2931 3109 2985; x_wconf 87' lang='lat' dir='ltr'>Proinde</span> <span class='ocrx_word' id='word_1_589' title='bbox 3127 2932 3499 2987; x_wconf 89' lang='lat' dir='ltr'>inhibendum</span> <span class='ocrx_word' id='word_1_590' title='bbox 3523 2943 3627 2998; x_wconf 84' lang='lat' dir='ltr'>est,</span> <span class='ocrx_word' id='word_1_591' title='bbox 3644 2953 3708 2989; x_wconf 87' lang='lat' dir='ltr'>ne</span> 
     </span>
    </p>
   </div>
   <div class='ocr_carea' id='block_1_89' title="bbox 2119 3016 3711 3092">
    <p class='ocr_par' dir='ltr' id='par_1_89' title="bbox 2119 3016 3711 3092">
     <span class='ocr_line' id='line_1_89' title="bbox 2119 3016 3711 3092; baseline 0.005 -23"><span class='ocrx_word' id='word_1_592' title='bbox 2119 3016 2244 3086; x_wconf 85' lang='lat' dir='ltr'>quis</span> <span class='ocrx_word' id='word_1_593' title='bbox 2264 3019 2474 3071; x_wconf 88' lang='lat' dir='ltr'>alienos</span> <span class='ocrx_word' id='word_1_594' title='bbox 2503 3021 2642 3072; x_wconf 82' lang='lat' dir='ltr'>fines</span> <span class='ocrx_word' id='word_1_595' title='bbox 2673 3026 2924 3090; x_wconf 88' lang='lat' dir='ltr'>usurpet,</span> <span class='ocrx_word' id='word_1_596' title='bbox 2949 3027 3047 3074; x_wconf 88' lang='lat' dir='ltr'>aut</span> <span class='ocrx_word' id='word_1_597' title='bbox 3076 3038 3177 3092; x_wconf 89' lang='lat' dir='ltr'>per</span> <span class='ocrx_word' id='word_1_598' title='bbox 3203 3023 3504 3092; x_wconf 66' lang='lat' dir='ltr'>praemium</span> <span class='ocrx_word' id='word_1_599' title='bbox 3523 3026 3711 3078; x_wconf 85' lang='lat' dir='ltr'>termi-</span> 
     </span>
    </p>
   </div>
   <div class='ocr_carea' id='block_1_90' title="bbox 2117 3109 3711 3188">
    <p class='ocr_par' dir='ltr' id='par_1_90' title="bbox 2117 3109 3711 3188">
     <span class='ocr_line' id='line_1_90' title="bbox 2117 3109 3711 3188; baseline 0.006 -30"><span class='ocrx_word' id='word_1_600' title='bbox 2117 3122 2218 3158; x_wconf 91' lang='lat' dir='ltr'>nos</span> <span class='ocrx_word' id='word_1_601' title='bbox 2247 3112 2472 3188; x_wconf 65' lang='lat' dir='ltr'>patrum</span> <span class='ocrx_word' id='word_1_602' title='bbox 2492 3115 2733 3162; x_wconf 85' lang='lat' dir='ltr'>statutos</span> <span class='ocrx_word' id='word_1_603' title='bbox 2762 3109 3138 3168; x_wconf 82' lang='lat' dir='ltr'>transcendat.</span> <span class='ocrx_word' id='word_1_604' title='bbox 3172 3128 3276 3164; x_wconf 88' lang='lat' dir='ltr'>nec</span> <span class='ocrx_word' id='word_1_605' title='bbox 3318 3113 3586 3182; x_wconf 89' lang='lat' dir='ltr'>cuiquam</span> <span class='ocrx_word' id='word_1_606' title='bbox 3615 3114 3711 3167; x_wconf 87' lang='lat' dir='ltr'>cle-</span> 
     </span>
    </p>
   </div>
   <div class='ocr_carea' id='block_1_91' title="bbox 2115 3195 3710 3272">
    <p class='ocr_par' dir='ltr' id='par_1_91' title="bbox 2115 3195 3710 3272">
     <span class='ocr_line' id='line_1_91' title="bbox 2115 3195 3710 3272; baseline 0.006 -25"><span class='ocrx_word' id='word_1_607' title='bbox 2115 3195 2358 3248; x_wconf 89' lang='lat' dir='ltr'>ricorum</span> <span class='ocrx_word' id='word_1_608' title='bbox 2391 3197 2556 3250; x_wconf 88' lang='lat' dir='ltr'>liceat</span> <span class='ocrx_word' id='word_1_609' title='bbox 2585 3198 2653 3251; x_wconf 89' lang='lat' dir='ltr'>de</span> <span class='ocrx_word' id='word_1_610' title='bbox 2685 3198 2933 3268; x_wconf 87' lang='lat' dir='ltr'>qualibet</span> <span class='ocrx_word' id='word_1_611' title='bbox 2949 3217 3007 3252; x_wconf 89' lang='lat' dir='ltr'>re</span> <span class='ocrx_word' id='word_1_612' title='bbox 3038 3199 3219 3252; x_wconf 84' lang='lat' dir='ltr'>foenus</span> <span class='ocrx_word' id='word_1_613' title='bbox 3237 3201 3520 3270; x_wconf 86' lang='lat' dir='ltr'>accipere:</span> <span class='ocrx_word' id='word_1_614' title='bbox 3541 3219 3710 3272; x_wconf 85' lang='lat' dir='ltr'>quan-</span> 
     </span>
    </p>
   </div>
   <div class='ocr_carea' id='block_1_92' title="bbox 2115 3287 3705 3358">
    <p class='ocr_par' dir='ltr' id='par_1_92' title="bbox 2115 3287 3705 3358">
     <span class='ocr_line' id='line_1_92' title="bbox 2115 3287 3705 3358; baseline 0.006 -22"><span class='ocrx_word' id='word_1_615' title='bbox 2115 3301 2284 3353; x_wconf 89' lang='lat' dir='ltr'>quam</span> <span class='ocrx_word' id='word_1_616' title='bbox 2329 3287 2556 3339; x_wconf 70' lang='lat' dir='ltr'>novellaa</span> <span class='ocrx_word' id='word_1_617' title='bbox 2601 3287 2989 3357; x_wconf 84' lang='lat' dir='ltr'>suggestiones</span> <span class='ocrx_word' id='word_1_618' title='bbox 3019 3305 3140 3358; x_wconf 59' lang='lat' dir='ltr'>qua</span> <span class='ocrx_word' id='word_1_619' title='bbox 3171 3291 3255 3342; x_wconf 90' lang='lat' dir='ltr'>vel</span> <span class='ocrx_word' id='word_1_620' title='bbox 3285 3289 3536 3346; x_wconf 77' lang='lat' dir='ltr'>obscurae</span> <span class='ocrx_word' id='word_1_621' title='bbox 3566 3301 3705 3358; x_wconf 71' lang='lat' dir='ltr'>sunt,</span> 
     </span>
    </p>
   </div>
   <div class='ocr_carea' id='block_1_93' title="bbox 2113 3373 3707 3447">
    <p class='ocr_par' dir='ltr' id='par_1_93' title="bbox 2113 3373 3707 3447">
     <span class='ocr_line' id='line_1_93' title="bbox 2113 3373 3707 3447; baseline 0.007 -23"><span class='ocrx_word' id='word_1_622' title='bbox 2113 3373 2196 3426; x_wconf 90' lang='lat' dir='ltr'>vel</span> <span class='ocrx_word' id='word_1_623' title='bbox 2225 3373 2328 3426; x_wconf 92' lang='lat' dir='ltr'>sub</span> <span class='ocrx_word' id='word_1_624' title='bbox 2348 3391 2554 3444; x_wconf 89' lang='lat' dir='ltr'>genere</span> <span class='ocrx_word' id='word_1_625' title='bbox 2589 3376 2784 3441; x_wconf 86' lang='lat' dir='ltr'>latent,</span> <span class='ocrx_word' id='word_1_626' title='bbox 2807 3377 3067 3447; x_wconf 59' lang='lat' dir='ltr'>inspectw</span> <span class='ocrx_word' id='word_1_627' title='bbox 3085 3377 3320 3446; x_wconf 88' lang='lat' dir='ltr'>anobis,</span> <span class='ocrx_word' id='word_1_628' title='bbox 3355 3379 3594 3434; x_wconf 78' lang='lat' dir='ltr'>formam</span> <span class='ocrx_word' id='word_1_629' title='bbox 3624 3399 3707 3435; x_wconf 85' lang='lat' dir='ltr'>ae-</span> 
     </span>
    </p>
   </div>
   <div class='ocr_carea' id='block_1_94' title="bbox 2113 3461 3706 3537">
    <p class='ocr_par' dir='ltr' id='par_1_94' title="bbox 2113 3461 3706 3537">
     <span class='ocr_line' id='line_1_94' title="bbox 2113 3461 3706 3537; baseline 0.005 -23"><span class='ocrx_word' id='word_1_630' title='bbox 2113 3461 2322 3532; x_wconf 89' lang='lat' dir='ltr'>cipient</span> <span class='ocrx_word' id='word_1_631' title='bbox 2345 3479 2357 3516; x_wconf 93' lang='lat'><strong>:</strong></span> <span class='ocrx_word' id='word_1_632' title='bbox 2391 3469 2654 3518; x_wconf 62' lang='lat' dir='ltr'>creterum</span> <span class='ocrx_word' id='word_1_633' title='bbox 2684 3465 2752 3518; x_wconf 92' lang='lat' dir='ltr'>de</span> <span class='ocrx_word' id='word_1_634' title='bbox 2777 3465 2980 3536; x_wconf 88' lang='lat' dir='ltr'>quibus</span> <span class='ocrx_word' id='word_1_635' title='bbox 2999 3467 3354 3537; x_wconf 89' lang='lat' dir='ltr'>apertissime</span> <span class='ocrx_word' id='word_1_636' title='bbox 3375 3469 3564 3523; x_wconf 88' lang='lat' dir='ltr'>divina</span> <span class='ocrx_word' id='word_1_637' title='bbox 3576 3470 3706 3524; x_wconf 90' lang='lat' dir='ltr'>Scri-</span> 
     </span>
    </p>
   </div>
   <div class='ocr_carea' id='block_1_95' title="bbox 2115 3549 3704 3628">
    <p class='ocr_par' dir='ltr' id='par_1_95' title="bbox 2115 3549 3704 3628">
     <span class='ocr_line' id='line_1_95' title="bbox 2115 3549 3704 3628; baseline 0.005 -24"><span class='ocrx_word' id='word_1_638' title='bbox 2115 3556 2280 3620; x_wconf 86' lang='lat' dir='ltr'>ptura</span> <span class='ocrx_word' id='word_1_639' title='bbox 2304 3553 2507 3619; x_wconf 83' lang='lat' dir='ltr'>sanxit,</span> <span class='ocrx_word' id='word_1_640' title='bbox 2551 3571 2663 3607; x_wconf 90' lang='lat' dir='ltr'>non</span> <span class='ocrx_word' id='word_1_641' title='bbox 2691 3561 2777 3609; x_wconf 88' lang='lat' dir='ltr'>est</span> <span class='ocrx_word' id='word_1_642' title='bbox 2804 3549 3112 3609; x_wconf 75' lang='lat' dir='ltr'>differenda</span> <span class='ocrx_word' id='word_1_643' title='bbox 3164 3558 3469 3616; x_wconf 87' lang='lat' dir='ltr'>sententia.</span> <span class='ocrx_word' id='word_1_644' title='bbox 3496 3559 3590 3612; x_wconf 83' lang='lat' dir='ltr'>sed</span> <span class='ocrx_word' id='word_1_645' title='bbox 3619 3576 3704 3628; x_wconf 87' lang='lat' dir='ltr'>po-</span> 
     </span>
    </p>
   </div>
   <div class='ocr_carea' id='block_1_96' title="bbox 2109 3639 3702 3718">
    <p class='ocr_par' dir='ltr' id='par_1_96' title="bbox 2109 3639 3702 3718">
     <span class='ocr_line' id='line_1_96' title="bbox 2109 3639 3702 3718; baseline 0.005 -26"><span class='ocrx_word' id='word_1_646' title='bbox 2109 3639 2221 3692; x_wconf 90' lang='lat' dir='ltr'>tius</span> <span class='ocrx_word' id='word_1_647' title='bbox 2251 3642 2622 3711; x_wconf 83' lang='lat' dir='ltr'>exsequenda.</span> <span class='ocrx_word' id='word_1_648' title='bbox 2656 3643 2897 3697; x_wconf 89' lang='lat' dir='ltr'>Proinde</span> <span class='ocrx_word' id='word_1_649' title='bbox 2927 3645 3074 3718; x_wconf 90' lang='lat' dir='ltr'>quod</span> <span class='ocrx_word' id='word_1_650' title='bbox 3111 3644 3170 3698; x_wconf 91' lang='lat' dir='ltr'>in</span> <span class='ocrx_word' id='word_1_651' title='bbox 3221 3646 3380 3699; x_wconf 87' lang='lat' dir='ltr'>laicis</span> <span class='ocrx_word' id='word_1_652' title='bbox 3411 3647 3702 3718; x_wconf 76' lang='lat' dir='ltr'>reprelien-</span> 
     </span>
    </p>
   </div>
   <div class='ocr_carea' id='block_1_97' title="bbox 2111 3729 3694 3804">
    <p class='ocr_par' dir='ltr' id='par_1_97' title="bbox 2111 3729 3694 3804">
     <span class='ocr_line' id='line_1_97' title="bbox 2111 3729 3694 3804; baseline 0.004 -24"><span class='ocrx_word' id='word_1_653' title='bbox 2111 3729 2282 3794; x_wconf 91' lang='lat' dir='ltr'>ditur,</span> <span class='ocrx_word' id='word_1_654' title='bbox 2307 3729 2364 3782; x_wconf 91' lang='lat' dir='ltr'>id</span> <span class='ocrx_word' id='word_1_655' title='bbox 2385 3732 2562 3785; x_wconf 91' lang='lat' dir='ltr'>multo</span> <span class='ocrx_word' id='word_1_656' title='bbox 2595 3733 2774 3802; x_wconf 84' lang='lat' dir='ltr'>magis</span> <span class='ocrx_word' id='word_1_657' title='bbox 2794 3731 2960 3785; x_wconf 90' lang='lat' dir='ltr'>debet</span> <span class='ocrx_word' id='word_1_658' title='bbox 2978 3733 3034 3786; x_wconf 91' lang='lat' dir='ltr'>in</span> <span class='ocrx_word' id='word_1_659' title='bbox 3064 3733 3280 3787; x_wconf 87' lang='lat' dir='ltr'>clericis</span> <span class='ocrx_word' id='word_1_660' title='bbox 3311 3735 3694 3804; x_wconf 83' lang='lat' dir='ltr'>praedamnari.</span> 
     </span>
    </p>
   </div>
   <div class='ocr_carea' id='block_1_98' title="bbox 2108 3817 3700 3896">
    <p class='ocr_par' dir='ltr' id='par_1_98' title="bbox 2108 3817 3700 3896">
     <span class='ocr_line' id='line_1_98' title="bbox 2108 3817 3700 3896; baseline 0.005 -26"><span class='ocrx_word' id='word_1_661' title='bbox 2108 3817 2439 3872; x_wconf 88' lang='lat' dir='ltr'>Universum</span> <span class='ocrx_word' id='word_1_662' title='bbox 2480 3820 2778 3874; x_wconf 89' lang='lat' dir='ltr'>concilium</span> <span class='ocrx_word' id='word_1_663' title='bbox 2807 3819 2945 3874; x_wconf 84' lang='lat' dir='ltr'>dixit</span> <span class='ocrx_word' id='word_1_664' title='bbox 2979 3840 2990 3874; x_wconf 89' lang='lat'><strong>:</strong></span> <span class='ocrx_word' id='word_1_665' title='bbox 3027 3822 3206 3875; x_wconf 89' lang='lat' dir='ltr'>Nemo</span> <span class='ocrx_word' id='word_1_666' title='bbox 3249 3831 3449 3878; x_wconf 87' lang='lat' dir='ltr'>contra</span> <span class='ocrx_word' id='word_1_667' title='bbox 3477 3825 3700 3896; x_wconf 87' lang='lat' dir='ltr'>prophe-</span> 
     </span>
    </p>
   </div>
   <div class='ocr_carea' id='block_1_99' title="bbox 2107 3909 3564 3985">
    <p class='ocr_par' dir='ltr' id='par_1_99' title="bbox 2107 3909 3564 3985">
     <span class='ocr_line' id='line_1_99' title="bbox 2107 3909 3564 3985; baseline 0.005 -27"><span class='ocrx_word' id='word_1_668' title='bbox 2107 3911 2212 3971; x_wconf 87' lang='lat' dir='ltr'>tas,</span> <span class='ocrx_word' id='word_1_669' title='bbox 2249 3924 2414 3961; x_wconf 89' lang='lat' dir='ltr'>nemo</span> <span class='ocrx_word' id='word_1_670' title='bbox 2443 3916 2637 3963; x_wconf 89' lang='lat' dir='ltr'>contra</span> <span class='ocrx_word' id='word_1_671' title='bbox 2664 3910 2964 3980; x_wconf 84' lang='lat' dir='ltr'>Evangelia</span> <span class='ocrx_word' id='word_1_672' title='bbox 2991 3909 3123 3966; x_wconf 84' lang='lat' dir='ltr'>facit</span> <span class='ocrx_word' id='word_1_673' title='bbox 3149 3911 3269 3966; x_wconf 90' lang='lat' dir='ltr'>sine</span> <span class='ocrx_word' id='word_1_674' title='bbox 3297 3913 3564 3985; x_wconf 87' lang='lat' dir='ltr'>periculo.</span> 
     </span>
    </p>
   </div>
   <div class='ocr_carea' id='block_1_100' title="bbox 2183 3996 3695 4074">
    <p class='ocr_par' dir='ltr' id='par_1_100' title="bbox 2183 3996 3695 4074">
     <span class='ocr_line' id='line_1_100' title="bbox 2183 3996 3695 4074; baseline 0.005 -26"><span class='ocrx_word' id='word_1_675' title='bbox 2183 3996 2246 4048; x_wconf 90' lang='lat' dir='ltr'>In</span> <span class='ocrx_word' id='word_1_676' title='bbox 2275 3997 2506 4050; x_wconf 90' lang='lat' dir='ltr'>concilio</span> <span class='ocrx_word' id='word_1_677' title='bbox 2536 3999 2911 4061; x_wconf 83' lang='lat' dir='ltr'>Toletanensi,</span> <span class='ocrx_word' id='word_1_678' title='bbox 2949 4017 3070 4071; x_wconf 87' lang='lat' dir='ltr'>cap.</span> <span class='ocrx_word' id='word_1_679' title='bbox 3103 3999 3192 4067; x_wconf 78' lang='lat'>23,</span> <span class='ocrx_word' id='word_1_680' title='bbox 3227 4003 3500 4074; x_wconf 88' lang='lat' dir='ltr'>scriptum</span> <span class='ocrx_word' id='word_1_681' title='bbox 3526 4009 3608 4056; x_wconf 84' lang='lat' dir='ltr'>est</span> <span class='ocrx_word' id='word_1_682' title='bbox 3636 4003 3695 4056; x_wconf 89' lang='lat' dir='ltr'>de</span> 
     </span>
    </p>
   </div>
   <div class='ocr_carea' id='block_1_101' title="bbox 2110 4083 3688 4144">
    <p class='ocr_par' dir='ltr' id='par_1_101' title="bbox 2110 4083 3688 4144">
     <span class='ocr_line' id='line_1_101' title="bbox 2110 4083 3688 4144; baseline 0.003 -10"><span class='ocrx_word' id='word_1_683' title='bbox 2110 4083 2356 4137; x_wconf 73' lang='lat' dir='ltr'>avaritia-3</span> <span class='ocrx_word' id='word_1_684' title='bbox 2378 4085 2556 4139; x_wconf 88' lang='lat' dir='ltr'>malo:</span> <span class='ocrx_word' id='word_1_685' title='bbox 2588 4087 2839 4141; x_wconf 86' lang='lat' dir='ltr'>Avaritia</span> <span class='ocrx_word' id='word_1_686' title='bbox 2863 4088 3021 4141; x_wconf 85' lang='lat' dir='ltr'>radix</span> <span class='ocrx_word' id='word_1_687' title='bbox 3035 4097 3362 4143; x_wconf 89' lang='lat' dir='ltr'>cunctorum</span> <span class='ocrx_word' id='word_1_688' title='bbox 3391 4092 3688 4144; x_wconf 85' lang='lat' dir='ltr'>malorum:</span> 
     </span>
    </p>
   </div>
   <div class='ocr_carea' id='block_1_102' title="bbox 2109 4172 3690 4241">
    <p class='ocr_par' dir='ltr' id='par_1_102' title="bbox 2109 4172 3690 4241">
     <span class='ocr_line' id='line_1_102' title="bbox 2109 4172 3690 4241; baseline 0.004 -17"><span class='ocrx_word' id='word_1_689' title='bbox 2109 4173 2268 4241; x_wconf 90' lang='lat' dir='ltr'>cujus</span> <span class='ocrx_word' id='word_1_690' title='bbox 2298 4172 2419 4226; x_wconf 86' lang='lat' dir='ltr'>sitis</span> <span class='ocrx_word' id='word_1_691' title='bbox 2448 4175 2620 4228; x_wconf 87' lang='lat' dir='ltr'>etiam</span> <span class='ocrx_word' id='word_1_692' title='bbox 2649 4176 2998 4230; x_wconf 89' lang='lat' dir='ltr'>sacerdotum</span> <span class='ocrx_word' id='word_1_693' title='bbox 3025 4184 3240 4233; x_wconf 85' lang='lat' dir='ltr'>mentes</span> <span class='ocrx_word' id='word_1_694' title='bbox 3281 4178 3513 4233; x_wconf 88' lang='lat' dir='ltr'>obtinet.</span> <span class='ocrx_word' id='word_1_695' title='bbox 3545 4178 3690 4234; x_wconf 83' lang='lat' dir='ltr'>Multi</span> 
     </span>
    </p>
   </div>
   <div class='ocr_carea' id='block_1_103' title="bbox 2108 4261 3688 4341">
    <p class='ocr_par' dir='ltr' id='par_1_103' title="bbox 2108 4261 3688 4341">
     <span class='ocr_line' id='line_1_103' title="bbox 2108 4261 3688 4341; baseline 0.005 -29"><span class='ocrx_word' id='word_1_696' title='bbox 2108 4261 2256 4312; x_wconf 89' lang='lat' dir='ltr'>enim</span> <span class='ocrx_word' id='word_1_697' title='bbox 2288 4261 2538 4316; x_wconf 89' lang='lat' dir='ltr'>ﬁdelium</span> <span class='ocrx_word' id='word_1_698' title='bbox 2587 4263 2644 4316; x_wconf 90' lang='lat' dir='ltr'>in</span> <span class='ocrx_word' id='word_1_699' title='bbox 2692 4281 2882 4319; x_wconf 85' lang='lat' dir='ltr'>amore</span> <span class='ocrx_word' id='word_1_700' title='bbox 2913 4265 3121 4320; x_wconf 88' lang='lat' dir='ltr'>Christi</span> <span class='ocrx_word' id='word_1_701' title='bbox 3175 4273 3230 4322; x_wconf 91' lang='lat' dir='ltr'>et</span> <span class='ocrx_word' id='word_1_702' title='bbox 3283 4275 3610 4341; x_wconf 65' lang='lat' dir='ltr'>martjrum,</span> <span class='ocrx_word' id='word_1_703' title='bbox 3641 4267 3688 4320; x_wconf 88' lang='lat' dir='ltr'>in</span> 
     </span>
    </p>
   </div>
   <div class='ocr_carea' id='block_1_104' title="bbox 2045 4350 3690 4431">
    <p class='ocr_par' dir='ltr' id='par_1_104' title="bbox 2045 4350 3690 4431">
     <span class='ocr_line' id='line_1_104' title="bbox 2045 4350 3690 4431; baseline 0.005 -30"><span class='ocrx_word' id='word_1_704' title='bbox 2045 4373 2093 4431; x_wconf 73' lang='grc' dir='ltr'>ι)</span> <span class='ocrx_word' id='word_1_705' title='bbox 2109 4350 2417 4419; x_wconf 88' lang='lat' dir='ltr'>parrhociis</span> <span class='ocrx_word' id='word_1_706' title='bbox 2443 4353 2828 4424; x_wconf 87' lang='lat' dir='ltr'>episcoporum</span> <span class='ocrx_word' id='word_1_707' title='bbox 2873 4354 3129 4409; x_wconf 85' lang='lat' dir='ltr'>basilicas</span> <span class='ocrx_word' id='word_1_708' title='bbox 3183 4363 3532 4422; x_wconf 87' lang='lat' dir='ltr'>construunt,</span> <span class='ocrx_word' id='word_1_709' title='bbox 3555 4357 3690 4410; x_wconf 81' lang='lat' dir='ltr'>obla-</span> 
     </span>
    </p>
   </div>
   <div class='ocr_carea' id='block_1_105' title="bbox 2105 4439 3687 4510">
    <p class='ocr_par' dir='ltr' id='par_1_105' title="bbox 2105 4439 3687 4510">
     <span class='ocr_line' id='line_1_105' title="bbox 2105 4439 3687 4510; baseline 0.004 -19"><span class='ocrx_word' id='word_1_710' title='bbox 2105 4439 2285 4492; x_wconf 89' lang='lat' dir='ltr'>tiones</span> <span class='ocrx_word' id='word_1_711' title='bbox 2331 4442 2734 4508; x_wconf 72' lang='lat' dir='ltr'>conscribunt;</span> <span class='ocrx_word' id='word_1_712' title='bbox 2781 4445 3096 4498; x_wconf 88' lang='lat' dir='ltr'>sacerdotes</span> <span class='ocrx_word' id='word_1_713' title='bbox 3135 4444 3253 4498; x_wconf 77' lang='lat' dir='ltr'>haec</span> <span class='ocrx_word' id='word_1_714' title='bbox 3308 4446 3582 4510; x_wconf 81' lang='lat' dir='ltr'>auferunt,</span> <span class='ocrx_word' id='word_1_715' title='bbox 3612 4450 3687 4498; x_wconf 86' lang='lat' dir='ltr'>at-</span> 
     </span>
    </p>
   </div>
   <div class='ocr_carea' id='block_1_106' title="bbox 2111 4529 3688 4606">
    <p class='ocr_par' dir='ltr' id='par_1_106' title="bbox 2111 4529 3688 4606">
     <span class='ocr_line' id='line_1_106' title="bbox 2111 4529 3688 4606; baseline 0.003 -25"><span class='ocrx_word' id='word_1_716' title='bbox 2111 4545 2218 4598; x_wconf 90' lang='lat' dir='ltr'>que</span> <span class='ocrx_word' id='word_1_717' title='bbox 2252 4529 2307 4582; x_wconf 91' lang='lat' dir='ltr'>in</span> <span class='ocrx_word' id='word_1_718' title='bbox 2330 4545 2464 4583; x_wconf 88' lang='lat' dir='ltr'>usus</span> <span class='ocrx_word' id='word_1_719' title='bbox 2517 4548 2647 4584; x_wconf 91' lang='lat' dir='ltr'>suos</span> <span class='ocrx_word' id='word_1_720' title='bbox 2693 4539 3041 4586; x_wconf 87' lang='lat' dir='ltr'>convertunt.</span> <span class='ocrx_word' id='word_1_721' title='bbox 3077 4532 3214 4588; x_wconf 90' lang='lat' dir='ltr'>Inde</span> <span class='ocrx_word' id='word_1_722' title='bbox 3246 4541 3333 4588; x_wconf 87' lang='lat' dir='ltr'>est</span> <span class='ocrx_word' id='word_1_723' title='bbox 3369 4535 3512 4606; x_wconf 88' lang='lat' dir='ltr'>quod</span> <span class='ocrx_word' id='word_1_724' title='bbox 3532 4535 3688 4588; x_wconf 85' lang='lat' dir='ltr'>culto-</span> 
     </span>
    </p>
   </div>
   <div class='ocr_carea' id='block_1_107' title="bbox 2110 4620 3682 4695">
    <p class='ocr_par' dir='ltr' id='par_1_107' title="bbox 2110 4620 3682 4695">
     <span class='ocr_line' id='line_1_107' title="bbox 2110 4620 3682 4695; baseline 0.002 -26"><span class='ocrx_word' id='word_1_725' title='bbox 2110 4634 2200 4670; x_wconf 88' lang='lat' dir='ltr'>res</span> <span class='ocrx_word' id='word_1_726' title='bbox 2223 4635 2511 4672; x_wconf 88' lang='lat' dir='ltr'>sacrorum</span> <span class='ocrx_word' id='word_1_727' title='bbox 2538 4620 2823 4686; x_wconf 90' lang='lat' dir='ltr'>deﬁciunt,</span> <span class='ocrx_word' id='word_1_728' title='bbox 2841 4621 2976 4674; x_wconf 89' lang='lat' dir='ltr'>dum</span> <span class='ocrx_word' id='word_1_729' title='bbox 3002 4621 3284 4693; x_wconf 87' lang='lat' dir='ltr'>stipendia</span> <span class='ocrx_word' id='word_1_730' title='bbox 3312 4640 3415 4677; x_wconf 88' lang='lat' dir='ltr'>sua</span> <span class='ocrx_word' id='word_1_731' title='bbox 3441 4624 3682 4695; x_wconf 86' lang='lat' dir='ltr'>perdunt.</span> 
     </span>
    </p>
   </div>
   <div class='ocr_carea' id='block_1_108' title="bbox 2107 4706 3682 4784">
    <p class='ocr_par' dir='ltr' id='par_1_108' title="bbox 2107 4706 3682 4784">
     <span class='ocr_line' id='line_1_108' title="bbox 2107 4706 3682 4784; baseline 0.002 -26"><span class='ocrx_word' id='word_1_732' title='bbox 2107 4706 2242 4759; x_wconf 90' lang='lat' dir='ltr'>Inde</span> <span class='ocrx_word' id='word_1_733' title='bbox 2275 4707 2584 4762; x_wconf 87' lang='lat' dir='ltr'>labentium</span> <span class='ocrx_word' id='word_1_734' title='bbox 2617 4709 2972 4764; x_wconf 87' lang='lat' dir='ltr'>basilicarum</span> <span class='ocrx_word' id='word_1_735' title='bbox 2991 4711 3166 4765; x_wconf 77' lang='lat' dir='ltr'>ruinae</span> <span class='ocrx_word' id='word_1_736' title='bbox 3199 4729 3310 4766; x_wconf 90' lang='lat' dir='ltr'>non</span> <span class='ocrx_word' id='word_1_737' title='bbox 3342 4717 3682 4784; x_wconf 85' lang='lat' dir='ltr'>reparantur:</span> 
     </span>
    </p>
   </div>
   <div class='ocr_carea' id='block_1_109' title="bbox 2106 4795 3682 4865">
    <p class='ocr_par' dir='ltr' id='par_1_109' title="bbox 2106 4795 3682 4865">
     <span class='ocr_line' id='line_1_109' title="bbox 2106 4795 3682 4865; baseline 0.003 -17"><span class='ocrx_word' id='word_1_738' title='bbox 2106 4795 2238 4865; x_wconf 88' lang='lat' dir='ltr'>quia</span> <span class='ocrx_word' id='word_1_739' title='bbox 2288 4797 2524 4851; x_wconf 87' lang='lat' dir='ltr'>avaritia</span> <span class='ocrx_word' id='word_1_740' title='bbox 2579 4799 2913 4853; x_wconf 87' lang='lat' dir='ltr'>sacerdotali</span> <span class='ocrx_word' id='word_1_741' title='bbox 2961 4801 3154 4854; x_wconf 88' lang='lat' dir='ltr'>omnia</span> <span class='ocrx_word' id='word_1_742' title='bbox 3195 4803 3538 4856; x_wconf 88' lang='lat' dir='ltr'>auferuntur.</span> <span class='ocrx_word' id='word_1_743' title='bbox 3587 4800 3682 4853; x_wconf 83' lang='lat' dir='ltr'>Pro</span> 
     </span>
    </p>
   </div>
   <div class='ocr_carea' id='block_1_110' title="bbox 2106 4887 3684 4961">
    <p class='ocr_par' dir='ltr' id='par_1_110' title="bbox 2106 4887 3684 4961">
     <span class='ocr_line' id='line_1_110' title="bbox 2106 4887 3684 4961; baseline 0.003 -23"><span class='ocrx_word' id='word_1_744' title='bbox 2106 4901 2218 4955; x_wconf 90' lang='lat' dir='ltr'>qua</span> <span class='ocrx_word' id='word_1_745' title='bbox 2245 4903 2306 4939; x_wconf 90' lang='lat' dir='ltr'>re</span> <span class='ocrx_word' id='word_1_746' title='bbox 2331 4887 2696 4942; x_wconf 89' lang='lat' dir='ltr'>constitutum</span> <span class='ocrx_word' id='word_1_747' title='bbox 2735 4896 2821 4943; x_wconf 88' lang='lat' dir='ltr'>est</span> <span class='ocrx_word' id='word_1_748' title='bbox 2849 4907 2882 4942; x_wconf 90' lang='lat' dir='ltr'>a</span> <span class='ocrx_word' id='word_1_749' title='bbox 2909 4887 3170 4960; x_wconf 67' lang='lat' dir='ltr'>praesenti</span> <span class='ocrx_word' id='word_1_750' title='bbox 3213 4891 3446 4946; x_wconf 90' lang='lat' dir='ltr'>concilio</span> <span class='ocrx_word' id='word_1_751' title='bbox 3497 4889 3684 4961; x_wconf 86' lang='lat' dir='ltr'>episco-</span> 
     </span>
    </p>
   </div>
   <div class='ocr_carea' id='block_1_111' title="bbox 2103 4975 3681 5050">
    <p class='ocr_par' dir='ltr' id='par_1_111' title="bbox 2103 4975 3681 5050">
     <span class='ocr_line' id='line_1_111' title="bbox 2103 4975 3681 5050; baseline 0.001 -23"><span class='ocrx_word' id='word_1_752' title='bbox 2103 4991 2204 5045; x_wconf 87' lang='lat' dir='ltr'>pos</span> <span class='ocrx_word' id='word_1_753' title='bbox 2263 4975 2342 5028; x_wconf 88' lang='lat' dir='ltr'>ita</span> <span class='ocrx_word' id='word_1_754' title='bbox 2385 4977 2648 5031; x_wconf 68' lang='lat' dir='ltr'>diocazses</span> <span class='ocrx_word' id='word_1_755' title='bbox 2698 4995 2827 5032; x_wconf 85' lang='lat' dir='ltr'>suas</span> <span class='ocrx_word' id='word_1_756' title='bbox 2883 4995 3097 5050; x_wconf 80' lang='lat' dir='ltr'>regere,</span> <span class='ocrx_word' id='word_1_757' title='bbox 3130 4985 3195 5033; x_wconf 92' lang='lat' dir='ltr'>ut</span> <span class='ocrx_word' id='word_1_758' title='bbox 3237 4975 3380 5034; x_wconf 86' lang='lat' dir='ltr'>nihil</span> <span class='ocrx_word' id='word_1_759' title='bbox 3418 4997 3481 5033; x_wconf 84' lang='lat' dir='ltr'>ex</span> <span class='ocrx_word' id='word_1_760' title='bbox 3507 4993 3681 5032; x_wconf 86' lang='lat' dir='ltr'>earum</span> 
     </span>
    </p>
   </div>
   <div class='ocr_carea' id='block_1_112' title="bbox 2101 5063 3681 5138">
    <p class='ocr_par' dir='ltr' id='par_1_112' title="bbox 2101 5063 3681 5138">
     <span class='ocr_line' id='line_1_112' title="bbox 2101 5063 3681 5138; baseline 0.002 -23"><span class='ocrx_word' id='word_1_761' title='bbox 2101 5063 2229 5132; x_wconf 87' lang='lat' dir='ltr'>jure</span> <span class='ocrx_word' id='word_1_762' title='bbox 2262 5072 2603 5133; x_wconf 64' lang='lat' dir='ltr'>praesumant</span> <span class='ocrx_word' id='word_1_763' title='bbox 2659 5065 2914 5121; x_wconf 83' lang='lat' dir='ltr'>auferre:</span> <span class='ocrx_word' id='word_1_764' title='bbox 2952 5067 3049 5121; x_wconf 89' lang='lat' dir='ltr'>sed</span> <span class='ocrx_word' id='word_1_765' title='bbox 3092 5068 3256 5137; x_wconf 86' lang='lat' dir='ltr'>juxta</span> <span class='ocrx_word' id='word_1_766' title='bbox 3310 5068 3556 5138; x_wconf 88' lang='lat' dir='ltr'>priorum</span> <span class='ocrx_word' id='word_1_767' title='bbox 3598 5082 3681 5119; x_wconf 85' lang='lat' dir='ltr'>au-</span> 
     </span>
    </p>
   </div>
   <div class='ocr_carea' id='block_1_113' title="bbox 2102 5152 3678 5228">
    <p class='ocr_par' dir='ltr' id='par_1_113' title="bbox 2102 5152 3678 5228">
     <span class='ocr_line' id='line_1_113' title="bbox 2102 5152 3678 5228; baseline 0.003 -25"><span class='ocrx_word' id='word_1_768' title='bbox 2102 5152 2420 5206; x_wconf 84' lang='lat' dir='ltr'>ctoritatem</span> <span class='ocrx_word' id='word_1_769' title='bbox 2452 5154 2850 5223; x_wconf 90' lang='lat' dir='ltr'>Conciliorum,</span> <span class='ocrx_word' id='word_1_770' title='bbox 2875 5161 2993 5208; x_wconf 89' lang='lat' dir='ltr'>tam</span> <span class='ocrx_word' id='word_1_771' title='bbox 3023 5155 3093 5209; x_wconf 88' lang='lat' dir='ltr'>de</span> <span class='ocrx_word' id='word_1_772' title='bbox 3120 5156 3509 5221; x_wconf 83' lang='lat' dir='ltr'>oblationibus,</span> <span class='ocrx_word' id='word_1_773' title='bbox 3528 5170 3678 5228; x_wconf 90' lang='lat' dir='ltr'>quam</span> 
     </span>
    </p>
   </div>
   <div class='ocr_carea' id='block_1_114' title="bbox 2102 5240 3676 5316">
    <p class='ocr_par' dir='ltr' id='par_1_114' title="bbox 2102 5240 3676 5316">
     <span class='ocr_line' id='line_1_114' title="bbox 2102 5240 3676 5316; baseline 0.003 -24"><span class='ocrx_word' id='word_1_774' title='bbox 2102 5240 2170 5293; x_wconf 89' lang='lat' dir='ltr'>de</span> <span class='ocrx_word' id='word_1_775' title='bbox 2201 5240 2424 5295; x_wconf 88' lang='lat' dir='ltr'>tributis</span> <span class='ocrx_word' id='word_1_776' title='bbox 2453 5260 2515 5296; x_wconf 88' lang='lat' dir='ltr'>ac</span> <span class='ocrx_word' id='word_1_777' title='bbox 2544 5242 2819 5314; x_wconf 85' lang='lat' dir='ltr'>frugibus,</span> <span class='ocrx_word' id='word_1_778' title='bbox 2850 5245 3077 5298; x_wconf 88' lang='lat' dir='ltr'>tertiam</span> <span class='ocrx_word' id='word_1_779' title='bbox 3109 5253 3326 5316; x_wconf 88' lang='lat' dir='ltr'>partem</span> <span class='ocrx_word' id='word_1_780' title='bbox 3353 5259 3676 5316; x_wconf 85' lang='lat' dir='ltr'>consequan-</span> 
     </span>
    </p>
   </div>
   <div class='ocr_carea' id='block_1_115' title="bbox 2101 5329 3672 5404">
    <p class='ocr_par' dir='ltr' id='par_1_115' title="bbox 2101 5329 3672 5404">
     <span class='ocr_line' id='line_1_115' title="bbox 2101 5329 3672 5404; baseline 0 -22"><span class='ocrx_word' id='word_1_781' title='bbox 2101 5334 2212 5382; x_wconf 89' lang='lat' dir='ltr'>tur.</span> <span class='ocrx_word' id='word_1_782' title='bbox 2243 5329 2399 5392; x_wconf 86' lang='lat' dir='ltr'>Quod</span> <span class='ocrx_word' id='word_1_783' title='bbox 2428 5331 2474 5384; x_wconf 90' lang='lat' dir='ltr'>si</span> <span class='ocrx_word' id='word_1_784' title='bbox 2507 5332 2747 5402; x_wconf 89' lang='lat' dir='ltr'>amplius</span> <span class='ocrx_word' id='word_1_785' title='bbox 2778 5332 3063 5404; x_wconf 73' lang='lat' dir='ltr'>quippiam</span> <span class='ocrx_word' id='word_1_786' title='bbox 3093 5331 3162 5386; x_wconf 87' lang='lat' dir='ltr'>ab</span> <span class='ocrx_word' id='word_1_787' title='bbox 3186 5335 3266 5388; x_wconf 89' lang='lat' dir='ltr'>eis</span> <span class='ocrx_word' id='word_1_788' title='bbox 3297 5339 3672 5404; x_wconf 70' lang='lat' dir='ltr'>praesumptum</span> 
     </span>
    </p>
   </div>
   <div class='ocr_carea' id='block_1_116' title="bbox 2101 5417 3674 5496">
    <p class='ocr_par' dir='ltr' id='par_1_116' title="bbox 2101 5417 3674 5496">
     <span class='ocr_line' id='line_1_116' title="bbox 2101 5417 3674 5496; baseline -0.001 -26"><span class='ocrx_word' id='word_1_789' title='bbox 2101 5417 2392 5484; x_wconf 87' lang='lat' dir='ltr'>exstiterit,</span> <span class='ocrx_word' id='word_1_790' title='bbox 2420 5436 2520 5490; x_wconf 89' lang='lat' dir='ltr'>per</span> <span class='ocrx_word' id='word_1_791' title='bbox 2542 5421 2850 5474; x_wconf 89' lang='lat' dir='ltr'>Concilium</span> <span class='ocrx_word' id='word_1_792' title='bbox 2868 5425 3221 5475; x_wconf 86' lang='lat' dir='ltr'>restauretur</span> <span class='ocrx_word' id='word_1_793' title='bbox 3244 5440 3255 5473; x_wconf 96' lang='lat'>:</span> <span class='ocrx_word' id='word_1_794' title='bbox 3273 5418 3674 5496; x_wconf 80' lang='lat' dir='ltr'>appellantibus</span> 
     </span>
    </p>
   </div>
   <div class='ocr_carea' id='block_1_117' title="bbox 2100 5503 3668 5586">
    <p class='ocr_par' dir='ltr' id='par_1_117' title="bbox 2100 5503 3668 5586">
     <span class='ocr_line' id='line_1_117' title="bbox 2100 5503 3668 5586; baseline 0.001 -27"><span class='ocrx_word' id='word_1_795' title='bbox 2100 5512 2200 5560; x_wconf 85' lang='lat' dir='ltr'>aut</span> <span class='ocrx_word' id='word_1_796' title='bbox 2228 5507 2362 5578; x_wconf 82' lang='lat' dir='ltr'>ipsis</span> <span class='ocrx_word' id='word_1_797' title='bbox 2385 5509 2781 5576; x_wconf 88' lang='lat' dir='ltr'>conditoribus,</span> <span class='ocrx_word' id='word_1_798' title='bbox 2819 5503 2918 5564; x_wconf 81' lang='lat' dir='ltr'>aut</span> <span class='ocrx_word' id='word_1_799' title='bbox 2947 5508 3096 5564; x_wconf 81' lang='lat' dir='ltr'>certe</span> <span class='ocrx_word' id='word_1_800' title='bbox 3117 5511 3444 5586; x_wconf 88' lang='lat' dir='ltr'>propinquis</span> <span class='ocrx_word' id='word_1_801' title='bbox 3473 5524 3668 5574; x_wconf 89' lang='lat' dir='ltr'>eorum,</span> 
     </span>
    </p>
   </div>
   <div class='ocr_carea' id='block_1_118' title="bbox 2099 5589 3667 5664">
    <p class='ocr_par' dir='ltr' id='par_1_118' title="bbox 2099 5589 3667 5664">
     <span class='ocr_line' id='line_1_118' title="bbox 2099 5589 3667 5664; baseline 0.001 -17"><span class='ocrx_word' id='word_1_802' title='bbox 2099 5590 2152 5647; x_wconf 81' lang='lat' dir='ltr'>si</span> <span class='ocrx_word' id='word_1_803' title='bbox 2169 5596 2290 5664; x_wconf 90' lang='lat' dir='ltr'>jam</span> <span class='ocrx_word' id='word_1_804' title='bbox 2319 5595 2398 5650; x_wconf 91' lang='lat' dir='ltr'>illi</span> <span class='ocrx_word' id='word_1_805' title='bbox 2450 5615 2485 5652; x_wconf 89' lang='lat' dir='ltr'>a</span> <span class='ocrx_word' id='word_1_806' title='bbox 2533 5598 2732 5653; x_wconf 76' lang='lat' dir='ltr'>saeculo</span> <span class='ocrx_word' id='word_1_807' title='bbox 2761 5593 3156 5654; x_wconf 79' lang='lat' dir='ltr'>discesserunt.</span> <span class='ocrx_word' id='word_1_808' title='bbox 3188 5595 3452 5656; x_wconf 59' lang='lat' dir='ltr'>Severint&#39;</span> <span class='ocrx_word' id='word_1_809' title='bbox 3492 5589 3667 5652; x_wconf 82' lang='lat' dir='ltr'>autem</span> 
     </span>
    </p>
   </div>
  </div>
