4018 6168
432 273 570 330 1423

1037 271 1098 324 Β.
1139 267 1410 324 RABANI
1450 265 1681 320 MAURI
1719 263 2037 319 ARCHIEP
2072 263 2396 318 MOGUNT.
2439 263 2737 319 OPERUM
2774 264 2957 320 PARS
2995 265 3096 320 ΙΙΙ.

3572 264 3706 322 1424

431 377 832 468 Comprehensi
885 395 954 448 ab
999 395 1258 464 episcopo
1290 410 1410 456 suo,
1447 391 1518 444 ad
1547 389 1933 461 penitentiam
1963 389 2097 448 exA
2117 389 2246 442 CAP.
2271 390 2518 468 XXXIX.
2547 419 2608 468 τ-
2641 391 2792 468 Quod
2819 393 3215 468 oporteatcunt
3241 392 3340 468 qui
3358 391 3708 468 prauitatis

429 503 543 558 qua
591 490 962 548 recesserunt,
1019 488 1366 536 revocentur.
1413 480 1572 544 Quod
1623 479 1668 532 si
1723 478 1897 548 aliqui
1928 493 2028 548 per

429 575 816 646 penitentiam
861 571 1249 626 irrevocabiles
1296 576 1445 631 sunt,
1490 586 1590 622 nec
1641 567 1913 621 admoniti
1944 583 2028 620 re-

426 669 740 728 vertuntur,
773 679 901 716 vere
929 668 994 716 ut
1013 667 1210 732 postea
1228 677 1415 713 coram
1442 657 1675 712 ecclesia
1691 657 2022 712 anathema-

423 753 496 809 tis
523 752 805 808 sententia
832 752 1293 805 condemnentur.
1337 751 1464 803 Non
1516 747 1682 801 aliter
1724 753 1781 800 et
1821 745 1879 798 hi
1927 745 2022 816 qui

427 843 646 898 detonsi
675 859 709 896 a
736 840 1063 912 parentibus
1093 839 1320 904 fuerint,
1355 843 1454 892 aut
1483 843 1681 908 sponte
1707 853 1811 890 sua
1838 835 2023 888 missis

425 931 752 1002 parentibus
796 931 1008 1000 seipsos
1037 929 1297 999 religioni
1346 928 1704 990 devoverunt,
1743 931 1800 978 et
1829 930 2023 994 postea

425 1021 680 1075 habitum
706 1019 1028 1074 secularem
1066 1021 1444 1088 sumpserunt,
1478 1020 1535 1068 et
1560 1015 1732 1074 iidem
1762 1031 1795 1066 a
1835 1029 2022 1066 sacer-

425 1111 554 1165 dote
583 1109 990 1180 comprehensi,
1043 1107 1114 1160 ad
1140 1107 1355 1160 cultum
1385 1103 1670 1174 religionis
1713 1109 1838 1156 acta
1867 1101 2023 1174 prius

424 1198 756 1272 penitentia
793 1203 1143 1251 revocentur.
1179 1195 1338 1260 Quod
1367 1195 1414 1252 si
1470 1192 1672 1246 reverti
1728 1208 1840 1245 non
1892 1208 2023 1262 pos-

425 1293 558 1344 sunt
585 1292 875 1359 apostate,
918 1285 1297 1341 anathematis
1351 1282 1635 1337 sententia
1664 1281 2016 1351 abjiciantur.

424 1378 558 1442 Quae
585 1377 767 1432 forma
808 1375 1124 1430 servabitur
1169 1375 1339 1428 etiam
1371 1373 1429 1426 in
1457 1371 1656 1436 viduis,
1689 1369 2022 1440 virginibus-

424 1484 533 1538 que
564 1466 757 1532 sacris,
791 1483 856 1519 ac
884 1463 1284 1536 penitentibus
1325 1461 1583 1521 feminis,
1614 1477 1736 1530 quae
1766 1465 2021 1512 sanctum

423 1557 722 1611 monialem
767 1553 1026 1608 habitum
1055 1553 1308 1616 induere,
1343 1557 1400 1604 et
1454 1556 1649 1621 postea
1679 1555 1780 1602 aut
1808 1554 2018 1602 vestem

421 1648 800 1710 mutaverunt,
825 1649 924 1698 aut
951 1643 1022 1696 ad
1043 1642 1270 1712 nuptias
1295 1639 1660 1694 transierunt.

423 1788 553 1842 CAP.
584 1787 960 1841 XXXVIII.-
991 1787 1141 1853 Quod
1172 1787 1322 1838 nulli
1349 1787 1420 1836 sit
1469 1785 1673 1836 ultima
1697 1784 2020 1850 pwnitentia

1054 1857 1392 1923 deneganda.

495 2004 559 2056 In
605 1999 843 2055 decretis
887 1998 1172 2054 Celestini
1221 2015 1397 2069 papae,
1451 2015 1571 2068 cap.
1631 1995 1713 2060 15,
1747 1996 2017 2067 scriptum

422 2097 524 2157 est,
559 2090 707 2164 quod
760 2089 901 2143 nulli
957 2089 1030 2142 sit
1055 2087 1255 2142 ultima
1284 2086 1622 2158 penitentia
1649 2085 2012 2156 deneganda;

419 2179 764 2250 Agnovimus
794 2177 945 2232 enim
969 2176 1358 2248 penitentiam
1388 2173 1756 2229 morientibus
1787 2190 1898 2227 non
1927 2175 2020 2227 de-

421 2268 632 2339 negari,
687 2284 788 2321 nec
833 2267 1062 2321 illorum
1093 2265 1386 2320 desideriis
1417 2265 1609 2329 annui,
1651 2264 1799 2335 quod
1833 2262 2018 2317 obitus

419 2357 506 2412 sui
535 2363 789 2428 tempore
817 2356 1020 2410 anime
1049 2371 1162 2409 suae
1191 2354 1426 2425 cupiunt
1443 2353 1724 2407 subveniri
1745 2351 2012 2406 remedio.

421 2447 747 2511 Horremus,
770 2445 966 2509 fateor,
995 2449 1166 2498 tanta;
1187 2443 1494 2514 impietatis
1516 2443 1761 2513 aliquem
1781 2440 2017 2512 reperiri

418 2541 485 2590 ut
511 2536 579 2590 de
607 2535 710 2589 Dei
737 2534 946 2606 pietate
984 2533 1258 2604 desperet,
1298 2531 1458 2603 quasi
1507 2548 1618 2585 non
1647 2530 1822 2602 possit
1858 2531 1928 2584 ad
1958 2545 2018 2583 se

421 2624 616 2696 quovis
641 2630 894 2694 tempore
926 2621 1279 2676 concurrenti
1305 2637 1629 2675 succurrere
1664 2638 1674 2672 :
1711 2626 1767 2674 et
1794 2619 2016 2690 pericli-

418 2719 634 2768 tantem
664 2713 768 2766 sub
795 2713 1026 2766 horrore
1057 2717 1412 2782 peccatorum
1455 2710 1742 2763 hominem
1771 2709 2016 2780 pondere

419 2818 530 2873 quo
559 2819 620 2856 se
649 2802 742 2856 ille
774 2801 1033 2872 expedire
1087 2799 1388 2865 desiderat,
1422 2799 1678 2853 liberare.
1713 2795 1858 2862 Quid
1887 2798 2012 2863 hoc,

417 2907 573 2961 rogo,
622 2890 774 2944 aliud
823 2895 909 2944 est
961 2906 1131 2960 quam
1187 2888 1448 2943 morienti
1503 2894 1742 2942 mortem
1786 2887 2013 2951 addere,

420 2980 654 3050 ejusque
685 2979 932 3032 animam
977 2995 1081 3032 sua
1125 2978 1476 3042 crudelitate,
1510 2994 1579 3031 ne
1611 2977 1867 3031 absoluta
1894 2993 2015 3030 esse

417 3067 612 3140 possit,
645 3068 936 3122 occidere?
965 3069 1105 3121 Cum
1133 3067 1282 3120 Deus
1313 3066 1384 3119 ad
1426 3065 1866 3120 subveniendum
1911 3083 2013 3136 pa-

419 3156 757 3222 ratissimus,
789 3156 1033 3210 invitans
1064 3155 1135 3208 ad
1173 3154 1562 3226 penitentiam
1592 3155 1671 3208 sic
1698 3154 2008 3226 promittat.

419 3264 444 3298 α
480 3246 748 3300 Peccator
773 3245 832 3299 in
865 3261 1197 3316 quacunque
1227 3244 1317 3297 die
1346 3260 1644 3298 conversus
1671 3243 1860 3310 fuerit,
1891 3261 2015 3314 pec-

413 3340 542 3389 cata
571 3335 694 3405 ejus
722 3351 836 3389 non
891 3333 1306 3404 reputabuntur
1330 3332 1380 3387 ei
1429 3333 1639 3398 (Ezech.
1672 3333 1842 3402 xvni).
1881 3351 1904 3384 ι
1947 3333 2016 3386 Et

414 3424 659 3478 iterum:
707 3443 734 3475 (ι
782 3424 926 3478 Νοὶο
961 3427 1200 3476 mortem
1254 3422 1581 3493 peccatoris,
1634 3423 1732 3476 sed
1787 3427 2012 3476 tantum

414 3517 772 3568 convertatur
799 3517 859 3566 et
885 3513 1034 3566 vivat
1053 3499 1259 3582 (lbid.)'.
1298 3531 1320 3561 ι
1357 3511 1607 3565 Salutem
1635 3527 1768 3581 ergo
1797 3511 2011 3564 homini

412 3601 628 3667 adimit,
678 3601 932 3673 quisquis
973 3601 1172 3656 mortis
1209 3605 1461 3671 tempore
1493 3600 1882 3671 penitentiam
1912 3601 2012 3654 de-

415 3691 657 3761 negarit.
683 3691 752 3745 Et
770 3690 1086 3762 desperavit
1101 3689 1171 3742 de
1189 3689 1488 3743 clementia
1503 3689 1622 3754 Dei,
1656 3689 1751 3760 qui
1782 3706 1911 3743 eum
1942 3689 2012 3744 ad

411 3778 855 3834 subveniendum
874 3778 1135 3832 morienti
1148 3777 1424 3843 sufﬁcere,
1439 3779 1524 3830 vel
1543 3783 1829 3832 momento
1849 3794 2010 3848 posse

409 3884 524 3922 non
540 3868 795 3924 credidit.
827 3867 1326 3922 Perdidissetlatro
1345 3867 1404 3920 in
1420 3883 1581 3920 cruce
1613 3867 1906 3940 praemium
1937 3867 2007 3920 ad

411 3957 620 4012 Christi
643 3957 930 4011 dexteram
975 3956 1244 4027 pendens,
1275 3955 1320 4009 si
1340 3955 1500 4009 illum
1519 3955 1686 4010 unius
1710 3956 1858 4010 horae
1890 3972 2008 4026 pe-

411 4044 652 4100 nitentia
673 4061 787 4098 non
808 4044 1064 4114 juvisset.
1099 4045 1239 4098 Cum
1268 4049 1416 4098 esset
1438 4044 1496 4098 in
1534 4061 1700 4115 pena
1727 4044 2004 4116 penituit,

412 4138 471 4187 et
497 4149 600 4203 per
625 4131 794 4186 unius
822 4131 1097 4186 sermonis
1135 4133 1584 4202 promissionem,
1628 4132 2009 4193 habitaculum

411 4221 658 4294 paradisi
691 4222 806 4275 Deo
837 4221 1201 4292 promittente
1230 4222 1559 4292 promeruit.
1592 4222 1740 4276 Vera
1775 4239 1908 4292 ergo
1937 4221 2010 4275 ad

2181 465 2395 514 veniam
2429 463 2618 530 poscit,
2651 463 2820 513 etiam
2865 476 2901 512 a
2932 461 3127 513 muttis
3165 461 3334 513 licitis
3361 461 3637 514 abstinere
3657 465 3705 513 et

2184 535 2328 600 quod
2357 549 2470 585 non
2502 537 2745 599 oporteat
2771 548 2896 584 eum
2931 537 3164 599 tempore
3189 533 3520 598 penitentia
3549 534 3706 584 lucra

2183 606 2570 671 negotiationis
2599 619 2859 656 exercere.

2183 731 2247 784 In
2279 728 2518 782 decretis
2563 727 2764 781 Leonis
2794 743 2970 798 pape,
3021 743 3142 797 cap.
3175 724 3264 792 2‘2,
3297 726 3568 798 scriptum
3599 733 3702 790 est,

2106 819 2254 890 quod
2283 822 2541 888 oporteat
2569 833 2698 870 eum
2749 816 2842 886 qui
2879 832 2980 886 pro
3011 815 3216 869 illicitis
3243 815 3465 868 veniam
3504 814 3703 885 poscit,

2105 907 2276 961 etiam
2313 924 2348 960 a
2376 906 2568 961 multis
2627 905 2792 960 licitis
2823 903 3124 958 abstinere.
3169 904 3334 958 Aliud
3363 904 3593 974 quidem
3621 912 3709 959 est

2105 995 2294 1050 debita
2329 997 2487 1066 justa
2541 1011 2851 1066 reposcere,
2907 993 3058 1047 aliud
3087 993 3315 1064 propria
3344 993 3705 1064 perfectionis

2105 1102 2298 1139 amore
2337 1089 2716 1138 contemnere.
2769 1083 2878 1138 Sed
2905 1083 3228 1136 illicitorum
3261 1082 3480 1136 veniam
3511 1088 3702 1153 postu-

2105 1173 2335 1240 lantem,
2387 1178 2609 1244 oportet
2655 1172 2826 1226 etiam
2853 1188 2887 1226 a
2933 1172 3100 1226 licitis
3129 1170 3429 1235 abstinere,
3481 1171 3704 1226 dicente

2103 1263 2372 1334 Apostolo
2396 1281 2411 1316 :
2444 1283 2465 1312 ι
2492 1261 2696 1317 Omnia
2725 1261 2863 1315 mihi
2891 1261 3079 1326 licent,
3113 1261 3211 1314 sed
3240 1277 3352 1314 non
3381 1260 3571 1314 omnia
3604 1278 3703 1314 ex-

2104 1351 2339 1422 pediunt
2383 1353 2437 1419 (Ι
2487 1352 2610 1406 Cor.
2663 1354 2756 1419 v1).
2787 1370 2812 1403 »
2847 1350 3004 1404 Unde
3050 1349 3097 1403 si
3126 1349 3463 1420 penitentes
3491 1349 3704 1404 habent

2103 1457 2330 1495 causam
2364 1457 2533 1511 quam
2563 1440 2845 1510 negligere
2872 1440 3015 1492 forte
3065 1455 3176 1492 non
3207 1437 3467 1503 debeant,
3499 1438 3702 1493 melius

2104 1531 2328 1601 expedit
2357 1529 2436 1583 eis
2467 1529 2905 1584 ecclesiasticum
2933 1544 3101 1599 quam
3132 1530 3352 1581 forense
3396 1527 3696 1598 judicium,

2175 1620 2316 1673 Item
2337 1619 2394 1672 in
2411 1619 2620 1673 eisdem
2632 1619 2889 1684 decretis,
2915 1636 3035 1688 cap.
3056 1616 3146 1682 ‘23,
3159 1617 3432 1688 scriptum
3445 1624 3532 1671 est
3549 1618 3699 1688 quod

2037 1707 2398 1778 Bpenitenti
2445 1708 2601 1761 nulla
2645 1707 2802 1760 lucra
2829 1705 3226 1776 negotiationis
3274 1723 3533 1760 exercere
3561 1723 3699 1760 con-

2103 1797 2306 1852 veniat.
2339 1796 2594 1861 Qualitas
2619 1796 2760 1849 lucri
2791 1796 3174 1866 negotiantem
3203 1801 3304 1849 aut
3329 1801 3575 1861 excusat,
3598 1803 3702 1849 aut

2101 1886 2288 1956 arguit
2312 1905 2322 1938 :
2360 1886 2491 1956 quia
2522 1891 2608 1940 est
2635 1885 2964 1939 inhonestus
2994 1889 3240 1956 quaestus
3268 1889 3326 1938 et
3351 1885 3554 1956 turpis.
3587 1885 3698 1937 Ve-

2101 1981 2419 2030 rumtamen
2438 1975 2732 2046 penitenti
2751 1974 2946 2028 utilius
2966 1980 3050 2027 est
3060 1973 3355 2044 dispendia
3368 1973 3507 2044 pati,
3525 1989 3695 2044 quam

2099 2063 2358 2135 periculis
2409 2063 2806 2134 negotiationis
2855 2062 3150 2133 obstringi.
3181 2063 3325 2127 Quia
3354 2062 3583 2116 difﬁcile
3612 2068 3701 2116 est

2100 2152 2250 2207 inter
2277 2153 2516 2207 ementis
2545 2152 2946 2224 vendentisque
2974 2151 3372 2207 commercium
3393 2168 3508 2206 non
3527 2151 3700 2205 inter-

2099 2242 2288 2296 venire
2319 2248 2628 2313 peccatum.

2101 2387 2230 2440 Car.
2263 2387 2379 2440 XL.
2399 2415 2470 2427 —-
2499 2388 2650 2452 Quod
2677 2387 2750 2438 ad
2779 2387 3051 2439 militiam
3078 2388 3416 2449 secutarem,
3450 2389 3566 2452 post
3591 2403 3700 2454 ραι-

2458 2460 2756 2511 nitentiam
2787 2457 2966 2509 rediri
2995 2473 3104 2509 non
3133 2457 3336 2511 debeat.

2172 2583 2313 2637 Item
2360 2583 2419 2636 in
2468 2582 2679 2636 eisdem
2708 2581 2966 2646 decretis,
2998 2597 3118 2651 cap.
3150 2578 3236 2644 24,
3283 2580 3560 2652 scriptum
3591 2587 3697 2638 est.

2100 2673 2246 2742 quod
2269 2672 2340 2726 ad
2362 2671 2622 2725 militiam
2634 2671 2957 2725 saecularem
2973 2675 3099 2741 post
3112 2669 3504 2740 penitentiam
3527 2670 3700 2723 rediri

2098 2778 2211 2815 non
2241 2761 2442 2816 debeat
2469 2780 2480 2814 :
2515 2760 2875 2815 Contrarium
2905 2765 2991 2814 est
3031 2759 3259 2814 omnino
3305 2759 3698 2814 ecclesiasticis

2097 2851 2324 2921 regulis,
2357 2855 2484 2921 post
2510 2848 2850 2921 penitentia;
2889 2848 3184 2914 actionem,
3229 2848 3414 2902 redire
3447 2848 3519 2902 ad
3552 2848 3699 2902 mili-

2098 2939 2236 2994 tiam
2267 2941 2610 3003 secularem,
2635 2955 2762 2992 cum
2791 2938 3092 3009 Apostolus
3112 2937 3261 2992 dicat
3283 2955 3294 2989 :
3333 2959 3356 2986 ι
3382 2937 3566 2991 Nemo
3590 2937 3695 2990 mi-

2033 3027 2262 3087 Clitans
2311 3029 2446 3093 Deo,
2507 3027 2759 3099 implicat
2809 3044 2869 3082 se
2914 3025 3154 3096 negotiis
3213 3025 3576 3080 saecularibus
3623 3027 3702 3092 (Il

2105 3119 2242 3173 Tim.
2278 3124 2355 3178 II).
2395 3137 2417 3168 ι
2443 3117 2601 3171 Unde
2631 3133 2744 3171 non
2769 3121 2856 3170 est
2873 3115 3014 3170 liber
3040 3133 3074 3170 a
3100 3115 3328 3186 laqueis
3348 3113 3580 3180 diaboli,
3602 3116 3697 3186 qui

2095 3223 2155 3262 se
2185 3205 2398 3260 militiae
2421 3207 2720 3262 mundanae
2749 3204 2988 3260 voluerit
3013 3205 3320 3275 implicare.

2705 3365 3082 3420 EPILOGUS.

2167 3510 2296 3564 Haec
2304 3509 2428 3575 tibi,
2444 3510 3007 3580 sanctePater,pauca
3021 3509 3266 3580 capitula
3282 3523 3346 3562 ex
3368 3514 3692 3564 sanctorum

2097 3598 2328 3652 Patrum
2341 3598 2590 3652 conciliis
2602 3598 2864 3668 colligere
2873 3596 3079 3651 curavi:
3099 3602 3165 3651 ut
3185 3595 3422 3651 haberes
3435 3597 3494 3652 in
3510 3614 3692 3668 prom-

2097 3693 2197 3756 ptu
2225 3705 2290 3740 ex
2304 3704 2500 3741 eorum
2521 3687 2834 3752 sententiis,
2867 3703 2978 3757 quo
2987 3685 3240 3756 judicare
3255 3686 3436 3756 possis
3447 3686 3618 3740 rudes
3637 3693 3693 3740 et

2093 3775 2396 3830 indomitos
2433 3775 2651 3830 animos
2671 3776 2900 3830 novellae
2925 3775 3128 3844 gentis,
3151 3775 3301 3845 apud
3321 3791 3496 3845 quam
3525 3775 3692 3828 modo

2092 3865 2455 3920 conversaris:
2475 3870 2538 3919 ut
2555 3865 2735 3919 sciant
2752 3881 2812 3918 se
2827 3863 3103 3935 impunite
3122 3879 3352 3935 peccare
3374 3879 3486 3917 non
3507 3880 3687 3934 posse,

2091 3953 2189 4008 sed
2216 3959 2472 4024 paratam
2493 3953 2832 4008 sententiam
2853 3969 3078 4023 semper
3096 3968 3130 4006 a
3148 3950 3302 4006 vobis
3321 3952 3439 4006 fore
3465 3971 3475 4004 :
3511 3951 3692 4006 orien-

2091 4042 2171 4098 tia
2200 4043 2334 4097 vitia
2362 4059 2752 4115 perversorum
2781 4041 2945 4096 citius
2974 4057 3261 4096 resecare:
3299 4047 3357 4096 et
3382 4040 3689 4095 humilibus

2091 4136 2260 4202 atque
2310 4131 2477 4202 digne
2525 4131 2902 4186 satisfactione
2950 4135 3180 4201 peccata
3206 4146 3310 4184 sua
3339 4127 3688 4200 plorantibus

2092 4225 2471 4291 opportunum
2489 4221 2741 4274 solamen
2757 4219 3155 4274 consolationis
3166 4217 3437 4272 conferre.
3453 4218 3686 4289 Oportet

413 4311 594 4366 Deum
614 4310 898 4364 conversio
925 4311 984 4365 in
1011 4309 1228 4364 ultimis
1255 4310 1586 4381 positorum,
1607 4316 1795 4364 mente
1824 4311 2011 4381 potius
2029 4309 2262 4375 Denim,
2295 4315 2359 4364 ut
2383 4309 2516 4380 quia
2539 4313 2725 4363 vestra
2752 4308 3021 4362 sanctitas
3045 4307 3194 4361 inter
3221 4307 3347 4361 illos
3366 4307 3534 4360 modo
3560 4323 3684 4360 con~

413 4406 499 4455 est
526 4400 856 4454 aestimanda
881 4417 1051 4470 quam
1076 4405 1348 4470 tempore,
1383 4401 1656 4471 propheta
1685 4401 1790 4454 hoc
1819 4401 2010 4455 taliter

412 4494 697 4542 asserente
723 4506 734 4540 :
767 4489 908 4542 Cum
937 4504 1236 4542 conversus
1264 4487 1626 4558 ingemueris,
1659 4494 1793 4542 tunc
1823 4489 2008 4544 salvus

413 4574 544 4630 eris.
569 4577 710 4629 Cum
731 4593 864 4646 ergo
881 4576 1156 4631 Dominus
1175 4577 1249 4630 sit
1263 4576 1446 4630 cordis
1484 4576 1782 4646 inspector,
1814 4577 2007 4648 quovis

412 4669 668 4734 tempore
693 4680 805 4718 non
833 4669 920 4718 est
937 4663 1267 4734 deneganda
1295 4665 1626 4734 penitentia
1654 4666 1960 4736 postulanti
1990 4685 2001 4719 :

415 4768 544 4807 cum
561 4751 658 4807 ille
685 4769 746 4808 se
774 4753 984 4823 obliget
1004 4753 1200 4823 judici,
1217 4753 1306 4808 cui
1336 4754 1551 4808 occulta
1577 4755 1766 4808 omnia
1795 4755 2011 4810 noverit

416 4840 674 4896 revelari.

2091 4398 2256 4464 sistit,
2307 4415 2410 4469 per
2455 4397 2906 4470 praedicationem
2946 4396 3099 4450 verbi
3138 4397 3240 4450 Dei
3277 4401 3334 4450 et
3374 4395 3681 4450 custodiam

2089 4503 2233 4542 vere
2273 4487 2560 4558 religionis
2605 4487 2866 4542 omnibus
2897 4502 3120 4540 sacrum
3161 4485 3408 4539 studium
3440 4490 3680 4538 vestrum

2090 4577 2404 4631 innotescat
2433 4595 2444 4630 :
2503 4582 2779 4648 quatenus
2808 4576 2898 4630 hic
2924 4575 3140 4630 fructus
3164 4573 3298 4628 boni
3326 4573 3534 4628 laboris
3560 4573 3676 4627 lau-

2091 4666 2220 4720 dem
2249 4665 2403 4720 vobis
2427 4667 2716 4738 acquirat:
2740 4670 2798 4720 et
2822 4665 2882 4719 in
2910 4665 3099 4719 futuro
3129 4663 3451 4718 mercedem
3479 4668 3536 4717 et
3560 4663 3676 4734 glo-

2091 4755 2233 4810 riam
2261 4755 2446 4826 pariat
2469 4755 2889 4832 sempiternam.
2909 4755 3111 4808 Amen.
