4018 6168
422 391 3682 426 '—'__———.———-—_——-————._—___-——___—————-——————___=_—————___

834 563 1480 664 BEATI
1564 567 1977 666 ΒΑΕ

2066 567 2417 665 ΑΝΙ
2502 568 3236 690 MAURI

1079 775 1478 852 FULDENSIS
1515 776 1819 832 ABBATIS
1859 779 1947 833 ET
1984 775 2396 833 MOGUNTINI
2433 778 2991 834 ARCHIEPISCOPI

399 954 1484 1090 OPUSCULUM
1629 955 1844 1090 DE
1977 953 2844 1090 PASSIONE
2975 954 3663 1093 DOMINI.

1409 1191 1578 1262 (Pez.,
1612 1192 1844 1255 Anecd,.
1874 1198 2011 1246 tom.
2045 1193 2116 1255 II,
2153 1198 2298 1264 part.
2335 1206 2396 1258 ιι,
2427 1207 2555 1262 pag.
2589 1192 2666 1260 8.)

1835 1359 2222 1376 ﬂ

899 1495 1133 1550 CAPUT
1170 1495 1476 1551 PRIMUM.

466 1603 525 1657 Si
563 1602 644 1656 vis
678 1601 749 1656 ad
780 1601 949 1656 vitam
986 1603 1207 1674 ingredi
1253 1620 1356 1674 per
1393 1604 1605 1668 Jesum,
1639 1603 1734 1674 qui
1772 1609 1858 1657 est
1901 1604 1990 1658 via

391 1697 451 1744 et
481 1691 686 1745 ostium
720 1709 732 1744 :
765 1691 814 1744 si
851 1691 936 1745 vis
981 1691 1146 1746 edere
1183 1691 1253 1746 de
1294 1692 1447 1761 ligno
1490 1693 1632 1758 vita,
1667 1699 1724 1746 et
1759 1697 1988 1763 gustare

391 1795 601 1833 manna
629 1778 1038 1843 absconditum,
1071 1797 1183 1837 non
1207 1787 1263 1835 te
1291 1781 1592 1847 deterreat,
1619 1798 1720 1835 nec
1742 1781 1842 1836 tibi
1861 1782 1989 1836 vile-

387 1873 528 1934 scat,
551 1869 700 1939 quod
723 1869 974 1940 undique
993 1870 1208 1924 invenis
1236 1870 1520 1924 difﬁcilem
1538 1877 1595 1924 et
1613 1871 1779 1925 vilem
1801 1889 1986 1926 acces-

386 1973 534 2012 sum.
568 1957 768 2028 Spinas
796 1958 966 2013 habet
993 1959 1052 2012 in
1081 1959 1280 2030 capite,
1305 1959 1364 2012 in
1391 1959 1648 2014 manibus
1670 1965 1727 2014 et
1753 1960 1988 2031 pedibus

386 2047 592 2111 clavos,
636 2047 888 2102 lanceam
929 2048 988 2102 in
1026 2048 1220 2112 latere,
1267 2049 1491 2118 flagella
1536 2049 1595 2103 in
1637 2049 1897 2114 brachiis,
1931 2057 1986 2104 et

383 2142 541 2191 totus
566 2137 842 2192 laceratus
871 2137 929 2192 in
959 2153 1210 2209 corpore,
1244 2143 1302 2192 et
1329 2137 1487 2208 quasi
1523 2138 1776 2210 leprosus
1807 2139 1985 2209 turpis

383 2227 460 2279 ad
489 2225 804 2292 videndum,
831 2233 886 2280 et
910 2227 1096 2296 gravis
1117 2227 1189 2280 ad
1219 2227 1588 2298 sequendum.
1626 2228 1735 2281 Sed
1763 2244 1894 2281 cave
1916 2245 1984 2282 ne

383 2332 588 2370 nucem
633 2315 865 2386 abjicias
910 2321 1140 2388 propter
1183 2333 1439 2371 amarum
1486 2317 1750 2372 corticem
1790 2336 1800 2370 :
1851 2317 1984 2388 quia

385 2409 600 2474 quanto
625 2405 871 2458 exterius
899 2405 1146 2460 amarior
1171 2405 1412 2472 videtur,
1444 2411 1602 2460 tanto
1632 2406 1784 2460 intus
1810 2423 1984 2478 quan-

384 2493 570 2564 doque
599 2493 849 2548 invenies
885 2495 1148 2549 nucleum
1171 2495 1498 2549 dulciorem.
1519 2495 1593 2549 Ut
1621 2511 1754 2565 ergo
1771 2495 1983 2566 aliqua-

379 2587 551 2636 tenus
593 2583 774 2654 possis
817 2584 1292 2654 comprehendere
1322 2601 1449 2638 cum
1484 2583 1744 2638 omnibus
1775 2585 1983 2639 sanctis

379 2687 508 2741 qua
535 2671 610 2725 sit
635 2671 944 2742 longitudo,
963 2672 1220 2740 latitudo,
1236 2673 1551 2728 sublimitas
1565 2680 1621 2726 et
1641 2673 1982 2744 profundum

379 2760 640 2831 mysterii
697 2767 902 2816 sancta
965 2761 1166 2828 crucis,
1218 2768 1274 2816 et
1327 2762 1618 2817 dominica
1685 2762 1976 2834 passionis,

383 2849 538 2920 quod
567 2848 858 2904 abscondit
889 2851 1038 2904 Deus
1073 2867 1107 2904 a
1134 2851 1480 2922 sapientibus
1519 2857 1576 2906 et
1610 2851 1980 2922 prudentibus

380 2939 600 3004 mundi,
625 2943 682 2992 et
708 2939 918 2993 revelat
948 2940 1213 3011 parvulis,
1248 2940 1496 3010 intellige
1524 2941 1744 3012 pondus
1782 2940 1979 2994 verbo-

377 3043 510 3080 rum
539 3044 660 3098 qua
700 3027 966 3083 dicuntur
997 3016 1014 3082 ε’
1044 3029 1193 3100 quia,
1233 3030 1349 3084 Deo
1377 3035 1730 3101 cooperante,
1765 3047 1981 3102 prapa-

378 3122 513 3170 rant
541 3117 789 3171 animam
818 3118 888 3172 ad
919 3117 1234 3173 habendam
1256 3118 1607 3173 devotionem
1627 3119 1685 3172 in
1703 3119 1975 3184 oratione,

379 3211 443 3258 et
469 3205 910 3260 consolationem
933 3208 991 3262 in
1022 3207 1405 3270 tribulatione,
1429 3213 1486 3261 et
1503 3208 1900 3262 revelationem
1921 3209 1979 3262 in

379 3295 887 3365 contemplatione;
913 3303 969 3350 et
997 3297 1136 3350 scias
1167 3313 1278 3350 non
1303 3298 1484 3350 solum
1515 3314 1638 3367 qua
1661 3313 1695 3350 a
1712 3297 1828 3351 Deo
1847 3298 1981 3352 data

380 3390 519 3437 sunt
543 3383 723 3449 nobis,
756 3385 852 3441 sed
885 3385 1056 3439 etiam
1080 3385 1264 3456 ipsum
1295 3385 1390 3456 qui
1417 3385 1581 3438 datus
1610 3391 1697 3439 est
1726 3385 1905 3439 nobis.

456 3473 519 3526 In
541 3473 904 3528 meditatione
923 3474 1032 3528 ista
1051 3474 1374 3528 exardescet
1401 3473 1564 3543 ignis,
1599 3476 1645 3527 si
1671 3475 1786 3528 hac
1808 3476 1978 3530 etiam

372 3562 541 3632 juxta
567 3562 814 3616 litteram
843 3563 1170 3634 simpliciter
1189 3562 1493 3616 mediteris.
1524 3563 1626 3616 Hic
1655 3563 1830 3632 igitur
1858 3564 1980 3617 dili-

377 3657 582 3721 genter
603 3667 841 3722 agnosce
860 3653 1075 3706 vultum
1097 3651 1377 3706 Creatoris
1394 3657 1452 3704 et
1467 3652 1856 3723 Redemptoris
1873 3653 1974 3718 tui,

381 3745 444 3792 et
470 3741 682 3812 respice
728 3741 784 3796 in
833 3741 1031 3796 faciem
1077 3740 1287 3795 Christi
1328 3741 1432 3804 tui,
1471 3746 1528 3794 et
1558 3745 1677 3795 toto
1713 3742 1894 3795 cordis
1925 3747 1982 3796 et

379 3830 632 3900 corporis
657 3831 882 3896 intuitu,
917 3835 1035 3884 toto
1066 3830 1352 3884 intellectu
1395 3835 1452 3883 et
1481 3831 1701 3896 affectu,
1735 3836 1791 3883 et
1822 3831 1980 3884 valde

378 3917 679 3971 humiliato
708 3918 908 3988 spiritu
924 3919 1002 3972 sic
1029 3918 1258 3972 attende
1278 3917 1446 3971 istam
1479 3918 1802 3988 imaginem,
1820 3919 1980 3989 quasi

385 4006 675 4060 Christum
705 4007 762 4060 in
793 4023 954 4061 cruce
983 4007 1412 4077 prasentialiter
1439 4008 1792 4074 morientem,
1821 4014 1878 4062 et
1895 4025 1982 4062 co-

2007 1499 2171 1558 Ased
2201 1498 2581 1569 legi'slatorem
2611 1517 2782 1572 super
2817 1517 2946 1555 eum
2978 1502 3288 1568 constituit,
3323 1506 3382 1556 et
3419 1518 3520 1574 per
3543 1519 3671 1574 pro.

2069 1587 2266 1658 phetas
2295 1587 2596 1658 diligenter
2627 1589 2931 1656 instruens,
2954 1595 3012 1644 et
3037 1591 3265 1644 tandem
3296 1592 3671 1662 personaliter

2069 1677 2188 1747 ipse
2221 1677 2466 1742 veniens,
2485 1677 2599 1731 imo
2629 1695 2689 1732 se
2707 1678 2868 1732 nobis
2888 1680 3325 1734 misericorditer
3345 1681 3664 1740 ostendens.

2070 1771 2127 1818 et
2155 1769 2360 1819 nostra
2399 1766 2582 1820 carnis
2611 1767 2884 1821 vilitatem
2917 1768 3206 1822 humiliter
3250 1769 3512 1836 induens,
3541 1776 3670 1840 post

2069 1855 2323 1924 exempla
2353 1855 2773 1925 perfectissima
2795 1857 3129 1923 sanctitatis,
3145 1863 3272 1928 post
3293 1858 3461 1911 verba
3487 1859 3669 1913 scien-

2068 1944 2160 1997 tia
2208 1944 2489 2010 salutaris,
2533 1951 2660 2016 post
2713 1946 2984 2000 miracula
3027 1947 3292 2016 potentia
3340 1947 3664 2017 singularis,

2068 2032 2326 2086 omnibus
2354 2032 2726 2100 benefaciens,
2759 2051 2860 2105 pro
2883 2035 3142 2088 omnibus
3164 2035 3314 2088 mala
3341 2035 3580 2106 patiens,
3597 2053 3666 2092 ne

2068 2129 2247 2175 morte
2276 2127 2486 2176 aterna
2515 2140 2882 2177 moreremur.

2139 2211 2229 2265 Sic
2259 2212 2401 2265 mori
2423 2213 2594 2266 voluit
2623 2212 2882 2284 expansis
2909 2212 3187 2279 manibus,
3220 2229 3416 2268 omnes
3456 2215 3665 2286 ample-

2065 2317 2221 2366 xans,
2255 2318 2451 2355 omnes
2478 2302 2549 2355 ad
2580 2319 2639 2356 se
2667 2307 2844 2366 vocat,
2879 2303 3096 2356 nullum
3127 2302 3360 2374 respuit,
3395 2303 3664 2358 inclinato

2065 2390 2247 2460 capite
2277 2389 2518 2444 inimicis
2560 2391 2678 2444 suis
2727 2391 2980 2445 osculum
3017 2391 3168 2462 pacis
3215 2391 3472 2458 olferens,
3511 2392 3662 2463 inju-

2064 2478 2208 2531 riam
2239 2495 2400 2532 suam
2431 2479 2660 2533 omnino
2691 2479 3070 2545 dissimulans,
3105 2480 3217 2533 imo
3245 2496 3346 2550 pro
3378 2479 3476 2533 illa
3504 2480 3664 2534 satis-

2063 2566 2292 2630 faciens,
2326 2568 2608 2639 perforato
2638 2569 2888 2639 undique
2919 2585 3168 2640 corpore,
3186 2574 3244 2622 et
3271 2573 3466 2640 aperto
3487 2569 3663 2622 latere

2064 2672 2266 2727 corpus
2296 2662 2354 2710 et
2381 2657 2710 2727 sanguinem
2732 2673 2916 2720 suum,
2937 2673 3034 2710 cor
3053 2662 3110 2711 et
3136 2658 3404 2725 animam,
3437 2657 3550 2712 imo
3579 2664 3664 2712 to-

2063 2749 2187 2798 tum
2217 2746 2396 2800 Deum
2427 2751 2484 2800 et
2512 2745 2818 2812 hominem,
2851 2752 2908 2800 et
2936 2763 3065 2800 cum
3094 2747 3214 2817 ipso
3244 2747 3419 2800 vitam
3451 2752 3508 2800 et
3543 2747 3661 2800 ins-

2064 2833 2402 2904 pirationem
2423 2840 2479 2888 et
2508 2835 2698 2889 omnia
2724 2833 2885 2888 nobis
2904 2840 2960 2888 et
2977 2835 3212 2905 singulis
3231 2835 3546 2904 largissime
3564 2835 3664 2906 tri-

2065 2921 2204 2988 buit,
2237 2929 2294 2976 et
2323 2940 2424 2994 pro
2444 2924 2607 2978 malis
2621 2930 2706 2978 tot
2727 2924 2876 2978 bona
2891 2923 3156 2978 retribuit
3183 2930 3241 2977 et
3259 2928 3344 2978 tot
3372 2924 3522 2978 mala
3535 2939 3660 2978 sus-

2063 3011 2252 3066 tinuit.
3559 3019 3569 3029 '

2680 3085 2914 3140 CAPUT
2952 3087 3051 3140 III.

2133 3192 2375 3244 Attende
2403 3197 2461 3244 et
2487 3191 2611 3245 vide
2632 3198 2845 3262 quanta
2862 3193 2970 3247 fuit
2988 3191 3234 3259 dilectio,
3248 3209 3418 3264 quam
3435 3199 3662 3264 stupen-

2061 3279 2134 3333 da
2147 3279 2390 3346 dilectio,
2417 3281 2564 3351 quod
2584 3298 2685 3351 pro
2708 3281 2934 3335 homine
2953 3283 3102 3335 Deus
3128 3282 3296 3335 homo
3321 3281 3443 3336 fieri
3462 3282 3658 3349 voluit,

2063 3373 2120 3420 et
2148 3374 2212 3422 ut
2235 3369 2488 3423 homines
2520 3369 2810 3435 exaltaret,
2841 3370 3010 3424 etiam
3039 3371 3289 3440 seipsum
3339 3371 3660 3425 Altissimus

2062 3457 2396 3511 humiliavit.
2421 3459 2616 3528 Itaque
2645 3458 2790 3512 sicut
2813 3458 2981 3512 homo
3006 3459 3297 3528 pudorem,
3322 3458 3572 3513 laborem
3603 3466 3661 3513 et

2061 3546 2312 3599 dolorem
2340 3546 2605 3600 abhorret
2632 3551 2689 3598 et
2713 3546 2874 3616 fugit,
2894 3546 2974 3598 ita
3001 3547 3149 3600 Deus
3170 3563 3272 3617 pro
3291 3547 3516 3600 homine
3543 3548 3660 3601 hac

2063 3634 2233 3703 elegit
2262 3639 2318 3688 et
2347 3635 2547 3700 tenuit,
2571 3635 2794 3704 quando
2817 3634 3127 3704 postposito
3154 3634 3362 3704 gaudio
3391 3635 3662 3691 sustinuit

2063 3740 2304 3790 crucem,
2337 3723 2718 3777 confusionem
2739 3731 2795 3776 et
2824 3723 3248 3794 imprOperium.

2133 3813 2274 3866 Vide
2295 3829 2427 3883 ergo
2447 3818 2503 3866 et
2527 3811 2817 3866 considera
2837 3827 3007 3882 quam
3028 3812 3143 3866 alta
3162 3812 3513 3882 profunditas
3533 3815 3661 3869 cha-

2062 3902 2450 3972 ritatis,quam
2481 3901 2582 3954 Dei
2616 3901 2903 3972 Sapientia
2931 3900 3010 3954 sic
3030 3900 3135 3954 sibi
3155 3901 3352 3967 univit,
3377 3903 3527 3973 quod
3547 3919 3660 3958 non

2063 3991 2245 4044 solum
2274 3992 2440 4061 longa
2467 3996 2525 4045 et
2551 3991 2683 4054 lata,
2699 3990 2798 4044 sed
2833 3990 3004 4044 etiam
3036 3990 3152 4044 alta
3179 3996 3236 4044 et
3261 3989 3538 4061 profunda
3555 3991 3658 4047 fuit

381 4095 506 4164 gita
535 4095 593 4148 in
621 4095 784 4149 corde
814 4101 910 4150 tuo
941 4097 1101 4166 cujus
1117 4096 1302 4165 imago
1333 4102 1390 4150 et
1413 4097 1809 4168 superscriptio
1831 4098 1975 4153 hac:
2001 4079 2216 4182 Cinfo
2245 4080 2489 4182 Charm-15
2503 4081 2746 4182 .fll‘alem.
2761 4080 2948 4182 D3111?“
2964 4079 3450 4182 demit‘cxm‘tﬁfm.
3463 4087 3524 4182 ,εἴ
3555 4082 3658 4182 ’1?-

388 4183 524 4254 quia
553 4184 704 4238 Deus
732 4191 818 4240 est
844 4191 902 4240 et
929 4186 1116 4239 homo.

1009 4311 1244 4366 CAPUT
1281 4313 1353 4367 II.

454 4433 757 4488 Considera
790 4437 990 4506 primo,
1034 4437 1082 4490 si
1130 4442 1308 4508 potes,
1362 4443 1419 4491 et
1467 4443 1741 4508 quantum
1796 4441 1975 4508 potes,

379 4529 594 4593 quanta
618 4523 694 4577 sit
722 4523 954 4578 interior
973 4525 1267 4596 longitudo
1289 4526 1558 4580 claritatis
1574 4527 1630 4580 in
1652 4525 1971 4591 Divinitate,

376 4628 505 4683 qua
535 4612 612 4666 sic
640 4613 698 4666 in
728 4629 794 4667 eo
823 4619 906 4667 tot
935 4615 1098 4668 annis
1139 4615 1322 4682 latuit,
1357 4616 1640 4686 attingens
1669 4632 1703 4668 a
1740 4616 1850 4668 line
1879 4631 1975 4668 us~

375 4717 488 4771 que
517 4702 586 4755 ad
628 4703 817 4768 ﬁnem,
844 4719 955 4756 non
985 4703 1200 4758 habens
1221 4704 1556 4776 principium
1577 4721 1759 4774 neque
1781 4705 1969 4769 ﬁnem,

371 4790 433 4843 in
466 4807 576 4860 qua
603 4792 752 4845 Deus
782 4792 949 4846 Pater
975 4793 1149 4863 elegit
1174 4810 1276 4847 nos
1297 4793 1354 4846 in
1384 4793 1606 4848 Christo
1627 4799 1758 4847 ante
1777 4793 1974 4847 mundi

368 4879 828 4933 constitutionem
838 4880 1080 4944 .Quanta
1092 4881 1260 4935 etiam
1275 4881 1816 4951 exteriorlongitudo
1829 4883 1877 4950 ej
1887 4899 1974 4935 us-

366 4968 499 5022 dem
544 4969 602 5022 in
650 4969 1020 5036 humanitate,
1057 4969 1114 5023 in
1163 4987 1273 5042 qua
1301 4976 1418 5024 tam
1461 4970 1557 5024 diu
1589 4976 1674 5024 tot
1713 4975 1770 5024 et
1816 4976 1974 5024 tanta

368 5057 656 5118 sustinuit,
681 5058 741 5111 in
762 5063 879 5112 toto
901 5075 1134 5130 corpore
1155 5065 1213 5112 et
1237 5065 1397 5112 tanto
1424 5065 1695 5130 tempore,
1720 5076 1754 5112 a
1781 5059 1974 5130 planta

365 5145 525 5216 pedis
556 5163 734 5217 usque
764 5147 834 5201 ad
865 5147 1149 5212 verticem,
1183 5147 1253 5201 ab
1280 5146 1666 5201 incarnatione
1695 5163 1873 5218 usque
1902 5149 1973 5201 ad

367 5237 860 5290 resurrectionem.
885 5237 1195 5290 Considera
1206 5253 1318 5290 non
1334 5237 1516 5290 solum
1537 5236 1968 5306 longitudinem,

2065 4169 2274 4222 minem
2296 4170 2545 4240 oportuit
2563 4169 2832 4224 invenire.
2855 4169 2984 4223 Vide
3002 4175 3214 4240 quanta
3229 4169 3544 4224 sublimitas
3563 4171 3661 4225 illa

2066 4265 2122 4311 et
2145 4259 2391 4328 gloriosa
2417 4260 2684 4328 majestas
2717 4258 2867 4312 unde
2893 4258 3062 4323 venit,
3097 4275 3267 4328 quam
3297 4259 3574 4330 profunda
3603 4266 3660 4314 et

2064 4347 2185 4400 vilis
2214 4347 2502 4402 humilitas
2531 4365 2640 4418 quo
2683 4347 2989 4401 descendit.
3014 4348 3062 4400 A
3089 4363 3309 4400 summo
3336 4348 3473 4401 calo
3501 4347 3562 4402 in
3577 4349 3658 4402 in-

2061 4435 2291 4490 feriores
2307 4443 2495 4507 partes
2514 4443 2698 4499 terra,
2723 4452 2757 4488 a
2783 4436 2986 4491 throno
2997 4434 3189 4504 gloria
3205 4435 3264 4488 in
3287 4435 3471 4488 locum
3491 4437 3658 4491 mise-

2060 4525 2174 4590 ria,
2209 4542 2241 4578 a
2261 4521 2473 4579 deliciis
2502 4525 2830 4595 angelorum
2859 4523 2928 4576 ad
2960 4539 3154 4576 omnes
3175 4523 3461 4577 molestias
3477 4524 3656 4579 homi-

2059 4631 2214 4678 num,
2232 4615 2301 4667 de
2330 4615 2457 4667 sinu
2499 4613 2682 4666 Patris
2711 4613 2770 4665 in
2800 4618 3024 4665 uterum
3051 4612 3403 4682 paupercula
3432 4614 3650 4680 matris,

2057 4703 2127 4756 de
2157 4703 2416 4772 angustia
2442 4701 2591 4755 uteri
2606 4700 2894 4771 virginalis
2913 4700 2971 4754 in
3000 4700 3106 4775 vile
3126 4699 3413 4756 stabulum
3432 4701 3577 4757 asini
3599 4709 3656 4756 et

2055 4791 2226 4856 bovis,
2263 4795 2319 4844 et
2347 4795 2473 4860 post
2499 4791 2558 4844 in
2587 4791 2893 4861 ngyptum
2912 4789 3117 4843 timore
3141 4790 3399 4856 Herodis,
3435 4791 3566 4845 inde
3595 4792 3654 4845 in

2055 4879 2242 4951 patria
2269 4879 2391 4933 sine
2441 4879 2654 4933 honore
2705 4895 2957 4940 manens,
2999 4884 3084 4932 tot
3123 4878 3520 4950 blasphemias,
3570 4885 3657 4934 tot

2055 4969 2442 5032 contumelias,
2455 4974 2542 5022 tot
2557 4968 2812 5039 injurias,
2827 4973 2914 5021 tot
2931 4967 3163 5021 insidias
3179 4967 3469 5021 humiliter
3483 4968 3655 5023 susti-

2056 5076 2213 5113 nens.
2238 5061 2304 5114 In
2333 5059 2518 5112 medio
2543 5058 2946 5128 discipulorum
2975 5058 3133 5128 quasi
3156 5073 3348 5110 servus
3366 5073 3656 5111 servorum

2056 5148 2282 5202 servivit
2303 5165 2481 5218 usque
2502 5147 2572 5201 ad
2595 5147 2988 5218 purgationem
3021 5151 3379 5216 peccatorum
3411 5151 3469 5199 et
3495 5144 3656 5201 ablu-

2052 5238 2267 5292 tionem
2294 5237 2520 5308 pedum,
2554 5236 2724 5289 etiam
2769 5237 2925 5290 Juda
2958 5234 3265 5298 traditoris,
3303 5233 3398 5304 qui
3428 5250 3531 5288 nec
3555 5235 3657 5289 tali

366 5324 465 5377 sed
495 5326 667 5380 etiam
710 5325 1068 5381 latitudinem
1097 5325 1420 5380 charitatis:
1447 5325 1580 5396 quia
1606 5341 1708 5378 nos
1737 5342 1848 5378 non
1879 5343 1970 5380 so-
2054 5326 2341 5397 obsequio,
2375 5341 2476 5379 nec
2515 5325 2663 5379 dulci
2718 5324 2984 5389 convivio,
3029 5340 3132 5377 nec
3175 5323 3333 5376 suavi
3379 5323 3656 5395 colloquio

367 5413 485 5466 lum
519 5420 810 5486 perpetua,
825 5415 922 5469 sed
953 5417 1125 5470 etiam
1155 5414 1332 5469 nimia
1359 5413 1632 5468 charitate
1663 5413 1874 5480 dilexit,
1891 5414 2262 5495 itaDplacari
2291 5413 2492 5486 potuit,
2526 5430 2627 5467 nec
2654 5413 2842 5467 osculo
2871 5413 3041 5483 pacis,
3087 5411 3222 5483 quin
3265 5427 3392 5466 eum
3431 5427 3534 5483 pro
3562 5412 3656 5466 vili

365 5503 516 5572 quod
555 5504 704 5558 Deus
752 5504 906 5558 nullo
956 5505 1234 5575 indigens,
1270 5503 1364 5575 qui
1414 5502 1607 5557 omnia
1652 5509 1883 5574 prapter
1911 5521 1970 5559 se
2055 5504 2234 5575 pretio
2265 5503 2335 5557 ad
2358 5509 2599 5556 mortem
2625 5501 2891 5555 venderet
2912 5499 3172 5566 inimicis,
3199 5506 3439 5554 mortem
3463 5506 3654 5554 autem

364 5590 515 5654 fecit,
553 5599 609 5645 et
661 5594 854 5648 omnia
903 5594 1114 5648 homini
1162 5593 1414 5663 subjecit,
1445 5597 1745 5663 postquam
1801 5593 1968 5647 homo
2053 5593 2251 5646 crucis.
2284 5591 2388 5647 Ubi
2417 5597 2640 5644 tantum
2669 5607 2727 5644 se
2759 5589 3080 5654 exinanivit,
3115 5588 3262 5659 quod
3301 5589 3372 5642 de
3401 5589 3655 5660 patibulo

363 5684 570 5733 cuncta
591 5683 869 5750 peccando
890 5683 1151 5754 perdidit,
1181 5683 1328 5738 Deus
1351 5698 1479 5736 eum
1510 5681 1743 5752 perdere
1765 5681 1964 5742 noluit,
2052 5681 2336 5735 latronum
2368 5679 2674 5745 descendit,
2697 5695 2898 5749 corpus
2917 5678 2977 5731 in
3004 5677 3324 5748 sepulcrum
3343 5684 3400 5732 et
3419 5678 3653 5748 spiritus
