3958 6170
290 288 438 346 1429
1525 249 1621 344 DE
1663 289 1901 346 PASSIC

1991 290 2018 344 Ξ
2047 288 2331 345 ΒΟΜΙΝἹ.
3431 291 3574 350 1430

293 416 539 470 clamare
551 414 814 481 audebat,
838 431 910 468 ne
923 413 1256 489 patientiam
1271 412 1552 482 perderet,
1570 419 1630 466 et
1646 413 1892 468 morien-
1905 417 1954 476 A
1977 418 2338 482 murmurant
2365 414 2422 468 in
2452 414 2719 490 adversis,
2749 415 2892 469 sicut
2922 416 3068 481 lat-ro
3085 403 3337 486 pendens
3362 432 3398 470 a
3413 415 3577 470 sinis-

294 511 410 558 tem
430 505 614 558 ﬁlium
627 503 1001 558 commo'riens
1023 501 1148 572 plus
1167 507 1448 571 gravaret,
1472 506 1632 556 tanto
1653 502 1894 556 acriores
1976 503 2098 558 tris.
2115 495 2284 556 Pauci
2296 519 2426 557 vero
2447 519 2547 574 pro
2568 504 2810 574 peccatis
2831 503 2948 557 suis
2978 504 3128 558 mala
3154 505 3434 575 patienter
3459 505 3575 560 suf-

294 593 354 646 in
383 593 554 648 corde
581 593 936 646 discissiones
965 591 1240 645 viscerum
1268 589 1565 660 sentiebat.

367 683 480 736 Sed
507 683 732 753 quando
760 681 902 735 vidit
930 668 1079 751 quod
1119 680 1198 732 sic
1229 681 1373 734 male
1411 685 1685 753 tractatus
1716 681 1895 734 Deum

295 771 525 842 Patrem
553 787 654 842 pro
683 770 793 840 illis
824 765 1058 842 [oraret]
1087 772 1145 824 et
1180 769 1352 843 etiam
1398 769 1533 846 quia
1577 769 1900 823 nesciebant

296 862 432 930 quid
460 857 710 914 facerent
737 854 1052 922 excusaret,'
1101 858 1380 928 quomodo
1431 873 1544 911 non
1593 858 1733 912 dixit
1779 859 1832 912 ei
1881 878 1892 912 :

293 949 403 1002 Fili
431 949 793 1003 dilectissime
817 954 876 1002 et
902 947 1239 1012 dulcissime,
1265 963 1364 1000 cur
1391 948 1497 1015 hoc
1525 947 1698 1002 dicis?
1730 947 1817 1012 Illi
1842 953 1900 1000 te

293 1037 655 1107 cruciﬁgunt,
687 1037 947 1090 derident
971 1045 1028 1090 et
1056 1035 1415 1096 maledicunt,
1447 1042 1504 1088 et
1537 1042 1600 1088 tu
1641 1042 1898 1089 econtra-

293 1127 380 1180 rio
407 1127 731 1180 benedicis?
763 1125 1054 1190 Quomodo
1088 1125 1347 1178 nesciunt
1367 1124 1500 1195 quid
1522 1125 1754 1190 faciunt,
1780 1125 1900 1195 qui-

293 1215 404 1269 bus
425 1216 564 1269 nihil
587 1216 719 1270 mali
741 1215 955 1268 fecisti?
979 1215 1048 1268 Et
1064 1213 1197 1284 quid
1229 1214 1414 1267 dicere
1448 1213 1648 1284 potuit,
1675 1214 1898 1284 quando

293 1305 549 1359 moriens
566 1321 690 1358 eam
723 1305 793 1358 ad
821 1302 1248 1379 custodiendum
1272 1319 1445 1373 puero
1461 1303 1900 1372 commendavit?

295 1394 435 1458 Quae
447 1393 556 1448 fuit
570 1394 676 1448 ista
687 1375 994 1468 consolatio
1005 1375 1413 1446 idolentissimae
1439 1392 1636 1468 matris
1648 1391 1707 1456 in
1720 1398 1901 1448 morte

295 1481 651 1536 dilectissimi
691 1480 790 1535 ﬁlii
824 1499 836 1533 :
870 1481 1073 1552 Accipe
1106 1480 1284 1533 ﬁlium
1327 1479 1577 1537 Zebedaei
1618 1497 1718 1552 pro
1762 1480 1900 1534 Filio

296 1570 442 1647 Dei?
473 1571 616 1634 Quid
649 1575 870 1644 poterat
897 1571 1082 1647 dicere
1103 1575 1285 1622 mater
1303 1569 1438 1646 ﬁlio,
1464 1574 1522 1646 et
1540 1568 1688 1623 ﬁlius
1708 1569 1895 1634 matri,

295 1643 347 1712 si
383 1647 530 1712 tunc
545 1663 776 1734 possent
803 1659 872 1723 ad
904 1643 1142 1734 invicem
1170 1658 1267 1712 diu
1295 1643 1583 1730 lo'qui?'Et
1623 1661 1901 1730 quomodo

293 1748 530 1830 tandem
547 1729 751 1823 videre
781 1748 964 1822 potuit
989 1729 1242 1825 gladium
1267 1729 1602 1814 venientem,
1631 1729 1799 1822 quem
1818 1733 1964 1802 totB

295 1837 468 1918 annis
495 1853 529 1890 a
555 1836 852 1916 prophetia
880 1835 1157 1892 Simeonis
1178 1853 1280 1912 per
1298 1835 1418 1890 dies
1445 1836 1695 1912 singulos
1714 1853 1904 1908 exspe-

293 1926 491 2008 ctavit,
536 1926 631 1998 qui
662 1932 796 2004 tunc
817 1943 918 2000 per
941 1925 1089 1999 latus
1111 1925 1210 1990 ﬁlii
1231 1930 1490 1998 materna
1507 1925 1718 1980 viscera
1738 1943 1903 1997 pene-

1975 591 2184 658 ferunt,
2209 598 2266 646 et
2282 593 2588 658 salvantur,
2619 598 2684 646 ut
2701 593 2846 646 latro
2866 593 3118 664 pendens
3137 611 3171 646 a
3189 593 3416 647 dextris.
3435 594 3578 648 Pau-

1979 679 2189 732 cissimi
2218 680 2388 733 etiam
2409 681 2479 732 ad
2505 680 2730 734 modum
2747 685 3070 734 sanctarum
3097 681 3434 758 feminarum
3454 699 3578 757 pas-

1979 769 2124 824 sioni
2153 768 2359 854 Christi
2393 768 2661 824 veraciter
2687 769 3128 840 compatiuntur.

2054 857 2119 910 Et
2149 857 2342 910 tamen
2372 874 2483 911 non
2515 858 2593 911 sic
2622 857 2780 929 impii
2819 858 3008 912 satiati
3050 863 3184 912 sunt
3211 858 3388 930 poenis
3433 859 3576 928 ejus,

1982 945 2080 1003 sed
2109 945 2363 1011 inaudita
2392 946 2548 1000 rabie
2579 947 2637 1000 in
2656 951 2942 1004 mortuum
2966 948 3255 1002 saevientes
3277 949 3425 1002 latus
3457 949 3580 1018 ejus

1983 1035 2178 1087 lancea
2203 1036 2622 1089 transﬁxerunt.
2663 1037 2872 1109 Etcum
2893 1037 3138 1091 tenebrae
3158 1038 3377 1103 ﬁerent,
3410 1042 3468 1091 et
3493 1053 3582 1091 ve-

1983 1123 2099 1177 lum
2119 1123 2316 1194 templi
2337 1123 2580 1188 caderet,
2599 1141 2728 1177 cum
2751 1131 2923 1196 petrae
2945 1125 3335 1180 scinderentur
3354 1131 3411 1180 et
3431 1132 3584 1180 terra

1980 1217 2267 1276 tremeret,
2293 1229 2419 1266 cum
2443 1214 2702 1283 sepulcra
2730 1219 3006 1284 paterent,
3041 1220 3098 1268 et
3125 1215 3269 1268 latro
3287 1215 3583 1269 conﬁtere-

1979 1306 2093 1365 tur,
2129 1306 2187 1354 et
2213 1301 2464 1354 centurio
2489 1302 2706 1371 justum
2731 1302 2833 1356 Dei
2873 1303 3075 1374 Filium
3099 1303 3460 1373 gloriﬁcaret,
3481 1304 3581 1357 Ju-

1982 1389 2086 1445 daei
2107 1389 2308 1460 perﬁdi
2330 1406 2432 1443 nec
2451 1389 2677 1444 credere
2707 1407 2810 1444 nec
2838 1391 3084 1462 compati
3122 1392 3442 1460 voluerunt,
3485 1393 3582 1446 sed

1983 1479 2334 1554 seductorem
2376 1485 2732 1545 vocaverunt,
2765 1484 2822 1532 et
2851 1479 2923 1551 ad
2959 1480 3260 1550 delendum
3290 1497 3495 1548 nomen
3524 1485 3584 1536 et

1983 1567 2312 1621 memoriam
2332 1567 2615 1638 sepultum
2631 1568 3037 1636 custodierunt,
3059 1573 3118 1622 et
3132 1567 3280 1640 furto
3299 1567 3583 1636 sublatum
3613 1565 3620 1572 ’

1985 1673 2018 1710 a
2045 1656 2334 1726 discipulis
2363 1655 2676 1710 edixerunt.

2599 1798 2832 1853 CAPUT
2866 1799 2960 1852 IX.

2057 1923 2102 2002 Ο
2133 1923 2342 2002 anima,
2373 1923 2483 1978 ista
2507 1939 2684 1994 pensa
2704 1928 2762 1978 et
2778 1923 3042 1998 recogita,
3067 1939 3241 1995 quam
3261 1931 3504 1995 angusta
3532 1931 3590 1980 et

291 1995 507 2069 travit?
520 1995 640 2096 Quo
648 1999 810 2068 modo
818 1995 958 2067 tunc
970 2019 1193 2088 poterat
1201 2029 1324 2067 eam
1343 1995 1621 2068 sustinere
1637 1995 1898 2080 Joannes,
1983 1995 2186 2084 aspera
2194 2012 2283 2066 via
2307 1997 2394 2066 est
2413 2029 2538 2082 quae
2565 2011 2722 2086 ducit
2737 1995 2808 2068 ad
2829 2011 3019 2076 vitam,
3041 2018 3098 2068 et
3111 2019 3326 2085 quanta
3339 2015 3590 2084 oportuit

293 2121 370 2156 ne
389 2103 633 2168 caderet,
661 2120 787 2157 cum
808 2103 926 2177 ipse
949 2102 1068 2158 sine
1099 2103 1342 2156 maximo
1363 2102 1555 2156 dolore
1577 2119 1690 2172 non
1713 2103 1901 2173 esset?
1986 2119 2117 2156 eum
2147 2101 2262 2178 pati
2292 2107 2357 2155 ut
2381 2101 2620 2156 intraret
2647 2100 2704 2154 in
2731 2100 2968 2172 gloriam
2989 2117 3170 2156 suam.
3197 2101 3254 2158 Si
3271 2119 3433 2157 suam
3459 2103 3583 2172 glo-

372 2191 612 2245 Videbat
641 2193 812 2246 etiam
855 2191 1128 2246 Dominus
1167 2191 1238 2267 ad
1281 2196 1648 2262 augmentum
1694 2191 1901 2268 doloris
1983 2191 2127 2244 riam
2140 2189 2218 2244 sic
2237 2189 2391 2261 emit,
2409 2190 2533 2277 quis
2550 2206 2674 2243 eam
2696 2190 2923 2244 omnino
2943 2190 3120 2260 gratis
3133 2189 3402 2244 habebit?
3421 2191 3588 2258 Deni-

291 2281 388 2334 sui
419 2287 535 2334 tam
562 2281 746 2335 viliter
775 2289 831 2335 et
867 2280 1144 2335 inutiliter
1187 2280 1426 2334 effusum
1469 2280 1641 2333 talem
1672 2281 1900 2351 sangui-

293 2385 452 2434 nem,
484 2370 614 2440 quia
643 2370 722 2423 sic
751 2369 809 2424 in
845 2386 1051 2423 vanum
1096 2369 1387 2434 laboravit,
1438 2370 1585 2440 quod
1634 2371 1723 2424 vix
1767 2375 1902 2445 tunc
1983 2373 2116 2422 tuus
2147 2372 2233 2421 est
2259 2367 2516 2432 caelestis,
2549 2374 2606 2421 et
2632 2367 2806 2420 frater
2826 2367 2997 2422 etiam
3009 2367 3275 2438 carnalis,
3299 2372 3357 2420 et
3374 2367 3588 2437 amicus

292 2475 482 2536 unum
513 2459 788 2532 latronem
819 2458 1130 2536 acquisivit,
1166 2465 1222 2511 et
1240 2475 1414 2515 unum
1439 2458 1752 2529 apostolum
1782 2476 1904 2530 per-
1986 2457 2185 2517 ﬁdelis,
2228 2463 2285 2509 et
2312 2456 2616 2520 beneﬁcus,
2661 2455 2833 2522 utilis,
2875 2456 2956 2509 ita
3000 2457 3149 2526 quod
3181 2455 3350 2528 etiam
3390 2473 3491 2527 pro
3528 2465 3584 2536 te

293 2532 465 2620 didit.
501 2547 736 2620 Videbat
765 2532 968 2620 iterum
994 2553 1130 2620 tunc
1152 2547 1209 2600 in
1229 2547 1596 2617 pmsentibus
1625 2554 1682 2602 et
1700 2547 1905 2620 futuris
1986 2547 2252 2614 damnato
2283 2551 2586 2615 antequam
2633 2544 2714 2597 sic
2751 2551 3082 2610 moreretur,
3131 2561 3233 2616 pro
3278 2551 3439 2612 reatu
3487 2533 3585 2600 tuo

291 2610 626 2707 generalem
644 2610 1130 2708 lingratitudinem,
1157 2610 1304 2707 qubd
1327 2638 1497 2691 etiam
1518 2655 1552 2690 a
1569 2610 1904 2692 Christianis
1985 2610 2188 2704 grandi
2211 2638 2269 2688 et
2287 2610 2582 2708 multiplici
2603 2633 2682 2686 sic
2703 2633 2937 2704 punitur
2954 2633 3012 2686 in
3041 2610 3303 2688 omnibus
3317 2610 3586 2690 membris

293 2733 577 2798 tanquam
597 2732 856 2780 mortuus
881 2727 1099 2780 dandus
1129 2731 1254 2780 erat
1281 2725 1542 2782 oblivioni
1569 2745 1579 2779 :
1615 2727 1748 2797 quia
1765 2743 1905 2798 pau-
1988 2723 2123 2788 suis,
2147 2730 2211 2778 ut
2231 2696 2632 2798 propitiaretur
2653 2721 2911 2776 omnibus
2931 2721 3447 2793 iniquitatibustuis
3476 2723 3586 2776 :sic

292 2811 676 2870 cissimi'sunt
703 2815 799 2886 qui
821 2815 872 2870 ei
898 2816 967 2869 de
998 2822 1156 2869 tanto
1179 2815 1448 2869 beneﬁcio
1475 2815 1689 2885 gratias
1711 2822 1898 2886 agant,
1987 2813 2227 2868 sustinet
2254 2813 2448 2884 plagas
2479 2813 2705 2877 multas,
2739 2818 2804 2866 ut
2832 2816 2992 2866 sanet
3011 2827 3207 2866 omnes
3225 2811 3584 2868 inﬁrmitates

294 2904 474 2958 etiam
501 2905 636 2958 dum
665 2905 992 2984 cruciﬁxum
1025 2905 1215 2958 vident
1241 2905 1511 2958 dicendo:
1539 2906 1746 2969 Gloria,
1781 2909 1904 2959 laus
1985 2906 2114 2956 tuas
2144 2921 2155 2954 :
2188 2901 2266 2956 sic
2318 2901 2561 2978 redemit
2597 2901 2668 2976 de
2708 2900 2939 2970 interitu
2978 2901 3152 2970 vitam
3196 2905 3352 2958 tuam
3393 2900 3584 2967 vilem,

292 2999 348 3046 et
384 2994 561 3046 honor
604 2995 706 3046 tibi
741 2997 831 3057 sit,
887 2995 994 3048 Rex
1037 2995 1250 3048 Christe
1285 2995 1622 3062 Redemptor.
1666 2990 2264 3066 Videbatninutilem,
2288 2989 2742 3060 abominabilem,
2783 2989 3164 3061 damnabilem
3199 2989 3587 3060 redemptione

291 3067 475 3157 etiam
504 3082 776 3156 Dominus
806 3050 1164 3152 praesentium
1183 3087 1239 3136 et
1255 3050 1571 3158 futurorum
1601 3055 1904 3154 pessimam
1922 3050 2100 3134 Ctam
2131 3050 2393 3150 pretiosa,
2427 3086 2544 3133 tam
2582 3055 2825 3150 c0piosa,
2865 3084 2984 3132 tam
3015 3078 3283 3150 gratiosa,
3315 3050 3588 3148 tam-glo-

292 3169 745 3249 vicissitudinem
771 3170 841 3224 ab
867 3172 954 3227 his
983 3173 1078 3242 qui
1109 3172 1348 3249 oderunt
1368 3188 1497 3226 eum
1524 3172 1722 3241 gratis,
1747 3177 1805 3224 et
1820 3189 1904 3225 re-
1984 3170 2135 3224 riosa
2161 3169 2401 3238 Deitate.
2439 3168 2528 3223 Sic
2558 3168 2800 3222 destruit
2821 3173 3044 3224 reatum
3073 3169 3286 3239 peccati
3307 3173 3364 3224 et
3384 3167 3588 3222 inferni

295 3244 564 3328 tribuunt
592 3260 741 3313 mala
762 3277 862 3331 pro
891 3260 1050 3339 bonis
1075 3279 1085 3313 :
1114 3244 1246 3336 quia
1264 3261 1311 3314 si
1339 3261 1455 3336 pati
1484 3267 1692 3332 posset,
1719 3261 1902 3316 adhuc
1983 3276 2084 3336 per
2111 3257 2285 3314 talem
2315 3257 2608 3312 interitum
2637 3258 2887 3330 corporis
2917 3257 3023 3311 sui.
3057 3257 3147 3312 Sic
3182 3255 3474 3324 mronavit
3500 3272 3590 3312 ca-

291 3338 498 3420 pejora
525 3355 815 3426 pateretur
844 3366 878 3402 a
897 3338 1069 3425 malis
1111 3350 1444 3426 Christianis
1482 3367 1652 3424 quam
1700 3356 1834 3420 tunc
1869 3367 1904 3403 a
1983 3353 2087 3422 put
2105 3349 2298 3419 spinis,
2334 3353 2398 3400 ut
2429 3352 2725 3401 coronaret
2745 3351 2803 3400 te
2826 3345 2886 3399 in
2915 3344 3301 3425 misericordia
3331 3349 3390 3398 et
3415 3345 3588 3400 mise-

293 3434 514 3515 Judazis
537 3455 548 3493 :
567 3422 702 3509 quia
721 3425 890 3512 super
909 3422 1168 3503 dolorem.
1179 3440 1474 3494 vulnerum
1497 3422 1619 3510 ejus
1633 3439 1902 3493 addentes
1985 3436 2298 3490 rationibus
2323 3454 2334 3490 :
2359 3436 2442 3489 ita
2463 3435 2674 3505 repleta
2697 3440 2784 3488 est
2803 3433 2966 3489 malis
2996 3433 3187 3488 anima
3211 3422 3353 3502 ejus,
3387 3438 3445 3486 et
3465 3433 3590 3488 nul-

293 3515 838 3601 prmvaricationem,
875 3528 1068 3600 plagas
1097 3529 1218 3603 ejus
1249 3528 1497 3599 quotidie
1526 3533 1814 3595 renovant,
1847 3534 1904 3581 et
1985 3527 2099 3580 lum
2122 3525 2316 3578 mundi
2338 3523 2534 3578 habuit
2552 3523 2780 3589 bonum,
2805 3526 2871 3576 ut
2887 3522 3106 3592 repleat
3121 3520 3180 3576 in
3198 3519 3359 3580 bonis
3373 3519 3590 3574 deside-

293 3613 508 3687 iterum
534 3616 887 3687 cruciﬁgunt,
923 3622 980 3670 et
1005 3617 1252 3687 ostentui
1281 3617 1508 3687 habent.
1984 3614 2132 3668 rium
2156 3619 2337 3683 tuum.
2376 3612 2467 3666 Sic
2495 3611 2734 3682 moritur
2761 3611 2820 3664 in
2847 3626 3010 3664 cruce
3030 3627 3162 3664 caro
3192 3625 3312 3676 sua,
3337 3613 3400 3663 ut
3420 3623 3588 3664 reno-

295 3679 306 3697 ¹
672 3681 678 3694 ⁸
852 3679 860 3696 Ι
900 3759 938 3774 η
993 3683 1131 3774 ML,“
1169 3685 1312 3774 ππῇ
1985 3707 2245 3757 vetur-ut
2259 3701 2471 3774 aquila:
2493 3701 2759 3771 juventus
2786 3705 2905 3768 tua.

896 3759 1131 3814 CAPUT
1169 3760 1318 3862 VII'L
2059 3793 2129 3846 Et
2155 3797 2216 3846 tu
2248 3769 2305 3845 in
2322 3759 2420 3863 iliis
2452 3759 2712 3843 omnibus
2741 3759 3077 3858 insensatus,
3100 3787 3398 3866 induratus
3427 3791 3486 3839 et
3505 3785 3587 3844 in-

368 3883 612 3938 Multum
641 3885 830 3938 dolere
859 3890 1080 3956 poterat
1100 3885 1401 3939 modernos
1421 3883 1745 3956 providens,
1761 3899 1901 3953 quos
1982 3886 2179 3951 gratus
2200 3881 2316 3933 haec
2343 3878 2515 3944 vides,
2549 3883 2606 3931 et
2633 3877 2800 3943 rides,
2825 3893 2980 3930 serve
3000 3892 3242 3946 nequam
3264 3880 3323 3929 et
3341 3875 3587 3945 degene-

289 3979 352 4027 et
371 3974 678 4043 Apostolus
699 3973 886 4038 ﬁebat,
911 3974 1168 4028 inimicos
1189 3974 1372 4027 crucis
1391 3971 1620 4038 Christi,
1651 3972 1901 4042 ingratos
1983 3986 2133 4036 rans,
2169 3969 2264 4040 qui
2291 3968 2410 4022 sine
2437 3967 2652 4038 pudore
2681 3971 2740 4020 et
2766 3966 2888 4020 sine
2916 3966 3108 4020 dolore
3136 3965 3291 4019 vides
3318 3980 3510 4019 coram
3530 3969 3588 4018 te

287 4062 474 4117 tantis
495 4061 799 4128 beneﬁciis,
821 4069 1119 4133 occupatos
1137 4063 1321 4116 carnis
1341 4062 1571 4125 deliciis,
1595 4061 1902 4132 gloriantes
1924 4130 1956 4133 _
1981 4058 2298 4130 patibulum
2327 4064 2385 4112 et
2412 4073 2750 4128 suspensum
2779 4055 2840 4110 in
2869 4071 2934 4110 eo
2963 4053 3192 4110 Patrem
3235 4060 3416 4110 tuum.
3468 4053 3585 4107 Nec

289 4151 354 4206 in
380 4151 559 4216 vanis,
593 4151 878 4206 inhiantes
909 4130 1209 4206 mundanis
1252 4169 1263 4204 :
1301 4151 1504 4222 quibus
1543 4130 1654 4204 non
1695 4149 1904 4204 sufﬁcit
1923 4130 2249 4210 Dadvertis,
2282 4145 2454 4199 miser
2471 4151 2530 4199 et
2547 4145 2902 4212 miserabilis,
2934 4161 3044 4215 quo
3067 4143 3282 4214 judicio
3305 4149 3362 4196 et
3381 4142 3590 4214 suppli-

1985 2296 2094 2352 que
2119 2280 2166 2332 si
2195 2279 2307 2333 ista
2345 2285 2402 2332 te
2439 2295 2551 2332 non
2592 2283 2834 2344 movent,
2891 2278 3185 2344 considera
3225 2279 3374 2350 quod
3419 2279 3587 2350 Pater
3690 2332 3702 2340 _

291 4240 447 4311 quod
470 4241 531 4294 in
551 4239 844 4294 interitum
858 4241 1085 4305 vadunt,
1101 4241 1196 4294 sed
1212 4239 1598 4310 persequendo
1611 4239 1789 4292 bonos
1810 4255 1905 4292 eos

293 4329 578 4411 derident,
615 4329 935 4411 vituperant
963 4335 1020 4382 et
1039 4333 1424 4411 contemnunt,
1451 4328 1564 4380 imo
1586 4333 1643 4380 et
1662 4327 1907 4411 spoliant

293 4422 354 4492 et
374 4397 656 4492 occidunt,
682 4417 827 4470 sicut
857 4405 1118 4488 fecerunt
1137 4397 1376 4471 Domino
1411 4416 1618 4470 milites
1651 4397 1816 4485 regis,
1849 4420 1907 4468 et

262 4515 268 4519 '
291 4505 484 4560 clerici
505 4505 648 4575 legis
669 4511 726 4558 et
749 4506 988 4576 populus
1010 4506 1365 4560 consentiens
1389 4506 1489 4570 eis,
1515 4505 1584 4558 de
1607 4504 1807 4574 quibus
1817 4503 1904 4556 di-

291 4595 447 4648 citur
473 4594 531 4648 in
573 4595 849 4648 Malachia
885 4614 894 4647 :
965 4597 1050 4647 Vos
1092 4612 1174 4648 me
1214 4597 1560 4662 cruciﬁgitz’s.
1603 4609 1752 4660 gens,
1797 4597 1906 4644 tota

299 4685 410 4736 die.

374 4771 492 4846 Nec
519 4771 708 4846 minus
737 4771 1034 4843 displicent
1059 4770 1222 4842 multi
1247 4771 1400 4836 mali,
1435 4771 1532 4841 qui
1559 4770 1740 4823 multa
1757 4770 1906 4834 mala

299 4859 576 4923 fecerunt,
601 4866 662 4915 et
677 4861 828 4914 mala
845 4861 1113 4927 inferunt,
1138 4865 1196 4914 et
1213 4861 1396 4914 Deum
1415 4859 1828 4939 blasphemant,
1848 4863 1907 4912 et

1985 4237 2070 4289 cio
2099 4237 2302 4306 dignus
2327 4251 2386 4288 es
2416 4234 2799 4297 condemnari,
2845 4234 2940 4304 qui
2975 4249 3176 4304 corpus
3205 4233 3326 4301 ejus
3347 4223 3432 4283 Isic
3456 4225 3590 4306 pen-

1987 4305 2178 4379 dentis
2193 4325 2250 4378 in
2271 4323 2522 4395 patibulo
2549 4323 2717 4404 toties
2746 4323 2951 4394 sagitta
2973 4321 3056 4374 vel
3080 4319 3274 4397 lancea
3301 4305 3586 4373 transﬁxi-

1987 4414 2079 4479 sti,
2114 4415 2334 4485 quoties
2365 4413 2678 4472 mortaliter
2701 4410 2940 4482 peccasti
2975 4427 2988 4462 :
3020 4426 3121 4462 nec
3146 4407 3457 4462 sufﬁciebat
3484 4407 3588 4464 tibi
3636 4430 3642 4436 ·

1988 4503 2235 4556 animam
2277 4508 2436 4556 tuam
2480 4517 2592 4554 non
2641 4500 2876 4553 reddere
2917 4497 3278 4567 Redemptori
3321 4503 3439 4564 tuo,
3489 4497 3589 4551 sed

1989 4591 2159 4646 etiam
2193 4591 2244 4643 ei
2275 4590 2412 4644 alias
2438 4587 2738 4642 abstulisti.
2771 4588 2928 4657 Roga
2955 4602 3088 4656 ergo
3126 4591 3193 4640 ut
3217 4585 3293 4640 sit
3307 4583 3411 4643 tibi
3437 4585 3589 4640 Deus

1992 4677 2306 4734 misericors
2335 4681 2391 4732 et
2419 4677 2716 4749 propitius,
2751 4682 2806 4730 et
2831 4671 3161 4730 convertere
3187 4675 3245 4730 in
3273 4668 3406 4730 toto'
3423 4673 3588 4729 corde

1989 4769 2060 4823 ad
2089 4769 2277 4839 ipsum
2309 4787 2322 4821 :
2357 4767 2452 4838 qui
2481 4766 2617 4820 vivit
2637 4765 2696 4819 in
2725 4765 2926 4820 saecula
2951 4751 3302 4820 saeculorum.
