4018 6168
408 329 932 361 π

935 324 3674 361 w

833 467 1482 567 BEATI
1564 469 1987 570 ΒΑΕ

2074 470 2419 568 ΑΝΙ
2510 468 3242 568 MAURI

1096 641 1492 698 FULDENSIS
1519 642 1825 699 ABBATIS
1853 642 1944 698 ET
1970 641 2390 698 MOGUNTINI
2416 641 2978 699 ARCHIEPISCOPI

411 772 612 904 DE
727 771 1106 905 VITA

1253 770 1811 906 BEATfE
1943 771 2512 907 MARUE
2636 771 3679 910 MAGDALENZE

1117 975 1236 1048 ET
1287 973 1710 1055 SOBORIS
1761 971 1864 1046 EJ
1869 971 1987 1046 US

2074 971 2445 1045 SANCTZE
2497 971 2960 1047 ΜΑΒΤΗᾹΞΣ.

903 1127 1272 1195 (Monuments
1296 1127 1499 1181 inédits
1525 1141 1628 1180 sur
1655 1126 1961 1196 t’apostolat
1986 1125 2050 1178 de
2073 1126 2254 1179 sainte
2281 1124 2582 1178 Madeleine
2608 1139 2677 1178 en
2706 1125 2991 1190 Prorenes,
3024 1125 3162 1196 etc.)

1847 1257 2212 1273 ~—

410 1401 425 1417 ,
994 1358 1396 1415 PROLOGUS.

471 1446 821 1503 Dulcissimae
850 1447 1150 1502 dilectricis
1177 1447 1407 1516 Christi,
1441 1455 1500 1504 et
1523 1465 1558 1504 a
1578 1449 1801 1504 Christo
1820 1449 1999 1520 pluri-

400 1551 560 1590 mum
587 1535 822 1602 dilectae,
854 1552 983 1591 cum
1009 1553 1234 1592 summa
1267 1539 1585 1594 reverentia
1618 1539 1993 1605 nominandae,

398 1622 738 1679 beatissimae
776 1624 966 1680 Mariae
1001 1625 1360 1696 Magdelenae,
1400 1628 1571 1682 vitam
1603 1628 1994 1699 contemplati-

398 1728 547 1779 vam,
599 1728 704 1767 nec
737 1729 860 1768 non.
889 1719 948 1768 et
983 1714 1241 1784 gloriosae
1287 1716 1494 1770 sororis
1534 1718 1676 1787 ejus,
1725 1716 1995 1772 ministrae

397 1800 627 1867 Christi,
658 1801 916 1868 Marthae,
947 1802 1120 1858 vitam
1147 1803 1386 1859 activam
1413 1815 1458 1872 θ,
1489 1805 1718 1872 scilicet,
1749 1810 1808 1860 et
1834 1822 1997 1861 vene-

397 1888 594 1944 rabilis
611 1889 802 1945 fratris
821 1907 1015 1946 earum
1035 1892 1250 1960 Lazari,
1272 1893 1596 1961 amicitiam,
1616 1899 1676 1948 et
1702 1911 1804 1966 per
1829 1895 1994 1950 Chri-

397 1984 550 2034 stum
573 1979 1062 2048 resurrectionem,
1092 1997 1206 2036 non
1235 1999 1302 2036 ex
1331 1983 1733 2039 modemorum
1756 1981 1784 2024 ὶ)
1812 1983 1991 2038 tradi-

390 2067 548 2122 tione
572 2084 753 2140 nuper
778 2069 1084 2133 inventam,
1123 2070 1336 2126 scilicet
1371 2087 1438 2126 ex
1467 2078 1712 2143 quatuor
1740 2073 1990 2144 Evange-

393 2156 601 2212 liorum
624 2157 964 2213 authenticis
980 2159 1340 2227 testimoniis,
1357 2161 1480 2232 jam
1497 2161 1632 2215 olim
1661 2161 1733 2216 ab
1751 2161 1906 2234 ipsis,
1928 2167 1994 2216 ut

392 2245 477 2302 ita
504 2246 708 2314 dicam,
740 2247 871 2302 ﬁdei
899 2254 1105 2304 nostra
1131 2249 1453 2321 crepundiis
1477 2249 1699 2322 publice
1728 2249 1993 2322 praedica-

394 2339 531 2402 tam,
557 2335 650 2408 pie
677 2335 858 2391 credit
883 2342 942 2392 et
977 2337 1113 2392 colit
1131 2337 1424 2406 catholica,
1441 2355 1544 2410 per
1560 2344 1743 2394 totum
1774 2338 1988 2406 orbem,

392 2424 655 2480 Ecclesia.
681 2425 810 2481 Non
836 2425 1014 2496 igitur
1041 2426 1276 2481 humani
1304 2427 1419 2482 oris
1448 2427 1664 2498 indiget
1690 2427 1987 2500 praeconio,

2013 1361 2066 1420 Α
2083 1373 2248 1412 cruce
2267 1357 2524 1413 Christus
2540 1355 2780 1412 Matrem
2799 1354 3090 1426 Virginem
3097 1354 3300 1426 virgini
3319 1355 3684 1410 commenda-

2079 1446 2176 1500 vit.
2209 1447 2354 1501 Vere
2383 1445 2589 1510 felices,
2631 1460 2828 1498 revera
2860 1443 3033 1510 beati,
3083 1441 3286 1515 quibus
3314 1448 3439 1498 tam
3464 1443 3682 1514 magni-

2078 1536 2268 1602 ﬁcum,
2305 1541 2426 1590 tam
2463 1533 2815 1606 praeclarum,
2856 1539 2977 1587 tam
3015 1532 3239 1587 evidens
3284 1532 3680 1587 testimonium

2078 1623 2363 1696 perhibuit
2378 1628 2635 1678 sanctum
2652 1622 3031 1693 Evangelium.
3052 1621 3139 1676 Ad
3159 1622 3308 1693 quod
3327 1621 3682 1676 enucleatius

2076 1713 2503 1779 ostendendum,
2553 1727 2738 1782 operae
2782 1711 3027 1782 pretium
3073 1711 3289 1785 aestimo
3335 1709 3681 1765 multiﬁzrias

2076 1801 2547 1873 evangelistarum
2594 1799 2906 1870 categorias
2948 1811 2973 1840 ε
3004 1799 3207 1871 quibus
3244 1798 3305 1854 in
3345 1799 3453 1854 hoc
3490 1800 3679 1872 ipsum

2075 1895 2405 1958 consonant,
2438 1905 2732 1956 enarrare;
2765 1905 2830 1959 ac
2856 1888 3081 1949 deinde,
3113 1905 3237 1960 quae
3258 1893 3390 1960 post
3417 1889 3680 1944 Salvato-

2073 1978 2153 2034 ris
2180 1978 2584 2043 ascensionem,
2617 1977 2765 2032 circa
2793 1978 2916 2048 ejus
2945 1977 3156 2032 amicos
3180 1982 3344 2047 gesta
3380 1983 3535 2042 sunt,
3570 1994 3680 2034 no-

2073 2067 2160 2122 bis
2187 2073 2379 2140 patres
2405 2066 2584 2122 nostri
2612 2066 2988 2133 tradiderunt,
3020 2071 3079 2121 et
3104 2066 3165 2120 in
3190 2067 3310 2120 suis
3335 2067 3510 2121 etiam
3538 2068 3680 2122 reli-

2073 2163 2320 2229 querunt
2346 2155 2589 2229 scriptis,
2638 2155 2784 2227 stylo
2830 2155 3015 2210 veraci
3057 2155 3354 2214 disserere.
3404 2155 3565 2221 Quod
3611 2163 3683 2210 ut

2072 2245 2340 2317 liquidius
2367 2260 2798 2317 prosequamur,
2822 2245 2990 2316 paulo
3010 2244 3179 2299 altius
3197 2250 3515 2316 repetentes
3533 2246 3679 2316 quid

2072 2335 2143 2389 de
2170 2350 2366 2390 eorum
2396 2333 2612 2404 origine
2638 2339 2697 2387 et
2721 2349 2948 2404 genere,
2971 2333 3108 2405 quid
3125 2334 3196 2388 de
3222 2339 3351 2388 ortu
3371 2340 3430 2388 et
3447 2335 3683 2389 institu-

2071 2423 2244 2490 tione,
2278 2423 2413 2494 quid
2440 2423 2511 2477 de
2538 2421 2819 2477 industria
2859 2427 2917 2476 et
2953 2421 3140 2477 indole
3172 2428 3390 2477 veteres
3434 2430 3683 2478 narrant

392 2529 518 2586 quae
541 2519 661 2569 tam
688 2514 892 2570 divinis
921 2515 1163 2570 oraculis
1191 2522 1278 2571 est
1295 2516 1606 2589 approbata
1621 2518 1860 2572 devotio.
1887 2518 1994 2585 Qui
2074 2512 2341 2579 historiae,
2375 2510 2770 2584 compendiose
2812 2511 3022 2566 referre
3046 2509 3392 2578 conabimur,
3431 2513 3505 2566 ad
3546 2512 3685 2568 lau-

390 2603 547 2658 habet
566 2618 733 2657 aures
757 2604 1046 2670 audiendi,
1070 2606 1268 2659 audiat
1297 2607 1435 2675 quid
1457 2606 1703 2676 Spiritus
1722 2608 1871 2662 dicat
1900 2607 1994 2661 Ec-
2075 2601 2204 2656 dem
2220 2601 2447 2656 Domini
2460 2599 2792 2667 Salvatoris,
2825 2606 2884 2655 et
2902 2600 3175 2655 honorem
3195 2605 3253 2656 et
3265 2600 3506 2671 gloriam
3527 2602 3687 2657 ami-

392 2693 571 2746 etesiis
597 2691 814 2760 (Matth.
844 2709 916 2759 ix,
961 2692 1057 2759 ‘15;
1108 2695 1269 2763 Apoc.
1321 2711 1375 2761 ιι,
1432 2693 1537 2761 17),
1579 2712 1682 2766 per
1730 2712 1792 2750 os
1838 2679 2267 2750 beatchorum
2297 2691 2438 2761 ejus.

389 2778 1008 2850 Joannisevangelistaa,
1025 2780 1495 2852 demagnitudine
1514 2783 1741 2851 amoris,
1760 2783 1830 2838 de
1850 2784 1993 2839 mul-
2073 2789 2210 2842 CAP.~
2236 2789 2280 2844 Ι.
2314 2819 2380 2829 -
2412 2788 2515 2843 {lbi
2541 2791 2592 2842 et
2629 2803 2694 2842 ea:
2727 2803 2839 2856 qua
2872 2790 3134 2856 prosapia
3175 2790 3302 2842 nati
3333 2795 3461 2842 sunt
3495 2792 3687 2843 amici

390 2866 634 2923 titudine
673 2867 1092 2939 familiaritatis,
1147 2870 1218 2926 de
1263 2870 1611 2927 abundantia
1657 2872 1986 2938 dulcedinis,

2249 2858 2576 2925 Saluatoris,
2607 2860 2794 2914 Maria
2821 2862 2870 2912 et
2898 2859 3145 2913 Lazarus
3171 2864 3221 2913 et
3246 2860 3484 2914 Martha.

391 2971 516 3028 quae
543 2957 697 3012 inter
719 2957 978 3028 gloriosae
1004 2959 1252 3031 Virginis
1283 2959 1489 3016 Filium
1517 2965 1576 3015 et
1604 2961 1728 3032 ejus
1754 2961 1984 3029 amicas,
2142 2959 2209 3013 In
2241 2955 2526 3012 territorio
2565 2955 3058 3028 Jerosolymitano,
3107 2955 3166 3010 in
3204 2961 3396 3011 monte
3437 2956 3676 3024 Oliveti,

388 3045 667 3101 Martham
697 3051 756 3101 et
780 3047 1038 3114 Mariam,
1075 3053 1134 3102 et
1169 3047 1405 3103 fratrem
1448 3065 1645 3104 earum
1691 3050 1986 3116 Lazarum,
2073 3045 2392 3118 quindecim
2420 3044 2618 3100 stadiis
2643 3060 2680 3098 a
2704 3048 2897 3099 sancta
2920 3047 3140 3100 civitate
3167 3042 3213 3110 ἀ,
3245 3051 3443 3100 contra
3476 3051 3686 3101 ortum

389 3139 590 3190 mutuo
616 3133 964 3190 versabatur.
997 3137 1164 3191 Juxta
1192 3137 1332 3192 illud
1375 3155 1388 3191 :
1437 3138 1548 3206 Ego
1589 3139 1877 3206 diligentes
1906 3155 1990 3194 me
2073 3135 2224 3202 solis,
2244 3134 2767 3201 sitaestBethania,
2791 3134 3302 3190 nominatissimum
3325 3136 3473 3207 apud
3495 3152 3687 3192 evan-

391 3224 565 3292 diligo
585 3223 768 3294 (Prov.
816 3241 925 3289 vni,
977 3224 1088 3294 i7).
1131 3228 1424 3294 Diligebat,
1472 3225 1674 3297 inquit,
1718 3227 1991 3282 Dominus

388 3313 553 3370 Jesus
579 3314 863 3369 Martham
888 3320 939 3368 et
956 3329 1196 3368 sororem
1217 3318 1334 3383 ejus
1363 3315 1605 3369 Mariam
1633 3320 1683 3369 et
1710 3317 1991 3371 Lazarum

386 3402 576 3469 (Joan.
607 3417 683 3468 χι,
719 3401 795 3467 5).
838 3403 948 3458 Hoc
991 3408 1068 3457 est
1104 3405 1483 3458 testimonium
1531 3403 1682 3474 quod
1705 3405 1992 3474 perhibuit

385 3482 626 3545 Joannes
657 3490 841 3562 (Joan.
885 3507 924 3557 ι,
972 3489 1180 3564 19-32),
1212 3491 1361 3563 quod
1389 3491 1676 3563 perhibuit
1707 3492 1801 3547 ille
1828 3494 1991 3547 disci-

382 3581 556 3648 putus
584 3596 745 3650 quem
771 3596 886 3652 pra:
910 3580 1126 3635 caeteris
1151 3583 1415 3650 diligebat
1453 3582 1617 3636 Jesus
1653 3583 1834 3650 (Joan.
1871 3598 1986 3648 xxx,

388 3667 457 3735 7).
488 3668 600 3723 Hoc
641 3673 718 3723 est
767 3671 1145 3724 testimonium
1183 3670 1332 3740 quod
1369 3669 1657 3741 perhibuit
1700 3670 1990 3740 apostolus

386 3759 488 3825 qui
497 3771 671 3826 supra
685 3761 872 3826 pectus
897 3757 1123 3813 Domini
1144 3761 1208 3813 in
1227 3775 1378 3814 cana
1400 3760 1650 3813 recubuit
1669 3760 1850 3825 (Joan.
1870 3776 1982 3826 xm,

387 3841 491 3913 25;
540 3861 656 3914 xxi,
705 3844 832 3916 20);
884 3847 1033 3918 quod
1079 3847 1368 3919 perhibuit
1403 3847 1750 3918 evangelista
1791 3847 1881 3902 cui
1917 3847 1988 3902 de

2070 3224 2303 3295 gelistas
2327 3224 2618 3279 castellum
2657 3236 2683 3268 ο
2730 3224 2922 3279 Mariae
2964 3224 3329 3296 Magdalene,
3378 3225 3571 3280 Lazari
3613 3237 3688 3280 et

2072 3313 2307 3368 Marthae
2332 3312 2370 3380 τ,
2418 3312 2644 3368 Domini
2688 3312 2995 3368 Salvatoris
3036 3312 3355 3385 frequentia
3392 3315 3685 3386 corporali

2073 3401 2486 3457 nobilissimum
2505 3404 2686 3469 (Joan.
2734 3418 2809 3468 x1,
2856 3402 2908 3471 1)
2950 3413 2999 3465 ε,
3032 3402 3293 3474 hospitiis
3328 3403 3680 3461 dedicatum.

2072 3491 2338 3546 conviviis
2366 3489 2602 3557 celebre,
2645 3490 2934 3545 miraculis
2975 3490 3212 3558 illustre,
3253 3491 3512 3564 lacrymis
3550 3510 3685 3548 me.

2073 3596 2358 3635 morosum
2389 3580 2475 3650 [id
2491 3585 2567 3634 est
2599 3577 3010 3650 memorabile],
3041 3580 3395 3651 processione
3418 3583 3687 3652 magniﬁ-

2071 3684 2219 3736 cum,
2269 3668 2522 3740 vestigiis
2558 3668 2796 3739 insigne,
2851 3668 3175 3724 ascensione
3218 3668 3541 3741 spectabile.
3598 3672 3683 3727 Ex

2068 3757 2176 3812 hoc
2203 3757 2510 3828 municipio
2538 3762 2666 3812 orta
2687 3762 2775 3812 est
2799 3757 3134 3812 venerabilis
3158 3757 3387 3830 hospita
3411 3766 3471 3814 et
3499 3759 3679 3815 devo-

2067 3847 2290 3902 tissima
2307 3845 2567 3901 ministra
2592 3845 2718 3902 Filii
2744 3845 2848 3901 Dei
2875 3846 3097 3902 Domini
3134 3847 3311 3902 nostri
3341 3848 3473 3903 Iesu
3502 3848 3677 3904 Chri-

1321 3986 1490 4032 NOTE
1533 3988 1906 4035 Ροτιεειιωιι
1951 3991 2031 4035 EX
2074 3988 2314 4035 RABANO
2355 3989 2708 4035 DESUMPTE.

457 4113 482 4173 ἑ
512 4102 650 4173 Duae
686 4102 808 4158 ista;
846 4103 1084 4173 Domino
1119 4103 1338 4158 dilecta:
1374 4121 1614 4170 sorores,
1659 4104 1800 4159 duas
1841 4105 2157 4173 vitasCVI,
2186 4111 2334 4173 part.
2361 4120 2401 4173 ι,
2433 4107 2538 4160 col.
2564 4105 2686 4161 176.

384 4172 728 4246 spirituales,
761 4172 964 4246 quibus
992 4175 1052 4229 in
1081 4174 1344 4246 praesenti
1367 4180 1563 4230 sancta
1579 4182 1870 4231 exercetur
1887 4177 1984 4232 Ec-

387 4243 577 4319 clesia,
601 4243 991 4319 demonstrant
1021 4263 1034 4300 :
1068 4243 1293 4319 Martha
1311 4246 1539 4319 quidem
1555 4247 1852 4312 actualem,
1872 4263 1986 4319 qua

387 4315 641 4387 proximo
660 4315 719 4370 in
740 4316 1017 4371 charitate
1036 4315 1347 4385 sociamur}
1369 4317 1548 4372 Maria
1570 4334 1702 4372 vero
1729 4315 1984 4373 contem-

385 4386 672 4460 plativam,
715 4404 828 4459 qua
854 4388 915 4442 in
957 4388 1059 4443 Dei
1103 4405 1295 4444 amore
1340 4389 1708 4460 suspiramus.
1748 4391 1980 4455 Raban.,

388 4458 685 4532 H9mit._in
706 4458 1006 4532 Assumpt,
1041 4476 1105 4514 ea
1130 4462 1272 4515 Beda
1299 4463 1365 4516 in
1388 4458 1612 4532 Lucam,
1638 4459 1734 4514 lib.
1755 4474 1832 4527 ιιι,
1859 4477 1981 4532 cap.

392 4528 480 4601 10,
507 4534 550 4584 t.
584 4529 686 4595 III,
718 4531 924 4586 Homit.
952 4533 1013 4585 in
1040 4532 1318 4601 Assumpt.
1349 4537 1392 4586 t.
1424 4531 1492 4585 V.

460 4598 488 4640 δ
518 4601 932 4668 Modernorum,
961 4600 1018 4656 id
1047 4607 1134 4656 est
1169 4598 1546 4657 recentiorum
1577 4620 1589 4656 :
1625 4601 1830 4657 locutio
1871 4603 1983 4657 Ra-

388 4668 544 4744 banou
562 4670 876 4744 familiaris.
899 4702 966 4712 —
986 4673 1204 4744 Harum
1231 4674 1520 4728 civitatum
1549 4678 1848 4744 utramque
1867 4690 1985 4727 mo-

387 4740 578 4816 uernis
615 4742 963 4816 temporibus
999 4743 1210 4816 absque
1250 4760 1546 4816 murorum
1579 4740 1795 4798 ambitu
1835 4760 1979 4816 esse.

386 4812 924 4886 Rabau._00mment.
957 4817 1022 4869 in
1045 4812 1262 4881 Mittin,
1289 4814 1386 4870 lib.
1417 4831 1472 4881 ιι,
1505 4831 1628 4886 cap.
1659 4816 1713 4869 4.
1745 4815 1984 4886 -Μιιι-

386 4890 512 4939 tum
535 4883 725 4940 dolere
754 4889 994 4957 poterat,
1026 4887 1326 4941 modernos
1363 4883 1662 4957 providens
1703 4885 1979 4941 Christus.

386 4957 622 5018 Raban,
656 4957 721 5010 de
747 4959 1002 5011 Passione
1039 4958 1286 5012 Domini.
1323 4987 1386 4999 —
1424 4957 1682 5011 Thesaur.
1723 4958 1979 5012 Anecdot.

387 5029 590 5100 namss.
625 5043 662 5082 a
688 5028 747 5082 Β.
779 5029 956 5091 Pezio,
988 5032 1030 5081 t.
1062 5028 1157 5095 IV,
1181 5034 1326 5100 part.
1358 5045 1412 5100 ι,
1443 5044 1500 5100 p.
1534 5027 1619 5083 14.

459 5108 483 5138 ε
513 5098 843 5166 Categorias,
879 5115 914 5153 a
941 5098 1272 5166 categorare,
1305 5099 1392 5153 vel
1436 5098 1805 5167 categorisare
1835 5119 1852 5154 :
1882 5116 1983 5155 seu

387 5168 711 5240 pradicare,
743 5169 973 5237 docere;
995 5169 1165 5236 unde,
1193 5173 1512 5239 categorias,
1535 5169 1685 5224 idem
1705 5169 1846 5225 mihi
1862 5182 1984 5226 esse

388 5239 611 5294 videtur
635 5256 702 5295 ac
721 5242 1068 5296 documenta.

459 5307 487 5350 ἀ
513 5310 720 5384 sancta
755 5312 1075 5384 appellatur
1108 5315 1304 5368 civitas
1350 5312 1704 5384 Hierusalem

384 5379 660 5452 templum
687 5387 746 5452 et
773 5379 967 5438 sancta
996 5390 1338 5452 sanctorum,
1379 5388 1439 5438 et
1464 5382 1535 5438 ob
1563 5379 1980 5439 distinctionem

385 5448 889 5526 aliarumurbium,
912 5455 973 5508 in
992 5455 1196 5526 quibus
1213 5448 1364 5510 idola
1373 5454 1718 5510 colebantur.
1742 5456 1972 5526 Raban.,

1749 5319 1982 5401 ιξςοριετ
1996 5342 2044 5401 ι)

2094 4246 2106 4259 .
2120 4189 2160 4260 ιο
2174 4175 2438 4260 Castrum
2451 4177 2671 4260 antiqui
2685 4175 2947 4260 dicebant
2959 4177 3228 4260 oppidum
3242 4175 3667 4260 loconaltissim‘o

2064 4247 2256 4321 situm,
2277 4251 2442 4321 cujus
2475 4247 2871 4321 diminutivum
2898 4247 3193 4303 castellum
3211 4252 3316 4302 est.
3339 4248 3576 4311 ﬂebam,
3600 4249 3668 4302 de

2068 4317 2365 4385 Universo,'
2378 4317 2473 4374 lib.
2507 4336 2612 4386 xxv,
2645 4336 2766 4386 cap.
2793 4319 2850 4374 1.

2136 4388 2158 4430 ί
2185 4389 2458 4445 Bethania
2484 4396 2608 4446 erat
2633 4388 2826 4445 villula
2851 4390 2966 4444 sive
2993 4389 3188 4444 civitas
3217 4389 3275 4444 in
3300 4390 3479 4444 latere
3505 4403 3665 4443 mou-

2065 4459 2141 4533 tis
2159 4460 2382 4528 Oliveti,
2419 4461 2578 4533 quasi
2607 4461 2805 4516 stadiis
2833 4461 3149 4533 quindecim
3179 4459 3250 4514 ab
3280 4460 3656 4533 Hierusalem,

2066 4531 2213 4604 sicut
2239 4530 2484 4587 Joannes
2523 4530 2870 4604 evangelista
2904 4531 3243 4595 manifestat,
3280 4530 3381 4604 ubi
3418 4531 3659 4604 Lagei-us

2064 4602 2367 4658 suscitatus
2394 4609 2482 4658 est
2508 4620 2543 4658 a
2570 4602 2827 4659 mortuis.
2860 4605 3090 4670 Raban.,
3126 4606 3188 4657 in
3214 4603 3436 4669 Matth,
3460 4602 3557 4657 lib.
3585 4618 3654 4667 γι,

2063 4672 2890 4800 ᾖίέίιὲιξξεῗίιῗέἀὲρέἔῖηῗὲνὲῡ
2912 4672 3356 4800 Isaias:
3469 4673 3654 4799 ἴιιῗὲέ

2065 4751 2341 4800 Bethania
2362 4751 2494 4800 villa
2532 4751 2776 4800 secundo
2811 4751 2882 4800 ab
2912 4751 3060 4800 Elia
3089 4751 3355 4798 millies-io
3383 4751 3444 4798 in
3485 4751 3655 4799 latere

2065 4816 2272 4871 montis
2316 4816 2536 4884 Oliveti,
2587 4816 2684 4871 ubi
2724 4817 2980 4872 Salvator
3018 4817 3293 4870 Lazarum
3343 4815 3651 4869 suscitavit.

2065 4885 2282 4959 Rabani
2309 4889 2372 4942 de
2403 4888 2679 4959 Universo,
2711 4886 2807 4942 lib.
2838 4904 2944 4954 xxv,
2974 4888 3254 4959 cap.1.-—
3275 4904 3304 4938 «
3332 4885 3655 4940 Milliarium

2064 4957 2217 5030 mille
2267 4956 2525 5030 passibus
2569 4958 2927 5030 terminatur.
2974 4956 3251 5025 Stadium,
3292 4963 3494 5030 octava
3529 4972 3654 5030 pars

2065 5027 2316 5084 milliarii
2341 5036 2444 5097 est,
2465 5035 2724 5084 constans
2747 5028 3004 5101 passibus
3019 5035 3246 5101 centum
3270 5027 3474 5099 viginti
3495 5027 3652 5100 quin-

2065 5115 2192 5170 que.
2207 5101 2326 5182 Hoc
2341 5101 2585 5182 primum
2600 5100 2896 5182 Herculem
2908 5100 3176 5182 statuisse
3184 5100 3398 5182 dicunt,
3417 5113 3651 5182 eumque

2063 5185 2130 5224 eo
2156 5170 2712 5244 spatio—terminasse,
2739 5172 2887 5244 quod
2914 5172 3036 5242 ipse
3055 5170 3159 5226 sub
3177 5187 3291 5226 uno
3307 5170 3514 5242 spiritu
3531 5185 3651 5225 conv

2061 5240 2300 5298 fecisset.
2360 5259 2425 5297 ac
2470 5243 2704 5298 proinde
2746 5243 2994 5298 stadium
3037 5242 3392 5298 appellasset.
3443 5257 3555 5298 ouo
3594 5240 3648 5294 in

2062 5258 2300 5307 recisset,
2360 5259 2425 5297 ac
2468 5258 2704 5314 promus
2746 5258 2994 5298 stadium
3037 5258 3405 5325 appellasset,
3443 5258 3555 5313 quo
3594 5258 3643 5294 ιιι

2062 5312 2235 5386 tinem
2264 5313 2615 5386 respirasset,
2647 5314 2925 5386 simulque
2962 5317 3290 5386 stetisset.)
3324 5311 3497 5386 Ibi¢_l_.1
3526 5327 3643 5382 cap.

2060 5383 2150 5440 21.
2196 5386 2316 5439 Vide
2344 5383 2544 5440 Bedam
2573 5388 2633 5440 in
2658 5387 2809 5451 Luc.,
2832 5383 2942 5439 lib.
2966 5402 3036 5451 Vl,
3067 5400 3190 5456 cap.
3220 5383 3312 5451 ‘24,
3340 5389 3384 5438 t.
3417 5383 3517 5456 Ill.

2129 5466 2160 5509 Ir
2185 5455 2463 5528 Bethania
2489 5472 2678 5528 quam,
2703 5457 3112 5528 Jerosolymam
3134 5452 3440 5528 venturus,
3456 5452 3641 5528 Salvu-

385 5523 451 5573 in
477 5521 798 5598 Matth:_lib.
828 5540 941 5598 vui,
965 5521 1091 5598 gap.
1132 5525 1223 5598 2],
1261 5543 1326 5581 ea:
1366 5527 1508 5580 Beda
1535 5529 1600 5581 in
1618 5527 1845 5598 μαζῷ..
1876 5525 1973 5580 lib.
2057 5530 2149 5581 tor
2165 5527 2476 5598 praesentiae
2495 5521 2611 5583 sua;
2627 5521 2953 5598 dignatione
2968 5526 3307 5583 sublimavit.
3341 5522 3551 5582 Rabani
3578 5526 3635 5574 in

385 5606 457 5652 iv,
488 5606 612 5662 cap.
641 5591 733 5659 27,
763 5599 807 5648 t.
833 5594 935 5650 III.
964 5591 1104 5650 Vide
1149 5595 1576 5669 Hieronymum,
1617 5596 1885 5652 Hedibiaa.
1929 5603 1973 5663 t,
2058 5591 2273 5664 Matth,
2303 5597 2464 5661 ibid.,
2495 5614 2561 5652 ea:
2576 5591 2738 5661 Beda,
2769 5603 2812 5653 t.
2843 5599 2943 5655 ΙΙΙ.
