4018 6168
280 339 428 398 1433

1335 347 1436 402 DE
1453 348 1624 404 VITA
1652 350 1714 404 Β.
1748 351 1998 408 ΜΑΒῙέΕ
2029 354 2514 411 MAGDALENJE.

3417 367 3560 424 1434

276 466 374 532 sti,
399 466 621 521 Martha
666 465 990 523 beatissima
1039 471 1254 532 (Matth.
1316 489 1428 538 xxx,
1454 471 1562 538 17;
1615 492 1760 540 xxvx,
1790 473 1823 531 6
1860 480 2181 544 ;Aenituit,
2211 481 2431 536 decenti
2454 483 2838 540 membrorum
2869 487 3056 552 ductu,
3095 491 3251 544 vultu
3298 502 3553 560 venusta,

279 558 455 610 Marc.
488 571 564 621 xx,
604 555 775 624 1,11,
813 557 923 621 ‘12;
984 575 1090 621 xxv,
1125 560 1162 614 3
1193 579 1204 621 ;
1249 563 1376 616 Luc.
1409 579 1518 628 xxx,
1549 561 1620 620 ‘29
1652 583 1665 630 ;
1727 582 1872 631 xxxv,

275 642 392 711 50;
442 648 602 698 Joan.
661 663 731 712 xx,
764 648 816 712 t,
875 644 976 715 18;
1017 663 1128 715 xxx,
1177 648 1254 718 1).
1285 651 1466 705 Mater
1491 654 1615 722 ejus
1645 653 1878 710 nobilis-

277 734 445 799 sima,
469 735 697 788 nomine
727 735 1022 803 Eucharia,
1055 754 1122 792 ex
1147 739 1334 809 gentis
1353 741 1671 797 Israeliticae
1701 745 1876 814 regali

277 823 544 895 prosapia
555 823 831 896 inclytum
849 842 1029 896 genus
1056 827 1233 882 duxit.
1261 829 1430 884 Pater
1451 832 1575 901 ejus
1595 833 1875 906 Theophi-

279 911 389 976 lus,
413 913 640 968 natione
660 914 854 986 Syrus,
881 931 994 970 non
1010 916 1193 970 solum
1220 934 1429 988 genere
1455 921 1756 988 illustrem,
1789 941 1878 978 ve-

278 1017 412 1055 rum
442 1002 612 1056 etiam
639 1003 804 1058 titulo
820 1004 1182 1076 spectabilem
1205 1007 1759 1065 etadministratione
1769 1013 1877 1066 cla-

281 1089 568 1145 rissimam
605 1091 912 1148 nobilitatis
964 1094 1172 1148 lineam
1202 1095 1391 1151 traxit.
1417 1097 1708 1168 Siquidem
1731 1100 1878 1154 inter

282 1179 550 1252 Satrapas
573 1181 870 1251 provinciae
889 1183 1195 1254 primatum
1213 1203 1436 1255 gerens,
1463 1188 1612 1258 quod
1647 1188 1748 1242 ﬁlii
1777 1189 1877 1243 hu-

275 1267 374 1337 jus
404 1269 592 1326 saculi
621 1269 830 1325 habent
855 1289 958 1342 pro
1005 1290 1230 1344 magno,
1263 1275 1438 1329 totius
1470 1276 1646 1348 Syria
1669 1282 1726 1330 et
1756 1278 1877 1332 uni-

275 1372 454 1411 versae
481 1358 779 1414 maritimae
809 1361 1053 1430 regionis
1097 1363 1208 1417 dux
1263 1363 1504 1435 inclytus
1533 1370 1590 1420 et
1618 1367 1876 1438 princeps

276 1444 405 1499 fuit.
440 1447 806 1502 Postmodum
834 1466 984 1514 vero,
1017 1451 1164 1521 quod
1194 1451 1390 1522 pluris,
1427 1454 1498 1507 ad
1521 1455 1875 1524 praedicatio-

277 1551 411 1588 nem
434 1535 643 1590 Christi
666 1537 844 1591 factus
871 1537 1175 1610 discipulus
1195 1541 1422 1603 Christi,
1459 1542 1668 1596 relictis
1687 1544 1873 1598 saeculi

276 1622 542 1686 fascibus,
575 1625 865 1680 humiliter
891 1632 1115 1682 secutus
1135 1635 1221 1683 est
1237 1630 1475 1700 vestigia
1493 1631 1720 1686 Christi.
1742 1633 1874 1687 Erat

277 1718 472 1767 autem
492 1713 669 1767 beatm
683 1715 918 1770 Marthae
943 1733 1103 1770 soror
1137 1719 1364 1772 uterina
1392 1719 1548 1775 mirae
1569 1722 1874 1792 pulchritu-

1961 569 2108 622 mira
2125 571 2367 637 caesarie,
2397 572 2584 643 lepore
2604 575 3031 644 gratiosissima,
3057 580 3326 635 melliﬂua
3345 589 3552 650 mente;

1961 658 2121 727 cujus
2145 658 2259 712 oris
2289 659 2458 713 decor
2487 667 2544 715 et
2577 680 2604 714 α
2636 663 2823 732 gratia
2868 664 3146 721 labiorum
3189 668 3371 734 (Prov.
3419 686 3551 736 xxxx,

1964 744 2071 814 11),
2109 766 2131 796 ι
2167 752 2231 801 ut
2261 747 2462 803 mistus
2490 750 2632 804 rosis
2659 752 2870 806 candor
2895 753 3160 810 liliorum.
3210 757 3428 814 Formae
3457 753 3557 814 de;
3605 747 3613 754 ’

1959 834 2128 905 nique
2157 841 2213 890 et
2239 837 2674 908 pulchritudinis
2698 842 2885 911 gratia
2920 851 3081 898 tanta
3107 847 3473 916 resplenduit,
3496 855 3558 904 ut

1957 925 2261 995 singulare,
2311 931 2480 998 atque
2509 929 2809 986 miriﬁcum
2860 933 3076 1004 opiﬁcis
3132 935 3236 989 Dei
3278 936 3560 992 diceretur

1958 1015 2308 1084 ﬁgmentum.

1959 1139 2088 1192 CAP.
2122 1139 2220 1194 III.
2251 1169 2314 1180 —
2335 1145 2394 1196 Ut
2429 1145 2850 1217 bonisrnatura’,
2881 1150 3121 1203 simulet
3148 1151 3458 1217 industria,
3482 1153 3556 1206 sit

2551 1216 2723 1268 abusa
2751 1218 2956 1271 Mar-ia.

2029 1335 2138 1389 Sed
2158 1335 2292 1406 quia
2311 1337 2459 1391 nitor
2479 1350 2502 1378 ε
2528 1339 2732 1412 speciei
2763 1343 3007 1396 castitati
3051 1361 3178 1398 raro
3227 1345 3550 1405 foederatur.

1957 1428 2015 1476 et
2042 1440 2232 1478 rerum
2251 1425 2541 1482 affluentia
2569 1429 2800 1484 inimica
2833 1431 2976 1485 solet
3000 1449 3121 1486 esse
3151 1434 3509 1490 continentiae
3537 1455 3548 1490 :

1957 1512 2126 1583 coepit
2153 1514 2583 1582 adolescentula,
2618 1521 2834 1573 deliciis
2859 1522 3098 1590 afﬂuens
3130 1522 3307 1589 (Cant.
3333 1541 3460 1592 vm,,
3476 1523 3554 1594 5),

1955 1608 2020 1656 ut
2041 1601 2138 1656 illa
2152 1607 2288 1656 aetas
2317 1605 2540 1670 assolet,
2573 1608 2742 1662 animi
2769 1608 3064 1663 nobilitate
3076 1611 3344 1680 gaudere,
3367 1614 3554 1667 carnis

1957 1708 2177 1762 quoque
2206 1693 2494 1764 voluptate
2523 1696 2690 1748 trahi.
2724 1698 2879 1752 :Etas
2909 1698 3114 1763 virens,
3149 1705 3206 1752 et
3244 1699 3426 1754 forma
3455 1701 3554 1755 de-

277 1801 448 1866 dinis,
483 1802 712 1856 nomine
735 1803 932 1870 Maria,
968 1811 1024 1859 et
1078 1805 1255 1860 frater
1297 1809 1538 1879 egregiae
1569 1783 1794 1864 -indolis
1815 1816 1870 1865 et
1893 1797 2105 1879 Bfens'
2141 1786 2198 1835 et
2234 1799 2392 1853 copia
2431 1783 2768 1879 dlv'f’mnfm’
2809 1786 2986 1879 bo'ios
3029 1805 3214 1879 more?
3261 1790 3550 1858 emonim;

277 1889 492 1945 ﬂoridae
517 1892 847 1960 juventutis,
871 1893 1100 1948 nomine
1128 1896 1387 1951 Lazarus.
1422 1899 1701 1968 Vigebant
1719 1899 1778 1954 in
1805 1900 1873 1954 iis

275 1977 458 2032 tribus
479 1979 788 2050 ingenium,
805 1981 974 2036 simul
1004 1989 1061 2037 et
1089 1985 1368 2040 industria
1394 1986 1560 2052 bona,
1586 1993 1643 2041 et
1669 1989 1874 2059 adepta

273 2065 336 2119 in
361 2067 672 2136 puerilibus
701 2070 864 2124 annis
912 2071 1228 2126 litterarum
1277 2074 1678 2130 Hebraicarum
1706 2077 1872 2148 plena

271 2155 526 2210 scientia.
555 2157 710 2212 Bona
731 2165 966 2226 naturae,
1001 2161 1452 2234 industriamque
1486 2166 1694 2219 artium
1710 2175 1753 2230 α,
1779 2183 1872 2220 cu-

272 2245 510 2299 mulavit
536 2247 800 2302 honestas
835 2268 848 2314 ;
910 2249 968 2304 in
1019 2250 1256 2321 singulis
1301 2253 1450 2306 enim
1481 2253 1871 2308 inveniebatur

271 2349 570 2404 corporum
591 2336 852 2390 miranda
869 2343 1150 2404 venustas,
1176 2345 1233 2392 et
1251 2357 1468 2394 morum
1481 2343 1869 2413 acceptissima

268 2422 476 2491 gratia,
501 2424 918 2496 eteloquiorum
929 2427 1253 2496 gratissima
1274 2429 1612 2490 luculentia;
1647 2431 1787 2486 adeo
1804 2439 1869 2486 ut

270 2511 598 2566 viderentur
615 2515 685 2567 ad
700 2514 937 2570 invicem
966 2522 1024 2570 et
1051 2517 1252 2587 specie,
1279 2523 1335 2572 et
1359 2518 1626 2586 moribus,
1661 2525 1718 2574 et
1743 2538 1868 2589 gra-

271 2601 374 2665 tia,
406 2602 608 2656 aemula
635 2602 738 2656 sibi
759 2603 1040 2674 probitate
1061 2612 1296 2660 certare.

271 2708 405 2761 Car.
432 2709 504 2762 II.
537 2740 600 2748 —
635 2713 786 2778 Quod
809 2713 1050 2777 Martha,
1072 2717 1136 2766 in
1163 2716 1406 2782 praediis,
1431 2717 1866 2781 matri/amittas

517 2785 740 2847 gesserit
767 2785 940 2836 vicem
971 2803 988 2848 ;
1022 2789 1069 2836 et
1097 2786 1160 2838 de
1192 2787 1374 2840 indole
1402 2788 1612 2840 Maria.

341 2868 411 2922 Et
439 2885 585 2934 cum,
617 2873 683 2922 ut
713 2870 964 2941 pradixi,
995 2889 1203 2942 genere
1233 2873 1447 2929 nobiles
1467 2885 1648 2940 erant,
1672 2881 1730 2930 et
1741 2893 1866 2947 pro-

266 2957 584 3028 pinquitate
604 2957 872 3026 illustres,
903 2962 1032 3032 jure
1062 2963 1415 3017 haereditario
1437 2965 1672 3018 multam
1695 2966 1865 3036 patri-

267 3046 587 3101 moniorum
637 3065 918 3104 summam
949 3051 1330 3121 possidebant,
1354 3053 1688 3124 praediorum
1722 3071 1861 3126 quo-

1953 1869 2261 1924 formosum
2292 1887 2514 1942 corpus,
2547 1872 2783 1926 lascivus
2826 1876 3066 1944 animus,
3117 1877 3278 1931 dulce
3316 1879 3550 1946 malum,

1953 1975 2173 2012 amores
2215 1959 2470 2031 spirare;
2517 1962 2687 2014 decus
2715 1963 2956 2031 generis,
3007 1971 3064 2018 et
3110 1965 3280 2019 decor
3321 1967 3452 2033 oris,
3497 1974 3556 2022 et

1952 2064 2041 2101 res
2079 2049 2285 2119 ampla,
2321 2049 2463 2102 solet
2487 2047 2758 2120 pudorem
2787 2051 2968 2105 cordis
3017 2053 3368 2125 exstirpare;
3403 2056 3555 2110 calor

1952 2136 2194 2208 denique
2227 2137 2408 2191 aetatis
2439 2142 2496 2191 et
2522 2139 2800 2192 incentiva
2831 2141 3034 2206 carnis,
3067 2147 3123 2196 et
3170 2143 3550 2198 inﬁrmiorum

1951 2241 2134 2291 sexus,
2165 2231 2223 2280 et
2248 2225 2496 2297 corporis
2524 2227 2840 2281 castitatem
2859 2245 3088 2299 prorsus
3116 2237 3385 2286 evertere.
3403 2233 3546 2299 Heu,

1949 2315 2091 2384 proh
2121 2314 2315 2368 dolor!
2339 2317 2692 2369 obscuratum
2721 2323 2794 2370 est
2821 2334 3032 2372 aur-um
3073 2320 3302 2386 (Three.
3339 2338 3406 2387 xv,
3464 2322 3538 2392 l),

1951 2403 2228 2473 optimum
2242 2402 2516 2458 bonorum
2529 2405 2672 2474 ejus,
2687 2421 2876 2458 amore
2893 2403 3246 2462 terrenarum
3264 2429 3277 2476 ;
3299 2415 3550 2464 mutatus

1952 2495 2187 2545 estcolor
2215 2495 2454 2560 optimus
2493 2492 2769 2548 bonorum
2822 2494 3108 2551 industria:
3157 2499 3298 2568 ejus,
3350 2498 3548 2554 nidore

1950 2581 2263 2634 carnalium
2291 2581 2729 2637 desideriorum:
2756 2583 2891 2636 dum
2930 2585 3268 2640 illecebrosis
3297 2586 3544 2641 motibus

1949 2669 2154 2736 illecta,
2187 2671 2257 2724 ad
2277 2671 2471 2726 illicita
2493 2689 2728 2744 quaeque
2749 2673 3025 2727 fluctuans
3059 2675 3268 2740 animo,
3294 2675 3365 2729 ad
3387 2675 3550 2730 lasci-

1948 2759 2064 2813 vias
2091 2760 2460 2816 lenocinantis
2489 2762 2612 2816 vitaa
2629 2762 2858 2816 invertit
2871 2763 3140 2834 quidquid
3158 2764 3228 2816 ad
3241 2765 3550 2820 honestatis

1947 2856 2345 2918 argumentum
2379 2850 2460 2904 illi
2499 2851 2650 2905 Deus
2680 2851 2977 2921 impartit;
3032 2852 3326 2908 dulcedine
3365 2854 3541 2908 animi

1945 2937 2123 2992 abusa
2150 2955 2208 2992 in
2235 2939 2548 3010 periculum
2575 2940 2795 3006 anima},
2828 2939 3024 2994 decore
3054 2942 3304 3012 corporis
3343 2943 3414 2996 ad
3445 2943 3545 2997 de-

1944 3026 2115 3080 decus
2141 3027 2344 3092 cordis,
2375 3027 2557 3082 virore
2593 3029 2980 3087 adolescentiae
3031 3029 3102 3083 ad
3150 3031 3544 3086 exterminium

265 3151 374 3204 que
403 3140 462 3188 et
489 3137 856 3206 pecuniarum
887 3115 990 3193 ne’c
1014 3156 1127 3194 non
1168 3145 1226 3194 et
1253 3115 1594 3195 faiﬁularum
1621 3115 1859 3214 copi‘am’
1885 3115 2582 3183 Ccastimoniae.Egressus
2594 3123 2713 3171 esta
2742 3121 2863 3184 ﬁlia
2876 3119 3008 3173 Sion
3029 3122 3210 3172 omnis
3223 3121 3382 3173 decor
3401 3125 3538 3189 ejus,

263 3223 480 3278 scilicet
503 3231 561 3278 et
579 3225 820 3281 civitatis
835 3229 1195 3300 Jerosolymae
1215 3235 1434 3300 partem
1454 3231 1774 3297 maximam,
1808 3239 1865 3286 et

260 3313 377 3366 tria
405 3314 617 3384 prindia
663 3334 674 3368 :
721 3316 1054 3371 Bethaniam
1081 3317 1140 3371 in
1167 3319 1360 3374 Judaea
1391 3321 1570 3386 (Joan.
1633 3336 1708 3386 x1,
1753 3319 1856 3390 18),

261 3399 486 3456 duobus
505 3403 619 3458 fere
649 3405 987 3460 milliaribus
1011 3423 1045 3460 a
1065 3408 1434 3479 Jerosolyma,
1456 3414 1513 3462 et
1541 3409 1861 3480 Magdalum

259 3490 322 3544 in
346 3491 578 3548 Galilaea
605 3491 653 3556 1³,
675 3511 845 3565 super
873 3495 1162 3550 sinistram
1193 3497 1366 3550 maris
1395 3498 1760 3564 Genezareth,
1794 3498 1864 3552 si-

261 3587 384 3634 tam
430 3581 490 3634 in
528 3599 766 3637 concavo
803 3585 1028 3650 montis,
1073 3585 1289 3640 duobus
1321 3586 1598 3641 milliariis
1631 3605 1665 3641 a
1699 3587 1862 3641 Tibe-

263 3669 424 3724 riade
457 3676 546 3737 ;et
569 3687 596 3722 ‹‹
628 3672 962 3728 Bethaniam
988 3681 1145 3728 trans
1174 3675 1494 3742 Jordanem,
1521 3696 1546 3725 »
1581 3676 1775 3730 itidem
1803 3676 1861 3730 in

261 3758 516 3826 Galilaaa,
554 3779 581 3812 tl
613 3761 708 3814 ubi
766 3767 890 3816 erat
943 3764 1188 3818 Joannes
1224 3764 1511 3835 baptizans
1547 3785 1572 3814 »
1605 3767 1784 3830 (Joan.
1817 3783 1856 3826 ι,

255 3843 333 3903 28
367 3867 380 3912 ;
415 3865 470 3913 x,
497 3848 608 3918 40).
651 3850 715 3904 In
767 3851 1027 3906 omnibus
1071 3851 1158 3906 his
1200 3853 1545 3907 unanimiter
1570 3855 1854 3923 degentes,

256 3934 478 3989 deliciis
507 3935 814 3993 afﬂuebant
846 3956 856 3991 :
892 3957 1082 3994 rerum
1111 3947 1304 3994 tamen
1325 3957 1606 3995 summam
1632 3949 1690 3996 et
1717 3959 1859 4014 prae-

255 4024 484 4079 diorum
513 4027 787 4094 omnium,
801 4035 865 4083 ut
885 4030 1338 4100 primogenitam,
1358 4029 1566 4085 habere
1581 4032 1860 4086 Martham

255 4113 579 4180 voluerunt,
613 4122 670 4170 et
710 4116 887 4172 frater
913 4125 969 4172 et
998 4136 1175 4188 soror.
1211 4119 1424 4184 Quibus
1456 4119 1554 4174 illa
1571 4136 1685 4174 non
1713 4121 1862 4174 inso-

255 4202 446 4256 lenter
473 4203 666 4272 abusa,
701 4207 798 4260 sed
827 4207 884 4260 in
917 4226 942 4258 «
973 4207 1216 4262 femineo
1238 4228 1264 4260 ))
1289 4215 1515 4278 pectore
1547 4228 1572 4260 «
1602 4209 1858 4266 virilem»

256 4308 467 4362 gerens
500 4314 525 4345 ‹‹
561 4295 832 4362 animum,
869 4315 894 4348 »
916 4295 1225 4350 liberaliter
1251 4304 1337 4352 est
1363 4314 1484 4351 usa.
1507 4297 1669 4352 Virili
1698 4315 1862 4352 nam-

259 4397 372 4451 que
397 4398 596 4437 carens
615 4386 914 4452 consortio,
935 4386 1293 4440 continentiae
1309 4385 1544 4441 ﬂorebat
1561 4387 1754 4453 titulo;
1791 4389 1863 4441 ad

1944 3207 2178 3270 effusum
2207 3209 2371 3258 estin
2393 3222 2460 3259 ea
2487 3207 2712 3272 (Thren.
2745 3221 2783 3270 Ι,
2817 3205 2887 3273 6;
2941 3221 2996 3272 II,
3049 3207 3140 3276 11)
3188 3224 3353 3262 omne
3402 3209 3538 3263 illud

1945 3309 2085 3364 opus
2116 3293 2316 3347 divinae
2367 3294 2780 3361 munificentiae,
2826 3295 2962 3350 dum
3005 3301 3165 3350 tanto
3209 3297 3436 3366 gravius
3489 3297 3546 3351 in

1943 3382 2246 3436 Dominum
2267 3382 2521 3454 deliquit,
2543 3388 2752 3454 quanto
2771 3383 3029 3454 graviora
3047 3384 3099 3436 ei
3119 3383 3406 3439 debuerat.
3434 3385 3543 3439 Sed

1947 3470 2079 3539 quid
2112 3471 2323 3524 diutius
2347 3471 2405 3524 in
2423 3472 2510 3524 his
2539 3472 2865 3525 moramur?
2894 3475 3287 3538 Pcrcgrinatus
3316 3479 3402 3526 est
3427 3475 3545 3527 ani-

1946 3575 2072 3612 mus
2089 3560 2400 3629 juvenculae
2425 3578 2436 3612 ε
2471 3560 2530 3614 in
2551 3576 2744 3614 amore
2767 3559 2952 3613 saeculi
2984 3559 3253 3614 habitavit
3282 3562 3545 3615 transito-

1947 3648 2045 3700 rie.
2069 3647 2259 3702 Abusa
2280 3655 2364 3702 est
2399 3649 2584 3702 carnis
2614 3649 3056 3712 oblectamentis,
3089 3655 3146 3702 et
3170 3650 3340 3702 rediit
3371 3650 3544 3719 [Forte

1943 3736 2103 3807 abiit]
2135 3740 2198 3790 in
2229 3740 2507 3805 regionem
2523 3736 3032 3801 dissimilitudinis;
3059 3738 3222 3807 longe
3245 3755 3277 3791 a
3296 3739 3412 3792 Deo
3422 3755 3544 3808 per-

1941 3843 2064 3894 egre
2088 3829 2354 3895 profecta,
2383 3828 2778 3880 adolescentior
2805 3828 2946 3894 (Luc.
2981 3841 3074 3893 xv,
3119 3825 3204 3895 13)
3256 3827 3392 3895 ﬁlia,
3447 3844 3545 3882 na-

1940 3921 2083 3969 turae
2112 3915 2280 3969 simul
2309 3921 2366 3970 et
2393 3915 2686 3970 industriae
2729 3915 2876 3969 bona
2921 3915 2980 3969 in
3025 3914 3179 3970 brevi
3228 3917 3538 3985 dissipavit.

1943 4005 2053 4059 Sed
2080 4021 2205 4058 mox
2234 4010 2301 4059 ut
2329 4021 2389 4059 se
2417 4004 2733 4058 divinarum
2762 4005 3036 4058 virtutum
3077 4003 3262 4059 subito
3309 4006 3542 4060 destitu-

1941 4098 2060 4146 tam
2099 4093 2388 4164 comperit,
2421 4093 2674 4148 recolens
2705 4099 2842 4164 quot
2869 4093 3118 4165 pretiosa
3140 4111 3263 4164 quae
3294 4094 3541 4165 perdidit

1943 4189 1998 4236 et
2028 4200 2058 4236 ει
2091 4199 2201 4253 quo
2230 4188 2315 4236 tot
2343 4189 2400 4236 et
2437 4188 2596 4236 tanta
2619 4183 2886 4254 percepit.
2915 4183 3179 4237 velociter
3208 4183 3265 4237 in
3295 4183 3536 4253 gratiam

1944 4273 2066 4341 ejus
2096 4272 2380 4326 festinavit
2409 4272 2612 4326 redire.

1952 4397 2082 4450 CAP.
2116 4397 2210 4450 IV.
2244 4427 2308 4436 —
2340 4398 2492 4464 Quod
2522 4402 2653 4450 tunc
2683 4399 2940 4464 temporis
2977 4397 3248 4448 Dominus
3282 4395 3540 4450 Salvator

258 4446 396 4525 suos
413 4471 589 4526 dulcis
601 4478 660 4526 et
669 4446 945 4541 amabilis,
971 4475 1041 4528 ad
1054 4491 1329 4546 pauperes
1347 4476 1500 4529 mitis
1512 4481 1570 4530 et
1599 4446 1857 4538 affabilis.

1965 4446 2232 4534 vgut‘em's
2257 4446 2436 4534 factus
2455 4469 2731 4520 miracula
2745 4446 2951 4534 fercerit,
2987 4473 3036 4520 et
3061 4471 3364 4534 peccatores
3377 4483 3540 4522 sana-

258 4554 334 4608 ad
361 4571 557 4610 omnes
583 4557 826 4628 denique
840 4558 1160 4613 misericors
1177 4565 1233 4613 et
1253 4559 1517 4614 liberalis.
1549 4561 1634 4624 Et,
1653 4560 1858 4614 utbre-

259 4643 408 4698 viter
422 4643 624 4710 dicam,
649 4646 908 4702 omnibus
923 4653 1047 4702 erat
1056 4648 1363 4703 reverenda
1383 4654 1439 4702 et
1449 4651 1770 4704 veneranda
1785 4649 1861 4703 fe-

260 4733 437 4798 mina,
453 4750 520 4786 eo
535 4735 682 4804 quod
692 4753 898 4806 genere
914 4744 1062 4792 esset
1087 4737 1288 4792 nobilis
1311 4743 1366 4791 et
1381 4738 1738 4793 facultatibus
1765 4755 1858 4792 co-

257 4822 438 4892 piosa,
467 4823 880 4893 pulchritudine
895 4825 1127 4880 celebris
1139 4831 1196 4880 et
1207 4827 1476 4897 pudicitia
1483 4827 1724 4898 gloriosa
1733 4868 1746 4894 ,
1764 4827 1860 4880 ho-

256 4911 482 4982 spitalis
501 4918 559 4966 et
570 4913 817 4983 dapsilis,
837 4915 1160 4970 etomnibus
1171 4917 1420 4985 gratiosa
1443 4935 1455 4982 ;
1479 4917 1595 4971 haec
1616 4917 1854 4970 Martha.

331 5001 544 5055 Verum
557 5001 754 5068 Maria,
768 5003 864 5057 ubi
880 5003 1098 5057 nubiles
1117 5005 1290 5059 subiit
1307 5006 1857 5073 annos,formositate

255 5089 508 5160 corporis
563 5090 943 5160 pulcherrima
987 5093 1308 5164 splendens,
1362 5095 1613 5166 speciosa
1661 5095 1850 5160 nimis,

2015 4541 2172 4592 verit.

2015 4645 2328 4711 Enimvero,
2362 4645 2671 4714 jam-nunc
2717 4643 2914 4714 gratiae
2952 4648 3176 4714 tempus
3217 4644 3538 4712 advenerat,

1937 4737 2056 4806 jam
2087 4751 2190 4806 per
2217 4733 2368 4786 idem
2391 4738 2614 4804 tempus
2642 4732 2796 4802 virgo
2844 4739 3140 4802 pepererat
3165 4752 3176 4800 ;
3223 4735 3343 4804 jam
3387 4735 3536 4788 enim

1943 4823 2272 4878 Emmanuel
2297 4822 2366 4876 de
2391 4821 2545 4875 cmlis
2585 4822 2902 4886 advenerat,
2937 4826 2998 4874 ut
3037 4829 3361 4890 operaretur
3404 4840 3536 4891 opus

1940 4929 2108 4967 suum
2141 4915 2268 4978 (Isa.
2303 4926 2498 4972 xxvm,
2548 4909 2644 4978 2i)
2681 4909 2740 4962 in
2787 4909 2976 4966 terris.
3026 4911 3135 4964 Sed
3174 4914 3534 4979 peregrinum

1939 5008 2062 5056 erat
2115 5018 2246 5070 opus
2294 5005 2410 5069 ejus
2450 5001 2520 5054 ab
2566 5016 2622 5052 eo
2675 4999 2850 5068 {Apoc
2907 5016 3020 5064 xm,
3088 4997 3200 5066 23),
3263 5005 3327 5052 ut
3386 4999 3534 5054 Deus

1938 5091 2310 5163 aporiaretur,
2345 5095 2408 5161 ut
2430 5105 2601 5142 sanus
2618 5088 3027 5152 vulneraretur,
3062 5091 3126 5140 ut
3153 5087 3268 5140 vita
3293 5103 3537 5142 mox-ere-
3643 5087 3654 5096 ”

1195 5235 1363 5279 ΝΟΤΕ
1407 5234 1777 5280 POTISSIMUM
1822 5236 1901 5278 EX
1946 5231 2188 5279 RABANO
2231 5232 2582 5276 DESUMPTE.

327 5364 351 5392 ³
382 5353 490 5406 Hic
528 5354 736 5425 legitur
788 5356 847 5410 in
903 5355 1228 5426 apographo
1276 5356 1756 5420 investigantmm,
1791 5370 1857 5408 ex
1935 5360 2032 5406 tur
2061 5352 2272 5426 Judzea.
2297 5351 2367 5404 ad
2383 5351 2798 5426 distinctionem
2820 5349 3386 5426 Samarize,G_‘ralil:eaa,
3428 5350 3532 5403 De-

253 5426 691 5480 amanuensium
717 5427 952 5481 incuria.

329 5493 358 5533 δ
385 5495 583 5578 omnis
611 5497 930 5578 udasorum
959 5497 1259 5578 provincia,
1295 5495 1547 5578 quamvis
1573 5497 1854 5578 generali-

255 5572 346 5640 ter
391 5566 462 5619 ad
494 5567 914 5640 distinctionem
943 5566 1182 5623 aliarum
1202 5568 1456 5640 gentium
1486 5566 1850 5640 Judaeajdicta

257 5637 655 5708 sit.specialius
667 5643 859 5695 tamen
870 5641 1182 5695 meridiana
1209 5637 1332 5710 ejus
1361 5640 1528 5711 plaga
1538 5637 1854 5710 appellaba-

1933 5498 2087 5548 Jesus
2112 5497 2380 5562 migravit
2409 5510 2444 5546 a
2494 5495 2740 5555 Gatita’a,
2782 5497 2832 5546 et
2862 5495 3011 5545 venit
3059 5495 3122 5546 in

1936 5423 2164 5494 capolis,
2189 5429 2246 5476 et
2271 5429 2598 5476 ceterarum
2616 5422 2674 5474 in
2697 5421 2893 5475 eadem
2919 5420 3202 5492 provincia
3215 5421 3524 5490 regionum:

1936 5498 2087 5546 Jesus
2112 5497 2380 5546 migravit
2409 5510 2444 5546 a
2494 5495 2740 5546 Gatita’a.
2782 5497 2832 5546 et
2862 5495 3011 5545 venit
3059 5495 3122 5546 in
3167 5495 3298 5546 ﬁnes
3334 5493 3524 5546 Judaa

1937 5498 2087 5548 les-us
2112 5497 2380 5562 migravit
2409 5510 2444 5546 a
2494 5495 2740 5555 Gatita’a,
2782 5497 2832 5546 et
2862 5495 3011 5545 venit
3059 5495 3122 5546 in
3164 5495 3298 5560 ﬁnes
3334 5495 3532 5546 Juda-ae

1937 5567 2151 5652 (Matth.
2180 5581 2293 5630 xxx,
2331 5563 2414 5652 1).‘
2437 5566 2740 5652 Rabani
2773 5564 2988 5624 Matth...
3021 5563 3118 5616 lib.
3170 5580 3225 5619 v.
3273 5579 3393 5633 cap.

2009 5648 2031 5675 ε
2057 5638 2122 5691 In
2151 5636 2492 5708 apographo,
2520 5637 2720 5704 pudor.
