4018 6168
581 386 724 446 1439
1175 389 1238 445 Β.
1281 389 1553 447 RABANI
1589 389 1823 447 MAURI
1858 388 2161 446 ARCHIEI

2243 388 2563 446 MOGUNT.
2603 388 2904 449 OPERUM
2938 387 3122 445 PARS
3156 387 3255 445 III.
3654 390 3760 451 1440

582 511 784 584 quibus
816 513 1177 584 concupierat
1195 519 1441 582 terrena,
1457 520 1773 581 conterens,
1793 519 2062 583 lacrymis
2083 532 2179 571 σω·
2189 518 2241 577 Α
2256 514 2502 581 intuens,
2526 514 2689 570 illum
2700 529 2834 570 vero
2853 513 3142 585 alloquens
3160 513 3238 567 sic
3256 530 3268 565 :
3296 514 3451 579 Vides,
3468 513 3640 586 inquit,
3653 517 3762 572 hanc

574 604 663 671 pit
692 604 881 669 rigare
902 603 1061 671 pedes
1089 606 1243 672 ejus;
1275 608 1324 656 et
1363 607 1584 674 capillis
1621 607 1737 659 suis
1769 604 1912 677 (Luc.
1947 621 2040 671 vn,
2061 602 2176 676 38),
2259 603 2592 659 mulierem?
2611 603 2850 675 Moxque
2870 601 3211 667 memoriter,
3235 605 3292 655 et
3306 601 3533 656 seriatim
3546 603 3762 675 replicans

581 706 720 762 quos
740 689 812 744 ad
832 690 1295 762 compositionem
1313 691 1643 748 exhibuerat
1661 693 1848 748 vultus
1877 693 1987 758 sui,
2009 693 2181 767 pedes
2262 691 2535 765 obsequia
2557 690 2883 759 ablutiouis,
2917 689 3260 757 extersionis,
3286 689 3540 751 unctionis
3570 697 3621 745 et
3639 708 3764 748 oscu-

578 778 882 845 involvens,
912 779 1192 852 lacrymas
1241 783 1498 849 tergebat.
1530 781 1644 838 Ore
1684 798 1907 854 quoque
1949 798 2060 854 quo
2108 782 2180 838 ad
2260 782 2466 850 lorum,
2480 785 2683 836 cuncta
2714 779 3037 852 gratissime
3057 796 3118 834 se
3144 783 3447 851 acceptasse
3478 779 3763 850 signiﬁcem:

579 867 881 923 elationem
895 868 983 922 vel
1009 868 1082 923 ad
1105 869 1390 924 lasciviam
1413 869 1588 926 abusa
1604 871 1808 939 fuerat,
1827 872 2183 926 osculabatur
2260 871 2448 943 ipsum
2477 870 2651 926 etiam
2669 869 2978 935 Simonem,
3001 868 3061 922 in
3085 866 3292 922 eisdem
3311 871 3366 921 et
3383 865 3638 931 similibus,
3656 868 3767 924 dde-

572 959 858 1027 pedesejus
870 976 888 1023 ;
905 962 1247 1027 etunguento
1267 959 1417 1031 quod
1435 961 1729 1027 attulerat,
1757 963 2013 1029 ungebat,
2032 961 2182 1032 quod
2262 959 2404 1015 cisse
2430 965 2690 1032 patenter
2707 957 3071 1030 exprobrans,
3104 955 3322 1027 singula
3347 971 3601 1027 Opponens
3624 957 3767 1028 singn.

578 1063 658 1113 se,
691 1045 797 1101 sibi
823 1062 926 1118 pro
957 1047 1129 1102 odore
1156 1064 1272 1104 suae
1297 1049 1483 1104 carnis
1511 1048 1836 1105 adhibuisse
1876 1049 2104 1105 dolebat
2131 1061 2176 1104 ι.
2261 1049 2332 1103 lis
2361 1068 2374 1103 :
2411 1051 2652 1116 Intraui,
2679 1047 2883 1118 inquit,
2907 1047 3136 1102 domum
3156 1051 3312 1100 tuam
3333 1043 3574 1099 invitatus
3590 1061 3619 1100 a
3636 1052 3682 1100 te
3698 1053 3765 1101 τω

576 1134 664 1188 Ad
693 1134 812 1190 haec
832 1135 1162 1208 indignatur
1189 1141 1248 1191 et
1271 1137 1484 1193 invidet
1506 1139 1834 1208 pharisaeus,
1867 1141 1968 1208 qui
1992 1140 2179 1194 Domi-

579 1239 721 1278 num
732 1227 1068 1280 invitaverat
1077 1225 1106 1265 b
1118 1226 1189 1280 ad
1202 1225 1645 1297 prandium,null
1651 1243 1795 1299 aque
1806 1232 2022 1282 natura:
2031 1244 2180 1282 com-

577 1312 838 1384 passioue
854 1314 1044 1369 Mariae
1065 1314 1349 1383 misertus,
1369 1316 1505 1388 quin
1527 1321 1584 1371 et
1599 1316 1838 1388 propriae
1856 1315 2178 1388 fragilitatis

577 1399 806 1469 oblitus,
829 1403 1157 1458 salvandam
1177 1404 1382 1475 arguit,
1403 1405 1535 1476 quia
1553 1404 1758 1459 salvari
1786 1404 1958 1473 venit,
1983 1405 2176 1460 Salva-

576 1495 889 1562 toremque,
909 1490 1240 1547 subvenirec
1257 1512 1270 1546 :
1293 1498 1352 1548 et
1369 1497 1453 1548 ait
1467 1510 1650 1549 secum
1669 1493 2137 1549 submurmurans
2160 1511 2173 1546 :

578 1579 730 1634 Num
752 1579 842 1633 hic
872 1585 960 1635 est
983 1581 1245 1636 Iudaeus?
1275 1582 1490 1637 Revera
1524 1584 1632 1649 hic,
1661 1586 1713 1636 si
1739 1588 1869 1637 esset
1890 1584 2176 1653 propheta,

576 1668 863 1739 praeterita
891 1675 950 1723 et
973 1671 1292 1741 praesentia,
1319 1670 1520 1726 absens
1547 1676 1606 1726 et
1631 1671 1969 1743 intelligens,
2003 1678 2062 1727 et
2089 1671 2178 1726 fu-

576 1761 706 1810 tura
737 1757 1046 1828 pmvidens
1070 1760 1398 1831 prudenter,
1426 1764 1588 1815 sciret
1617 1777 1718 1832 pro
1741 1766 1893 1815 certo
1923 1777 2178 1830 quanam

2261 1153 2392 1192 vero
2419 1153 2627 1207 aquam
2652 1135 2925 1202 cisternae,
2957 1135 3045 1190 vel
3092 1133 3265 1200 ﬂuvii,
3288 1134 3501 1204 pedibus
3537 1138 3649 1189 meis
3687 1152 3766 1190 non

2260 1227 2460 1282 dedisti
2481 1244 2500 1292 ;
2533 1225 2703 1297 quod,
2725 1224 2953 1298 proprio
2969 1239 3146 1292 more,
3164 1220 3466 1295 hospitibus
3485 1222 3689 1278 exhiberi
3702 1239 3766 1278 so-

2258 1314 2340 1370 let
2387 1314 2719 1387 obsequium
2761 1332 2773 1367 :
2805 1315 2926 1369 Haec
2979 1318 3188 1378 autem,
3241 1310 3493 1383 obsequio
3539 1328 3570 1366 a
3610 1312 3770 1367 saeculis

2258 1403 2535 1470 inaudito,
2563 1402 2808 1476 propriis
2837 1404 3105 1470 lacrumis
3126 1402 3285 1470 pedes
3313 1416 3449 1454 meos
3472 1402 3606 1466 lavit,
3627 1405 3770 1465 etta-

2259 1491 2408 1547 sorio
2436 1492 2563 1563 [pro
2579 1491 2777 1562 linteo]
2797 1506 2908 1562 quo
2927 1489 3231 1562 pretiosius
3250 1487 3477 1554 nullum,
3497 1492 3676 1558 capillis
3687 1492 3770 1543 sui:

2262 1583 2436 1636 tersit.
2455 1581 2736 1645 Osculum,
2751 1578 3063 1634 dilectionis
3086 1578 3174 1632 vel
3189 1576 3470 1642 indicium,
3485 1592 3581 1631 non
3593 1578 3765 1630 dedisti:

2259 1671 2382 1726 Hac
2393 1675 2579 1724 autem
2598 1685 2712 1724 non
2726 1669 2920 1731 semel,
2945 1673 3047 1722 aut
3066 1683 3243 1738 saepe;
3266 1682 3331 1720 ea?
3351 1682 3451 1735 quo
3475 1669 3671 1720 intrarit
3693 1681 3771 1718 non

2260 1761 2483 1813 cessavit
2511 1760 2755 1813 osculari
2776 1759 2934 1827 pedes
2965 1773 3121 1811 meos.
3152 1756 3278 1812 Oleo
3312 1760 3468 1824 caput
3510 1770 3659 1808 meum
3691 1769 3768 1806 non

575 1848 820 1915 qualisve
849 1847 1019 1902 tuerit
1037 1848 1174 1914 haec,
1208 1849 1370 1919 cujus
1389 1849 1658 1921 obsequia
1695 1855 1992 1920 gratanter
2015 1865 2174 1904 acce-
2196 1835 2244 1894 Β
2259 1849 2496 1914 und-isti,
2542 1847 2692 1919 quod
2717 1845 3028 1901 devotionis
3053 1845 3279 1916 signum
3304 1843 3468 1910 foret;
3503 1843 3597 1897 hac
3618 1847 3768 1905 autem,

576 1939 722 2005 ptat,
751 1951 786 1989 a
814 1952 926 2007 qua
953 1953 1014 1991 se
1042 1937 1199 2009 tangi
1243 1954 1357 1992 non
1389 1938 1748 2009 dedignatur.
1785 1938 1886 1993 His
1911 1937 2179 1993 Pharisaei

576 2022 1010 2094 cogitationibus
1038 2029 1365 2095 respondens
1391 2026 1664 2082 discretor
1687 2027 2092 2098 cogitationum
2123 2032 2182 2081 et

577 2117 859 2167 scrutator
875 2113 1255 2170 intentionum
1283 2114 1470 2170 Deustl
1493 2134 1505 2168 :
1536 2116 1751 2183 Simon,
1785 2115 1987 2187 inquit,
2011 2116 2175 2170 habeo

579 2200 683 2253 tibi
706 2203 930 2270 aliquid
947 2204 1144 2257 dicere.
1171 2206 1240 2258 At
1264 2207 1360 2259 ille
1382 2204 1758 2276 pharisaicum
1787 2204 2171 2276 supercilium,

575 2304 643 2341 ex
669 2304 846 2356 more,
871 2291 1234 2362 complanans
1257 2305 1302 2360 ο,
1333 2293 1394 2347 in
1426 2293 1594 2348 corde
1640 2299 1699 2348 et
1737 2293 1904 2348 corde
1932 2293 2170 2360 locutus,

577 2376 739 2447 quasi
767 2377 849 2432 nil
891 2381 1201 2435 murmuris
1241 2386 1610 2449 susurrasset,
1644 2382 1714 2436 de
1757 2382 1926 2453 plano
1945 2380 1967 2422 τ
1989 2381 2074 2452 [id
2100 2385 2175 2435 est

577 2466 991 2539 compendiose]
1012 2469 1334 2542 respondit:
1360 2472 1640 2540 Magister,
1663 2472 1772 2526 dic.
1787 2470 2166 2526 EtDominus:

576 2555 696 2608 Duo
712 2557 976 2611 debitores
995 2564 1159 2614 erant
1178 2561 1407 2628 quidam
1425 2561 1732 2628 feneratori
1760 2579 1776 2614 :
1808 2576 1956 2614 unus
1975 2575 2173 2615 eorum

2258 1951 2373 1990 non
2391 1934 2630 2008 simplici
2651 1935 2792 2002 oleo,
2811 1934 2909 1990 sed
2931 1934 3106 1988 mixto
3133 1949 3264 1988 rore
3292 1931 3514 1986 balsami
3540 1935 3768 1997 unguento.

2260 2027 2426 2080 unxit
2448 2026 2607 2094 pedes
2627 2041 2788 2079 meos.
2815 2025 3046 2093 Propter
3066 2023 3230 2093 quod,
3254 2023 3372 2076 dico
3393 2023 3521 2093 tibi:
3542 2021 3771 2075 Remittun-

2263 2119 2359 2168 tur
2377 2116 2430 2168 ei
2447 2119 2667 2183 peccata
2677 2117 2887 2177 multa;
2911 2118 2969 2167 et
2984 2111 3208 2179 merito,
3222 2113 3481 2180 quoniam
3497 2110 3659 2163 ditarit
3670 2110 3772 2159 mul-

2258 2203 2508 2257 tumJ/‘ui
2517 2207 2702 2258 autem
2714 2204 2903 2256 minus
2914 2199 3773 2267 dimittitur,minusdiligit:quam-

2255 2291 2339 2346 vis
2364 2290 2662 2346 Dominum
2685 2307 2797 2345 non
2812 2290 2999 2345 minus
3019 2288 3260 2360 diligere
3277 2291 3540 2350 teneatur,
3554 2285 3649 2357 qui.
3665 2299 3720 2336 ne
3732 2283 3772 2336 in

2257 2379 2464 2435 delicta
2490 2379 2730 2447 decidat,
2754 2396 2789 2434 a
2814 2379 2932 2434 Deo
2949 2383 3180 2433 tenetur
3194 2378 3232 2431 Ι.

2255 2523 2386 2577 Cap.
2419 2523 2569 2579 VIII.
2599 2553 2665 2564 —
2682 2523 2782 2577 Ubi
2805 2522 2998 2577 Mariae
3021 2521 3274 2578 Christus
3293 2517 3720 2590 peceatoremittit,
3741 2520 3774 2567 et

2797 2596 2861 2647 in
2882 2609 3018 2662 pace
3055 2594 3316 2648 dimittit.

576 2643 795 2698 debebat
807 2647 1066 2702 denarios
1076 2651 1423 2717 quingentos.
1435 2651 1585 2704 alius
1597 2651 2032 2719 quinquaginta.
2050 2649 2173 2704 Non

575 2731 900 2788 habentibus
915 2738 1034 2790 illis
1046 2738 1192 2791 unde
1204 2739 1508 2804 redderent,
1526 2739 1755 2793 donavit
1768 2739 2178 2807 utrisque.0uis
2331 2735 2434 2792 His
2454 2735 2637 2804 dictis,
2670 2735 2991 2807 intelligens
3020 2735 3282 2790 Salvator
3307 2734 3503 2788 dedisse
3527 2747 3579 2785 se
3601 2728 3777 2783 auditui

575 2836 701 2874 eum
720 2824 849 2890 plus
868 2823 1057 2891 diligit
1074 2816 1099 2879 Ξ)
1115 2825 1203 2880 Ad
1230 2825 1366 2894 haec,
1392 2824 1588 2881 Simon
1610 2832 1676 2881 ut
1692 2826 1982 2882 maniacus
1993 2838 2041 2894 ς,
2065 2826 2181 2899 ple—
2260 2823 2451 2880 Marite
2478 2825 2773 2894 gaudium,
2801 2830 2851 2879 et
2890 2826 3144 2879 laetitiam
3169 2838 3437 2895 magnam
3467 2822 3612 2889 (Psal.
3640 2835 3680 2881 ι,
3703 2816 3743 2878 9)
3766 2834 3776 2869 :

575 2914 732 2964 ctens
776 2911 885 2965 sibi
919 2918 1149 2980 restem,
1192 2931 1304 2985 qua
1332 2915 1647 2983 intricetur,
1684 2933 1798 2971 non
1827 2916 2179 2988 perpendens
2259 2913 2535 2985 siquidem
2555 2912 2616 2967 in
2634 2930 2701 2968 eo
2721 2912 2869 2985 quod
2895 2911 3184 2984 obsequia,
3212 2928 3338 2984 quae
3358 2909 3564 2966 Christo
3581 2904 3780 2960 exhibue-

575 2997 646 3052 de
674 3014 735 3053 se
765 2999 976 3055 dictum
999 3002 1388 3075 paradigmah,
1413 3004 1562 3075 quod
1581 3021 1684 3059 nec
1701 3005 2172 3076 compendiosius,
2258 3008 2369 3067 rat,
2408 3001 2730 3057 enumerari
2754 3003 2771 3050 1
2801 3007 2860 3056 et
2901 2999 3204 3073 approbari
3254 2998 3548 3065 audiebat;
3571 2995 3780 3066 majorem

574 3101 678 3141 nec
698 3087 966 3159 liquidius
993 3091 1228 3161 exprimi
1251 3098 1443 3162 posset
1477 3111 1488 3145 :
1521 3095 1765 3160 £3timo,
1800 3093 1900 3160 ait,
1929 3096 2064 3162 quia
2085 3095 2180 3148 cui
2201 3155 2235 3164 _
2258 3096 2469 3158 autem,
2487 3091 2635 3164 quod
2655 3090 2967 3146 devotionis
2982 3106 3098 3145 suae
3109 3090 3330 3156 exenia,
3351 3086 3578 3144 Simonis
3602 3081 3780 3156 prandio

572 3177 699 3244 plus
724 3155 970 3232 donavit.
999 3155 1104 3233 odi
1124 3155 1396 3235 Dominus
1427 3199 1440 3235 :
1473 3183 1640 3247 Recte,
1665 3155 1870 3252 inquit,
1885 3155 2156 3252 iudicasti
2161 3222 2173 3235 .
2193 3155 2237 3216 θ
2257 3155 2800 3252 Ρνωῖενὶίἠονθηω
2835 3179 3139 3234 maximam
3165 3155 3323 3243 vero,
3352 3177 3412 3232 in
3441 3193 3502 3231 eo
3530 3155 3659 3246 quod
3679 3169 3780 3224 dile-

574 3263 813 3336 Moxque
843 3281 880 3320 a
907 3282 1106 3321 mensa
1131 3284 1380 3336 aversus,
1401 3271 1476 3324 ad
1503 3269 1742 3324 Mariam
1771 3285 2080 3337 conversus,
2116 3271 2178 3326 in
2257 3269 2458 3324 ctionis
2473 3285 2591 3324 suae
2611 3267 2882 3324 scintillas
2899 3268 3130 3335 vividus,
3167 3268 3289 3323 Deo
3309 3265 3499 3331 videri,
3529 3269 3581 3318 et
3602 3263 3661 3316 de
3684 3274 3779 3330 pec-

573 3353 736 3423 cujus
756 3354 941 3421 corde,
966 3356 1274 3424 jucundius
1295 3374 1466 3428 quam
1486 3357 1544 3413 in
1563 3374 1778 3425 mensa,
1797 3358 2110 3430 prandebat
2137 3357 2170 3425 ί,
2256 3364 2510 3415 catorum
2541 3374 2773 3413 suorum
2793 3357 3126 3412 remissione
3143 3355 3403 3420 tractari,
3419 3353 3677 3408 didicerat.
3693 3347 3781 3402 Ala-

574 3439 1006 3498 desiderabilem
1036 3445 1251 3503 mltum
1281 3463 1446 3502 suum
1475 3447 1528 3502 ei
1566 3447 1868 3503 videndum
1912 3447 2170 3519 praebuit,
2256 3446 2455 3503 critate
2503 3446 2767 3513 mirabili,
2816 3452 2874 3502 et
2917 3446 3213 3501 dulcedine
3257 3442 3521 3500 ineffabili
3555 3439 3780 3503 consciam

573 3536 630 3585 et
653 3531 1027 3588 serenissimis
1056 3535 1234 3589 oculis
1279 3552 1404 3590 eam
1456 3536 1858 3608 benignissime
1905 3537 2168 3608 respexit.
2254 3537 2504 3603 ﬂentem,
2528 3536 2684 3603 item,
2703 3541 2761 3590 et
2777 3552 2882 3590 sua
2899 3535 3136 3605 vestigia
3153 3531 3569 3605 infatigabiliter
3583 3526 3776 3583 osculan-

570 3619 800 3688 Verum,
833 3628 1139 3694 antequam
1169 3624 1351 3696 ipsam
1380 3625 1781 3697 alloqueretur,
1817 3626 1889 3680 ad
1919 3627 2041 3696 ejus
2071 3626 2170 3680 de-
2250 3630 2388 3692 tem,
2421 3625 2504 3680 ait
2529 3625 2611 3680 illi
2643 3644 2655 3679 :
2690 3627 3072 3681 Remittuntur
3097 3620 3201 3678 tibi
3223 3627 3461 3692 peccata.
3490 3619 3651 3674 Ardor
3668 3613 3777 3669 enim

569 3706 878 3766 fensionem
898 3728 958 3767 se
977 3718 1174 3768 contra
1189 3713 1534 3770 Pharisaeum
1550 3715 1746 3770 erexit.
1765 3715 1928 3770 Illam
1943 3714 2170 3786 quidem
2252 3715 2461 3770 amoris
2488 3714 2575 3770 tui
2602 3714 2872 3770 enullavit
2899 3713 2982 3784 [id
3004 3719 3098 3777 est,
3121 3712 3351 3783 delevit]
3374 3707 3778 3780 aerugine-miom-

1492 3828 1666 3875 NOTE
1710 3827 2076 3874 POTISSIMUI
2120 3830 2198 3874 EX
2239 3827 2489 3874 HABANO
2533 3829 2881 3875 DESUHPTE.

637 3917 922 3991 fimus...
950 3923 1305 3991 unguentum
1333 3917 1440 3991 sibi
1485 3935 1586 3990 pro
1631 3918 1946 3991 odoresuaa
1974 3919 2159 3974 carnis
2242 3917 2426 3990 byteri
2452 3919 2667 3991 aliquid
2694 3917 2801 3973 sibi
2828 3918 2899 3974 de
2953 3918 3369 3991 Pharisaeorum
3412 3916 3678 3991 assumunt
3707 3921 3774 3961 su-

565 3986 840 4061 adhibuit.
873 3986 1196 4061 Quod—ergo
1242 3988 1348 4044 sibi
1393 3986 1638 4061 turpiter
1678 3989 2024 4058 exhibuerat,
2056 3991 2160 4044 hoc
2240 3986 2489 4061 percilio.
2515 3986 2731 4047 [tabani
2751 3991 2959 4050 Homil.
2990 3995 3054 4044 in
3078 3990 3208 4045 Nat.
3243 3988 3303 4045 S.
3332 3990 3494 4044 Petri.
3696 4056 3702 4060 ἢ

561 4059 684 4128 jam
714 4058 1069 4114 laudabiliter
1096 4056 1212 4115 er
1229 4056 1516 4114 oﬂ‘erebat.
1549 4061 1739 4116 Oculis
1765 4067 1996 4118 terrena
2014 4056 2158 4115 Vcon-
2240 4056 2260 4061 ”
2311 4060 2332 4101 ῐ
2358 4061 2664 4125 Maniacus,
2697 4063 2760 4116 id
2799 4066 2894 4128 est,
2925 4065 3179 4118 insanus.
3206 4062 3368 4125 Beda,
3398 4073 3548 4128 quem
3574 4056 3772 4128 sequitur

562 4129 836 4202 cupierat,
860 4131 978 4202 sed,
1009 4131 1112 4202 hos
1143 4132 1263 4202 jam
1291 4148 1392 4202 per
1421 4131 1809 4202 paenitentiam
1836 4138 2152 4198 conterens,

565 4200 754 4274 ﬂebat.
769 4201 1013 4274 Capillos
1030 4201 1102 4274 ad
1120 4200 1582 4274 compositionem
1600 4203 1786 4258 vultus
1805 4203 2150 4274 exhibuerat,

563 4269 662 4324 sed
675 4271 799 4345 jam
811 4269 1024 4345 capillis
1034 4269 1317 4345 lacrymas
1331 4273 1606 4344 tergebat.
1621 4274 1732 4328 Ore
1749 4273 1992 4345 superba
2008 4274 2158 4328 dixe-

564 4348 671 4417 rat,
707 4342 805 4417 sed
833 4342 1002 4417 pedes
1030 4342 1254 4417 Domini
1270 4342 1548 4410 osculans,
1563 4345 1667 4399 hoc
1685 4345 1747 4417 in
1756 4342 2156 4417 Redemptoris

2237 4133 2513 4206 Rabanus,
2537 4132 2618 4187 ait
2634 4133 2732 4187 hoc
2754 4135 2819 4186 in
2839 4125 2951 4189 loco
2980 4153 2996 4188 :
3022 4131 3342 4206 Pharisaaus
3370 4125 3523 4206 quasi
3546 4125 3773 4206 phggntll‘

2236 4193 2556 4277 cusgfunem‘
2572 4209 2780 4277 portat,
2805 4219 2873 4257 ex
2900 4220 3012 4277 quo
3038 4203 3361 4277 ligetur.ln
3380 4193 3592 4277 Lucam,
3708 4204 3770 4245 III.

2238 4278 2280 4346 t;
2307 4274 2374 4338 Vs
2407 4292 2463 4346 Ρ.
2495 4268 2618 4332 30‘2.
2664 4268 2868 4329 llomil.
2905 4268 2970 4330 in
2998 4268 3128 4330 Nai.
3159 4275 3218 4330 s.
3252 4275 3445 4329 Maria
3474 4268 3769 4335 Μαθάαιεη.

2236 4345 2320 4400 Ez
2339 4345 2587 4412 S.’Greg.
2620 4347 2765 4414 Mag.

562 4401 904 4499 sui4v;e_stig:i_a
930 4401 1681 4499 ﬁg_ebat._lteda_in_[.ueant,
1714 4415 1810 4499 lib.
1833 4430 1945 4499 _m,
1973 4401 2024 4499 ἱ.Δ
2048 4416 2148 4499 Ill,
2168 4441 2216 4499 ο
2251 4486 2267 4499 1
2305 4401 2700 4499 ςΡειςᾳεῧεωει
2711 4401 2798 4499 "etc
2817 4418 2874 4475 S.
2909 4419 3166 4498 Gregorio
3179 4414 3501 4499 Magum-lla
3525 4407 3711 4499 (190225
3722 4401 3771 4499 ξί

562 4499 619 4554 p.
778 4476 1124 4560 ﬂiomhiltin
1151 4486 1278 4541 Nat.
1317 4488 1376 4541 B.
1405 4489 1596 4560 Maria
1624 4476 1978 4560 Magdalenen
2007 4493 2052 4541 t.
2080 4476 2148 4560 νς
2173 4476 2216 4499 υ
2233 4476 2938 4560 ᾁβὺὶῐοτὶδιιῖρωδαάὶεωα
2963 4476 3295 4560 opponitur,
3320 4490 3383 4542 in
3411 4486 3602 4550 Etang.
3625 4476 3769 4533 lib-ﬂ.

561 4571 618 4625 p.
653 4554 793 4625 H4;

824 4557 909 4610 Ea:
932 4557 989 4613 S.
1012 4558 1169 4626 Greg.
1198 4560 1398 4626 Magno
1426 4561 1491 4612 in
1524 4559 1756 4626 Evang.,
1789 4557 1886 4611 lib.
1930 4572 1992 4624 Il,
2042 4559 2152 4613 Ilo-

621 4642 641 4678 ι
679 4672 692 4681 .
807 4667 818 4680 .
1947 4648 1958 4655 ·

634 4714 790 4788 ιξεθὰ
830 4717 935 4770 hoc
967 4717 1282 4772 Pharisaeus
1304 4717 1460 4788 rvidet
1483 4722 1542 4772 et
1569 4716 1784 4771 invidet
1816 4736 1828 4770 :
1863 4717 1998 4788 quia
2023 4734 2152 4772 cum

558 4785 824 4870 Iudaicus
852 4788 1092 4870 populus
1117 4787 1694 4870 gentilitatempeum
1709 4785 2154 4870 praedicarecon-

557 4857 740 4928 spicit,
775 4857 879 4913 sua
915 4857 1062 4984 apud
1093 4857 1153 4914 se
1183 4859 1401 4914 malitia
1435 4858 1691 4913 tabescit.
1712 4857 1781 4913 *S.
1816 4859 1972 4927 Greg.
2003 4861 2147 4927 illag.

560 4932 622 4983 in
651 4929 882 4999 anng.,
914 4929 953 4984 li
999 4971 1010 4983 .
1042 4945 1104 4995 ιι,
1137 4932 1339 4985 Homil.
1370 4928 1460 4985 33.

626 5027 651 5057 ο
679 5019 749 5072 In
775 5020 1086 5088 apographo
1107 5021 1312 5086 legitur
1337 5017 1612 5085 subvenit,
1639 5034 1835 5073 rerum
1860 5021 2149 5073 subvenire

555 5092 962 5174 legendumLut‘
989 5107 1053 5144 ea:
1078 5092 1216 5174 Beda
1238 5093 1416 5174 liquet
1449 5109 1466 5145 :
1496 5091 1878 5174 Eharisgeus._..
1919 5090 2147 5174 Egram

552 5161 913 5232 reprehendit
931 5161 1002 5216 de
1019 5161 1372 5231 aegritudine,
1387 5161 1665 5216 medicum
1678 5162 1748 5216 de
1761 5160 2142 5216 subventione.

552 5232 622 5285 In
649 5233 896 5300 Lucam,
924 5231 1021 5286 lib.
1053 5246 1138 5286 III.

623 5318 660 5394 di
676 5321 819 5375 Deus
845 5337 948 5392 pro
975 5337 1218 5393 persona
1244 5321 1371 5376 Filii
1396 5322 1669 5394 accipitur
1696 5340 1708 5375 :
1748 5327 1812 5376 ut
1835 5321 1895 5375 in
1921 5322 2097 5379 Paulo
2128 5340 2139 5376 :

553 5390 662 5457 Qui
684 5397 760 5445 est
786 5390 952 5462 super
976 5390 1170 5448 omnia
1194 5394 1502 5448 benedictus
1516 5390 1666 5448 'Deus
1696 5395 1758 5448 in
1785 5396 2002 5449 saecula.
2036 5394 2144 5448 Ra-

551 5462 687 5513 bani
704 5464 990 5530 Allegoriae
1011 5466 1076 5518 in
1095 5480 1316 5519 sacram
1338 5463 1712 5535 Scripturam.

620 5558 652 5622 ﬁ
665 5547 919 5604 Profecto
938 5552 1297 5622 supercilium
1319 5552 1642 5608 Scribarum
1659 5558 1718 5608 et
1726 5551 2140 5608 Pharisaeorum

545 5617 816 5694 ipsinuat.
831 5617 1052 5694 [labant
1069 5624 1370 5694 comment.
1392 5627 1457 5677 in
1478 5625 1698 5689 Mutila,
1719 5623 1816 5678 lib.
1839 5637 1924 5685 In,
1937 5639 2060 5694 cap.
2085 5623 2138 5678 9.

545 5689 630 5747 Ea:
655 5691 796 5748 Beda
814 5693 879 5747 in
913 5691 1057 5757 Luc.,
1092 5691 1194 5746 lib.
1223 5706 1286 5757 ιι,
1317 5709 1442 5791 cap.
1473 5695 1524 5750 5.
1545 5694 1887 5769 —Episcopi
1906 5700 1965 5749 et
1981 5689 2141 5769 pres-

2233 4558 2438 4613 Homil.
2469 4559 2559 4613 33.

2304 4628 2333 4670 ιι
2355 4629 2629 4685 Dominus
2654 4628 2894 4686 libenter
2909 4629 3245 4697 ingreditur,
3264 4634 3324 4684 et
3348 4628 3408 4682 in
3436 4627 3567 4697 ejus,
3587 4619 3668 4693 qui
3682 4631 3772 4671 m-

2233 4699 2456 4765 diderit,
2491 4700 2768 4756 recumbit
2793 4698 3016 4756 affectu.
3049 4701 3121 4756 Et
3146 4700 3256 4755 hoc
3281 4704 3370 4754 est
3398 4698 3649 4765 bonorum
3671 4702 3771 4765 οβ’

2232 4787 2361 4896 Rm
2374 4760 2629 4844 spiritale
2635 4773 2970 4899 S(ionvivium.
2986 4773 3202 4827 Rabani
3216 4773 3509 4828 Comment.
3526 4771 3583 4821 in
3597 4760 3767 4818 lauit.

2255 4859 2274 4895 ι
2318 4883 2330 4896 .
2364 4857 2447 4899 III.
2480 4860 2602 4899 can.
2675 4885 2689 4899 ,
3736 4897 3741 4899 Δ

2255 4857 2330 4896 ιο.
2364 4857 2447 4907 III,
2480 4860 2602 4908 cap.
2635 4857 2689 4900 υ.
3689 4900 3700 4908 .
3733 4897 3742 4908 .

2302 4860 2458 4969 ξ’ὗῗό
2480 4860 3006 4996 intellegebamus-:-
3028 4913 3189 4996 ,ειυοᾴ
3213 4912 3358 4996 res
3381 4915 3454 4993 ,ει
3489 4897 3767 4996 5³⁸ἓῖίὲίῖ

2234 5000 2380 5065 mus,
2415 4986 2565 5065 quod
2592 4992 2745 5040 recte
2765 4991 2829 5065 et
2861 4978 3538 5065 catholiceintelligimus,
3568 4978 3767 5065 quo]?

2229 5056 2420 5111 omnia
2431 5054 2734 5112 debemus.
2765 5057 3033 5112 Nostrum
3062 5055 3215 5110 enim
3244 5054 3387 5109 nihil
3411 5057 3513 5114 est,
3546 5054 3642 5102 nisi
3664 5055 3763 5115 pec.

2229 5130 2417 5200 catum
2437 5134 2496 5184 et
2511 5127 2724 5182 malum
2742 5128 2892 5199 quod
2906 5126 3121 5200 operati
3140 5142 3352 5200 sumus.
3376 5123 3534 5193 Apud
3551 5121 3759 5179 811101⁸⁸9⁷·

2231 5198 2531 5270 Comment.
2564 5202 2629 5254 in
2656 5197 2918 5268 Regulam
2944 5197 3004 5254 λς.
3036 5198 3230 5253 Bened.
3581 5260 3591 5270 ι

2294 5269 2310 5315 1
2342 5271 2469 5328 God.
2496 5260 2782 5336 Enervari,
2807 5272 3095 5339 legendum
3119 5270 3261 5336 forte
3286 5260 3614 5339 enumerari.
3642 5260 3694 5310 tt!
3714 5266 3760 5305 ιτ

2226 5341 2368 5396 Beda
2389 5348 2614 5412 αρραιέι
2639 5361 2663 5420 .-'
2688 5332 3106 5420 Ερὶιιρςεηρωτ
3119 5332 3276 5420 bona
3300 5332 3759 5420 ρθοωίείβὲξιεβξ

2225 5405 2519 5484 merantur
2544 5413 2696 5467 mala
2721 5412 2846 5467 falsi
2868 5411 3029 5484 justi,
3060 5426 3190 5466 cum
3217 5405 3419 5484 dicitur
3447 5424 3461 5458 :
3493 5405 3692 5484 {ptrtlfi

2223 5483 2450 5537 domum
2477 5490 2653 5550 tuam,
2676 5489 2784 5539 etc.
2814 5474 2957 5538 Beda
2990 5474 3054 5537 in
3077 5484 3229 5549 Luc.,
3259 5479 3353 5534 lib.
3384 5490 3467 5532 In.
3496 5474 3678 5530 Homit.
3712 5474 3755 5517 in

2223 5554 2352 5629 Nat.
2372 5552 2668 5629 _S._Mariz
2685 5556 3038 5629 Μαθάαιθησυς
3078 5626 3099 5629 λ
3155 5624 3171 5629 _
3292 5620 3335 5629 _
3379 5619 3432 5629 ..
3475 5618 3486 5629 .

3065 5624 3267 5702 Mar
3292 5618 3613 5702 BekiSiPW,
3623 5607 3759 5702 .111?

2223 5697 2538 5751 mittuntur
2559 5700 2613 5752 ei
2620 5684 3034 5766 p‘eceata'mulla
3045 5697 3307 5765 quoniam
3326 5684 3517 5745 δίιεὲἰέ
3531 5684 3754 5739 multum.
