3958 6170
170 221 198 275 1
209 221 314 278 441

1197 221 1292 275 DE
1343 221 1625 276 VITA.B.
1661 222 1912 278 MARle
1950 223 2439 280 MAGDALENE.

3309 231 3451 290 1442

168 347 260 401 nis
310 346 499 402 delicti
556 346 659 400 tui.
711 345 832 408 Quo
872 345 1086 410 audito,
1119 345 1477 399 scandalizati
1508 351 1641 400 sunt
1677 345 1836 416 quiA
1853 347 2001 402 mira
2023 349 2332 416 affectione,
2352 355 2410 404 et
2429 351 2626 405 sedula
2645 351 2874 422 pietate,
2907 354 3147 425 acceptis
3176 356 3247 411 ab
3275 374 3340 412 eo
3361 359 3453 413 be-

169 435 342 490 simul
369 432 798 489 discumbebant
825 433 1082 500 convivae,
1111 439 1158 487 et
1180 440 1451 502 coeperunt
1493 436 1669 489 dicere
1690 438 1776 489 in-

172 531 264 578 tra
287 542 340 578 sc
364 545 379 578 :
405 524 536 590 Quis
559 527 634 577 est
653 524 744 576 hic
783 539 878 590 qui
911 526 1079 576 etiam
1099 528 1318 590 peccata
1346 525 1580 577 dimittit
1605 529 1628 576 ?
1657 524 1776 578 Hoc

170 613 322 666 enim
352 630 492 684 opus
528 611 701 666 solius
731 611 833 665 Dei
869 617 971 664 est.
1006 612 1216 665 Verum
1245 611 1371 664 illos
1408 611 1545 666 talia
1584 629 1774 666 secum

171 707 477 767 versantes,
512 700 617 754 sibi
639 700 873 771 reliquit
891 701 1179 767 Salvator;
1209 700 1280 754 ad
1301 700 1538 754 Mariam
1556 718 1780 756 conver-

170 809 268 845 sus
296 811 306 842 :
340 793 492 845 Fides
525 796 641 856 tua,
674 790 877 860 inquit,
905 806 1016 860 qua
1063 795 1120 843 te
1147 790 1576 860 impetraturam
1607 789 1780 844 credi-

171 880 323 946 disti,
347 879 493 950 quod
511 879 755 933 officiose
770 878 960 950 petisti
981 884 1089 944 a,tc
1118 882 1329 932 salvam
1356 880 1518 946 facit;
1553 881 1686 932 vade
1715 883 1778 933 in

172 986 317 1038 pace.
344 969 462 1022 IIoc
505 967 823 1021 felicissimo
852 967 1077 1021 oraculo
1104 967 1418 1020 confortata
1458 967 1654 1032 Maria,
1685 968 1780 1021 ad-

173 1058 352 1111 oravit
382 1058 750 1123 Salvatorem,
777 1073 1016 1126 moxque
1043 1056 1250 1126 gaudio
1275 1055 1542 1110 ineffabili
1591 1057 1773 1127 plena,

173 1147 486 1201 convivium
499 1163 743 1217 egressa,
767 1146 998 1199 secessit
1013 1145 1071 1198 in
1096 1162 1229 1210 una,
1255 1144 1638 1216 septiformem
1657 1146 1777 1216 Spi-

175 1235 348 1290 ritum
377 1235 435 1288 in
466 1241 688 1306 pectore
710 1240 940 1305 portans
965 1252 978 1300 ;
1023 1235 1400 1305 lacrymarum
1429 1233 1643 1305 impetu
1664 1251 1776 1288 non

175 1325 726 1396 quidemmepresso,
781 1323 880 1378 sed
920 1323 1216 1377 minutato.
1273 1323 1407 1387 Qua:
1445 1323 1595 1376 enim
1622 1323 1778 1394 prius

178 1414 404 1468 fuerant
432 1412 828 1466 amaritudinis
853 1429 919 1465 ex
947 1429 1132 1484 pcena,
1153 1413 1302 1466 facta
1329 1419 1462 1466 sunt
1481 1413 1686 1467 laetitiae
1714 1430 1779 1466 ex

175 1509 440 1574 percepta
500 1502 681 1556 venia.
715 1503 870 1556 Tunc
913 1505 1169 1572 fluminis
1224 1504 1456 1570 impetus
1485 1501 1511 1540 ι)
1543 1505 1778 1570 twtiﬁcat

1857 437 2070 491 neﬁciis
2128 440 2544 510 respondentes,
2603 439 2696 510 pia
2744 441 3038 497 devotione
3079 443 3115 496 ΐ.
3151 447 3454 504 (“iuraverat

1858 525 2060 596 quippe
2072 543 2160 580 eas
2175 543 2210 580 a
2227 531 2518 596 spiritibus
2531 532 2818 597 malignis,
2841 535 2890 584 et
2901 534 3349 598 infirmitatibus.
3367 538 3455 593 Ad

1860 613 2034 668 ﬁliam
2060 615 2197 668 Jairi
2227 617 2513 688 principis,
2546 617 2902 673 duodennem
2933 631 2980 684 ε,
3022 623 3238 676 Tatitha
3279 630 3450 692 cumi,

1861 701 2438 774 inqu1ens,mortuam
2466 707 2756 760 suscitavit
2775 710 2965 776 (Marc.
2991 711 3039 776 v)
3067 729 3080 776 ;
3102 714 3377 782 jussitque
3405 719 3458 769 ei

1859 793 1991 844 dari
2014 796 2351 848 manducare
2383 794 2427 848 Ιι.
2462 796 2896 866 Syrophaanissze
2942 799 3111 852 ﬁdem
3138 807 3452 872 acceptans,

1861 880 2034 934 ﬁliam
2065 882 2184 950 ejus
2212 900 2246 936 a
2271 883 2547 938 daemonio
2569 885 2860 938 mundavit
2873 888 3019 952 (Luc.
3039 893 3174 954 vm).
3191 890 3455 964 Emoroy-

1859 967 1991 1022 dam
2017 968 2030 1008 ί
2059 975 2212 1023 tactu
2265 971 2496 1026 ﬁmbriae
2527 973 2761 1038 curavit,
2794 979 2852 1028 et
2895 975 3063 1029 ﬁdem
3119 978 3240 1047 ejus
3287 980 3454 1034 vehe-

1859 1057 2207 1112 mentissime
2237 1061 2653 1116 commendavit
2672 1061 2704 1114 ί.
2741 1063 2871 1118 Haec
2899 1065 3164 1120 Caesarea:
3185 1067 3430 1140 Philippi
3439 1095 3455 1141 ι

1857 1145 2008 1212 civis,
2040 1152 2098 1200 et
2128 1143 2348 1202 Martha
2375 1149 2523 1204 dicta
2553 1157 2656 1204 est.
2695 1171 2716 1202 ι
2743 1152 2952 1206 Domus
2983 1155 3121 1223 ejus,
3155 1155 3254 1222 ibi,
3279 1173 3458 1228 usque

1859 1251 2026 1301 nunc,
2044 1237 2296 1290 cernitur
2319 1256 2332 1304 ;
2367 1255 2480 1308 prae
2507 1239 2666 1308 cujus
2697 1239 2926 1305 foribus,
2944 1247 3057 1296 stat
3076 1242 3242 1310 basis,
3263 1245 3320 1300 in
3335 1247 3456 1300 loco

1860 1323 2101 1388 editiori,
2134 1325 2193 1379 in
2225 1343 2336 1397 qua
2391 1327 2644 1381 mulieris
2701 1329 2894 1400 ipsius,
2937 1331 3022 1383 vel
3061 1333 3298 1402 genibus
3325 1352 3457 1406 pro-
3500 1359 3506 1366 ·

1861 1413 2061 1467 volutae
2091 1415 2418 1485 palmasque
2441 1415 2764 1486 suppliciter
2792 1417 3092 1484 tendentis,
3127 1420 3313 1492 imago
3349 1441 3459 1478 zere

1863 1501 2082 1556 videtur
2110 1520 2399 1574 expressa;
2431 1509 2592 1558 zestat
2611 1505 2663 1558 ei
2693 1505 2804 1558 alia
2827 1523 2937 1560 aere
2967 1507 3090 1561 fusa
3121 1513 3326 1577 statua,
3363 1513 3460 1566 ha-

177 1598 425 1646 mentem
439 1591 653 1657 Mariae,
669 1593 946 1644 civitatem
965 1593 1064 1644 Dei
1081 1603 1124 1656 ε,
1145 1596 1281 1646 tunc
1309 1593 1671 1658 sanetiﬁcavit
1703 1597 1782 1645 ta-
1797 1584 1842 1642 Β
1862 1589 1980 1644 bitu
2013 1591 2131 1656 viri,
2146 1593 2290 1645 stola
2309 1599 2527 1664 compte
2547 1593 2896 1658 circumdati,
2921 1595 3208 1651 dexteram
3238 1600 3461 1656 mulieri

179 1683 543 1735 bernaculum
576 1697 740 1733 suum
761 1682 1079 1734 Altissimus
1111 1681 1275 1747 (Psat.
1299 1696 1426 1745 XLV,
1446 1680 1498 1748 8)
1525 1679 1582 1734 in
1613 1680 1711 1734 illa
1730 1679 1774 1732 ἀ.

181 1771 256 1824 Ex
276 1777 432 1835 tunc,
461 1785 574 1823 non
596 1769 771 1823 animi
789 1768 986 1822 vitium
1000 1769 1086 1822 vel
1118 1769 1365 1840 corporis
1394 1769 1571 1823 ullum
1592 1769 1698 1823 fuit
1720 1769 1778 1822 in

177 1859 288 1912 illa.
324 1859 402 1913 Ex
429 1865 586 1922 tunc,
620 1857 824 1928 pudica
847 1874 960 1928 qua
1007 1858 1162 1911 nulla
1207 1857 1410 1928 pudica
1450 1857 1668 1927 magis!
1702 1858 1778 1912 Ex

179 1952 309 2001 tunc
341 1946 472 2001 vicit
497 1945 963 2012 naturam,cessit
992 1951 1050 2000 et
1077 1946 1200 2016 ipsa
1229 1945 1352 1999 sibi.
1388 1947 1462 2000 Ex
1484 1957 1636 2011 tunc,
1657 1963 1778 1999 mo-

177 2052 264 2090 res
292 2053 428 2090 suos
457 2035 537 2089 sic
569 2034 898 2100 eliminavit,
922 2040 987 2089 ut
1027 2035 1086 2088 in
1126 2052 1194 2088 ea
1221 2051 1454 2105 qumque
1481 2051 1611 2105 pars
1647 2035 1779 2089 boni

175 2125 266 2190 sit,
287 2123 477 2195 portio
497 2124 651 2178 nulla
673 2124 826 2177 mali.
851 2123 1044 2178 Talem
1065 2123 1301 2178 Mariam
1328 2140 1496 2194 quam
1521 2123 1659 2178 scire
1689 2123 1782 2177 bo-

174 2230 334 2278 num,
367 2219 487 2267 tam
516 2213 703 2266 dicere
731 2213 987 2282 dignum.
1023 2213 1142 2266 Hoc
1161 2213 1343 2266 solum
1371 2212 1630 2267 laudibus
1660 2213 1782 2282 ejus

173 2319 277 2372 ego
301 2301 494 2356 defero
523 2301 775 2372 dignum,
810 2301 957 2371 quod
1000 2318 1092 2355 me
1120 2300 1364 2356 difﬁteor
1387 2301 1572 2355 dicere
1611 2301 1783 2372 digna

176 2407 360 2462 posse.

177 2535 310 2588 CAP.
351 2534 634 2588 IX.-—Ubi
661 2535 845 2587 Maria
873 2549 996 2586 cum
1019 2535 1178 2586 sociis
1211 2535 1537 2587 mulieribus
1553 2538 1782 2600 gratan-

610 2615 691 2658 ter
718 2609 766 2656 et
795 2606 981 2658 sedulo
1012 2607 1378 2657 ministravit.

247 2748 386 2801 Post
411 2747 546 2812 haec,
569 2749 676 2800 iter
691 2748 925 2813 faciente
947 2746 1185 2800 Domino
1215 2746 1501 2801 Salvatore
1525 2762 1624 2816 per
1653 2749 1785 2800 civi-

185 2843 322 2890 tates
353 2841 401 2889 et
422 2839 662 2900 castella,
694 2852 820 2889 cum
839 2837 1122 2888 duodecim
1141 2838 1417 2904 apostolis,
1441 2841 1488 2888 ct
1509 2838 1783 2904 evangeli-

1861 1680 2219 1750 porrigentis.
2241 1683 2427 1752 Hujus
2453 1682 2525 1735 ad
2544 1682 2715 1752 pedes
2728 1689 2973 1749 statutae,
2988 1685 3242 1740 nascitur
3251 1704 3316 1741 ex
3329 1688 3463 1744 base

1863 1767 2033 1822 herba
2061 1770 2336 1839 quaedam,
2379 1787 2521 1824 nova
2579 1771 2782 1840 specie,
2815 1772 2910 1842 qui
2940 1790 3256 1830 excrescere
3284 1793 3463 1848 usque

1860 1857 1930 1910 ad
1957 1857 2234 1911 ﬁmbriam
2265 1860 2419 1912 stolae
2440 1859 2588 1913 illius
2617 1859 2930 1915 indumenti
2950 1863 3081 1916 aerei
3102 1865 3260 1918 solet.
3280 1865 3463 1930 Quam

1861 1960 1990 1998 cum
2019 1962 2238 1999 summo
2272 1946 2473 2000 vertice
2502 1963 2756 2001 crescens
2782 1948 2958 2002 herba
2972 1951 3287 2021 contigerit,
3319 1953 3465 2008 vires

1863 2033 1992 2087 inde
2021 2035 2092 2087 ad
2135 2035 2493 2105 depellendos
2531 2053 2726 2090 omnes
2772 2037 3015 2103 morbos,
3050 2039 3464 2113 languoresque

1863 2122 2142 2192 conquirit
2164 2142 2176 2189 ;
2201 2123 2281 2176 ita
2306 2129 2370 2177 ut
2397 2141 2462 2177 ex
2482 2125 2686 2178 haustu
2709 2125 2910 2196 exiguo
2940 2117 3235 2182 madefacti
3258 2130 3464 2185 saluta-

1863 2211 1939 2265 ris
1965 2211 2258 2282 graminis,
2290 2213 2677 2283 depellantur;
2709 2214 2849 2268 nihil
2880 2216 3109 2270 omnino
3138 2218 3339 2273 virium
3360 2237 3462 2290 ge-

1863 2301 2058 2366 rentis,
2093 2300 2140 2355 si
2165 2308 2468 2372 antequam
2497 2319 2653 2356 aereae
2681 2303 2916 2358 ﬁmbriae
2937 2306 3320 2361 summitatem
3348 2325 3464 2362 cre-

1865 2389 2068 2443 scendo
2119 2389 2435 2460 contigerit,
2491 2391 2838 2461 deceptatur.
2895 2393 3051 2448 Hanc
3109 2401 3354 2452 statuam
3391 2398 3464 2451 ad

1865 2478 2294 2532 similitudinem
2323 2480 2508 2533 vultus
2531 2479 2754 2534 Domini
2776 2481 2909 2535 Jesu
2925 2482 3132 2538 Christi
3163 2484 3462 2540 formatam

1864 2567 2115 2620 tradunt.
2132 2568 2200 2621 Et
2213 2567 2355 2621 nihil
2369 2568 2595 2633 mirum,
2615 2569 2662 2622 si
2679 2586 2780 2640 pro
2793 2569 3096 2638 beneﬁciis,
3131 2591 3254 2644 quae
3284 2591 3319 2628 a
3339 2576 3463 2630 Sal-

1866 2662 2056 2710 vatore
2071 2663 2369 2710 consecuta
2388 2663 2474 2710 est
2489 2657 2693 2711 mulier
2714 2659 3057 2728 hujusmodi,
3080 2662 3231 2716 velut
3259 2680 3464 2718 munus

1866 2745 2190 2810 memorale,
2207 2745 2425 2799 studuit
2444 2747 2663 2800 offerre.
2679 2747 2840 2810 Quod
2858 2765 3036 2819 usque
3058 2749 3244 2817 hodie,
3263 2769 3464 2822 quam-

1866 2833 1948 2886 vis
1979 2850 2046 2887 ex
2073 2833 2271 2903 gentili
2299 2835 2720 2900 consuetudine,
2741 2853 2775 2890 a
2793 2837 3126 2892 Christicolis
3146 2839 3466 2896 indifferen-

177 2931 344 2979 sante
360 2941 594 2992 regnum
611 2925 730 2977 Dei:
749 2922 1270 2994 sequebantureum
1285 2923 1496 2978 nobiles
1510 2929 1779 2978 matronae
1799 2912 1843 2972 C
1861 2929 1950 2976 ter
1977 2922 2321 2990 observatur,
2355 2931 2413 2977 et
2449 2924 2529 2978 ita
2577 2925 2759 2979 solent
2785 2926 3062 2980 honorare
3084 2945 3223 2998 quos
3255 2929 3468 2985 honore

175 3013 332 3068 inter
359 3029 500 3082 quas
530 3015 654 3065 erat
680 3010 1016 3082 primiceria,
1052 3011 1309 3082 specialis
1337 3011 1518 3066 amica
1555 3011 1782 3067 Domini

178 3100 508 3166 Salvatoris,
527 3102 714 3154 Maria
733 3101 1080 3168 .llagdalena,
1096 3106 1144 3154 et
1163 3103 1405 3168 Joanna,
1429 3107 1478 3154 et
1493 3102 1776 3169 Susanna,

175 3197 227 3245 et
255 3193 386 3245 alia,r
413 3193 602 3244 multa
620 3206 738 3258 quae
761 3187 1160 3243 ministrabant
1186 3191 1249 3244 de
1279 3193 1640 3258 facultatibus
1667 3195 1785 3246 suis

184 3277 501 3334 Dominicis
539 3277 731 3332 usibus
761 3291 806 3344 ο,
841 3283 896 3332 et
924 3279 1306 3349 apostolorum
1333 3279 1780 3347 necessitatibus,

1863 3011 2064 3083 dignos
2084 3013 2364 3067 duxerint.
2389 3013 2637 3084 Insignia
2656 3014 2807 3068 enim
2826 3019 3082 3070 veterum
3102 3017 3374 3071 reservari
3395 3019 3467 3072 ad

1863 3101 2194 3155 memoriam
2209 3107 2581 3172 posterorum,
2599 3103 2823 3157 illorum
2837 3103 3084 3170 honoris,
3101 3105 3303 3160 horum
3317 3123 3469 3161 amo-

1867 3191 1963 3255 ris,
2024 3190 2293 3245 indicium
2350 3196 2436 3245 est
2489 3190 2702 3262 (Euseb.
2764 3193 2902 3246 Hist.
2957 3197 3156 3260 eccles.,
3191 3201 3255 3249 ea:
3278 3197 3469 3263 Ruﬁni

1869 3281 2174 3349 translat.).
2205 3299 2230 3331 »

1131 3391 1302 3436 NOTE
1347 3393 1710 3439 POTISSIHUM
1757 3395 1832 3438 EX
1875 3390 2118 3436 BABANO
2163 3392 2518 3437 DESUMPTE.

170 3482 326 3547 Quid
358 3497 479 3555 esse
507 3480 862 3555 dilectionem
877 3480 1178 3555 credimus,
1197 3483 1304 3536 nisi
1333 3483 1558 3555 ignem?
1580 3484 1780 3555 etquid

170 3500 326 3547 Q1110
358 3500 479 3536 esse
507 3500 862 3534 miecuonem
877 3500 1178 3556 credimus,
1197 3500 1304 3536 msn
1333 3500 1350 3535 1
1432 3500 1558 3537 em!
1580 3500 1636 3538 et
1647 3500 1780 3555 quia

168 3555 393 3624 culpas.
427 3552 533 3606 nisi
583 3551 925 3624 rubiginem,
954 3569 1019 3624 ac
1047 3553 1092 3606 si
1121 3559 1315 3624 aperte
1342 3500 1657 3608 figeretur:
1693 3555 1780 3608 in-

167 3623 372 3705 cendit
392 3625 554 3706 plene
575 3623 786 3708 peccati
809 3623 1145 3693 rubiginem,
1161 3623 1295 3708 quia
1313 3626 1476 3678 ardet
1485 3627 1668 3708 valide
1684 3643 1784 3708 per

167 3695 392 3750 amoris
413 3695 620 3767 ignem.
637 3695 817 3748 Tanto
834 3711 1077 3766 namque
1093 3695 1335 3767 amplius
1355 3697 1565 3767 peccati
1585 3695 1783 3767 rubigo

165 3766 551 3828 consumitur,
584 3769 794 3836 quanto
822 3767 1130 3837 peccatoris
1159 3766 1256 3820 cor
1272 3766 1476 3837 magno
1491 3766 1784 3823 charitatis

164 3842 312 3910 igne
343 3843 642 3891 crematur.
679 3838 745 3890 In
779 3839 995 3910 Lucam,
1020 3838 1114 3892 lib.
1139 3855 1212 3892 Ill.
1248 3841 1454 3894 [Iomit.
1488 3844 1550 3892 in
1577 3841 1780 3894 Nati).

166 3909 377 3966 Maria:
408 3909 758 3980 Magdatepfe.
801 3909 882 3962 Ea:
911 3909 966 3963 S.
999 3909 1154 3977 Greg.
1199 3911 1399 3977 Magno
1433 3912 1493 3963 in
1547 3911 1782 3980 Evang.,

169 3981 279 4036 lib.
314 3997 374 4044 ll,
410 3980 612 4034 [Iomit.
649 3976 735 4033 33.

253 4063 278 4091 ³
309 4050 456 4124 Quia
485 4049 589 4124 hoc
617 4048 765 4124 quod
787 4049 944 4124 petit,
976 4067 1138 4120 posse
1166 4068 1226 4104 se
1259 4052 1510 4124 accipere
1539 4069 1652 4107 non
1681 4053 1786 4107 du-

171 4121 404 4176 bitavit.
424 4122 582 4185 Beda,
618 4121 775 4180 ibid,
794 4123 857 4172 in
877 4121 1078 4175 Lucam
1107 4127 1154 4176 et
1186 4121 1395 4182 Homit:
1425 4125 1507 4178 Ex
1535 4125 1591 4180 S.
1627 4125 1782 4192 Greg.

171 4195 407 4260 Magno.
439 4193 576 4246 Ibid.

255 4262 284 4302 ι)
316 4265 650 4326 Flumen,ut
665 4263 908 4333 Spiritus
921 4268 1164 4327 sanctus,
1180 4270 1244 4317 ut
1263 4263 1322 4318 in
1351 4265 1620 4319 Psalmis:
1657 4268 1788 4320 Flu-

177 4338 363 4407 minis
388 4337 620 4407 impetus
646 4337 882 4402 laetiﬁcat
910 4337 1185 4388 civitatem
1208 4337 1320 4400 Dei,
1331 4337 1582 4407 Spiritus
1609 4338 1786 4392 sancti

169 4405 392 4479 gratia.
427 4406 641 4479 Rabani
659 4407 945 4472 Attegoria'
975 4409 1038 4459 in
1064 4422 1282 4479 sacram
1310 4405 1681 4474 Scripturam.

1863 3483 2255 3558 resuscitatam
2267 3483 2434 3558 mand
2442 3483 2969 3558 ucarepraecepitmt
2979 3501 3091 3540 non
3108 3487 3462 3558 phantasma,

1864 3554 1961 3607 sed
1991 3553 2196 3606 veritas
2225 3552 2564 3606 crederetur.
2597 3552 2817 3609 Rabanf
2835 3557 3037 3610 [Iomit.

1938 3624 1964 3695 ll
1997 3623 2388 3695 Emoroydam,
2425 3626 2484 3677 id
2521 3630 2613 3688 est,
2648 3625 3131 3682 haemorrhoicam.

1937 3694 1949 3735 ί
1979 3694 2240 3764 Exempla
2267 3696 2376 3748 haec
2395 3697 2504 3748 duo
2533 3698 2760 3749 adducit
2779 3698 3054 3762 Rabanus,
3086 3705 3136 3752 et
3175 3701 3400 3756 Talith
3419 3708 3468 3756 et

1870 3770 2124 3840 mulieris
2151 3768 2556 3840 heywrrlioicw,
2592 3773 2652 3820 ut
2682 3773 2800 3834 pote
2825 3771 3206 3840 signiﬁcantia
3228 3774 3470 3840 judaica'

1867 3839 2112 3924 Ecclesiae
2131 3841 2179 3890 et
2199 3838 2445 3924 Ecclesiae
2464 3855 2529 3924 es;
2556 3840 2843 3924 gentibus:
2879 3838 3322 3924 Archisynagogi
3354 3843 3472 3924 ﬁlia

1868 3909 1939 3962 ad
1957 3925 2128 3979 quam
2143 3907 2450 3983 curandam
2467 3907 2739 3983 Dominus
2759 3909 2894 3965 dum
2917 3907 3367 3983 perge'retfprius
3379 3919 3470 3968 ta-

1869 3996 2003 4055 men
2021 3984 2324 4050 antequam
2343 3979 2413 4055 ad
2435 3996 2560 4055 eam
2595 3979 2827 4055 veniret,
2859 3979 3048 4055 tetigit
3065 3979 3229 4055 eum
3251 3999 3285 4036 a
3310 3988 3470 4055 tergo

1869 4050 2073 4104 mulier
2093 4067 2215 4122 quae
2235 4051 2506 4122 proﬂuvio
2535 4051 2827 4121 sanguinis
2871 4050 3162 4108 laborabat
3191 4059 3248 4108 et
3275 4050 3472 4110 curata

1870 4127 1973 4196 est,
1989 4121 2432 4193 Archisynagogi
2455 4122 2680 4196 quidem
2703 4123 2817 4176 ﬁlia
2833 4123 3025 4196 Judeze
3037 4130 3234 4196 typum
3255 4127 3439 4182 tenuit
3454 4145 3466 4180 :

1870 4143 1973 4183 εει,
1989 4143 2432 4193 arcuisynagogi
2455 4143 2680 4192 qumem
2703 4143 2817 4176 uua
2833 4143 3061 4178 Juueth
3085 4143 3234 4196 ‘pum
3255 4143 3466 4182 tenuit:

1868 4193 1987 4247 haec
2016 4200 2225 4268 autem,
2250 4210 2372 4268 quae
2403 4193 2674 4268 proﬂuvio
2695 4195 2986 4268 sanguinis
3007 4143 3316 4263 laborabat,
3335 4199 3473 4268 ﬁgu-

1807 4281 1992 4350 Dram
2020 4263 2218 4346 habuit
2250 4263 2505 4350 Ecclesia:
2534 4281 2598 4317 ex
2634 4263 2930 4350 gentibus.
2959 4267 3140 4350 .Qua‘e,
3172 4267 3317 4350 dum
3346 4263 3473 4350 post

1867 4336 2252 4399 ascensionem
2283 4335 2491 4388 Christi
2522 4335 2776 4401 credidit,
2814 4337 2974 4406 quasi
3010 4354 3044 4390 a
3084 4343 3243 4406 tergo
3276 4335 3470 4392 Ι)όωὶ-

1867 4424 2004 4462 num
2031 4406 2235 4476 tetigit,
2269 4412 2326 4480 et
2353 4407 3035 4480 anteiaccipereisalutem
3052 4425 3262 4480 “quam
3290 4426 3463 4480 syna-

255 4488 280 4514 ο
303 4475 726 4549 Ciuitas‘anima
766 4482 1025 4530 sancta...
1069 4477 1274 4530 Civitas
1299 4479 1605 4548 gentilitas,
1636 4487 1699 4534 ut
1727 4480 1784 4534 in
1864 4496 2011 4549 goga
2039 4475 2367 4549 promeruit.
2387 4478 2614 4549 ARabanfi
2634 4475 2707 4549 de
2740 4479 3015 4549 Universo,
3051 4475 3145 4530 lib.
3178 4495 3253 4544 iv,

171 4547 463 4602 Psalmis:
489 4547 766 4600 Fluminis
785 4550 1021 4616 impetus
1036 4551 1274 4616 laetiﬁcat
1295 4547 1570 4603 civitatem
1593 4553 1707 4615 Dei,
1728 4551 1784 4605 id

172 4626 270 4674 est
318 4617 634 4692 fecunditas
677 4618 855 4692 sancti
905 4618 1146 4690 Spiritus
1193 4621 1468 4692 exhilarat
1519 4623 1787 4692 populum

169 4689 482 4762 gentilem.
507 4691 723 4744 Rabani
747 4691 1035 4757 Altegoriae
1072 4693 1135 4743 in
1163 4707 1382 4745 sacram
1411 4689 1783 4762 Scripturam.

250 4760 281 4802 ἀ
323 4762 766 4815 Tabernaculum
788 4777 947 4815 mens
975 4767 1185 4816 nostra.
1219 4764 1358 4816 Ibid.

361 4776 766 4814 acernacumm
788 4777 947 4815 mens
975 4776 1185 4816 nostra.
1219 4776 1358 4816 una.

247 4847 275 4876 ο
305 4830 710 4888 Ministrabant
735 4837 925 4886 autem
953 4833 1192 4886 Domino
1220 4832 1290 4887 de
1318 4833 1634 4889 substantia
1661 4851 1783 4900 sua,

169 4910 242 4960 ut
252 4908 509 4976 meteret
527 4918 733 4976 eorum
743 4903 1010 4976 carnalia,
1033 4905 1196 4976 cujus
1224 4904 1342 4976 illae
1363 4903 1652 4959 metebant
1678 4905 1788 4976 spi-

171 4973 441 5038 ritualia,
461 4990 573 5027 non
591 4973 739 5044 quod
760 4973 1042 5045 indigeret
1058 4973 1196 5029 cibis
1218 4975 1489 5030 Dominus
1507 4973 1788 5031 creatura-

167 5063 336 5111 rum,
369 5045 470 5098 sed
499 5051 564 5099 ut
589 5050 788 5118 typum
829 5045 1152 5118 ostenderet
1187 5046 1605 5118 magistrorum,
1639 5048 1788 5118 quod

167 5063 336 5111 rum,
369 5063 470 5098 sea
499 5063 564 5099 ut
589 5063 788 5115 typum
829 5063 1152 5100 ascenderet
1187 5063 1605 5171 magistrorum,
1639 5063 1788 5118 quoa

167 5119 338 5173 victu
368 5120 541 5187 atque
568 5115 774 5170 vestitu
803 5133 868 5170 ex
897 5117 1185 5188 discipulis
1213 5118 1282 5172 de
1322 5125 1481 5188 erent
1509 5135 1632 5172 esse
1661 5135 1788 5172 con-

167 5188 353 5245 tenti.
385 5189 604 5260 Rabani
624 5189 687 5240 in
714 5188 935 5256 Matth.,
968 5187 1063 5242 libi
1099 5205 1213 5254 vui,
1247 5205 1366 5260 cap.
1399 5187 1489 5254 27,
1523 5191 1672 5244 Beda:
1699 5191 1789 5244 ho-

172 5264 308 5316 mit.
339 5259 757 5326 Quadragesim.

243 5331 271 5374 ι
300 5329 699 5394 Duodennem,
731 5331 791 5384 id
813 5335 906 5396 est,
940 5333 1224 5387 duodecim
1243 5347 1418 5385 annos
1446 5332 1791 5386 natumNo-

163 5401 432 5457 tandum
461 5399 612 5472 quod
638 5405 698 5455 et
724 5401 1166 5474 Archisynagogi
1192 5401 1610 5474 duodennisisit
1647 5402 1780 5456 ﬁlia.

165 5419 432 5457 tandum
461 5419 612 5472 quoa
638 5419 698 5455 et.
724 5419 921 5457 arcms
1002 5419 1108 5474 ago
1147 5420 1166 5456 ι
1192 5419 1505 5456 auoaenms
1533 5419 1560 5456 s

165 5475 411 5532 Rabani
447 5474 746 5544 Comment.
783 5475 846 5527 in
875 5419 1206 5540 Μζῗιὴηῇδ.
1239 5489 1318 5540 ιιι,
1349 5489 1472 5544 cap.
1507 5473 1560 5528 9.

247 5556 284 5600 ε
312 5545 494 5599 Jussit
519 5545 574 5598 ei
598 5543 732 5597 dari
755 5547 1113 5600 manducare.
1145 5544 1232 5605 Ad
1254 5543 1640 5600 testiniomum
1658 5543 1786 5600 vite

1932 4547 1961 4623 ξ
1983 4547 2252 4623 Caesarea;
2274 4547 2548 4623 civitates
2577 4547 2781 4623 Judaeze
2810 4555 2942 4623 sunt
2973 4548 3043 4623 _in
3067 4554 3242 4623 terra
3274 4567 3472 4623 repro-

1870 4619 2170 4683 missionis,
2196 4617 2289 4672 ubi
2329 4618 2582 4672 Caesarea
2636 4618 2931 4673 Palestina:
2971 4619 3027 4672 in
3067 4620 3258 4675 littore
3297 4617 3471 4678 maris

1869 4691 1976 4765 sita
2011 4709 2021 4742 :
2057 4691 2236 4744 altera
2264 4705 2392 4765 vero
2420 4689 2676 4765 Caesarea
2704 4688 2947 4765 Philippi
2993 4692 3154 4761 cujus
3185 4693 3470 4765 Evangelii

1869 4761 2149 4832 scriptura
2203 4759 2479 4814 meminit.
2514 4762 2730 4815 Rabani
2775 4759 2868 4814 dei
2892 4759 3174 4830 Universo,
3208 4764 3304 4818 lib.
3338 4759 3466 4830 ΞΝ,

1869 4833 2233 4984 lippus
2251 4904 2428 4984 frater
2443 4902 2702 4984 Herodis,
2725 4903 3010 4984 tetrarcha
3018 4904 3224 4984 itarem
3234 4904 3472 4984 etThra-

1869 4973 2418 5044 conitidi’s’regionis,
2439 4973 2498 5028 in
2519 4974 2788 5027 honorem
2825 4973 3034 5028 Tiberii
3059 4975 3314 5040 Caesaris,
3349 4975 3469 5029 Cae-

1872 5061 2094 5128 saream
2107 5045 2368 5128 Philippi,
2384 5061 2670 5128 qug‘nunc
2681 5047 2754 5126 Pa
2762 5060 2890 5128 neas
2907 5046 3132 5128 dicitur,
3148 5045 3466 5128 appellavit,

1871 5123 1929 5171 et
1956 5123 2043 5172 est
2070 5117 2128 5171 in
2154 5115 2435 5187 provincia
2459 5115 3025 5181 thnicis,imitatus
3055 5115 3335 5172 Herodem
3362 5117 3469 5171 Pa-

1872 5193 2037 5255 trem,
2062 5188 2156 5260 qui
2185 5187 2245 5242 in
2275 5189 2544 5260 honorem
2600 5187 2842 5260 Augusti
2888 5188 3123 5242 Caesaris
3170 5189 3473 5260 appellavit

1873 5205 2037 5255 trem,
2062 5205 2156 5260 qui
2185 5205 2245 5242 in
2275 5205 2544 5242 nonorem
2600 5205 2842 5258 augusu
2888 5205 3123 5242 Caesaris
3170 5205 3473 5312 appellavit

1873 5262 2329 5330 vesanumque
2358 5258 2515 5330 prius
2551 5261 2745 5330 Turris
2775 5259 3053 5314 Stratonis
3083 5275 3213 5314 voca
3255 5265 3402 5325 atur,
3415 5265 3474 5314 et

1873 5348 1939 5386 ex
1966 5330 2190 5385 nomine
2217 5329 2340 5400 ejus
2362 5329 2497 5384 ﬁliae
2520 5329 2818 5392 Juliadem,
2849 5335 3007 5384 trans
3047 5330 3352 5385 Jordanem
3376 5347 3472 5385 ex-

1873 5402 2096 5457 struxit.
2113 5403 2224 5456 Iste
2239 5401 2393 5472 locus
2405 5406 2493 5472 est
2523 5400 3186 5472 Caesareae_Philippi,rubi
3209 5402 3472 5457 Iordanis

1869 5473 2050 5528 oritur
2078 5473 2150 5527 ad
2169 5471 2385 5526 radices
2405 5471 2602 5527 Libani
2642 5478 2697 5526 et
2717 5470 2890 5526 habet
2905 5470 3046 5527 duos
3064 5471 3264 5540 fontes,
3288 5490 3322 5528 υ
3337 5490 3476 5530 num

1869 5545 2094 5600 nomine
2120 5546 2237 5610 Jor,
2254 5549 2312 5599 et
2340 5543 2582 5599 alterum
2610 5545 2754 5610 Dan,
2779 5542 2878 5616 qui
2898 5543 3068 5599 simul
3096 5544 3257 5602 mixti
3276 5547 3356 5606 Jo;
3380 5547 3455 5601 da
