3958 6170
223 312 371 381 1445
1154 310 1155 313 ‘
1242 305 1337 378 bis
1386 304 1557 379 vi'i‘A
1604 305 1667 377 Β.
1702 305 1832 379 MAI

2001 303 2487 379 timenem.
3373 301 3507 385 iiiis

222 456 349 503 tore
389 454 619 503 econtra
647 434 1012 521 probabiliter
1052 434 1339 503 asserente
1381 459 1405 487 ⁸
1458 465 1516 502 se
1548 448 1603 501 in
1651 448 1879 517 digitoA
1902 449 2089 513 ritate,
2134 449 2440 504 Salvatoris
2470 427 2925 521 incarnationem
2966 444 3219 521 credens,
3268 440 3410 508 mira
3442 443 3507 508 fi-

224 539 328 591 Dei
358 539 640 593 daemonia
674 540 877 609 ejicere
907 538 932 577 ι)
960 558 971 591 :
1006 539 1231 592 advenit
1277 537 1417 609 illic,
1436 554 1563 592 eum
1594 537 1711 591 suis
1745 554 1831 591 so-
1911 539 2074 591 ducia
2103 540 2387 593 conﬁdens
2417 539 2454 605 ἲ,
2510 516 2947 612 principumque
2995 532 3051 595 ct
3100 516 3510 598 i’haiiszeorum

227 628 451 682 roribus
490 634 547 681 et
574 629 846 698 cognatis,
898 629 1114 699 Regina
1150 627 1290 691 coeli,
1345 627 1551 681 Filium
1582 627 1682 680 Dei
1714 615 1832 680 Sal-
1913 627 2005 698 qui
2038 628 2375 681 accedebant
2402 630 2710 683 calumnias
2737 620 3098 692 confundens,
3137 636 3396 689 extollens
3424 650 3511 687 vo-

224 722 499 780 vatorem,
534 717 720 770 videre
753 721 809 770 et
839 717 1068 786 alloqui.
1105 716 1283 779 Quem
1314 733 1461 781 cum,
1496 733 1608 786 prae
1637 716 1824 780 turba,
1913 733 2023 769 cem
2044 719 2106 770 de
2138 720 2299 770 turba
2329 720 2473 771 dixit
2512 718 2784 787 Salvatori
2821 739 2830 773 :
2869 722 3060 774 Beatus
3086 728 3279 776 renter
3322 728 3419 792 qui
3464 712 3509 776 te

223 806 531 874 nequirent
546 805 721 869 adire,
750 805 993 858 surrexit
1018 806 1266 873 quidam,
1285 804 1380 875 qui
1412 804 1468 857 in
1482 804 1672 873 januis
1685 809 1825 870 erat,
1908 809 2168 873 portavit,
2203 807 2297 877 qui
2328 806 2427 861 tibi
2459 807 2515 860 in
2551 824 2716 861 carne
2736 806 2975 862 valituro
2993 812 3367 865 sementinam
3395 830 3508 867 suae

227 899 287 946 et
326 897 409 947 ait
459 895 757 959 Salvatori,
788 911 901 947 non
930 894 1164 947 fortuitu
1196 911 1297 947 nec
1344 893 1689 963 simpliciter,
1733 893 1829 946 sed
1911 895 2095 947 carnis
2125 895 2418 949 materiam
2452 896 2791 950 ministravit
2819 918 2828 964 ς
2862 905 2907 951 ct
2943 898 3103 953 beata
3127 903 3291 953 ubera
3313 918 3434 971 quae
3452 907 3509 975 te

228 982 515 1045 insidiose,
542 990 735 1036 utrum
756 970 999 1053 spiritali
1024 984 1176 1054 operi
1208 1000 1435 1036 carnem
1462 983 1752 1053 prmferret
1775 987 1832 1036 et

229 1072 567 1140 sanguinem
588 1073 923 1142 explorans:
948 1074 1095 1137 Ecce,
1127 1072 1404 1142 inquiens,
1436 1077 1617 1125 mater
1648 1078 1761 1133 tua,
1785 1077 1831 1125 et

228 1163 439 1229 fratres
472 1165 559 1214 tui
586 1164 727 1229 foris
766 1168 935 1229 stant,
970 1166 1267 1230 qua'rentes
1291 1166 1337 1216 te
1369 1162 1584 1226 (Matth.
1611 1161 1827 1227 v11,"i6).

229 1250 483 1303 Audiens
512 1251 630 1304 haec
661 1237 914 1304 Salvator
942 1251 1255 1321 supersedit
1283 1250 1464 1315 exire;
1498 1256 1735 1305 matrem
1772 1268 1830 1325 se

230 1355 396 1392 nosse
450 1339 831 1405 dissimulans,
865 1357 977 1393 non
1009 1357 1119 1409 quo
1162 1346 1402 1393 matrem
1451 1345 1700 1410 negaret,
1735 1340 1831 1394 sed

231 1445 341 1498 quo
383 1430 753 1499 responderet
800 1430 1092 1483 insidianti
1142 1449 1152 1482 :
1208 1432 1332 1496 Qua:
1378 1435 1468 1495 est,
1520 1431 1617 1495 ait,
1654 1435 1833 1483 mater

230 1534 371 1577 mea,
410 1523 457 1569 ct
487 1522 733 1585 quisuut
766 1522 969 1585 fratres
1006 1522 1152 1571 nui?
1197 1522 1263 1573 Et
1294 1521 1581 1572 crtendcns
1634 1537 1832 1571 manus

230 1609 290 1658 in
329 1608 629 1674 discipulos
662 1627 672 1659 :
729 1609 873 1673 Ecce,
909 1608 1110 1678 inquit,
1162 1614 1336 1661 mater
1366 1625 1485 1661 mea
1539 1613 1585 1661 et
1624 1610 1829 1674 fratres

229 1697 357 1759 mei,
392 1711 496 1765 per
520 1680 843 1750 unctionem
873 1697 1172 1766 specialem
1200 1716 1211 1763 ;
1236 1700 1548 1765 quicunque
1579 1699 1749 1761 cnim,
1769 1697 1829 1749 in

1914 984 2277 1047 lactaverunt,
2340 989 2412 1049 et,
2458 1002 2520 1039 ex
2560 986 2756 1039 eadem
2797 1004 2910 1040 sum
2966 989 3148 1042 carnis
3198 982 3512 1043 sementina

1915 1071 2150 1140 origine,
2174 1072 2275 1125 tibi
2295 1074 2593 1127 nutriendo
2618 1075 2702 1127 lae
2734 1066 3154 1145 suggesserunt.
3195 1079 3297 1131 Cui
3326 1079 3510 1133 Salva-

1913 1171 2005 1214 tor
2050 1178 2061 1211 :
2096 1162 2219 1214 Non
2275 1163 2477 1226 solum,
2530 1158 2731 1232 inquit,
2764 1170 2827 1217 ut
2870 1172 2931 1219 tu
2963 1167 3182 1232 asseris,
3218 1154 3385 1221 beata
3426 1152 3512 1222 est

1915 1254 2098 1303 mater
2124 1267 2244 1320 quae
2266 1268 2373 1313 me,
2407 1251 2503 1321 qui
2532 1252 2758 1305 verbum
2792 1253 2892 1307 Dei
2922 1272 3066 1319 sum,
3108 1262 3171 1309 ex
3212 1274 3315 1311 sua
3343 1274 3510 1311 carne

1911 1338 2125 1408 genuit,
2151 1356 2273 1409 quae
2294 1356 2383 1393 me
2405 1357 2504 1393 suo
2528 1340 2666 1394 lacte
2690 1341 2936 1405 nutrivit,
2961 1361 3032 1411 qu
3043 1344 3218 1397 inimo
3243 1344 3386 1399 beati
3413 1350 3512 1415 qui

1913 1430 2174 1493 audiunt,
2211 1429 2510 1499 recipiunt,
2565 1434 2623 1482 et
2673 1424 2994 1500 concipiunt
3046 1434 3272 1487 Verbmn
3320 1437 3417 1489 Dei
3456 1436 3511 1490 in

1915 1518 2288 1570 uteromentis
2308 1519 2619 1583 suaesuae.
2647 1535 2718 1581 x1,
2740 1518 2938 1588 27,28)
2985 1539 2995 1571 :
3042 1529 3351 1577 memorato
3379 1541 3511 1594 gra-

1910 1606 2119 1659 tiarum
2148 1604 2544 1660 donoheodem
2564 1607 2815 1675 gaudent
2847 1627 2858 1672 ;
2889 1616 3195 1679 natumque
3222 1629 3321 1681 per
3346 1598 3512 1667 fidem

1913 1696 2103 1748 semen
2134 1694 2301 1748 Verbi
2343 1694 2608 1749 uberibus
2649 1694 2767 1765 spei
2815 1702 2872 1748 et
2900 1696 3190 1752 charitatis
3221 1688 3515 1756 enutriunt

228 1790 473 1853 utroque
499 1801 657 1850 sexu,
690 1787 879 1852 fecerit
909 1790 1243 1839 voluntatem
1276 1788 1460 1839 Patris
1485 1789 1612 1851 mei,
1644 1788 1742 1854 qui
1772 1778 1896 1839 inB
1915 1789 1961 1836 et
1991 1786 2308 1837 custodiunt
2342 1783 2507 1837 illud.

230 1875 373 1925 catis
418 1877 513 1937 est,
546 1874 657 1942 ipse
690 1892 836 1927 meus
878 1877 1077 1942 frater,
1124 1880 1171 1927 et
1202 1891 1358 1928 soror
1386 1880 1435 1928 ct
1468 1879 1645 1927 mater
1671 1878 1744 1927 est
1787 1885 1829 1926 ο.

231 1960 392 2014 Parit
415 1962 567 2016 enim
600 1980 708 2028 me,
743 1962 838 2034 qui
871 1964 1024 2018 cordi
1067 1963 1346 2018 audientis
1396 1964 1660 2034 praedicat
1696 1980 1786 2017 me
1820 1982 1831 2017 :

230 2054 418 2104 mater
433 2069 563 2105 mea
585 2052 840 2116 efﬁcitur,
861 2070 961 2123 per
989 2055 1150 2123 cujus
1180 2070 1369 2107 vocem
1402 2070 1561 2107 amor
1587 2070 1746 2107 meus
1776 2053 1833 2106 in

229 2139 357 2193 aliis
396 2147 705 2210 generatur
742 2140 788 2194 ἀ.
822 2143 905 2195 Ad
936 2143 1051 2196 haec
1091 2142 1259 2195 verba
1299 2142 1489 2211 gavisa
1527 2148 1613 2195 est
1641 2142 1833 2195 multi-

226 2229 371 2281 tudo
405 2230 652 2285 virorum
684 2236 741 2283 et
770 2214 1066 2284 mulierum
1098 2231 1466 2285 credentium.
1498 2232 1709 2285 Aderat
1736 2231 1835 2283 ibi-

228 2317 384 2382 dem,
438 2306 567 2372 cum
612 2310 827 2373 caeteris
872 2320 1148 2390 religiosis
1196 2319 1485 2383 matronis,
1523 2338 1644 2391 quae
1674 2316 1836 2373 mini-

229 2408 496 2461 strabant
525 2392 817 2474 Salvatori,
852 2410 1131 2475 Marcella,
1167 2408 1235 2463 de
1267 2427 1379 2480 qua
1408 2410 1665 2480 superius
1693 2409 1835 2463 dixi-

228 2513 385 2562 mus,
430 2497 605 2551 beatae
654 2498 886 2552 Marthae
943 2498 1311 2569 procuratrix,
1344 2506 1401 2552 et
1459 2499 1744 2553 comitissa
1789 2511 1832 2563 θ,

229 2586 446 2639 mulier
463 2602 681 2656 magnae
709 2586 1017 2641 devotionis
1049 2593 1104 2641 et
1126 2587 1275 2642 ﬁdei.
1306 2587 1455 2651 Haec,
1488 2587 1633 2640 mira
1663 2587 1837 2641 since-

1178 2703 1350 2747 ΝΟΤΕ
1396 2703 1758 2747 POTISSIMUM
1805 2702 1883 2744 EX

232 2807 447 2861 negare
460 2792 845 2863 nequiverant
865 2791 1096 2845 sinistra
1117 2792 1580 2863 interpretatione
1609 2808 1834 2863 perver-

230 2868 358 2915 tere
405 2861 751 2925 laborabant,
778 2863 935 2933 quasi
965 2879 1079 2917 non
1113 2864 1229 2917 haec
1249 2861 1572 2923 divinitatis,
1600 2861 1695 2916 sed
1727 2862 1833 2915 im-

232 2934 435 2986 mundi
461 2932 690 3003 spiritus
729 2932 900 3004 op’era
923 2935 1176 2999 fuissent,
1203 2936 1258 2988 id
1292 2942 1379 2989 est
1410 2934 1699 2998 Belzebub,
1740 2934 1833 3004 qui

231 3004 380 3059 deus
401 3012 523 3059 erat
549 3007 817 3059 Accaron.
852 3008 994 3059 Nam
1017 3007 1243 3076 quidem
1281 3010 1365 3061 Bet
1406 3007 1524 3076 ipse
1556 3012 1641 3059 est
1674 3005 1829 3059 Baal.

232 3078 417 3129 Ζεὺαὸ
464 3083 654 3130 autem
710 3094 902 3131 musca
956 3084 1273 3143 vocatur...,
1328 3079 1379 3130 id
1436 3083 1539 3140 est,
1586 3078 1670 3129 \‘ir
1715 3094 1833 3129 mu-

233 3164 498 3200 scarum:
550 3147 619 3200 ob
666 3148 858 3201 sordes
904 3148 1159 3202 videlicet
1202 3148 1547 3202 immolaticii
1595 3147 1829 3212 cruoris,

233 3235 303 3271 ex
345 3220 509 3288 cujus
554 3219 915 3288 spurcissimo
962 3220 1095 3281 ritu,
1130 3221 1213 3272 vel
1246 3221 1491 3283 nomine,
1525 3218 1834 3289 principem

230 3289 644 3344 demoniorum
673 3290 1161 3358 cognominabant,
1201 3294 1410 3346 Rabani
1440 3295 1737 3344 Comment.
1774 3293 1836 3343 in

235 3362 459 3487 Matt/11.1,
492 3360 585 3413 lib.
616 3376 688 3427 Iv,
719 3378 838 3432 cap.
882 3361 965 3417 il.
1000 3363 1080 3415 Ea;
1112 3364 1248 3415 Beda
1274 3366 1335 3415 in
1364 3365 1585 3426 Lucam,
1629 3361 1725 3414 lib.
1760 3378 1830 3425 iv,

235 3449 360 3487 can.
462 3473 472 3483 .

232 3449 472 3502 cap.u.

310 3531 336 3559 ³
365 3522 638 3587 Quomodo
648 3527 812 3587 potest
834 3524 1130 3589 quisquam.
1152 3526 1371 3575 intrare
1395 3525 1453 3574 in
1475 3524 1699 3574 domum
1723 3523 1835 3588 for-

236 3595 310 3644 tis
341 3597 391 3643 et
406 3608 531 3644 vasa
559 3595 676 3659 ejus
696 3595 942 3661 diripiet,
965 3596 1078 3646 nisi
1094 3596 1580 3660 priusattigavcrit
1611 3596 1827 3658 fortem,

234 3669 287 3715 et
318 3669 456 3716 tunc
482 3664 706 3716 domum
739 3668 854 3731 ejus
876 3665 1407 3731 diripere?Fortem,
1439 3664 1725 3729 diabolum
1754 3663 1834 3715 di-

234 3734 384 3788 cit...
417 3733 564 3787 Vasa
594 3735 735 3802 ejus,
779 3735 1032 3788 homines
1080 3734 1149 3787 ab
1182 3752 1246 3788 eo
1276 3736 1567 3806 deceptos;
1604 3735 1835 3806 domum

234 3808 386 3875 ejus,
420 3806 762 3878 mundum...
794 3806 1051 3878 Ostendit
1080 3824 1212 3875 ergo
1244 3825 1343 3877 per
1372 3804 1694 3878 parabolam
1736 3804 1833 3878 sed

226 3879 358 3949 jam
407 3876 941 3949 manifestissimum,
989 3876 1278 3942 Dominus,
1323 3876 1471 3949 quod
1520 3894 1632 3931 non
1669 3876 1833 3949 corde

233 3948 409 4000 fallax
439 3948 782 4017 operatione,
823 3965 951 4002 cum
986 3947 1356 4014 dremonibus,
1406 3954 1467 4002 ut
1524 3947 1834 4001 calumnia-

234 4019 467 4091 bantur,
499 4020 617 4091 sed,
645 4018 865 4091 diversa
918 4036 1143 4090 prorsus
1176 4020 1606 4091 atqueiadversa
1634 4018 1835 4071 virtute

230 4090 571 4153 divinitatis,
606 4090 861 4144 homines
892 4107 926 4143 a
951 4090 1295 4145 daemonibus
1311 4090 1592 4144 liberaret.
1626 4091 1838 4143 Καὶ)αηὶ

236 4165 301 4215 in
318 4163 515 4215 Matth.

306 4251 335 4288 δ
359 4249 583 4321 Digitus
595 4249 715 4321 Dei,
736 4250 881 4303 sicut
901 4246 1262 4320 Evangelium
1278 4248 1572 4303 manifeste
1592 4248 1839 4318 loquitur

232 4320 484 4389 Spiritus
531 4320 755 4374 sanctus
799 4321 1151 4389 intelligitur.
1188 4323 1401 4376 Rabani
1448 4325 1509 4374 in.
1579 4321 1835 4385 Eaedem,

232 4388 331 4445 lib.
368 4407 405 4457 ι,
440 4409 561 4462 cap.
600 4391 680 4446 15.
715 4388 1005 4459 Αἰίεθονίίὲ
1032 4395 1092 4444 in
1118 4408 1331 4445 sacram
1357 4388 1727 4459 Scripturam'

307 4493 329 4519 ε
345 4481 565 4550 Occupa
574 4487 663 4535 tus
684 4486 807 4534 erat
821 4481 1092 4534 Dominus
1109 4486 1167 4534 in
1180 4497 1347 4550 opere
1360 4480 1653 4546 sermonis,
1669 4479 1726 4532 in
1746 4480 1839 4532 do-

229 4553 420 4633 ctrina
463 4553 841 4633 populorum,
871 4552 933 4633 in
960 4551 1141 4633 ofﬁcio
1172 4551 1525 4633 praedicandi.
1554 4552 1755 4633 _Mater
1783 4557 1839 4631 et

228 4623 441 4678 fratres
460 4621 591 4676 foris
621 4629 773 4676 stant
796 4629 852 4675 et
887 4623 938 4677 ei
976 4621 1301 4676 desiderant
1330 4623 1513 4692 loqui:
1546 4628 1680 4676 tunc
1711 4621 1835 4691 qui-

228 4695 366 4749 dam
418 4695 645 4765 nuntiat
702 4694 973 4748 Salvatori
1002 4695 1149 4765 quod
1180 4696 1399 4760 fratres,
1435 4700 1490 4746 et
1526 4700 1709 4746 mater
1737 4709 1839 4765 sua.

227 4772 395 4844 stant
429 4764 563 4818 foris
594 4772 907 4844 quierentes
936 4764 1085 4844 eum.
1105 4766 1365 4844 _Videtur
1412 4765 1549 4844 mihi
1580 4765 1683 4817 iste
1708 4835 1722 4844 ι
1741 4764 1837 4844 qui

225 4837 469 4917 nuntiat
493 4853 604 4917 nou
624 4836 855 4889 fortuito
881 4842 938 4889 et
955 4836 1284 4917 simpliciter
1318 4836 1597 4917 nuntiare,
1629 4835 1727 4888 sed
1757 4835 1838 4917 in-

226 4908 406 4962 sidias
457 4908 709 4971 tendere,
761 4916 955 4962 utrum
991 4908 1231 4977 spiritali
1306 4908 1461 4979 operi
1511 4911 1839 4979 carnemﬂet

229 4979 576 5048 sanguinem
606 4979 890 5049 prmferat;
925 4984 981 5032 et
1009 4979 1133 5032 ideo
1163 4978 1404 5039 matrem
1434 4996 1493 5033 se
1520 4995 1686 5032 nosse
1728 4978 1833 5031 dis-

228 5051 490 5113 simulat,
537 5056 600 5103 ut
641 5067 763 5120 quae
811 5050 859 5103 ei
903 5056 1083 5103 mater
1110 5050 1203 5115 sit,
1237 5051 1333 5121 qui
1362 5050 1682 5121 propinqui,
1724 5065 1836 5102 non

228 5141 337 5192 per
395 5121 788 5193 cognationem
845 5122 1046 5187 carnis,
1108 5121 1205 5175 sed
1248 5139 1348 5193 per
1379 5120 1835 5191 cunjunctionem

227 5193 505 5265 Spiritus,
537 5192 812 5263 designat.
851 5194 989 5246 Ibid.

302 5280 332 5321 ἀ
386 5282 442 5335 Is
492 5281 587 5349 qui
618 5282 963 5335 voluntatem
1015 5281 1114 5336 Dei
1146 5282 1360 5349 fecerit,
1393 5299 1551 5337 soror
1582 5288 1643 5337 et
1663 5282 1841 5336 frater

223 5351 465 5409 Domini
482 5351 708 5424 dicitur,
725 5359 955 5423 prOptcr
973 5359 1273 5424 utrumque
1294 5371 1511 5424 sexum,
1548 5354 1642 5424 qui
1681 5353 1750 5406 ad
1773 5354 1840 5407 fi-

224 5426 365 5478 dem
396 5423 747 5494 colligitur...
783 5425 892 5479 Sed
921 5423 1212 5479 sciendum
1242 5432 1328 5478 est
1373 5423 1532 5478 nobis
1564 5423 1696 5494 quia
1745 5424 1839 5494 qui

227 5498 372 5549 Jasu
408 5494 588 5548 frater
637 5501 693 5551 et
722 5513 881 5549 soror
925 5501 1009 5551 est
1047 5496 1342 5561 credendo,
1378 5501 1559 5549 mater
1599 5495 1842 5549 efficitur

225 5566 616 5640 praedicando.
630 5567 817 5640 Quasi
838 5567 987 5640 enim
1006 5567 1157 5640 parit
1178 5567 1477 5640 Dominum
1498 5568 1663 5640 quem
1686 5566 1838 5640 cordi

228 5634 525 5713 audientis
544 5634 842 5713 infudei‘it.
864 5634 1169 5713 _Ety..1_nater
1212 5639 1333 5713 ejus
1351 5634 1628 5713 efﬁcitur,
1642 5706 1647 5713 λ
1660 5636 1708 5709 si
1734 5654 1841 5711 pe;

230 5713 363 5781 ejus
385 5707 584 5765 vocem
606 5706 767 5766 amor
793 5706 1023 5766 Domini
1040 5706 1101 5766 in
1127 5706 1376 5781 proximi
1393 5706 1583 5765 mente
1607 5706 1842 5780 generai-

1990 1928 2120 1981 Csp.
2154 1926 2275 1979 XII.
2311 1956 2375 1965 —
2411 1926 2510 1979 Ubi
2531 1928 2889 1992 peccatricem
2929 1929 3126 1982 liberat
3171 1931 3439 1985 Christus.

1990 2049 2076 2116 Et,
2130 2050 2220 2103 die
2268 2055 2467 2125 quarto
2515 2050 2976 2119 scenopegiarum
3007 2051 3040 2118 ί,
3074 2056 3324 2109 ascendit
3353 2058 3515 2111 Jesus

1918 2140 1975 2194 in
2004 2140 2297 2211 templum,
2322 2136 2640 2191 etdocebat.
2664 2138 2907 2208 Vespere
2922 2145 3109 2193 autem
3134 2132 3297 2207 facto,
3332 2161 3517 2215 egres-

1916 2247 2011 2283 sus
2035 2246 2161 2283 cum
2192 2227 2496 2298 discipulis,
2531 2227 2781 2297 ascendit
2828 2227 2887 2280 in
2917 2235 3164 2283 montem
3196 2232 3413 2299 Oliveti,
3457 2224 3515 2289 in

1918 2318 2270 2383 Bethaniam,
2304 2317 2596 2370 castellum
2634 2316 2835 2391 Maria:
2870 2322 2927 2370 et
2956 2308 3205 2386 Marthae,
3247 2321 3340 2374 ubi
3393 2330 3516 2378 erat

1919 2409 2160 2461 Lazarus
2189 2407 2401 2460 amicus
2432 2406 2572 2475 ejus,
2607 2404 2756 2474 apud
2796 2408 2963 2475 quem
2990 2407 3400 2478 hospitabatur.
3436 2413 3512 2466 Ex

1920 2510 2029 2567 quo
2045 2496 2193 2550 enim
2208 2497 2328 2567 ejus
2343 2493 3145 2561 familiaritatemmeruerunt,
3162 2503 3217 2550 et
3238 2499 3513 2575 hospitem

1918 2603 2049 2640 eum
2078 2585 2299 2639 assidue
2336 2584 2673 2649 habuerunt,
2714 2588 2837 2635 tum
2876 2583 2931 2636 in
2970 2585 3247 2655 Magdalo,
3290 2589 3514 2645 civitate

1932 2698 2171 2744 llABANO
2216 2700 2289 2743 DE
2304 2701 2413 2743 SUM
2424 2699 2561 2742 ΡΤΕ.

2059 2791 2293 2855 Rabani,
2322 2790 2485 2853 Ibid.,
2516 2805 2571 2859 p.
2609 2787 2695 2840 79.
2729 2788 2812 2841 Em
2842 2789 2979 2841 Beda
3000 2791 3061 2842 in
3092 2792 3287 2859 Maron,
3310 2811 3431 2868 cap.
3458 2796 3510 2866 4,

1944 2879 1953 2907 Ι
1984 2880 2016 2907 1-
2053 2878 2084 2907 Ῐ-

1917 2862 2016 2914 lib.
2053 2878 2084 2913 ι.

1990 2932 2086 2985 Isti
2122 2938 2254 2984 sunt
2281 2936 2461 2983 mater
2492 2946 2617 2983 mea
2646 2928 2741 2999 qui
2774 2930 2863 2982 me
2893 2930 3141 2999 quotidie
3170 2934 3230 2987 in
3272 2939 3513 2994 creden-

1918 3003 2062 3083 tium
2088 3002 2611 3090 animisngenerant.
2648 3000 2749 3090 isti
2770 3007 2906 3053 sunt
2932 3000 3135 3082 fratres
3164 3007 3275 3059 mei
3308 3011 3402 3090 qui
3430 3012 3514 3066 fa-

1915 3074 2071 3153 ciu_n_t
2099 3091 2269 3153 opera
2288 3074 2471 3127 Patris
2493 3073 2621 3153 mei.
2646 3073 2773 3125 Non
2794 3088 2948 3153 ergo,
2977 3074 3141 3141 juxta
3170 3073 3514 3138 Marcionem

1917 3152 1973 3199 et
2000 3145 2387 3215 Manichzeum,
2424 3149 2661 3234 matrem
2693 3145 2957 3234 pegavitu
2969 3150 3031 3197 ut
3057 3152 3223 3200 natus
3249 3150 3322 3230 de
3340 3153 3514 3234 Phan.

1917 3223 2154 3296 tae-mata
2183 3222 2496 3296 putaretur,
2531 3216 2626 3291 sed
2661 3219 2718 3267 et
2740 3216 3021 3296 apostolos
3041 3216 3357 3296 cognationi
3380 3242 3514 3296 prae—

1918 3288 2065 3367 tulit,
2094 3294 2157 3341 ut
2177 3286 2233 3340 et
2241 3305 2353 3367 pos
2373 3288 2431 3339 in
2454 3286 2871 3367 comparatione
2899 3286 3213 3342 dilectionis
3230 3286 3514 3367 carni’spi-

1916 3360 2088 3413 ritum
2119 3359 2499 3428 praeferamus.
2529 3360 2665 3411 Ibid.

1988 3423 2186 3493 Mater,
2214 3429 2543 3499 przedicator
2558 3427 2810 3506 quilibet,
2838 3429 2900 3476 ut
2936 3423 2996 3506 in
3026 3425 3324 3506 Evangelia
3353 3456 3364 3490 ε
3400 3440 3514 3506 [pse

1921 3518 2069 3553 meus
2091 3495 2288 3572 frater,
2307 3507 2353 3551 ct
2374 3517 2530 3572 soror
2550 3495 2605 3572 ct
2622 3504 2810 3560 mater,
2850 3495 2997 3572 quod
3028 3495 3376 3572 praedicator,
3410 3495 3511 3563 do-

1919 3565 2243 3624 cendo’alios
2263 3571 2319 3623 in
2342 3571 2468 3634 ﬁde,
2490 3570 2655 3639 parit.
2671 3569 2888 3624 Rabani
2903 3565 3191 3632 Atlegoriee
3210 3578 3273 3629 in
3292 3565 3509 3634 sacram

1914 3644 2289 3709 Scripturam.

1984 3727 2008 3755 ο
2040 3712 2355 3776 Comitissa,
2391 3710 2482 3763 hic
2522 3710 2671 3764 idem
2721 3726 2842 3762 esse
2882 3714 3104 3768 videtur
3148 3732 3214 3769 ac
3242 3734 3510 3784 procura—

1919 3788 2050 3837 tril‘.
2080 3834 2085 3841 ,
2308 3832 2315 3837 .
2666 3830 2667 3835 η
2876 3826 2885 3839 .

1987 3854 2007 3894 ῐ
2035 3854 2251 3923 Magnae
2279 3851 2587 3907 devotionis
2620 3858 2677 3905 et
2704 3853 2839 3907 fidei
2865 3856 2981 3911 haec
3023 3857 3227 3912 mulier
3270 3863 3515 3923 ostendi-

1916 3931 2028 3999 tur.
2059 3942 2180 3999 quee
2208 3930 2365 3979 tanta
2396 3923 2618 3999 Domini
2646 3923 3088 3999 incarnationem
3117 3946 3232 3999 pra}
3257 3933 3514 3993 omnibus

1919 3997 2240 4053 sinceritate
2266 3996 2564 4065 cognoscit,
2599 4001 2759 4049 tanta
2786 3997 2991 4051 fiducia
3023 3996 3344 4055 conﬁtetur.
3372 4007 3512 4059 Beda

1920 4072 1983 4121 in
2018 4069 2233 4131 Lucam,
2269 4067 2362 4120 lib.
2397 4084 2468 4131 Iv,
2502 4084 2621 4136 cap.
2657 4068 2739 4121 ll.
2840 4122 2841 4127 η

1992 4152 2020 4192 Β
2050 4141 2116 4194 In
2146 4138 2455 4207 apographo
2494 4145 2679 4191 nostro
2711 4142 2917 4205 tegitur
2943 4143 3039 4196 hoc
3080 4145 3141 4197 in
3164 4148 3282 4198 loco
3313 4164 3330 4199 :
3371 4147 3518 4202 Vali-

1920 4216 2068 4275 turo,
2120 4213 2259 4278 forte
2320 4208 2621 4274 uascituro,
2672 4215 2735 4262 ut
2797 4214 2948 4279 apud
2987 4216 3183 4269 [tedam
3215 4236 3233 4270 ε
3266 4218 3511 4273 Maria...

1922 4282 2204 4335 nascituro
2228 4297 2293 4353 ex
2304 4280 2566 4353 humanis
2578 4280 2847 4353 membris
2873 4283 3174 4353 Unigemto
3199 4288 3300 4340 Dei
3331 4292 3514 4347 carnis

1851 4352 2362 4429 Dspzeinateriam
2394 4351 2795 4429 ministravit...
2840 4370 2956 4429 qua
2990 4351 3137 4408 enim
3176 4374 3519 4429 consequen-

1922 4425 2001 4499 tia
2018 4426 2065 4499 ej
2076 4443 2138 4477 us
2150 4425 2293 4499 lacte
2314 4424 2575 4499 credatur
2591 4424 2854 4489 nutritus,
2870 4426 2956 4499 ευ]
2968 4442 3030 4478 us
3049 4427 3261 4481 semine
3277 4424 3518 4499 negatur

1924 4495 2014 4571 (ab
2052 4494 2346 4571 haereticis)
2384 4511 2516 4571 esse
2550 4496 2894 4571 conceptus?
2923 4512 3049 4571 cum
3080 4514 3145 4571 es
3174 4494 3517 4571 unius'ejus-

1921 4567 2160 4643 demque
2183 4565 2351 4619 fontis
2380 4564 2614 4643 origine,
2646 4565 3258 4643 secuiidumnpbysicos,
3281 4564 3515 4643 uterque

1920 4635 2105 4708 liquor
2133 4652 2395 4708 emanare
2439 4635 2720 4705 probetur.
2761 4635 2886 4708 _Nisi
2944 4635 3087 4691 forte
3130 4643 3381 4708 putanda
3424 4635 3515 4700 est

1920 4705 2088 4779 Virgo
2110 4706 2473 4779 sementivam
2497 4723 2608 4761 suae
2623 4705 2803 4779 carnis
2812 4708 3107 4779 materiam
3130 4705 3515 4778 nutriendoin

1919 4776 2086 4833 carne
2114 4776 2219 4858 Dei
2244 4778 2384 4858 Filio
2407 4793 2706 4857 suggerere
2726 4776 2992 4858 potuisse,
3032 4780 3381 4858 incarnando
3410 4776 3513 4841 an-

1918 4856 2034 4928 tein
2064 4849 2223 4928 quasi
2238 4849 2454 4928 majori
2486 4848 2860 4928 etinnusitato
2877 4849 3148 4928 miraculo
3172 4848 3404 4910 minime
3421 4875 3516 4928 po-

1920 4919 2096 4975 tuisse
2147 4922 2285 4974 Beda
2318 4922 2377 4972 in
2408 4921 2628 4992 Lucam,
2664 4919 2758 4975 lib.
2790 4937 2867 4989 1v,
2901 4937 3023 4992 cap.
3062 4923 3143 4976 11.

1990 4992 2017 5033 ιι
2034 4994 2097 5046 In
2116 4992 2437 5062 apographo
2459 4991 2665 5059 legitur
2689 5010 2699 5042 :
2738 4991 3039 5060 Utrumque
3060 5000 3256 5048 mentis
3270 5014 3380 5051 suae
3400 5014 3512 5052 me—

1922 5068 2159 5118 moriam
2192 5066 2437 5131 gratiam
2462 5065 2609 5114 (tari.
2752 5108 2759 5115 .

1992 5135 2163 5189 iDies
2205 5138 2367 5191 erant
2409 5132 2755 5189 celeberrimi
2804 5132 3162 5203 scenopegim,
3196 5136 3252 5189 id
3292 5144 3399 5201 est,
3427 5146 3514 5199 ta-

1992 5151 2005 5175 ι
2034 5151 2163 5189 Uies
2205 5151 2367 5191 erant
2409 5151 2755 5189 celeberrimi
2804 5151 3007 5203 scenop
3101 5152 3162 5199 ω,
3196 5151 3252 5189 ια
3292 5151 3399 5201 est,
3427 5151 3514 5199 ta-

1920 5206 2369 5271 bernaculorum,
2404 5204 2625 5275 quando
2657 5220 2756 5272 per
2785 5210 2998 5274 septem
3012 5151 3148 5259 e(ﬁes
3197 5207 3253 5261 in
3274 5210 3515 5273 umbra-

1922 5279 2060 5333 culis
2093 5276 2344 5342 (Hebraei)
2397 5273 2752 5350 habitabant,
2792 5281 3076 5350 sumentes
3117 5276 3223 5350 sibi
3259 5283 3512 5350 spatulas

1922 5352 2259 5422 palmarum,
2284 5356 2340 5401 et
2361 5363 2545 5399 ramos
2560 5345 2702 5422 ligni
2722 5345 3023 5399 densarum
3033 5345 3340 5422 frondium,
3356 5359 3414 5407 et
3428 5372 3514 5415 sa-

1922 5415 2055 5474 lices
2079 5421 2146 5474 de
2172 5420 2442 5481 torrente,
2478 5424 2534 5470 et
2560 5415 2894 5471 laetabantur
2913 5434 3102 5471 coram
3132 5420 3369 5477 Domino
3392 5426 3515 5480 Deo

1922 5510 2042 5556 suo,
2078 5492 2135 5544 in
2166 5488 2727 5544 communicationem
2764 5488 2944 5541 exitus
2989 5488 3216 5544 illorum
3243 5494 3312 5546 de
3344 5496 3516 5556 .iEgy-

1922 5514 2042 5556 suo,
2078 5514 2135 5544 ιιι
2166 5514 2727 5544 cmuluuuwuuuucw
2764 5514 2944 5541 exitus
2989 5514 3216 5544 usurum
3243 5514 3312 5546 ue
3344 5514 3411 5549 AL
3489 5527 3516 5537 -

1922 5571 2039 5635 pto,
2064 5562 2211 5633 quod
2232 5560 2505 5635 Dominus
2531 5576 2626 5617 eos
2655 5558 2722 5635 in
2751 5558 3126 5635 tabernaculis
3143 5514 3517 5635 habitaregiye-

1923 5628 2229 5705 cci-nicum
2242 5628 2508 5707 eduxerit
2525 5647 2618 5698 eos
2639 5629 2896 5707 diutam
2910 5630 3177 5707 ἐξωθῇ.
3209 5628 3431 5694 flabant
3453 5641 3518 5695 de

1923 5701 2277 5763 Imt‘itu-tion'e
2296 5702 2654 5771 clericorum,
2672 5701 2773 5758 lib.
2803 5701 2861 5772 Ii,
2892 5701 3020 5776 cep:
3039 5701 3168 5779 ⁷47.)
