4018 6168
461 281 597 338 1447
1047 278 1110 331 Β.
1155 277 1428 332 RABANI
1467 278 1699 334 MAURI
1737 278 2054 334 ARCHIEP

2153 276 2439 332 IOGUNT.
2481 277 2778 332 OPERUM
2815 277 2998 332 PARS
3036 278 3136 332 III.
3589 276 3735 333 1448

456 406 717 468 Galilzeze,
744 410 867 458 tum
897 403 954 456 in
987 387 1278 467 Bethania,
1312 406 1469 456 trans
1493 403 1817 470 Jordanem,
1848 412 1973 459 tum
1992 403 2051 457 in
2068 404 2276 475 Alapsi
2315 404 2510 468 simus,
2563 403 2648 457 vel
2691 401 2804 456 labi
2826 419 3134 474 possemus.
3185 401 3474 455 [astabant
3501 402 3736 456 interim

455 495 665 560 Judaea,
689 495 748 546 in
771 492 1062 558 Bethania,
1080 493 1242 561 juxta
1261 493 1592 546 Jerusalem.
1613 493 1658 546 Ο
1687 511 1818 550 vere
1845 493 2049 558 felices,
2136 493 2423 559 Pharisaei,
2455 493 2793 546 sententiam
2814 493 2936 561 ejus
2957 497 3288 562 quaerentes,
3328 491 3448 562 jam
3469 507 3736 562 priamus—

455 584 810 653 multumque
845 581 1014 645 beati,
1052 580 1146 651 qui
1169 585 1390 634 tantum
1421 581 1701 652 hospitem
1725 588 2057 638 meruerunt
2135 583 2370 637 sitantes
2412 583 2583 652 [Cod.,
2614 581 3134 652 praemasticantes],
3161 583 3281 651 jam
3311 581 3731 634 cachinnantes.

454 671 680 736 habere,
699 671 1740 742 pascentespanemangelorum,aquo
1753 671 1926 742 etipsi
1961 689 2055 743 pa-
2137 689 2266 726 eum
2310 672 2464 726 nullo
2493 671 2658 725 modo
2688 688 2848 742 posse
2880 671 3113 724 evadere
3142 689 3153 722 :
3189 671 3395 741 quippe
3425 671 3514 724 vel
3535 675 3736 724 contra

455 759 1292 823 scebantur!Octavoenim,die
1307 761 1786 830 scenOpegiarum,
1820 761 2054 814 descen-
2130 760 2432 832 justitiam,
2462 761 2550 814 vel
2581 765 2777 814 contra
2813 758 3256 813 misericordiam
3281 757 3584 828 judicaret.
3620 759 3736 812 Ve-

454 849 941 912 densaBethania,
961 849 1216 902 Salvator
1235 851 1381 901 venit
1403 850 1652 902 diluculo
1675 853 1738 904 in
1766 855 2048 919 templum,
2136 866 2262 902 rum
2317 865 2429 902 non.
2479 854 2552 902 est
2606 851 2900 918 sapientia,
2962 865 3072 901 non
3121 854 3194 901 est
3235 849 3557 916 prudentia,
3622 864 3734 900 non

455 945 505 993 et
524 941 957 1006 omm’spnpulus
989 939 1396 994 renitadeum.
1433 943 1480 991 et
1508 941 1694 992 sedens
1727 941 1942 992 docebat
1973 957 2054 993 eos
2137 944 2211 991 est
2267 941 2565 991 consilium
2617 943 2810 991 contra
2882 939 3183 990 Dominum.
3235 937 3416 1006 (Prov.
3477 951 3591 1000 XII,
3653 934 3730 999 3).

455 1028 642 1099 (Joan.
671 1043 780 1089 vm,
815 1026 889 1094 ‘2).
927 1025 1050 1091 Ubi,
1087 1041 1256 1096 quam
1290 1025 1742 1092 misericorditer,
1775 1044 2055 1098 quamque
2140 1029 2326 1080 Erexit
2365 1043 2496 1097 ergo
2545 1043 2597 1080 se
2627 1026 2902 1090 Christus,
2953 1026 3186 1080 daturus
3213 1026 3548 1080 sententiam
3585 1043 3596 1076 :
3631 1026 3736 1078 do-

457 1117 779 1188 prudenter,
811 1115 1113 1185 quamdam
1150 1115 1517 1185 peccatricem
1548 1117 1892 1170 mulierema
1915 1133 2057 1170 mor—
2137 1132 2266 1169 cens
2314 1122 2495 1169 rectos
2524 1133 2644 1170 esse
2674 1115 2876 1170 debere
2924 1132 3020 1169 eos
3065 1115 3161 1186 qui
3208 1115 3581 1168 condemnare
3635 1131 3735 1168 vo-

453 1205 526 1259 tis
555 1205 802 1275 periculo
828 1204 1102 1270 liberavit,
1135 1205 1388 1276 quamvis
1419 1222 1704 1260 excessum
1744 1206 1925 1260 facere
1972 1207 2056 1259 vi-
2137 1205 2262 1259 lunt
2281 1221 2441 1258 reos:
2477 1208 2648 1258 erexit
2692 1222 2763 1270 se,
2793 1209 2868 1268 et,
2901 1205 3053 1258 salva
3091 1204 3494 1269 misericordia,
3520 1202 3738 1274 judica-

456 1295 710 1359 deamur,
734 1293 980 1347 breviter
999 1294 1324 1348 referemus.
1349 1294 1611 1348 Placebat
1629 1295 1849 1365 populis
1870 1295 2058 1349 Salva-
2139 1293 2218 1346 vit
2241 1293 2523 1364 justitiam
2543 1292 2571 1334 d
2601 1312 2612 1346 :
2647 1295 2754 1361 Qui
2789 1297 2909 1348 sine
2941 1299 3153 1362 pec-cato
3183 1299 3259 1347 est
3300 1298 3564 1354 vestrum,
3616 1296 3737 1360 pri-

454 1389 546 1436 tor
575 1383 1081 1446 vehementissime,
1117 1383 1380 1452 quoniam
1404 1383 1844 1437 misericordiam
1865 1395 1888 1421 ³
1910 1401 2058 1437 com-
2138 1400 2264 1436 mus
2314 1387 2376 1436 in
2425 1387 2586 1436 illam
2635 1385 2874 1452 lapidem
2914 1385 3120 1436 mittat.
3149 1383 3239 1436 Sic
3268 1382 3402 1436 data
3427 1381 3739 1452 prudenter

457 1471 757 1525 mendabat
785 1478 841 1524 et
863 1471 1148 1541 pietatem.
1184 1471 1450 1524 Pharisaei
1483 1489 1612 1525 vero
1651 1489 1874 1543 semper
1919 1473 2058 1526 insi-
2139 1471 2438 1537 sententia,
2473 1474 2676 1525 iterum
2703 1490 2756 1525 se
2787 1475 3090 1534 inclinans,
3123 1473 3386 1526 scribebat
3435 1474 3500 1522 in
3546 1476 3730 1523 terra:

455 1560 758 1616 diabantur
787 1559 944 1636 ei,.et
975 1559 1317 1624 invidebant,
1351 1561 1482 1630 quia
1528 1567 1846 1631 peccatores
1891 1562 2060 1616 susci-
2138 1562 2356 1615 vultum
2414 1560 2523 1614 alio
2575 1566 2816 1626 vertens,
2852 1565 2913 1614 ut
2957 1559 3196 1614 liberum
3243 1565 3392 1613 esset
3438 1559 3737 1614 Pharisaeis

457 1649 1072 1720 piebat.thuzerentes
1099 1665 1296 1718 capere
1315 1667 1380 1702 ex
1409 1667 1506 1704 ore
1527 1651 1650 1720 ejus
1687 1649 1900 1721 aliquid
1948 1667 2057 1722 quo
2079 1721 2104 1722 ί
2140 1649 2290 1702 exire
2328 1663 2383 1707 ες
2443 1665 2582 1719 quos
2622 1647 2834 1702 sciebat
2877 1656 3012 1702 tunc
3058 1649 3225 1701 malle
3265 1647 3490 1718 longius
3521 1646 3732 1706 abesse,

457 1739 542 1792 vel
566 1739 719 1807 juste
734 1737 1146 1808 vituperari,vel
1161 1737 1417 1792 damnari
1439 1737 1685 1804 deberet,
1699 1721 2312 1809 add-uxerunthuam
2359 1737 2523 1808 plura
2569 1737 2937 1808 interrogare.
2993 1738 3108 1791 Nos
3156 1753 3377 1807 quoque
3405 1736 3587 1800 docet,
3620 1736 3733 1806 qui,

458 1827 509 1880 ei
539 1830 828 1880 mulierem
859 1833 994 1880 tunc
1026 1830 1086 1879 in
1102 1828 1378 1880 adulterio
1398 1829 2059 1896 deprehensam,dicentes

462 1915 611 1968 intra
641 1933 700 1968 se
732 1933 742 1966 :
779 1916 1082 1969 Tentemus
1110 1932 1238 1968 eum
1269 1916 1338 1969 de
1363 1917 1604 1986 justitia,
1625 1933 1697 1970 an
1719 1923 1913 1972 contra
1933 1935 2058 1972 eam

458 2004 625 2068 dicat,
662 2009 723 2057 ut
753 2003 1148 2058 misericordiae
1179 2005 1527 2074 praedicator.
1553 2005 1612 2060 Si
1634 2006 1784 2060 dicat
1805 2007 2058 2077 lapidan-

459 2093 589 2145 dam
613 2093 945 2158 adulteram,
972 2094 1210 2163 pOpulus
1240 2099 1561 2147 contemnet
1581 2095 1897 2149 doctrinam
1914 2098 2055 2166 ejus,

458 2187 652 2236 contra
691 2199 858 2251 quam
893 2181 1114 2235 dederit
1139 2182 1495 2236 sententiam.
1531 2183 1588 2238 Si
1625 2184 1828 2237 dixerit
1867 2185 2060 2239 dimit-

459 2271 708 2330 tendam,
747 2270 1220 2324 conclamabimus
1253 2291 1264 2324 :
1309 2272 1500 2326 Hostis
1541 2273 1700 2342 legis,
1747 2273 2062 2328 contrarius

459 2359 655 2430 Moysi,
689 2359 947 2413 inimicus
989 2360 1111 2425 Dei,
1145 2377 1274 2414 reus
1299 2366 1386 2414 est
1415 2361 1630 2428 mortis,
1665 2367 1722 2415 et
1751 2379 1878 2416 cum
1909 2363 2063 2417 adul-

459 2455 582 2502 tera
639 2449 971 2519 lapidandus
1002 2449 1048 2502 ι).
1102 2449 1171 2503 Et
1211 2450 1542 2504 accedentes
1580 2468 1590 2502 :
1646 2453 1924 2519 Magister,
1973 2453 2062 2506 in-

462 2537 681 2608 quiunt,
715 2539 822 2591 hac
851 2541 1056 2592 mulier
1083 2541 1240 2592 modo
1267 2540 1598 2606 deprehensa
1637 2545 1711 2592 est
1741 2543 1804 2594 in
1845 2543 2062 2595 adulto--

463 2631 549 2680 rio
581 2645 596 2679 :
631 2629 689 2679 in
721 2631 1024 2695 lcgeautem
1037 2628 1238 2694 .lloyses
1251 2629 1540 2680 mandavit
1563 2629 1716 2680 nobis
1742 2629 2064 2696 hujusmodi

466 2717 747 2783 lapidare;
777 2721 834 2767 tu
863 2731 987 2782 ergo
1014 2717 1152 2783 quid
1176 2717 1353 2768 dicis?
1379 2715 1464 2768 Ad
1485 2716 1602 2769 haec
1635 2715 1911 2787 sapientia
1938 2716 2058 2782 Dei,

463 2805 632 2869 Deus,
658 2819 768 2856 non
789 2803 980 2856 statim
989 2803 1281 2872 judicavit,
1297 2804 1394 2857 sed
1405 2821 1507 2857 nec
1519 2810 1711 2858 statim
1731 2805 2020 2876 respondit
2046 2825 2058 2872 ;

465 2893 563 2946 sed
587 2891 653 2944 ad
663 2908 818 2944 verso
838 2897 902 2945 ut
926 2891 1156 2946 sedebat
1176 2893 1352 2958 vultu,
1388 2896 1674 2948 inclinans
1701 2911 1772 2960 se,
1809 2896 2063 2948 deorsum

465 2982 636 3045 digito
665 2981 1025 3034 scribebat-in
1059 2987 1208 3034 terra
1231 2981 1458 3034 illorum
1482 2989 1728 3052 peccata,
1754 2983 1848 3052 qui
1866 3000 2061 3054 pecca-

465 3068 660 3122 tricem
691 3067 1046 3121 accusabant.
1070 3069 1304 3139 Propria
1322 3069 1470 3122 euim
1505 3075 1750 3140 peccata,
1775 3088 1898 3140 quae
1931 3072 2063 3125 scri-

465 3156 640 3212 beret.
690 3173 802 3210 non
851 3155 1110 3210 habebat.
1160 3157 1326 3210 Dedit
1373 3157 1531 3211 nobis
1579 3159 1834 3212 Salvator
1873 3161 1931 3213 in
1959 3161 2064 3214 hoc

466 3244 632 3298 nimis
671 3245 807 3298 utile
853 3245 1187 3316 exemplum,
1222 3246 1460 3316 alicujus
1489 3247 1654 3300 malis
1683 3247 1909 3314 auditis,
1951 3265 2063 3303 non

465 3333 656 3387 statim
679 3333 952 3404 judicare,
976 3335 1074 3388 sed
1098 3335 1254 3406 prius
1286 3334 1460 3404 digito
1491 3335 1842 3390 discretionis
1874 3349 1916 3404 ο,
1937 3355 2062 3392 nos-

465 3429 583 3478 met
627 3423 924 3491 discutere,
977 3440 1050 3477 an
1092 3424 1235 3476 forte
1280 3423 1341 3477 in
1383 3423 1608 3489 similia,
1650 3426 1733 3479 vel
1781 3426 2063 3480 deteriora

2141 1827 2274 1880 data
2314 1826 2612 1891 sententia,
2645 1827 2851 1880 iterum
2891 1825 3127 1880 inclinat
3171 1831 3228 1878 et
3264 1825 3474 1890 scribit,
3508 1832 3574 1878 ut
3627 1842 3736 1879 non

2142 1917 2322 1970 solum
2354 1921 2656 1985 antequam
2681 1915 3019 1985 judicemus,
3065 1915 3164 1968 sed
3194 1915 3364 1968 etiam
3393 1921 3523 1984 post
3549 1914 3736 1967 datam

2141 2004 2499 2068 sententiam,
2541 2020 2670 2057 cum
2713 2011 2978 2070 tremore,
3013 2003 3302 2057 humiliter
3336 2003 3738 2073 investigemus

2141 2093 2560 2157 conscientiam,
2640 2109 2708 2146 ne
2775 2092 2916 2146 forte
2972 2093 3309 2146 deteriorem
3362 2093 3736 2146 meruerimus

2143 2182 2482 2236 sententiam
2509 2182 2547 2234 ί.
2579 2180 2856 2235 Abierant
2885 2181 2985 2246 illi,
3039 2181 3223 2235 induti
3254 2187 3316 2234 ut
3345 2181 3588 2250 diploide
3617 2198 3738 2234 con-

2143 2274 2393 2340 fusione;
2411 2274 2682 2324 remansit
2703 2287 2835 2340 ergo
2858 2271 3243 2324 misericordia
3261 2275 3318 2324 et
3339 2270 3571 2324 miseria
3592 2282 3642 2334 8,
3680 2274 3738 2322 in

2147 2362 2493 2414 medioslans
2535 2363 2698 2425 (Psal.
2731 2376 2870 2424 cvm,
2903 2359 3013 2429 ‘29).
3049 2359 3237 2413 Ererit
3273 2359 3516 2430 denique
3539 2377 3595 2413 se
3623 2359 3739 2413 Sal-

2146 2456 2322 2514 vator,
2376 2450 2612 2503 daturus
2643 2449 2980 2503 sententiam
3010 2448 3423 2512 misericordia,
3458 2449 3555 2518 qui
3585 2449 3738 2519 prius

2145 2544 2364 2593 erectus
2395 2539 2628 2593 dederat
2649 2537 2986 2592 sententiam
2997 2538 3259 2607 justitiae:
3287 2539 3511 2603 Mulier,
3536 2537 3737 2608 inquit,

2146 2631 2243 2681 ubi
2275 2633 2406 2681 sunt
2434 2631 2534 2696 qui
2563 2633 2609 2680 te
2655 2629 3022 2682 accusabant?
3067 2628 3153 2680 An
3207 2627 3349 2680 forte
3399 2642 3506 2696 ego
3559 2626 3740 2696 fugavi

2145 2717 2277 2770 eos?
2316 2718 2482 2770 Nemo
2513 2721 2559 2769 te
2574 2716 2986 2780 condemnavit;
3008 2733 3128 2784 qua
3164 2719 3307 2770 dixit
3339 2735 3354 2767 :
3391 2716 3581 2777 Nemo,
3635 2717 3734 2768 Do-

2144 2809 2296 2859 mine
2324 2824 2334 2858 :
2367 2805 2501 2876 quia
2528 2805 2716 2858 nullus
2745 2821 2943 2858 eorum
2971 2805 3092 2858 sine
3121 2810 3366 2876 peccato,
3405 2804 3504 2857 sed
3537 2811 3619 2864 tu,
3647 2802 3738 2873 qui

2145 2894 2298 2947 solus
2334 2911 2394 2947 es
2431 2893 2550 2947 sine
2577 2898 2824 2964 peccato,
2841 2893 2887 2946 si
2907 2894 3008 2960 vis,
3035 2899 3194 2964 potes
3215 2910 3304 2946 me
3339 2893 3731 2946 condemnare.

2146 2981 2248 3035 Cui
2270 2982 2555 3036 Salvator:
2591 2983 2787 3047 Nemo,
2815 2981 3040 3052 inquit?
3062 2983 3164 3036 Nec
3183 2999 3274 3048 ego
3293 2986 3342 3034 te
3369 2981 3736 3034 condemnabo

2145 3087 2244 3141 pro
2273 3070 2647 3141 praeteritish:
2702 3073 2852 3136 vade,
2886 3087 3016 3124 cave
3062 3071 3130 3124 de
3157 3070 3380 3135 futuris,
3417 3074 3469 3121 et
3497 3071 3735 3136 amplius

2147 3163 2264 3214 noli
2283 3176 2504 3229 peccare
2523 3159 2553 3212 ί.

2146 3269 2282 3331 ΟΜ»,
2309 3268 2460 3322 XIII.
2485 3297 2549 3306 —
2575 3269 2674 3322 Ubi
2700 3268 2943 3320 Lazarus
2973 3271 3194 3334 languet
3215 3271 3264 3318 et
3289 3267 3567 3319 moritur:
3593 3267 3739 3320 Chri-

2651 3343 2871 3408 stusque
2901 3339 3225 3392 mandatur.

2219 3427 2417 3482 Hieme
2459 3444 2589 3482 vero
2639 3428 2761 3498 jam
2819 3427 3120 3491 mediante,
3173 3425 3264 3479 die
3321 3425 3737 3496 quintodecimo

1411 3547 1582 3592 ΝΟΤΕ
1631 3549 1988 3594 POTISSIMUM
2031 3551 2110 3594 EX
2155 3549 2398 3616 BADANO
2442 3549 2794 3602 DESUMPTE.

535 3659 560 3687 ³
589 3648 712 3702 Cod.
746 3642 1176 3702 misericordias.
1203 3647 1368 3716 Apud
1392 3649 1718 3714 Alcuinum,
1753 3649 2062 3704 misericor-

465 3719 571 3790 diae
601 3735 769 3790 quam
799 3736 1021 3790 semper
1048 3717 1299 3790 docebat.

537 3788 564 3829 ι)
594 3788 809 3845 Similia
836 3788 1099 3844 Rabanus
1123 3789 1293 3844 habet
1337 3791 1395 3844 in
1442 3791 1771 3846 Mattheeum
1820 3793 1889 3847 de
1920 3793 2061 3846 Pha-

467 3861 642 3916 risais
671 3877 706 3915 a
727 3861 1012 3916 Salvatore
1042 3861 1420 3932 quaerentibus
1455 3879 1466 3914 :
1499 3879 1572 3916 an
1610 3862 1802 3918 liceret
1842 3865 2062 3918 homini

467 3935 746 3986 dimittere
761 3949 989 3986 umorem
1001 3949 1162 3986 suam
1185 3949 1512 4001 quacunque
1542 3950 1606 3986 ea;
1631 3951 1815 3988 causa.
1836 3954 1861 3986 «
1891 3935 1960 3989 Et
1977 3935 2067 3988 hic

469 4003 718 4057 notanda
744 4003 1022 4056 mentium
1051 4003 1320 4056 distantia
1349 4003 1406 4058 in
1431 4003 1612 4058 turbis
1641 4013 1699 4058 et
1721 4005 2018 4060 Pharisais
2049 4025 2062 4058 :

466 4075 552 4128 hae
603 4073 946 4128 conveniunt
987 4079 1052 4126 ut
1095 4073 1421 4140 doceantur,
1457 4081 1514 4128 et
1551 4075 1639 4129 sui
1681 4083 1953 4131 sanentur
1983 4077 2065 4130 in-

467 4144 634 4198 ﬁrmi.
677 4144 764 4198 Illi
796 4143 1068 4198 accedunt
1097 4149 1161 4197 ut
1189 4145 1533 4199 Salvatorem
1562 4146 1633 4199 ad
1659 4147 1944 4202 doctorem
1975 4165 2065 4202 ve-

469 4215 654 4269 ritatis
690 4215 965 4290 tentando
1013 4215 1311 4290 decipiant.
1360 4217 1719 4288 Interrogant
1762 4235 1896 4290 ergo
1934 4235 2064 4273 eum

471 4291 660 4360 utrum
689 4287 856 4340 liceat
883 4285 1098 4360 homini
1127 4285 1410 4340 dimittere
1435 4285 1664 4342 uxorem
1689 4285 1870 4355 suam,
1890 4290 2064 4360 quali-

2143 3667 2238 3704 cor
2266 3656 2520 3704 nostrum
2543 3647 2882 3720 perscrutari
2912 3644 3207 3699 debemus.-
3225 3647 3444 3700 Rabani
3459 3647 3738 3711 Atlegoriz

2144 3725 2208 3776 in
2239 3737 2459 3775 sacram
2485 3721 2860 3789 Scripturam.

2213 3808 2240 3849 ἀ
2271 3810 2407 3864 Ecce
2437 3809 2711 3862 Dominus
2739 3808 2796 3861 in
2827 3805 3214 3878 respondendo
3245 3809 3302 3858 et
3314 3804 3608 3874 justitiam
3634 3819 3737 3857 ser-

2145 3885 2378 3934 vaturus
2424 3885 2511 3934 est
2549 3887 2606 3934 et
2657 3897 2690 3933 a
2749 3877 3180 3933 mansuetudine
3224 3891 3338 3929 non
3395 3891 3731 3930 recessurus.

2149 3954 2204 4008 S.
2247 3955 2501 4019 August,
2525 3953 2687 4018 Ibid.,
2721 3967 2778 4004 n.
2799 3949 2853 4002 4.

2217 4072 2242 4101 ο
2268 4061 2446 4112 Aliter
2476 4061 2880 4127 interpretatur
2897 4057 2955 4111 S.
2984 4059 3023 4110 .4
3035 4057 3330 4123 ugusliuus
3353 4057 3414 4106 in
3431 4056 3599 4107 Joan.
3619 4069 3729 4127 cap.

2147 4130 2198 4183 8.
2241 4131 2480 4184 Tractat.
2512 4125 2694 4191 XXXI",
2725 4145 2781 4181 n.
2812 4129 2861 4182 5.
2881 4127 3154 4181 Dominus
3175 4131 3367 4179 autem
3385 4141 3516 4178 cum
3534 4141 3630 4178 eos
3649 4125 3733 4177 illo

2145 4201 2257 4254 telo
2300 4201 2533 4270 justitiae
2578 4199 2961 4270 percussisset,
2995 4213 3097 4270 nec
3124 4196 3389 4270 dignatus
3428 4202 3520 4250 est
3545 4195 3735 4249 caden-

2147 4277 2232 4325 tes
2261 4266 2597 4326 attenderef
2632 4271 2730 4324 sed
2761 4271 2992 4324 adverso
3022 4267 3092 4321 ab
3121 4267 3201 4321 eis
3229 4266 3448 4330 obtutu,
3509 4283 3730 4320 rursum

468 4338 784 4430 satiust;
807 4338 1366 4430 anagnosta;
1383 4338 2127 4430 exauggﬁggigsaxtﬁ
2147 4345 2323 4430 agito
2344 4345 2608 4430 syrwebat
2729 4347 2898 4425 ιεννας
2928 4371 2998 4430 :
3028 4338 3733 4430 {fatereexigant}???

469 4429 839 4500 quodcunque
859 4429 1212 4500 responderit
1222 4429 1536 4500 captionem
1549 4429 1814 4500 patiatur.
1841 4432 1898 4486 Si
1915 4433 2063 4486 dixe-

468 4499 542 4554 rit
563 4499 966 4554 dimittendam
993 4517 1114 4554 esse
1143 4499 1370 4554 uxorem
1409 4499 1658 4569 qualibet
1689 4519 1754 4556 ex
1785 4520 1972 4569 causa,
2006 4509 2063 4557 et

469 4517 542 4554 I'lt
563 4517 958 4554 dimittendam
993 4517 1114 4554 esse
1143 4517 1370 4554 uxorem
1448 4517 1658 4555 uauuet
1689 4519 1754 4556 ex
1785 4520 1972 4569 causa,
2006 4517 2062 4557 et

469 4571 750 4642 ducendas
779 4571 939 4642 alias,
973 4571 1252 4641 pudicitiae
1289 4517 1624 4642 praedicator
1651 4573 1754 4626 sibi
1785 4573 2062 4628 videbitur

469 4641 668 4713 docere
683 4641 984 4713 contraria.
1005 4642 1102 4696 Sin
1123 4641 1312 4696 autem
1330 4644 1682 4713 responderit
1701 4661 1812 4698 non
1836 4662 2062 4699 omnem

469 4711 792 4785 ob_causam
823 4712 1025 4766 debere
1055 4713 1282 4785 dimitti,
1320 4711 1478 4783 quasi
1521 4715 1777 4785 sacrilegi
1816 4733 1944 4770 reus
1974 4722 2061 4770 te-

469 4782 711 4858 nebitur,
739 4789 796 4838 et
811 4785 1076 4858 adversus
1097 4782 1418 4858 doctrinam
1436 4786 1596 4858 Mosi,
1631 4803 1696 4840 ac
1725 4782 1830 4858 per
1868 4789 2062 4842 Mosen

469 4854 591 4929 Dei,
623 4853 822 4929 tacere.
857 4873 884 4908 ι
917 4857 1132 4929 Rabani
1160 4857 1478 4929 indillatth"
1523 4856 1624 4929 lib.
1667 4853 1748 4919 γιζ
1797 4875 1916 4929 cap.
1972 4860 2057 4914 '19.

479 4927 829 5052 VigiiBedam
858 4930 921 4980 in
951 4927 1168 4992 Matth.,
1197 4925 1294 4980 lib.
1320 4940 1396 4991 xu,
1422 4943 1544 4997 cap.
1572 4925 1992 4996 19;Alcuin.,t.
2012 4929 2060 4996 Ι,

479 5013 522 5052 ο.
653 5033 670 5050 .

539 5068 685 5123 Hinc
729 5084 831 5122 nos
885 5067 1202 5122 invenimus
1258 5069 1554 5124 accusandi
1595 5071 1960 5138 occasionem,
2005 5077 2062 5126 et

467 5156 628 5194 reum
665 5139 902 5212 facimus
933 5145 1204 5212 tanquam
1241 5139 1389 5212 legis
1416 5141 1894 5212 prevaricatorem
1933 5159 1946 5195 :
1977 5143 2060 5197 di-

467 5216 656 5292 centes
705 5211 775 5276 ei,
809 5211 998 5292 Hostis
1042 5227 1101 5264 es
1145 5210 1302 5292 legis,
1334 5210 1530 5292 contra
1564 5214 1793 5292 Moysen
1823 5231 2056 5292 respon-

464 5282 584 5346 des,
615 5282 727 5336 imo
757 5287 954 5364 contra
971 5298 1100 5336 eum
1121 5282 1217 5364 qui
1246 5299 1347 5364 per
1374 5285 1623 5364 Moysem
1650 5282 1846 5364 legem
1863 5282 2018 5364 dedit
2042 5303 2053 5338 :

467 5368 598 5426 reus
623 5369 683 5406 es
719 5352 936 5419 mortis,
978 5369 1106 5406 cum
1135 5352 1234 5407 illa
1261 5352 1265 5353 ί
1291 5358 1349 5408 et
1407 5352 1481 5408 ω’
1523 5355 1642 5426 ipse
1699 5352 2054 5426 lapidandus.

467 5423 523 5478 S.
555 5424 786 5496 August.
817 5428 880 5478 in
907 5427 1134 5490 Joann.,
1161 5441 1290 5496 cap.
1324 5426 1376 5491 8,
1428 5423 1663 5480 Tractat.
1699 5423 1880 5494 xx—xul,
1913 5443 1968 5483 n.
2001 5426 2054 5494 4,

467 5499 623 5566 tom:
639 5493 735 5558 III,
773 5500 918 5566 part.
955 5513 1011 5560 ιι,
1043 5513 1078 5566 p
1120 5493 1246 5552 531.

537 5573 562 5640 ξι
590 5564 828 5640 Digitus,
860 5564 1145 5640 discretio,
1173 5571 1238 5640 ut
1259 5567 1666 5640 inkEvangelio,
1700 5570 1872 5638 digito
1917 5572 2058 5623 scri-

469 5637 620 5695 bebat
647 5637 712 5690 in
741 5640 969 5707 terram,
1003 5637 1152 5709 quod
1179 5637 1380 5698 humili
1406 5637 1742 5696 discretione
1765 5637 2059 5698 terrenum

2082 4413 2130 4472 D
2145 4409 2468 4482 di3ciputus,
2479 4431 2606 4481 sequ
2614 4415 2694 4466 itu
2703 4430 2732 4465 r
2743 4415 3076 4482 magistrum
3086 4411 3203 4482 ,qui
3225 4412 3444 4482 ipsemet
3462 4409 3609 4482 Beda!
3622 4424 3730 4482 ma-

2142 4477 2314 4550 gistro
2353 4477 2462 4538 suo
2487 4477 2789 4546 adha'rcns,
2815 4477 2929 4536 ait:
2962 4481 3070 4534 alio
3097 4477 3312 4534 vultum
3348 4478 3644 4532 intendens
3673 4477 3732 4530 li-

2143 4554 2418 4609 bertatem
2452 4555 2532 4609 eis
2559 4555 2723 4610 daret
2742 4554 2913 4608 exire.
2946 4555 3158 4607 Alcuin
3189 4591 3202 4615 ,
3237 4554 3297 4604 in
3321 4553 3484 4604 Joan.

2214 4643 2234 4684 τ
2264 4644 2481 4699 Similia
2509 4644 2658 4715 apud
2686 4643 3002 4698 Alcuinum.
3038 4642 3175 4695 Ibid.

2215 4744 2244 4786 ε
2263 4732 2464 4786 Relicti
2479 4738 2612 4787 sunt
2630 4733 2760 4799 duo,
2779 4731 3010 4786 miseria
3028 4735 3087 4783 et
3103 4727 3510 4782 misericordia.
3545 4728 3600 4783 S.
3619 4728 3658 4783 Α
3669 4745 3730 4779 ιι-

2142 4809 2306 4873 gust.,
2324 4806 2482 4869 ibid.,
2501 4821 2558 4858 n.
2593 4804 2643 4857 5.

2216 4892 2244 4932 ¹ι
2275 4894 2382 4947 Nec
2409 4909 2500 4960 ego
2551 4898 2598 4946 te
2625 4893 3021 4946 condemnabo:
3061 4890 3170 4945 Sed
3218 4888 3364 4942 facta
3414 4904 3614 4960 secura
3665 4887 3728 4938 de

2144 4956 2452 5034 praeterito,
2479 4980 2609 5017 cave
2637 4963 2846 5017 futura.
2879 4964 2934 5018 S.
2972 4964 3224 5030 August.,
3254 4961 3412 5024 ibid.,
3447 4976 3507 5013 η.
3538 4956 3592 5015 8.

2215 5069 2228 5110 ί
2256 5072 2412 5125 Hanc
2431 5071 2494 5124 de
2513 5073 2748 5124 muliere
2757 5069 3012 5122 adultera
3030 5069 3415 5120 narrationem
3432 5064 3726 5131 interponit

2141 5143 2416 5207 Rabanus,
2443 5158 2499 5195 eo
2533 5142 2676 5210 quod
2725 5141 2966 5193 Ecclesia
2996 5155 3060 5192 ex
3086 5139 3336 5210 gentibus
3363 5136 3722 5210 typus_/_'ue_rit

2140 5216 2348 5266 mulier
2397 5204 3036 5280 istm—quemadmodum
3077 5204 3124 5262 et
3154 5204 3724 5280 illagdalena._hlulier

2139 5284 2413 5350 adultera,
2445 5274 2567 5354 quae
2583 5274 2825 5354 offertur
2844 5280 3084 5354 Domino
3113 5296 3152 5354 εξ
3173 5274 3388 5354 Judgeis
3411 5274 3716 5354 lapidanda,

2142 5355 2385 5410 Ecclesia
2403 5347 2530 5408 'es't:
2566 5371 2688 5425 quae
2713 5353 2870 5425 prius
2899 5351 3093 5404 relicto
3118 5351 3253 5413 Deo,
3286 5349 3346 5402 in
3363 5347 3718 5425 ‘idolisfuerat

2140 5425 2450 5480 fornicata:
2485 5416 2664 5497 quam
2711 5416 2931 5497 volebat
2984 5436 3270 5497 synagoga
3296 5419 3483 5473 zelans

2140 5513 2302 5552 cere:
2363 5487 2621 5552 Christus
2669 5496 2848 5550 salvat
2893 5509 2994 5566 per
3012 5487 3432 5566 mediis—sionem
3489 5487 3708 5566 delicti:

2139 5585 2242 5624 nec
2269 5568 2406 5624 sinit
2451 5584 2576 5622 eam
2610 5566 2814 5638 perire,
2847 5559 2944 5638 qui
2972 5563 3129 5618 novit
3156 5563 3380 5638 veniam
3409 5559 3710 5638 condonare

2139 5639 2516 5713 peccantibus.
2548 5629 2764 5696 Rdbani
2791 5629 3164 5700 de'Universo,
3193 5631 3372 5702 libav,
3395 5648 3516 5702 cap.
3553 5629 3599 5685 l.
