3958 6170
258 359 398 415 1449

1283 361 1378 416 DE
1415 362 1585 416 VITA
1628 363 1691 416 B.
1733 361 1985 416 MARIrE
2023 359 2508 415 ΜΑΟΒΑΙδΕΝίΕ.

3396 364 3532 424 1450

251 481 464 536 mensis
485 483 694 548 casleu,
725 483 874 548 facta
903 488 1036 536 sunt
1059 488 1300 540 encania
1328 489 1392 540 in
1427 489 1856 555 Jerosoty-misa;
1885 492 1925 548 Α
1946 485 2133 540 scissis
2182 485 2444 553 induviis,
2500 490 2704 540 sancta
2758 502 2978 542 sorores
3011 507 3026 554 ;
3064 491 3364 562 complexae
3392 509 3542 550 mor-

249 577 299 624 et
328 571 660 627 ambulabat
679 570 934 624 Salvator
963 574 1026 625 in
1059 577 1255 642 templo
1277 577 1341 628 in
1365 579 1586 644 porticu
1605 576 1854 631 Salomo-

252 663 362 723 nis,
391 659 510 724 ubi,
546 677 673 714 cum
706 659 1056 731 praedicaret,
1099 667 1156 715 et
1191 661 1401 716 diceret
1431 681 1442 716 :
1482 665 1590 732 Ego
1617 669 1666 718 et
1695 667 1856 719 Pater

251 765 435 803 unum
463 766 681 812 sumus,
705 743 1063 802 sustulerunt
1097 752 1302 818 lapides
1329 753 1526 816 Judzi,
1561 757 1621 806 ut
1645 755 1858 821 lapida-

249 843 375 892 rent
409 855 537 892 eum
569 841 749 904 (Joan.
785 855 838 902 x,
871 836 959 904 2‘2,
982 835 1093 906 30).
1114 839 1190 892 At
1218 839 1311 893 ille
1331 843 1497 894 exivit
1515 842 1580 894 de
1597 842 1855 895 manibus

249 943 465 992 eorum,
481 933 529 981 et
550 929 689 981 abiit
718 930 925 980 iterum
948 932 1107 980 trans
1125 929 1426 982 Jordanem
1441 927 1500 981 in
1520 929 1855 982 Bethaniam

252 1015 522 1081 Galilmaa,
546 1015 839 1070 castellum
867 1015 1056 1069 Mariae
1091 1020 1149 1069 et
1175 1017 1428 1080 Marthae,
1463 1019 1560 1070 ubi
1603 1016 1858 1088 Baptista

251 1107 492 1159 Joannes
525 1105 712 1160 fuerat
749 1107 1036 1173 baptizans
1073 1107 1356 1173 primum;
1389 1109 1439 1158 et
1476 1108 1684 1158 mansit
1715 1107 1852 1159 illic.

253 1194 397 1248 Cum
439 1211 568 1248 ecce
611 1193 838 1248 interim
883 1193 1095 1247 amicus
1133 1194 1254 1263 ejus
1301 1194 1545 1247 Lazarus
1587 1197 1858 1260 languens

254 1288 379 1336 erat
433 1283 492 1336 in
551 1283 818 1336 Bethania
866 1282 1090 1347 Iudaeae,
1152 1284 1369 1336 castello
1419 1283 1610 1334 itidem
1665 1283 1858 1336 Mariae

253 1376 302 1424 et
330 1372 566 1426 Marthae
589 1387 848 1424 sororum
878 1373 1013 1438 ejus.
1046 1372 1319 1424 Miserunt
1347 1387 1472 1439 ergo
1501 1386 1711 1424 sorores
1739 1374 1854 1440 ejus

251 1466 412 1514 trans
467 1459 768 1514 Iordanem
789 1457 835 1524 ιη
891 1460 963 1512 ad
1009 1459 1356 1514 Salvatorem
1393 1459 1452 1513 in
1498 1459 1850 1523 Bethaniam,

249 1550 490 1604 dicentes
526 1567 542 1601 :
572 1549 700 1602 Ecce
737 1564 896 1616 quem
944 1564 1102 1602 amas
1153 1551 1485 1614 inﬁrmatur
1541 1549 1722 1617 (Joan.
1777 1565 1851 1613 x1,

251 1639 302 1701 1,
359 1635 436 1705 2).
487 1635 722 1701 Sufﬁcit,
774 1636 1054 1706 inquiunt,
1108 1635 1384 1690 nuntiare
1423 1636 1622 1690 dilecto
1667 1637 1854 1690 dilecti

248 1727 582 1796 languorem
614 1743 626 1777 :
663 1724 876 1778 amicus
904 1731 1096 1780 noster
1123 1729 1226 1790 est,
1250 1726 1520 1780 Lazarum
1551 1731 1723 1789 amat,
1753 1742 1856 1780 nec

1937 580 2100 628 tuum
2128 573 2463 630 incumbunt
2488 574 2761 629 cadaveri.
2795 576 3036 631 Cernere
3069 587 3192 633 erat
3211 597 3386 650 genas
3407 599 3538 638 san-

1935 663 2106 732 guine
2134 663 2446 728 madentes,
2481 662 2706 718 ﬂetibus
2733 664 2921 718 oculos
2949 665 3290 735 tenebratos,
3312 671 3538 740 ejulati-

1937 751 2042 806 bus
2069 769 2202 806 aera
2232 753 2400 823 plena
2417 751 2648 806 funeris.
2664 753 2914 824 Denique
2938 755 3098 810 factis
3115 758 3412 828 exsequiis,
3445 777 3537 814 ce-

1937 839 2077 894 lebri
2129 857 2336 912 pompa
2389 857 2590 912 corpus
2637 841 2896 909 effertur;
2937 844 3220 899 clauditur
3257 863 3540 903 marmore

1939 928 2180 982 Lazarus
2241 928 2524 999 quodam;
2587 929 2730 1000 lapis
2781 945 2892 1000 quo
2942 931 3222 987 clauditur
3272 933 3538 1006 lacrymis

1939 1015 2227 1087 irrigatur.
2263 1018 2332 1071 Et
2363 1017 2628 1088 quoniam
2673 1018 2878 1072 nobilis
2923 1025 3048 1074 erat
3083 1021 3370 1091 progenie,
3415 1039 3539 1076 mo-

1939 1103 2204 1175 ribusque
2254 1104 2509 1170 nobilior,
2543 1111 2670 1160 actu
2715 1107 3002 1175 innocens,
3031 1108 3199 1164 verbo
3240 1109 3534 1175 discretus,

1939 1210 2110 1247 manu
2151 1194 2360 1263 largus,
2413 1194 2600 1249 animo
2647 1194 2913 1263 liberalis,
2954 1197 3298 1254 advenerant
3339 1198 3539 1254 Betha-

1937 1281 2111 1342 niam,
2133 1282 2204 1336 ad
2235 1283 2637 1337 consolandum
2655 1299 2806 1350 eum,
2831 1285 3131 1340 nobiliores
3167 1287 3538 1359 Jerosolymo—

1938 1387 2086 1438 rum,
2111 1370 2207 1442 qui
2229 1370 2401 1425 etiam
2421 1371 2695 1442 exsequiis
2723 1373 2846 1443 ejus
2871 1373 3266 1432 interfuerunt.

1940 1531 2070 1584 CAP.
2088 1530 2232 1604 XIV.
2252 1560 2317 1570 —
2335 1532 2432 1585 Ubi
2460 1533 2730 1586 Dominus
2748 1534 2857 1586 sibi
2881 1537 3128 1588 timentes
3157 1540 3417 1604 apostolos
3443 1554 3535 1591 ar-

2006 1604 2148 1668 guit,
2179 1602 2243 1654 de
2269 1617 2458 1655 somno
2483 1604 2656 1656 amici
2677 1604 2941 1672 disputat,
2969 1605 3178 1659 Thomas
3191 1602 3534 1662 devotionem

2007 1674 2290 1741 approbat,
2324 1678 2373 1726 et
2405 1674 2633 1727 Marthae
2658 1675 2840 1741 ﬁdem.

249 1814 412 1868 facile
440 1814 662 1868 deseret
705 1829 871 1884 quem
917 1813 1158 1867 dulciter
1201 1819 1358 1867 amat
1375 1824 1420 1866 ο.
1451 1815 1694 1868 Audiens
1737 1810 1916 1870 hch
2006 1814 2230 1867 Interea
2252 1813 2524 1880 Salvator,
2556 1819 2684 1885 post
2721 1815 2862 1870 duos
2893 1816 3032 1884 dies,
3073 1817 3214 1872 dixit
3242 1818 3536 1874 duodecim

249 1903 512 1958 Salvator
545 1922 556 1956 :
593 1905 904 1970 Inﬁrmitas
937 1903 1062 1967 hac,
1105 1901 1308 1973 inquit,
1349 1902 1457 1956 erit
1493 1903 1564 1956 ad
1609 1901 1853 1957 miracu-

249 1993 394 2058 lum,
425 2007 539 2046 non
567 1992 642 2044 ad
670 1995 903 2044 mortem
923 1989 988 2054 d;
1022 1991 1114 2043 sed
1136 2007 1242 2059 pro
1279 1993 1462 2059 gloria
1491 1991 1607 2056 Dei,
1641 1996 1702 2044 ut
1734 1995 1852 2059 glo-

251 2084 507 2148 riﬁcetur
535 2081 710 2133 Filius
738 2080 840 2133 Dei
861 2094 960 2148 per
990 2081 1172 2132 illam.
1191 2080 1464 2146 Diligebat
1489 2084 1676 2133 autem
1700 2082 1854 2133 Jesus

251 2170 535 2223 Martham
573 2174 624 2222 et
662 2183 904 2222 sororem
931 2171 1048 2236 ejus
1075 2168 1318 2222 Mariam
1348 2172 1397 2221 et
1427 2169 1724 2222 Lazarum.
1757 2168 1857 2224 Ille

253 2259 554 2328 languens,
581 2257 689 2310 illae
719 2255 927 2322 tristes,
961 2271 1158 2310 omnes
1187 2255 1374 2310 dilecti
1399 2274 1412 2322 ;
1443 2257 1542 2310 sed
1569 2273 1604 2309 a
1631 2273 1742 2328 quo
1771 2256 1857 2310 di-

250 2341 429 2396 lecti?
475 2342 748 2408 Diligebat
793 2356 888 2394 eos
931 2341 1104 2406 Jesus,
1151 2339 1537 2410 languentium
1581 2340 1853 2407 Salvator,

247 2431 367 2486 imo
394 2429 564 2484 etiam
595 2433 950 2484 mortuorum
969 2427 1289 2495 suscitator,
1313 2434 1370 2482 et
1395 2427 1643 2482 tristium
1665 2444 1857 2482 conso-

247 2520 459 2574 latore.
491 2519 764 2586 Ditigebat
793 2516 945 2570 enim
980 2519 1134 2570 Jesus
1172 2517 1473 2582 Martii-am,
1523 2522 1573 2570 et
1607 2531 1852 2571 sororem

1936 1901 2224 1972 discipulis
2264 1901 2380 1956 suis
2412 1921 2422 1954 :
2455 1903 2664 1956 Eamus
2713 1906 2777 1956 in
2816 1906 3067 1960 Judaeam
3102 1909 3310 1961 iterum
3348 1908 3533 1974 (Joan.

1935 2003 2010 2056 xr,
2047 1991 2118 2058 7).
2149 1989 2352 2044 Territi
2375 1991 2632 2062 apostoli,
2655 1991 2951 2046 consilium
2973 1993 3251 2049 dederunt
3276 1995 3536 2062 Domino,

1935 2095 2008 2132 ne
2033 2084 2367 2145 moreretur,
2410 2079 2506 2150 qui
2535 2086 2767 2159 venerat
2793 2081 2975 2148 mori;
3008 2098 3078 2136 ne
3119 2087 3178 2137 et
3203 2082 3310 2154 ipsi
3350 2099 3536 2139 more-

1937 2172 2190 2220 renturs.
2221 2169 2410 2229 Rabbi,
2439 2167 2720 2240 inquiunt,
2755 2185 2906 2224 nunc
2926 2172 3239 2238 quaerebant
3285 2174 3333 2225 te
3359 2173 3542 2227 ,Ιαάδί

1941 2257 2213 2324 lapidare,
2255 2260 2304 2309 et
2341 2259 2548 2310 itemm
2590 2258 2747 2310 vadis
2785 2260 2958 2312 illuc?
2997 2259 3284 2328 Respondit
3325 2261 3478 2314 Jesus
3518 2280 3533 2314 :

1939 2343 2132 2398 Nonne
2150 2345 2436 2398 duodecim
2458 2345 2605 2399 horae
2620 2350 2754 2399 sunt
2782 2347 2896 2399 diei
2915 2352 2940 2399 ?
2965 2349 3018 2400 si
3043 2349 3168 2415 quis
3195 2350 3446 2402 ambulat
3470 2351 3536 2402 in

1939 2437 2108 2497 nocte,
2131 2434 2390 2500 offendit:
2412 2435 2547 2501 quia
2575 2437 2674 2487 tua;
2695 2435 2898 2488 mundi
2919 2450 3030 2488 non
3051 2439 3125 2489 est
3147 2437 3210 2490 in
3231 2452 3288 2490 eo
3315 2454 3330 2498 ;
3363 2439 3416 2490 si
3435 2453 3536 2490 au-

1939 2525 2043 2574 tem
2059 2523 2430 2575 ambulaverit
2451 2524 2516 2575 in
2532 2523 2636 2586 die,
2663 2538 2777 2576 non
2797 2524 3019 2590 oﬂ'endit
3044 2541 3059 2576 :
3084 2527 3218 2592 quia
3232 2527 3408 2579 lucem
3427 2525 3534 2580 hu-

243 2614 368 2678 ejus
432 2609 699 2672 Mariam,
757 2611 808 2660 et
859 2607 1157 2660 Lazarum.
1213 2605 1259 2660 Ο
1313 2604 1442 2659 felix
1496 2610 1554 2659 et
1609 2605 1856 2676 gloriosa
1925 2611 2025 2677 jus
2050 2610 2254 2662 mundi
2271 2611 2434 2662 videt.
2460 2609 2574 2680 Ego
2603 2626 2729 2664 sum
2757 2609 2894 2675 dies,
2922 2627 3155 2679 cgosum
3183 2615 3284 2666 tua:
3307 2614 3530 2678 mundi;

238 2696 540 2769 generatio
559 2697 570 2748 !
595 2694 848 2767 quamvis
865 2693 1015 2748 enim
1029 2693 1250 2748 Veritas
1269 2693 1420 2748 dicat
1450 2713 1460 2746 :
1491 2695 1600 2763 Ego
1619 2695 1680 2747 di
1683 2696 1854 2762 ligen-
1935 2712 2032 2750 vos
2049 2695 2200 2750 horae
2219 2695 2513 2750 duodecim
2527 2694 2580 2750 h:
2599 2712 2789 2751 meum
2809 2702 2896 2752 est
2909 2698 3222 2768 praecedere
3241 2717 3254 2766 ;
3286 2704 3536 2754 vestrum

245 2793 325 2840 tes
362 2803 447 2840 me
469 2787 659 2852 diligo,
676 2800 805 2837 raro
833 2789 1023 2837 tamen
1047 2782 1427 2850 inveniuntur,
1445 2782 1505 2836 in
1525 2781 1849 2854 Scripturis,
1938 2784 2118 2855 sequi,
2150 2789 2215 2838 ut
2251 2784 2404 2838 horae
2442 2783 2588 2839 diem
2621 2789 2936 2856 sequuntur
2956 2784 2990 2839 ί.
3025 2785 3204 2842 Sinite
3246 2787 3420 2858 igitur
3445 2804 3536 2843 me

246 2875 453 2930 ﬁdeles
482 2872 577 2945 qui
607 2891 641 2926 a
669 2871 906 2928 Domino
949 2871 1106 2941 diligi
1135 2871 1455 2942 specialiter
1491 2871 1858 2942 designentur
1936 2873 2084 2944 pati;
2116 2889 2230 2926 non
2259 2872 2396 2926 mihi
2445 2868 2590 2927 detis
2619 2873 2942 2942 consilium;
2970 2875 3068 2928 sed
3097 2891 3188 2928 me
3213 2874 3534 2946 sequimini,

250 2980 322 3018 ex
353 2961 600 3018 nomine.
625 2962 687 3016 Ut
717 2964 895 3028 igitur
923 2962 1138 3014 audivit
1165 2960 1420 3015 Salvator
1449 2963 1582 3029 quia
1611 2960 1855 3014 Lazarus
1938 2961 1986 3015 si
2012 2977 2125 3016 non
2152 2961 2320 3016 vultis
2351 2961 2684 3016 offenderet.
2712 2964 2832 3016 Haec
2858 2965 2972 3028 ait,
3015 2967 3065 3017 et
3101 2968 3222 3032 post
3255 2964 3365 3017 haec
3399 2965 3539 3018 dicit

251 3052 686 3120 inﬁrmabatur,
735 3048 955 3104 distulit
995 3049 1114 3116 ire;
1157 3048 1376 3104 distulit
1418 3047 1749 3115 subvenire;
1791 3053 1858 3102 ut
1937 3052 2012 3103 eis
2035 3068 2050 3102 :
2072 3051 2320 3104 Lazarus
2353 3053 2570 3104 amicus
2611 3054 2796 3104 noster
2834 3051 3062 3115 dormit,
3093 3052 3186 3104 sed
3223 3053 3360 3106 vado
3396 3057 3459 3106 ut
3499 3067 3536 3106 a

244 3142 466 3196 faceret
484 3156 614 3194 eum
645 3156 679 3192 a
709 3143 890 3192 morte
905 3137 1110 3192 redire.
1135 3139 1201 3192 Et
1231 3142 1290 3191 tu
1299 3155 1366 3192 ne
1393 3139 1613 3207 quidem
1645 3139 1853 3191 mansit
1872 3124 1918 3183 Ο
1935 3155 2125 3194 somno
2138 3141 2392 3194 suscitem
2412 3155 2558 3192 eum.
2575 3137 2661 3192 Ad
2682 3138 2800 3192 haec
2820 3140 3084 3208 discipuli
3103 3139 3534 3210 responderunt,

247 3229 352 3284 ubi
371 3233 508 3282 tunc
527 3231 650 3281 erat
669 3227 728 3280 in
749 3226 1026 3280 Bethania
1040 3225 1300 3290 Galileeae,
1324 3227 1534 3280 duobus
1552 3228 1759 3292 diebus,
1791 3232 1857 3280 ut
1937 3227 2244 3282 secundum
2273 3227 2422 3298 quod
2451 3226 2884 3282 intellexerunt:
2917 3228 3166 3290 Domine,
3215 3232 3265 3282 si
3306 3229 3532 3293 dormit,

246 3317 623 3390 quatriduum
643 3315 975 3386 impleretur
987 3315 1025 3368 ί.
1059 3316 1284 3370 Interea
1309 3315 1433 3370 dira
1459 3314 1629 3369 febris
1654 3331 1856 3386 corpus
1937 3320 2122 3371 salvus
2147 3318 2280 3382 erit;
2313 3331 2544 3370 somnus
2571 3315 2724 3370 enim
2747 3313 3140 3385 aegrotandum
3167 3315 3366 3371 salutis
3394 3316 3539 3370 solet

247 3405 453 3462 Lazari
499 3403 715 3460 urebat.
749 3402 949 3458 Medici
993 3403 1072 3456 nil
1117 3409 1397 3474 poterant,
1447 3403 1856 3458 medicamenta
1939 3421 2062 3458 esse
2079 3403 2408 3458 indicium“.
2428 3406 2655 3458 Dixerat
2684 3408 2870 3457 autem
2894 3405 3048 3458 Jesus
3063 3405 3127 3458 de
3144 3409 3320 3458 morte
3343 3405 3534 3458 illius:

247 3494 334 3549 nil
368 3493 708 3566 proderant;
734 3491 878 3546 nihil
907 3491 1084 3562 igitur
1111 3509 1260 3562 aegro
1275 3491 1526 3556 remedii,
1542 3491 1651 3544 nisi
1669 3491 1858 3546 Domi—
1939 3495 2030 3547 illi
2051 3497 2239 3546 autem
2253 3495 2597 3561 putaverunt
2618 3493 2752 3558 quia
2769 3492 2833 3544 de
2847 3491 3180 3545 dormitione
3195 3493 3378 3545 somni
3395 3491 3538 3546 dice-

246 3569 365 3639 nus
394 3583 530 3636 velit
557 3581 608 3636 ei
637 3580 871 3635 mederi.
902 3579 1168 3634 Assident
1189 3580 1410 3651 juvenis
1439 3579 1582 3634 lecto
1612 3595 1850 3645 sorores,
1937 3585 2038 3634 ret.
2079 3581 2230 3634 Tunc
2251 3595 2378 3647 ergo
2421 3580 2567 3632 dixit
2612 3581 2688 3632 eis
2731 3580 2886 3632 Jesus
2922 3579 3212 3645 manifeste
3241 3597 3258 3632 :
3287 3579 3536 3634 Lazarus

245 3673 560 3727 adventum
581 3671 610 3724 J
615 3686 715 3724 esu
736 3667 1080 3740 pollicentes,
1096 3668 1279 3722 virum
1299 3667 1535 3739 spiranti
1555 3667 1855 3722 sanitatem
1938 3673 2193 3722 mortuus
2211 3672 2316 3731 est;
2341 3671 2392 3720 et
2400 3667 2608 3734 gaudeo
2623 3671 2848 3734 propter
2864 3682 2972 3730 vos,
2989 3671 3052 3719 ut
3070 3667 3305 3721 credatis
3335 3681 3427 3721 me
3454 3665 3537 3722 ni-

246 3759 617 3833 promittunt.
651 3757 872 3828 Vapore
891 3756 1134 3828 denique
1155 3757 1396 3828 pectoris
1425 3757 1477 3810 vi
1498 3755 1737 3810 febrium
1766 3755 1859 3810 de-
1939 3755 2018 3810 hil
2029 3755 2232 3810 latere:
2254 3757 2389 3822 quia
2409 3769 2523 3808 non
2536 3769 2690 3807 eram
2705 3755 2802 3817 ibi,
2821 3758 2880 3806 et
2893 3758 3084 3807 tamen
3103 3752 3216 3808 scio
3236 3753 3372 3824 quia
3389 3769 3537 3809 mor-

245 3851 487 3916 siccato,
518 3845 700 3902 vitalis
729 3845 960 3917 spiritus
998 3851 1280 3917 evaporat.
1313 3846 1548 3900 Plorant
1568 3845 1854 3916 juvenem,
1939 3849 2072 3898 tuus
2091 3848 2178 3897 est
2199 3841 2212 3879 ‘
2235 3861 2247 3908 ;
2278 3843 2370 3896 sed
2395 3857 2584 3896 eamus
2606 3842 2680 3895 ad
2705 3842 3021 3896 eum.Di:cit
3049 3857 3174 3909 ergo
3202 3841 3432 3896 Thomas
3461 3843 3538 3896 ad

1200 3959 1376 4006 NOTE
1420 3958 1787 4004 POTISSIMUM
1833 3959 1912 4001 EX
1952 3955 2192 4000 RABANO
2237 3954 2586 4000 DESUHPTE.

323 4064 354 4094 ³
379 4051 642 4108 Encaenia
658 4050 992 4105 festivitates
1018 4055 1181 4104 erant
1225 4047 1589 4102 dedicationis
1637 4045 1852 4117 templi.
1941 4045 2021 4117 Ex
2045 4044 2102 4117 ἃ.
2130 4045 2384 4117 {ingnia
2401 4045 2574 4117 Jogn.
2593 4058 2715 4114 cap.
2750 4040 2842 4108 11,
2861 4047 3030 4117 tract.
3060 4059 3207 4110 xux,
3239 4051 3304 4098 n°
3334 4042 3389 4100 8.

239 4125 424 4182 Illum
454 4123 605 4178 enim
633 4122 784 4176 diem
809 4138 920 4192 quo
949 4121 1267 4192 dedicatum
1289 4125 1376 4192 est
1389 4118 1663 4192 templum
1691 4112 1856 4192 aA'Saf
2001 4113 2038 4192 _h
2067 4114 2161 4192 Sol
2183 4113 2431 4192 justitizg
2442 4112 2880 4192 Christusomni
2907 4119 3159 4192 tempore
3177 4120 3380 4192 totum
3409 4113 3534 4169 illu-

234 4199 482 4252 lomone
530 4193 706 4248 Judaei
752 4183 1079 4247 solemniter
1112 4183 1750 4246 celebrabant—[tabent
1793 4189 1856 4241 de
1938 4185 2121 4240 minat
2153 4183 2365 4240 orbem.
2390 4185 2464 4257 Et
2502 4183 2649 4257 sicut
2686 4184 2806 4257 dies
2848 4183 3143 4240 duodecim
3175 4185 3329 4257 horis
3355 4201 3534 4257 usque

243 4269 617 4322 Institutione
645 4267 992 4329 clericorum,
1025 4263 1120 4316 lib.
1142 4279 1197 4327 ιι,
1230 4277 1350 4331 cap.
1374 4261 1462 4346 45'.
1539 4331 1554 4346 '
1811 4329 1822 4340 _
1871 4287 1922 4346 Ι)
1942 4257 2014 4346 ad
2044 4271 2300 4346 qccasum
2328 4255 2586 4346 volvitur,
2617 4255 2700 4310 ita
2743 4255 2862 4346 dies
2909 4272 3106 4346 vlerus,‘
3121 4255 3392 4346 JCbristgs
3405 4255 3536 4346 lper

325 4336 356 4376 δ
383 4337 662 4392 Miserunt
679 4334 776 4389 ubi
792 4339 916 4388 erat
934 4326 1223 4396 Dominus,
1249 4326 1406 4386 trans
1424 4331 1726 4384 Jordanem
1749 4326 1922 4384 δαὶ-ν
1941 4327 2234 4381 duodecim
2265 4327 2545 4398 apostolos
2572 4342 2768 4380 suos...
2800 4327 3048 4380 illustrat
3074 4326 3286 4380 ﬁdeles.
3320 4326 3535 4382 Rabani

235 4409 404 4463 licet.
437 4409 578 4462 Beda
609 4409 673 4460 in
700 4409 884 4468 Joan.,
929 4420 1050 4474 cap.
1072 4405 1172 4479 _11.
1200 4404 1276 4458 Ex
1316 4401 1374 4457 S.
1406 4402 1546 4470 Aug.
1581 4405 1644 4454 in
1669 4403 1855 4463 Joan.,
1939 4396 2437 4479 deﬁllniucrsoi‘lib.
2471 4412 2543 4479 Iv,
2575 4413 2696 4467 cap.
2727 4398 2782 4450 1.
2815 4469 2827 4479 _
2913 4473 2920 4479 .
2953 4467 2996 4479 ἢ
3101 4467 3112 4478 ο

232 4496 376 4550 cap.
419 4479 504 4545 11,
540 4481 762 4532 tractat.
797 4467 945 4540 χωρ,
978 4467 1040 4528 rio
1070 4475 1120 4529 5.
1495 4467 1510 4470 “
1788 4529 1793 4532 _
2011 4468 2314 4524 Duodecim
2329 4467 3528 4550 horaadiemcomplent,Dominoattestante:

323 4561 349 4590 ο
379 4550 518 4604 Ecce
574 4564 744 4619 quem
792 4562 950 4600 amas
1001 4546 1360 4619 infirmatur._
1399 4542 1732 4619 Suﬂi‘cit_ut_
1763 4557 1859 4619 ηρ-
1939 4541 2034 4611 qui
2083 4540 2164 4619 ait
2208 4539 2450 4619 :ﬁonne
2493 4537 2787 4619 duodecim
2835 4539 2988 4619 bona
3037 4545 3172 4619 sunt
3231 4537 3386 4592 diei?
3424 4537 3530 4619 Ubi

229 4621 420 4686 veris,
450 4635 560 4674 non
590 4607 742 4673 Enim
771 4633 928 4671 amas
969 4622 1026 4672 et
1061 4617 1292 4671 deseris.
1327 4617 1486 4681 Beda,
1519 4615 1656 4668 ibid.
1688 4613 1770 4667 Ea:
1795 4611 1852 4667 S.
1939 4607 2194 4686 quamvis
2223 4608 2518 4686 allegprice
2547 4626 2606 4686 se
2635 4608 2815 4686 diem,
2846 4607 3151 4686 discipulos
3165 4625 3338 4686 vero,
3372 4609 3469 4686 qui
3497 4626 3534 4664 a

222 4679 566 4760 Augfibid.
1461 4679 1482 4734 .’
1937 4679 1997 4736 ἑο
2017 4679 2336 4761 illustrandi
2356 4679 2598 4745 fuerant,
2635 4679 2804 4734 horas
2818 4679 3199 4752 appellaverit,
3229 4685 3336 4736 etc.
3361 4679 3532 4736 Raba-

321 4762 352 4802 d
387 4763 506 4806 Non
535 4766 609 4806 est
639 4763 713 4806 ad
740 4764 991 4806 mortem-
1019 4759 1115 4806 sed
1159 4757 1345 4806 notius
1386 4757 1457 4806 ad
1495 4755 1850 4806 miraculum.
1937 4755 2020 4806 ni.
2061 4753 2220 4806 ibid“
2252 4749 2349 4804 11b.
2371 4766 2426 4806 Χ.
2457 4765 2580 4806 C8D.
2613 4748 2666 4806 3.

321 4755 360 4802 ἆ
379 4763 506 4816 Νοη
535 4766 609 4814 est
639 4763 713 4814 ad
740 4764 991 4826 mortem,
1019 4759 1116 4813 sed
1159 4757 1345 4830 potius
1386 4757 1458 4810 ad
1495 4755 1850 4810 miraculum.
1937 4755 2020 4818 ni,
2061 4755 2220 4816 ibid.,
2252 4755 2349 4804 lib.
2371 4766 2426 4815 x,
2457 4765 2580 4822 cap.
2613 4755 2666 4806 3.

217 4834 416 4897 Beda,
449 4833 583 4886 ibid.
1754 4895 1768 4897 _
1835 4895 1846 4897 _
2007 4823 2020 4864 ί
2051 4823 2212 4897 liores
2241 4821 2754 4897 diemsequuntur.
2784 4823 3033 4897 ᾼιοιιίηη
3064 4822 3200 4876 ibid.

2000 4908 2017 4956 ι
2049 4892 2234 4948 Nolite
2285 4891 2424 4946 mihi
2449 4891 2744 4964 consilium
2769 4891 2942 4964 dare,
2972 4908 3113 4964 quos
3155 4907 3200 4964 a7
3228 4891 3533 4964 meconsi-

1933 4964 2071 5018 lium
2101 4968 2322 5044 oportet
2349 4962 2619 5044 accipere.
2649 4963 2905 5044 S._Aug.,
2955 4962 3210 5044 ibid.,.n°
3319 4962 3379 5018 Si
3425 4978 3530 5044 ego

1935 5053 2080 5100 sum,
2108 5033 2311 5104 inquit,
2344 5033 2483 5098 dies,
2511 5040 2569 5088 et
2595 5049 2690 5104 vos
2719 5033 2890 5099 horae,
2931 5033 3180 5104 nunquid
3229 5033 3380 5089 hora:
3419 5033 3531 5088 diei

1935 5103 2231 5186 consilium
2253 5105 2390 5159 dant
2409 5105 2611 5186 [horae
2629 5103 2779 5158 diem
2795 5103 3126 5186 sequuntur,
3153 5104 3531 5186 noncdiesho:

1936 5195 2047 5232 ras.
2082 5178 2200 5232 Hoc
2227 5192 2358 5247 ergo
2387 5175 2470 5230 ait
2497 5176 2567 5230 de
2608 5174 2936 5247 compendio
2969 5194 3001 5247 :_
3014 5175 3104 5230 Me
3132 5174 3452 5246 sequimini
3481 5175 3529 5230 si

1936 5265 2050 5304 non
2077 5247 2246 5303 vultis
2276 5243 2575 5302 dﬂ‘endere.
2599 5245 2656 5301 S.
2686 5243 2852 5314 Aug.,
2881 5247 2946 5299 n°
2971 5243 3026 5302 8.

2007 5339 2036 5376 ις
2065 5318 2495 5388 Responderunt
2508 5317 2784 5388 quomodo
2807 5315 3204 5388 intellexerunt
3235 5335 3247 5370 :
3274 5318 3525 5382 Domine,

1935 5394 1987 5445 si
2005 5387 2232 5462 dormit,
2251 5393 2436 5462 saluus
2465 5387 2592 5462 erit.
2627 5388 2822 5462 Solent
2838 5387 2988 5462 enim
3007 5404 3130 5462 esse
3157 5388 3337 5462 somni
3355 5404 3530 5462 aegro-

1936 5460 2180 5516 tantium
2199 5460 2396 5515 salutis
2419 5459 2478 5514 in
2503 5459 2712 5515 licium.
2735 5460 2958 5514 Alcuin.
2991 5461 3149 5514 ibid..
3193 5461 3351 5524 Beda,
3388 5459 3523 5516 ibid.

1938 5533 2017 5588 Ex
2045 5531 2100 5586 S.
2131 5534 2293 5600 Aug.,
2318 5531 2476 5596 ibid.,
2510 5541 2576 5584 n°
2613 5529 2695 5586 11.

2008 5603 2022 5642 ι
2051 5603 2266 5659 Gaudeo
2281 5605 2506 5672 propter
2524 5617 2613 5657 vos
2627 5607 2689 5656 ut
2708 5601 2944 5657 credatis
2961 5604 3096 5672 quia
3110 5618 3222 5657 non
3241 5603 3322 5656 ibi
3349 5619 3525 5658 eram:

3213 5703 3290 5761 46

321 4917 350 4947 ο
382 4895 483 4957 Ille
531 4902 824 4972 languens,
865 4901 976 4954 illae
1017 4899 1226 4972 tristes,
1245 4915 1456 4972 omnes
1505 4897 1711 4972 dilecti.
1742 4895 1854 4972 Sed

215 4973 528 5045 diligebat
565 4965 662 5027 eos
698 4976 754 5026 et
779 4970 1191 5045 languentium
1215 4965 1506 5045 Salvator,
1537 4967 1650 5045 imo
1681 4965 1853 5045 etiam

215 5039 610 5103 mortuorum
646 5039 961 5106 suscitator,
1018 5047 1076 5096 et
1115 5041 1363 5096 tristium
1397 5039 1731 5094 consolator.
1762 5039 1854 5091 Αι-

213 5120 408 5174 cuin.
469 5115 770 5170 Comment.
819 5116 882 5167 in
925 5115 1154 5178 Joann.,
1207 5128 1328 5182 cap.
1377 5111 1470 5178 11,
1517 5109 1613 5164 lib.
1666 5125 1722 5163 v.
1773 5109 1855 5162 Ea:

210 5191 307 5248 S.
344 5189 603 5253 August,
637 5187 794 5249 ibid.,
821 5195 884 5237 n0
913 5184 964 5238 7.

320 5257 345 5298 ί
363 5250 815 5328 Tandiutempus
825 5255 1056 5328 ductum
1066 5250 1856 5328 estLquousquequatriduum

207 5329 651 5392 compleretur.
671 5322 828 5390 Bbda,
863 5327 1020 5391 ibid.,
1054 5343 1118 5380 es:
1143 5322 1570 5392 SfAuinbidw
1600 5326 1666 5392 ηε)
1695 5322 1744 5376 7.

321 5411 354 5454 ς
376 5391 576 5453 Videte
600 5396 1076 5468 quemadmodum
1105 5391 1362 5468 discipuli
1394 5393 1579 5468 tertjti
1624 5391 1851 5468 fuerint.

199 5472 416 5538 Beda,
451 5471 586 5524 ibid.
616 5463 935 5545 Voluerunt
973 5463 1268 5545 consilium
1312 5465 1447 5545 dare
1497 5463 1758 5545 Domino,
1785 5479 1856 5517 ne

199 5535 590 5604 moreretur,
625 5540 722 5612 qui
763 5543 995 5612 venerat
1030 5538 1194 5612 mori,
1238 5552 1307 5591 ne
1337 5535 1443 5606 ipsi
1479 5539 1852 5612 mprerentup.

197 5615 414 5680 Beda,
441 5603 585 5666 ibid.
608 5603 858 5676 A'tcuin.,
886 5611 1046 5678 ibid,
1079 5613 1143 5664 in
1160 5603 1494 5676 Jama—cap.
1535 5603 1616 5672 11,
1649 5621 1704 5678 p.
1730 5603 1851 5660 573.
1907 5679 1915 5684 ι

495 5711 762 5773 ΡΑτιιοι.
797 5707 978 5774 CXII.
