4018 6168
452 333 594 392 1455

1043 339 1105 392 Β.
1139 338 1411 394 RABANI
1449 339 1682 395 MAURI
1717 341 2053 396 ARCHIEP.
2095 339 2420 396 MOGUNT.
2463 339 2759 395 OPERUM
2795 341 2979 396 PARS
3017 341 3117 396 III.

3585 338 3721 396 1456

453 465 516 515 in
538 465 653 516 vita
682 477 786 516 sua
815 462 1002 533 (’Eecli.
1029 477 1176 524 xxxx,
1200 463 1272 532 9);
1306 465 1392 518 vel
1425 463 1702 530 Christus,
1735 467 1830 538 qui
1860 465 1995 520 dicit
2024 481 2038 518 :
2061 469 2244 528 Aerat
2266 466 2492 532 Pascha,
2509 466 2628 521 dies
2655 467 2850 534 festus,
2879 468 3515 521 Judaeorumﬂederunt
3533 472 3714 520 autem

452 551 697 617 Quorum
729 553 1059 604 remiseritis
1083 557 1303 620 peccata
1351 556 1724 607 remittuntur
1751 557 1826 608 eis
1858 557 2036 621 (Joan.

447 653 538 704 xx,
570 637 686 708 23).
714 639 860 695 Non.
900 641 1039 705 Imo,
1070 640 1191 711 ipse
1234 641 1384 696 Deus
1424 640 1557 696 facit
1605 643 1754 714 quod
1783 659 1884 714 per
1911 659 2040 696 eum

447 729 614 783 homo
644 727 804 794 facit;
831 727 944 783 imo
965 730 1143 784 multo
1171 729 1374 784 melius
1403 735 1461 784 et
1488 731 1690 788 verius.
1721 732 1890 786 homo
1909 719 2041 786 facit

447 817 594 888 quod
624 833 725 888 per
752 834 884 872 eum
911 817 1060 872 Deus
1092 817 1240 873 facit.
1272 820 1397 874 Non
1425 819 1574 874 enim
1605 820 1746 874 dixit
1773 821 1924 875 Deus
1941 821 2040 874 Pe-

443 913 532 961 tro
563 925 576 961 :
603 907 764 971 Quod
793 908 1038 962 solutum
1081 907 1252 962 fuerit
1277 908 1336 961 in
1376 909 1512 962 caelo
1566 909 1740 980 prius,
1774 913 1836 963 tu
1861 910 2039 964 solves

444 995 504 1050 in
543 1002 697 1050 terra
742 999 940 1067 postea
981 997 1194 1059 (Matth.
1253 1011 1358 1062 xw,
1400 995 1500 1064 19),
1533 997 1630 1051 sed
1679 1015 1709 1051 e
1747 1015 2030 1053 converso.

443 1085 793 1140 Sententiam
825 1101 958 1156 ergo
989 1085 1142 1140 Petri
1169 1102 1281 1140 non
1310 1086 1592 1157 praecedit,
1625 1087 1722 1141 sed
1749 1087 2038 1158 subsequi-

441 1179 539 1228 tur
559 1175 841 1229 sententia
887 1173 1030 1229 caeli.
1087 1175 1214 1229 Non
1263 1179 1349 1229 est
1395 1192 1528 1246 ergo
1577 1175 1728 1230 aliud
1787 1176 2031 1243 Domini,

440 1263 576 1318 dare
611 1263 826 1318 homini
872 1268 1209 1334 potestatem
1271 1263 1556 1319 dimittere
1624 1269 1867 1335 peccata,
1928 1265 2036 1320 nisi

442 1351 626 1422 ipsum
654 1351 852 1415 Deum,
875 1368 976 1421 per
995 1351 1300 1416 hominem,
1316 1359 1544 1422 peccata
1561 1352 2034 1417 dimittere.Quod

439 1439 486 1494 si
540 1441 706 1494 homo
749 1446 1098 1511 peccatorem
1155 1457 1386 1494 suorum
1441 1457 1568 1494 vere
1614 1441 1902 1512 paeniteat,
1935 1459 2036 1496 nec

438 1535 632 1583 tamen
651 1529 722 1583 ad
739 1529 1143 1583 confessionem
1174 1529 1465 1600 pervenire
1484 1530 1661 1600 possit
1687 1541 1732 1594 α,
1756 1531 2036 1586 conﬁden-

439 1617 842 1689 terpronuntio
869 1635 879 1670 :
907 1618 1056 1688 quod
1077 1635 1204 1672 cum
1227 1635 1292 1672 eo
1321 1635 1576 1673 summus
1599 1620 1858 1674 sacerdos
1886 1636 2035 1674 com-

2118 557 2399 624 pontiﬁces
2421 557 2772 620 mandatum,
2805 560 2868 608 ut
2887 558 2939 608 si
2957 558 3082 624 quis
3109 555 3532 624 cognoveritubi
3548 558 3621 608 sit
3639 557 3720 608 Je-

2121 660 2232 708 sus,
2259 645 2464 698 indicet
2482 650 2544 698 ut
2563 645 3027 713 apprehenderent
3057 645 3378 710 eumann.
3404 661 3475 706 in,
3496 639 3710 709 45-56).

2122 733 2150 786 J
2157 749 2284 786 esus
2321 749 2470 797 vero,
2506 733 2688 786 sciens
2717 749 2812 786 eos
2842 733 3190 802 conspirasse
3219 737 3415 786 contra
3443 749 3523 796 se,
3553 731 3722 784 rediit

2123 821 2475 886 Bethaniam,
2505 823 2668 891 juxta
2704 821 3111 892 Jerosolymam
3138 831 3182 887 ο,
3209 821 3390 890 ξι]υωὶ
3418 837 3600 889 agnus
3647 821 3718 873 ad

2121 912 2409 964 victimam
2453 908 2498 975 ἀ,
2550 916 2682 964 ante
2710 927 2806 964 sex
2844 910 2963 964 dies
2990 909 3233 975 Paschaa,
3276 909 3534 981 sequenti
3580 908 3720 962 feria

2121 1005 2296 1064 sexta,
2322 999 2720 1065 immolandus,
2755 1005 2914 1053 sexta
2949 999 3088 1053 hora
3139 999 3582 1069 cruciﬁgendus;
3625 997 3718 1068 qui

2118 1104 2214 1142 sex
2239 1087 2434 1142 diebus
2462 1089 2654 1142 omnia
2673 1093 2984 1154 creaverat,
3001 1093 3159 1142 sexta
3177 1088 3267 1142 die
3287 1087 3573 1141 hominem
3604 1087 3716 1140 ior—

2119 1183 2387 1243 maverat,
2405 1177 2502 1248 qui
2519 1181 2677 1231 sexta
2690 1182 2872 1242 astate,
2901 1177 2973 1230 ad
2994 1177 3386 1231 redimendum
3404 1175 3711 1238 hominem,

2120 1265 2425 1320 advenerat
2453 1279 2497 1318 ο.
2533 1267 2667 1321 Erat
2690 1272 2826 1321 tunc
2853 1265 2972 1319 dies
3010 1265 3277 1320 solemnis
3321 1263 3559 1330 sabbati,
3587 1267 3716 1331 fem-

2119 1360 2361 1424 runtque
2404 1359 2455 1409 ei
2501 1371 2728 1421 comam,
2793 1357 2886 1420 ibi,
2939 1357 3002 1409 in
3035 1356 3194 1408 domo
3230 1355 3476 1410 Simonis
3519 1356 3713 1423 ιη)νωὶ

2121 1445 2300 1511 (Joan.
2332 1460 2422 1509 im,
2451 1443 2524 1510 2;
2564 1444 2758 1497 Matth.
2813 1459 2966 1508 xxvi,
2999 1443 3078 1512 6),
3136 1459 3304 1513 quem
3341 1460 3378 1496 a
3413 1443 3570 1513 lepra
3592 1444 3710 1512 jam

2117 1532 2336 1602 pridem
2355 1531 2726 1586 mundaverat
2752 1531 2790 1574 τ’
2825 1531 3115 1587 Discubuit
3125 1547 3257 1602 ergo
3277 1532 3304 1585 J
3310 1548 3459 1594 esus,
3489 1536 3547 1584 et
3571 1531 3709 1584 duo-

2115 1621 2296 1674 decim
2327 1621 2582 1692 apostoli,
2615 1627 2672 1675 et
2701 1621 2864 1676 multi
2896 1621 2993 1691 qui
3022 1626 3414 1674 convenerant.
3444 1622 3702 1674 Lazarus.

436 1707 570 1778 plet,
606 1707 755 1778 quod
785 1707 1038 1761 mortalis
1065 1723 1178 1762 non
1197 1707 1382 1778 potuit
1406 1726 1418 1774 ;
1447 1713 1504 1762 et
1531 1708 1680 1780 apud
1703 1708 2028 1774 Dominum,
2045 1707 2094 1766 B
2115 1726 2258 1776 vero,
2292 1727 2440 1764 unus
2469 1715 2590 1764 erat
2619 1727 2682 1764 ex
2699 1711 3166 1764 discumbentibus
3186 1727 3311 1762 cum
3334 1727 3392 1762 eo
3424 1712 3703 1776 (Joan.xn,

435 1795 649 1850 factum
677 1801 916 1861 constat,
947 1795 1098 1867 quod
1127 1797 1296 1851 homo
1327 1796 1556 1868 quidem
1581 1814 1710 1851 vere
1722 1797 1916 1864 voluit,
1933 1799 2030 1852 sed
2113 1797 2191 1866 2),
2216 1804 2280 1852 ut
2309 1815 2422 1852 non
2455 1799 2809 1870 phantasma,
2839 1798 2937 1852 sed
2954 1814 3080 1852 vere
3098 1799 3287 1852 vivens
3304 1797 3642 1868 probaretur
3657 1810 3703 1854 ε.

434 1901 549 1940 non
577 1884 755 1940 valuit
775 1885 1120 1957 adimplere:
1172 1885 1220 1940 si
1249 1891 1441 1940 tamen
1481 1887 1886 1941 confessionem
1916 1903 2029 1942 non
2112 1888 2180 1942 Et
2208 1888 2431 1942 Martha
2463 1887 2690 1958 quidem
2727 1887 3070 1951 beatissima,
3131 1903 3288 1941 more
3313 1887 3501 1953 solito,
3534 1890 3706 1940 mini-

432 1979 786 2047 contemptus
821 1975 1072 2041 exclusit,
1103 1975 1203 2030 sed
1225 1975 1517 2048 impedivit
1536 1976 1838 2030 necessitas
1868 1973 1916 2030 ι).

431 2138 562 2194 CAP.
585 2136 788 2194 XVIII.
821 2165 886 2176 ——
935 2137 1033 2192 Ubi
1078 2137 1152 2189 ad
1195 2152 1401 2192 canam
1448 2137 1669 2190 Martha
1713 2140 2020 2203 ministrat,

645 2209 892 2264 Lazarus
911 2209 1204 2273 accumbit,
1237 2209 1421 2261 Maria
1436 2208 1593 2276 pedes
1624 2212 1806 2276 ungit.

503 2333 671 2388 Multi
698 2339 890 2387 autem
915 2348 979 2386 ex
1003 2333 1208 2386 Judzis
1233 2334 1334 2400 qui
1360 2337 1624 2385 venerant
1654 2333 1728 2386 ad
1756 2333 2020 2398 Mariam,

427 2427 478 2476 et
505 2423 760 2476 viderant
790 2437 908 2490 quas
933 2421 1063 2488 fecit
1089 2423 1261 2486 Jesus,
1281 2421 1636 2474 crediderunt
1659 2424 1723 2474 in
1741 2421 2025 2488 eum.0ui-

428 2512 560 2566 dam
591 2515 797 2577 autem,
833 2525 898 2562 ea:
923 2511 1075 2578 ipsis,
1103 2511 1366 2563 abierunt
1411 2511 1484 2562 ad
1519 2509 1832 2578 pharisaeus,
1865 2516 1912 2564 et
1941 2511 2024 2563 di-

427 2605 634 2654 a'erunt
661 2602 736 2654 eis
765 2603 978 2668 quanta
1007 2599 1135 2666 fecit
1155 2600 1327 2652 Jesus.
1363 2599 1708 2665 Collegerunt
1737 2615 1862 2666 ergo
1888 2615 2023 2667 pon-

429 2691 597 2756 tiﬁces
625 2693 675 2742 et
696 2688 964 2756 pharisan'
991 2689 1290 2742 consilium
1334 2686 1396 2740 in
1423 2703 1620 2752 unum,
1666 2688 1725 2740 in
1763 2703 1873 2759 quo
1901 2689 2023 2742 Gai-

420 2777 580 2846 phas,
607 2777 876 2846 pontifex,
912 2777 1259 2844 prophetavit
1290 2793 1306 2826 :
1339 2777 1490 2842 Quod
1529 2778 1682 2830 Jesus
1711 2779 2022 2830 moriturus

424 2869 546 2919 erat
570 2879 674 2934 pro
701 2869 856 2932 gente
885 2864 1229 2920 Judaeorurn.
1259 2867 1340 2920 Ab
1369 2867 1468 2920 illo
1499 2881 1624 2932 ergo
1652 2867 1758 2931 die,
1785 2881 1897 2918 non
1927 2865 2026 2920 du-

2109 1978 2322 2030 strabat
2352 1977 2584 2042 mensis,
2608 1976 2768 2047 larga
2793 1993 2986 2041 manu,
3021 1975 3178 2030 vultu
3204 1975 3391 2040 hilari,
3425 1981 3485 2028 et
3522 1975 3707 2030 animo

2109 2063 2326 2119 liberali
2353 2083 2366 2132 ;
2392 2067 2578 2119 Maria
2605 2081 2736 2118 vero
2762 2065 3112 2135 Magdalena,
3145 2064 3400 2118 omnium
3428 2064 3709 2118 ministra-

2107 2169 2235 2208 rum
2249 2153 2458 2208 Christi
2487 2153 2826 2224 primiceria,
2855 2170 2969 2208 non
2993 2153 3168 2208 oblita
3193 2153 3300 2218 sui,
3315 2153 3525 2224 quippe
3541 2169 3707 2224 quam

2109 2242 2259 2296 zelus
2313 2243 2534 2313 ingens,
2582 2247 2640 2297 et
2683 2242 2852 2296 ardor
2910 2241 3119 2296 amoris
3159 2240 3389 2306 Christi,
3422 2241 3705 2313 quiescere

2108 2347 2224 2385 non
2251 2331 2472 2385 sinebat
2509 2349 2520 2383 :
2553 2334 2756 2400 accepit
2811 2333 3016 2385 libram
3057 2333 3338 2398 unguenti
3366 2330 3618 2401 pretiosi,
3651 2335 3706 2384 et

2109 2419 2380 2474 accedens
2411 2420 2482 2473 ad
2537 2420 2902 2484 Salvatorem,
2944 2435 3072 2473 cum
3101 2435 3326 2474 summa
3369 2419 3700 2478 reverentia,

2107 2512 2273 2562 unxit
2280 2510 2437 2578 pedes
2461 2511 2636 2577 ipsius
2659 2511 3024 2562 recumbentis
3046 2509 3224 2574 (Joan.
3250 2525 3346 2574 xu,
3372 2507 3440 2574 3;
3485 2509 3700 2572 Matth,

2104 2599 2235 2666 im).
2273 2598 2408 2652 Erat
2427 2603 2620 2651 autem
2650 2601 3003 2668 unguentum
3034 2596 3173 2650 illud
3202 2597 3386 2661 ﬁdele,
3417 2596 3698 2666 pisticum,

2106 2703 2220 2741 non
2253 2686 2528 2741 similibus
2565 2685 2772 2752 herbis,
2829 2692 2929 2740 aut
2983 2684 3262 2739 radicibus
3299 2685 3698 2746 adulteratum,

2105 2781 2170 2830 ut
2191 2775 2695 2846 pigmentariorum
2717 2791 2840 2829 mos
2855 2780 2959 2842 est,
2973 2774 3426 2828 convenientium
3443 2774 3701 2828 fraudare

2107 2865 2400 2919 odoratum
2455 2863 2623 2918 simul
2663 2869 2720 2917 et
2764 2863 3032 2918 intuitum
3063 2862 3110 2915 ιι.
3162 2864 3230 2917 Et
3264 2869 3390 2917 erat
3418 2879 3486 2917 ex
3528 2863 3700 2917 nardo

427 2952 584 3008 bium
621 2952 760 3024 quin
783 2957 841 3007 et
867 2952 1043 3024 prius,
1077 2952 1173 3007 sed
1203 2970 1270 3007 ex
1312 2959 1449 3007 tunc
1475 2952 1790 3019 difﬁnitive,
1825 2957 2025 3022 cogita~
2073 3023 2078 3024 7
2107 2955 2498 3024 compositum,
2523 2952 2722 3008 frutice
2750 2951 3076 3018 aromatica,
3105 2969 3230 3023 quae
3258 2952 3435 3006 situm
3462 2951 3694 3016 redolet,

423 3046 624 3096 verunt
640 3023 708 3094 ut
736 3023 1106 3108 interﬁcerent
1131 3057 1276 3095 cum.
1307 3045 1460 3096 Jesus
1488 3047 1679 3096 autem
1702 3058 1814 3096 non
1827 3045 2021 3111 palam
2038 3023 2082 3082 (οἶ
2109 3048 2209 3097 aut
2233 3023 2503 3114 cyperum
2527 3041 2578 3108 ῖς
2625 3042 2784 3112 gravi
2813 3049 2872 3096 et
2915 3057 3105 3096 crassa
3140 3041 3327 3095 radice
3372 3040 3690 3112 fragilique,

423 3131 577 3201 apud
617 3131 829 3185 Judaos
888 3130 1272 3198 (ambulabat),
1327 3133 1420 3184 sed
1462 3132 1602 3184 abiit
1645 3134 1709 3184 in
1740 3133 2021 3198 regionem
2105 3131 2361 3202 quamvis
2388 3131 2606 3202 pingui,
2641 3147 2842 3202 aspera
2868 3146 3088 3200 sapore,
3119 3129 3250 3183 folio
3290 3145 3466 3200 parvo
3495 3129 3700 3184 denso-

417 3221 584 3289 jumta
603 3220 898 3284 desertum,
923 3221 987 3272 in
1007 3221 1282 3272 civitatem
1305 3235 1423 3288 qua:
1449 3221 1662 3273 dicitur
1680 3219 1947 3288 Ephrem;
1971 3225 2021 3273 et
2104 3235 2233 3290 que,
2267 3219 2544 3290 spicatum
2577 3234 2800 3290 quoque
2841 3223 2964 3272 erat
2979 3221 3330 3288 unguentum
3367 3234 3380 3269 :
3407 3216 3704 3271 cacumina

423 3309 507 3362 ibi
523 3309 852 3363 morabatur
871 3323 999 3362 cum
1017 3308 1306 3376 discipulis
1334 3309 1470 3362 suis.
1488 3309 1816 3363 Proaimum
1833 3313 2020 3362 autem
2105 3307 2312 3380 quippe
2340 3308 2501 3362 nardi
2531 3308 2591 3362 in
2612 3306 2815 3363 aristas
2850 3323 2911 3360 se
2949 3311 3221 3378 spargunt
3253 3324 3266 3373 ;
3299 3304 3701 3375 celebrantque

1370 3420 1542 3466 NOTE
1586 3422 1950 3468 POTISSIMUI
1994 3423 2074 3466 EX
2118 3422 2359 3468 BABANO
2402 3423 2760 3468 DESUMPTE.

496 3511 810 3578 IIConfessio
840 3514 928 3565 est
953 3509 1166 3582 peccati
1193 3513 1260 3564 ut
1287 3509 1344 3564 in
1377 3510 1620 3565 Psalmis
1650 3529 1661 3564 :
1717 3511 2018 3578 Conﬁtebor
2096 3509 2346 3582 Adam...
2388 3509 2665 3582 formatus
2695 3515 2799 3574 est,
2834 3511 2913 3564 sic
2959 3516 3018 3566 et
3063 3511 3121 3565 in
3143 3581 3149 3582 7
3174 3509 3288 3582 ista
3318 3510 3508 3582 saeculi
3536 3518 3699 3566 aetate

422 3583 526 3636 tibi
552 3583 848 3652 adversum
891 3579 976 3636 me
1005 3583 1369 3650 injustitia-m.
1403 3583 1620 3638 Rabani
1646 3584 1924 3650 allegoria:
1951 3584 2015 3635 in
2097 3586 2256 3635 sexta
2283 3579 2542 3634 Christus
2573 3586 2741 3635 natus
2767 3587 2869 3636 est.
2911 3583 3075 3647 [bid.,
3107 3581 3318 3636 similia
3335 3581 3489 3652 apud
3508 3582 3698 3638 Alcui-

419 3669 642 3708 sacram
678 3651 1051 3721 Scripturam.
2095 3668 2252 3708 num.

495 3723 523 3764 δ
554 3724 828 3779 Hortatur
852 3740 954 3778 nos
973 3721 1178 3794 saepius
1204 3728 1400 3794 sancta
1427 3722 1727 3794 Scriptura
1745 3723 1816 3776 ad
1839 3723 2014 3794 medi-
2166 3722 2188 3762 ἲ
2204 3725 2272 3777 In
2306 3723 2465 3775 domo
2485 3723 2733 3777 Simonis
2757 3726 2974 3791 leprosi.
3003 3723 3128 3776 Non
3147 3723 3297 3794 quod
3321 3723 3580 3794 leprosus
3598 3723 3697 3778 illo

422 3800 684 3850 camenta
713 3795 1010 3865 confugere
1031 3793 1413 3859 confessionis,
1448 3793 1567 3848 non
1590 3793 1740 3864 quod
1760 3794 1911 3848 Deus
1933 3793 2014 3848 in-
2097 3799 2352 3865 tempore
2370 3799 2744 3865 permaneret,
2779 3794 2878 3848 sed
2903 3794 3000 3865 qui
3019 3800 3150 3865 ante
3171 3793 3428 3864 leprosus
3448 3801 3644 3865 postea
3663 3811 3699 3848 a

421 3866 615 3938 digeat
640 3863 1003 3938 confessionis
1033 3870 1255 3938 nostrae,
1291 3865 1380 3919 cui
1403 3863 1625 3938 omnia:
1647 3871 1836 3938 presto
1884 3870 2018 3938 sunt
2099 3863 2387 3919 Salvatore
2423 3864 2865 3938 Inundatus,es_t,
2919 3863 3146 3919 nomine
3175 3863 3416 3934 pristino
3451 3863 3695 3936 perma-

422 3935 556 4018 quae
575 3937 904 4018 cogitamus,
936 3935 1220 4006 loquimur
1248 3941 1306 3990 et
1327 3935 1571 4018 agimus;
1587 3935 1712 4018 7Sed
1733 3952 1834 3990 nos
1853 3935 2019 4016 aliter
2098 3941 2287 4018 nente,
2323 3939 2386 3988 ut
2405 3935 2588 4018 virtus
2603 3936 2864 4018 curantis.
2880 3937 3390 4018 appareatﬁabani
3409 3935 3692 3990 in’Matth.

423 4003 560 4088 salvi
589 4003 711 4062 ﬁéri
739 4024 864 4088 non
907 4003 1226 4088 possumus,
1283 4003 1393 4060 nisi
1431 4006 2020 4088 conﬁteamurﬁpmni:
2098 4005 2194 4062 lib.
2219 4022 2326 4088 vim,
2361 4022 2482 4088 cap.
2523 4003 2593 4061 ‘26
2616 4023 2720 4088 ;7ex
2756 4003 3038 4088 ρεᾴαῖθχ
3063 4007 3120 4062 S.
3142 4007 3294 4088 Iiier.

2169 4089 2202 4159 εξ
2216 4077 2305 4159 7Et
2319 4093 2389 4130 ne
2404 4077 2654 4159 dicerent
2666 4077 3076 4159 machinatores
3097 4077 3512 4159 calumniarum
3523 4079 3696 4159 phan-

419 4081 626 4144 tentes,
658 4078 808 4149 quod
849 4077 1042 4148 inique
1071 4077 1348 4149 gessimus
1387 4078 1754 4148 negligentes.
1806 4079 2020 4133 Rabani

2099 4149 2296 4202 tastice
2315 4147 2650 4202 suscitatum
2667 4147 2838 4202 fuisse
2861 4149 3153 4214 Lazarum,
3187 4149 3334 4202 tacta
3353 4147 3433 4202 ibi
3455 4147 3694 4204 Domino

421 4150 488 4204 de
507 4146 694 4216 Agone
713 4146 1048 4214 Christiano,
1081 4146 1178 4202 lib.
1211 4164 1286 4214 in,
1311 4150 1374 4202 de
1395 4146 1836 4217 Ouini—unctione.

493 4231 520 4268 α
535 4219 1035 4302 Appropinquante
1053 4225 1242 4302 autem
1257 4226 1509 4302 tempore
1522 4220 1799 4302 passionis
1811 4235 2015 4290 appro-
2033 4271 2039 4276 .
2099 4235 2280 4302 qua-na,
2297 4219 2398 4302 et7i
2404 4235 2502 4289 pse
2529 4235 2676 4274 unus
2705 4225 2923 4302 erat‘ex
2959 4219 3440 4302 discumbentibus
3457 4236 3589 4302 cum
3604 4235 3689 4274 eo.

411 4289 697 4363 .pinqu—are
717 4289 893 4346 voluit
916 4290 1338 4363 Dominusloco
1351 4289 1626 4363 passionis
1641 4309 1662 4363 ;_
1689 4289 2017 4362 ibiquepro-
2099 4292 2238 4345 Beda
2258 4293 2320 4344 in
2338 4292 2524 4363 Joan.,
2554 4307 2676 4361 cap.
2707 4289 2792 4346 12.
2831 4291 2914 4363 Ne
2941 4296 3207 4361 putarent
3241 4291 3500 4363 homines
3519 4290 3692 4362 phan-

420 4360 608 4418 iimus
635 4378 882 4426 manere,
907 4361 1004 4416 ubi
1035 4361 1338 4433 constituto
1352 4360 1434 4418 'ac
1453 4361 1730 4433 praeﬁnito
1760 4360 1891 4415 ante
1911 4377 2015 4415 sae-
2097 4367 2282 4416 tasma
2327 4377 2448 4415 esse
2495 4360 2726 4433 factum,
2785 4360 2918 4432 quia
2944 4360 3219 4416 mortuus
3247 4360 3690 4426 surrexig'unus

423 4435 570 4516 cula_
588 4439 841 4524 temporIe
869 4432 1119 4524 inveniri
1143 4439 1332 4518 posset
1358 4433 1427 4524 alb
1575 4449 1677 4524 Rep
1724 4449 1865 4504 quos
1893 4436 2080 4524 ξίφει)
2098 4438 2221 4487 erat
2247 4449 2316 4524 eis
2345 4431 2821 4487 recumbentibusI
2865 4433 2923 4488 S.
2964 4435 3222 4500 August,
3256 4435 3417 4499 ibid.,
3443 4437 3604 4486 tract.
3635 4449 3687 4497 L,

421 4504 610 4576 passio
639 4501 987 4576 complenda.
1011 4501 1229 4559 Rabani
1257 4507 1322 4558 in
1351 4501 1703 4570 Matth.,'lib.
1736 4501 1806 4570 ivi,
1839 4521 1888 4558 c.
1920 4501 2010 4558 2t.
2033 4501 2254 4558 "num.
2285 4505 2336 4556 ὅ.

494 4573 793 4647 dSalvator
837 4580 1031 4647 noster
1049 4574 1214 4647 quasi
1243 4575 1521 4647 agnusad
1543 4573 1878 4629 occisionem
1909 4573 2015 4628 du-
2117 4573 2197 4647 77h
2225 4575 2586 4647 Unguentum
2617 4580 2808 4628 autem
2835 4573 3116 4647 pisticum,
3235 4578 3322 4627 est
3349 4571 3536 4640 ﬁdele,
3566 4573 3688 4628 ideo

422 4651 638 4726 ctus7et7
679 4645 736 4700 in
789 4644 1129 4726 sacriﬁcium
1168 4644 1614 4726 altarisoblatus
1661 4651 2017 4726 peccatorum
2099 4645 2322 4726 dicitur,
2340 4645 2831 4726 quiaseepesplent
2841 4644 3019 4726 aliqui
3034 4644 3384 4726 medicorum
3398 4649 3689 4726 unguenta

423 4715 811 4788 remissionem
837 4717 1098 4788 universo
1129 4717 1391 4788 praestitit
1433 4715 1679 4772 mundo:
1706 4718 1922 4774 Rabani
1954 4719 2017 4770 in
2099 4717 2349 4788 pretiosa
2359 4715 2648 4788 isimilib’us
2677 4715 2863 4788 herbis
2893 4715 3232 4788 adulterare.
3257 4715 3415 4788 Sicut
3442 4715 3687 4787 pigmen-

421 4789 593 4845 Num.
627 4786 722 4842 lib.
749 4803 823 4858 iv,
854 4803 974 4858 cap.
1007 4787 1090 4844 19.
1129 4786 1146 4788 ﬁ
1314 4857 1318 4858 7
2099 4786 2232 4842 tarii
2260 4787 2358 4858 qui
2399 4787 2690 4858 pigmenta
2715 4787 2954 4841 vendere
2983 4786 3133 4858 soliti
3161 4791 3313 4858 sunt,
3365 4786 3684 4857 frequenter

495 4873 521 4904 ο
543 4859 649 4914 Sex
669 4857 867 4930 diebus
881 4857 1293 4913 consummavit
1310 4857 1460 4930 Deus
1479 4859 1671 4914 omnia
1693 4875 1863 4930 opera
1891 4874 2016 4915 sua.
2037 4886 2046 4895 -
2099 4857 2488 4930 intermiscent
2516 4858 2820 4930 pigmentis
2846 4857 3103 4930 quaedam
3127 4857 3388 4928 germina
3415 4874 3517 4930 per
3533 4858 3680 4930 frau-

423 4931 531 4986 Sex
544 4929 802 4986 mtatibus
815 4931 1126 4984 humanum
1148 4945 1331 5000 genus
1341 4929 1401 4983 in
1434 4929 1538 4984 hoc
1559 4927 1760 4984 saeculo
1769 4945 1871 5000 per
1891 4945 2017 4983 suc-
2098 4929 2248 4995 dem,
2280 4927 2484 5000 quibus
2504 4927 2814 4984 ementium
2843 4927 3115 5000 deludant
3138 4927 3453 5000 aspectum.
3467 4928 3682 4983 Sedhoc

419 4999 1628 5073 cessionestemporumDeioperainsinuant.
1647 4999 1894 5066 Quarum
1907 5000 2018 5073 pri:
2101 5007 2459 5073 unguentem
2491 5016 2604 5073 non
2650 4999 3053 5073 adulterinum,
3103 4999 3397 5073 sed’ﬁdele
3424 4999 3678 5073 fuit,7quo

419 5090 512 5130 ma
525 5073 690 5130 estab
701 5070 882 5128 Adam
899 5088 1079 5144 usque
1090 5071 1160 5144 ad
1172 5070 1562 5144 Noe,secunda
1570 5073 1738 5144 aNoe
1749 5087 1927 5142 usque
1945 5071 2016 5126 ad
2099 5070 2278 5144 Maria
2303 5071 2546 5144 Domini
2555 5071 2718 5144 unxit
2734 5077 2904 5143 caput
2923 5077 2982 5125 et
3016 5070 3204 5142 pedes.
3243 5072 3480 5144 Rabani,
3503 5070 3674 5144 7ib_id.,

418 5140 1462 5214 Abraham,tertiaablbrahamusque
1482 5140 2016 5214 ad7David,qu:artaa
2097 5142 2194 5196 lib.
2231 5159 2342 5207 vni,
2366 5157 2489 5214 cap.
2520 5140 2628 5209 26;
2669 5144 2789 5196 vide
2801 5140 2854 5214 :A_
2865 5140 3120 5196 [cuinam
3149 5145 3211 5196 in
3230 5143 3394 5196 Joan.
3413 5147 3472 5197 et
3491 5142 3674 5197 Bedam

417 5215 593 5288 David
609 5232 790 5288 usque
807 5215 877 5270 ad
897 5211 1454 5288 transmigrationém
1473 5211 2014 5288 Babyloniae—,quinta
2094 5214 2389 5288 in71lfat7th.
2547 5229 2623 5288 71v,
2652 5211 2882 5288 cap._2_6.

421 5231 593 5272 uavxu
609 5231 877 5288 usquead
897 5231 1454 5284 transmngrauonem
1473 5231 2014 5340 uenﬁioniaequinta
2094 5231 2159 5268 in
2197 5231 2389 5268 mauu.
2421 5231 2516 5266 uo.
2551 5231 2623 5279 iv,
2652 5231 2774 5284 cap.
2794 5231 2882 5268 κο.

421 5285 626 5359 deinde
651 5303 830 5359 usque
849 5287 922 5342 ad
951 5286 1222 5342 humilem
1249 5285 1550 5340 adventum
1635 5284 1810 5340 omini
1833 5284 2012 5338 nostri
2111 5358 2116 5359 7
2166 5284 2382 5359 {Codex
2403 5303 2420 5338 :
2444 5284 2664 5359 Cethim
2693 5284 2910 5359 redolet
2929 5289 3028 5340 aut
3055 5285 3394 5356 cipressum;
3427 5285 3670 5359 [tabanus

417 5355 453 5429 J_
455 5371 554 5412 esu
569 5353 794 5429 Christi,
817 5362 973 5414 sexta
1007 5374 1129 5429 quae
1149 5373 1300 5413 nunc
1323 5361 1511 5429 agitur
1543 5372 1834 5429 usquequo
1853 5372 2013 5429 mun-
2094 5358 2159 5410 in
2179 5357 2496 5429 Matthzum
2515 5356 2700 5429 liabet:
2735 5355 2924 5411 Citum
2947 5361 3048 5410 aut
3066 5353 3392 5429 cjpressum
3415 5374 3429 5424 ;
3456 5361 3514 5410 et
3539 5353 3670 5429 Beda

419 5425 527 5482 dus
555 5427 816 5496 ﬁniatur;
867 5423 1108 5500 septima
1149 5445 1278 5485 vero
1330 5423 1667 5500 intelligitur
1711 5423 1770 5482 in
1816 5425 2011 5500 requie
2095 5430 2158 5480 in
2185 5428 2474 5482 Marcum:
2531 5427 2730 5500 Sinum
2759 5432 2858 5482 aut
2902 5423 3248 5499 cypressum.
3295 5428 3487 5500 Verum
3530 5423 3673 5500 apud

417 5501 758 5552 sanctorum.
804 5496 1020 5554 Rabani
1075 5501 1140 5554 in
1197 5500 1427 5556 Genesin
1488 5496 1583 5553 lib.
1639 5516 1676 5564 ι,
1735 5515 1852 5568 cap.
1895 5496 2002 5554 ‘10.
2092 5500 2362 5562 Plinium,
2397 5499 2774 5566 cujusaBeda
2793 5503 2843 5551 et
2861 5496 3084 5554 [tab—ano
3115 5499 3297 5566 verba,
3321 5499 3408 5553 his
3445 5501 3508 5551 in
3526 5497 3665 5560 locis,

415 5568 542 5640 iam
567 5573 788 5640 sextum
817 5569 1086 5640 saeculum
1115 5571 1182 5624 ﬁt
1207 5569 1266 5624 in
1287 5569 1530 5624 adventu
1564 5569 1790 5626 Domini
1827 5569 2008 5640 nostri
2090 5573 2420 5636 recitantur,
2445 5572 2644 5637 agitur
2661 5569 2726 5623 de
2743 5572 2858 5624 situ
2877 5574 2928 5624 et
2942 5585 3156 5640 cypero.

412 5639 442 5696 J
447 5653 550 5697 esu
578 5637 810 5698 Christi.
821 5639 970 5697 Nam
996 5639 1142 5698 sicut
1156 5639 1217 5698 in
1235 5640 1334 5697 illa
1341 5645 1501 5698 sexta
1508 5640 1600 5700 die
1608 5640 1826 5714 primus
1838 5639 2007 5698 homo
