3958 6170
259 294 402 352 1457
1294 294 1386 350 DE
1421 291 1592 350 VITA
1630 293 1692 349 B.
1733 294 1829 352 MA

1923 293 1987 352 ᾸΕ
2026 295 2514 352 MAGDALENAE.
3394 298 3528 355 1458

245 417 609 490 pigmentarii
629 419 810 490 spicas
822 418 990 474 simul
1009 423 1066 473 et
1087 419 1238 474 folia.
1259 420 1622 490 Unguentum
1641 421 1846 493 quippe
1865 423 2208 483 Acecinerat
2235 422 2294 477 in
2312 423 2557 477 Canticis
2589 423 2826 478 amaris:
2854 424 2999 478 Dum
3033 427 3162 478 esset
3189 424 3256 478 in
3277 423 3534 478 accubitu

245 507 638 579 pigmentariai
689 507 895 562 Christi
945 509 1154 574 Mariae,
1181 525 1293 562 non
1342 509 1411 562 de
1459 509 1644 564 radice
1692 511 1854 565 nardi
1936 528 2034 565 suo
2064 515 2278 566 nardus
2310 528 2430 566 mea
2458 513 2606 566 dedit
2635 514 2854 566 odorem
2882 528 3049 565 suum
3082 512 3260 583 (Cant.
3293 529 3329 572 ι,
3365 510 3458 582 11)
3483 511 3531 566 ἀ.

246 596 562 650 confectum
591 602 709 664 est;
740 613 934 650 verum
981 597 1172 663 etiam,
1198 615 1308 668 quo
1341 597 1640 668 pretiosius
1681 606 1846 665 esset,
1935 600 2154 664 Quanta
2185 607 2318 654 tunc
2345 601 2453 654 fuit
2479 600 2668 655 Mariae
2691 601 3002 671 fragrantia
3029 601 3377 672 capillorum,
3411 619 3532 656 ma-

247 685 529 756 spicarum
546 702 769 756 quoque
796 690 853 740 et
877 685 1138 740 foliorum
1163 687 1286 756 ejus
1311 686 1646 756 adjectione,
1665 687 1851 742 odoris
1933 704 2111 741 nuum
2142 693 2199 741 et
2230 686 2526 752 labiorum,
2543 704 2608 741 ex
2629 693 2888 742 contactu
2911 688 3118 760 pedum
3137 688 3533 760 Christi,cujus

248 779 306 828 et
334 773 558 827 virtutis
577 774 700 844 ejus
726 773 912 844 gratia
933 781 1056 828 erat
1083 775 1370 828 cumulata
1397 784 1440 827 α.
1457 775 1680 829 Nardus
1699 777 1852 829 enim
1934 778 2067 830 adcr
2093 782 2508 844 unguentorum
2536 793 2702 845 super
2728 780 2920 831 omnia
2963 783 3219 832 aromata
3247 779 3429 847 (Cant,
3461 795 3527 844 Iv,

249 867 308 916 et
351 862 678 934 principalis
721 868 808 916 est
830 863 912 916 'in
957 863 1241 933 inguentis
1273 881 1285 916 :
1323 863 1629 934 pretiosum
1679 864 1855 934 igitur
1937 863 2058 930 10)!
2081 865 2269 919 eNam
2301 870 2350 919 et
2377 866 2573 920 domus
2604 869 2830 934 impleta
2853 872 2929 920 est
2955 883 3020 920 ea:
3045 869 3206 922 odore
3234 870 3530 935 unguenti,

249 958 375 1006 erat
400 957 756 1022 unguentum
777 951 935 1020 illud,
954 952 1226 1018 Indicum,
1259 969 1368 1024 qua
1391 969 1505 1006 non
1536 958 1622 1007 est
1649 953 1855 1024 pretia-
1937 959 1994 1007 et
2022 954 2264 1008 mundus
2294 954 2444 1008 fama
2483 954 2614 1008 facti
2643 953 2681 1008 ἲ.
2713 955 2936 1020 Quanta
2964 959 3099 1010 tunc
3126 955 3238 1010 fuit
3255 955 3315 1010 in
3343 961 3532 1010 mente

247 1040 386 1103 sius,
422 1041 582 1094 illum
623 1040 859 1112 pedibus
891 1047 948 1096 et
991 1041 1160 1112 capiti
1198 1041 1421 1096 Domini
1454 1041 1685 1111 dignum
1716 1043 1764 1107 ι),
1791 1048 1856 1096 ut
1937 1042 2126 1096 Mariae
2169 1042 2515 1098 abundantia
2566 1043 2969 1099 charismatum
3023 1045 3265 1116 Spiritus
3329 1044 3528 1110 sancti,

246 1134 365 1183 tres
385 1129 742 1199 evangelista
769 1135 1070 1194 testantur,
1096 1131 1412 1197 Mattheus,
1437 1131 1656 1184 Marcus
1685 1137 1853 1202 atque
1937 1132 2160 1203 quando
2172 1131 2222 1185 ei
2233 1133 2522 1186 desursum
2535 1135 2729 1187 datum
2745 1141 2864 1188 esta
2879 1135 3042 1188 Patre
3057 1135 3527 1204 tuminum(Joan.

245 1217 494 1272 Joannes
543 1219 756 1286 (Matth.
791 1235 948 1286 xxw;
982 1221 1154 1274 Marc.
1187 1237 1292 1284 xxv,
1327 1219 1398 1285 3;
1450 1223 1610 1274 Joan.
1645 1235 1740 1286 xu,
1775 1219 1848 1289 3).

247 1306 498 1361 Perfusis
529 1307 770 1378 denique
799 1307 1035 1378 pedibus
1049 1308 1354 1362 Salvatoris
1379 1309 1556 1362 nardo
1581 1309 1847 1379 pretioso,

247 1395 511 1450 manibus
540 1401 710 1467 atque
739 1396 930 1466 digitis
945 1397 1380 1468 circumquaque
1400 1413 1496 1451 eos
1524 1397 1846 1468 perliniens,

248 1484 606 1552 confricavit;
641 1502 706 1538 ac
749 1485 1010 1556 denique,
1041 1485 1258 1556 capillis
1309 1486 1424 1540 suis
1464 1502 1705 1556 quorum
1761 1486 1849 1540 ni-

249 1578 374 1627 tore
417 1573 664 1628 formosa
689 1574 891 1640 fuerat,
927 1591 1021 1628 eos
1059 1575 1386 1629 suavissime
1433 1575 1844 1642 circumvolvit;

250 1662 576 1733 pectorique
595 1663 762 1716 simul
781 1669 838 1717 et
855 1663 940 1717 ori
967 1663 1274 1734 applicans,
1302 1663 1468 1718 tersit
1485 1663 1806 1719 dulcissime
1831 1683 1844 1731 ;

1934 1235 2026 1286 xu,
2064 1219 2138 1289 3),
2180 1226 2340 1274 tanta
2369 1221 2578 1292 perfrui
2608 1221 2990 1276 familiaritate
3029 1222 3153 1277 Filii
3183 1223 3315 1278 Dei!
3348 1223 3530 1288 Quam

1931 1313 2097 1380 grata
2125 1309 2296 1362 fuerit
2320 1309 2562 1380 denique
2590 1311 2691 1364 Dei
2732 1311 3131 1382 omnipotentis
3166 1311 3308 1366 Filio
3337 1311 3530 1366 Maria:

1933 1398 2172 1464 devotio,
2209 1415 2378 1469 quam
2430 1398 2608 1452 dulcis
2635 1415 2812 1466 amor,
2847 1417 3016 1471 quam
3046 1407 3338 1472 acceptum
3364 1399 3526 1456 obse-

1934 1487 2147 1558 quium,
2165 1489 2518 1558 evangelista:
2539 1493 2822 1543 testantur
2845 1508 2856 1542 :
2889 1489 2982 1560 qui
3002 1489 3031 1544 J
3035 1489 3207 1544 udam
3222 1489 3478 1545 Scarioth
3498 1500 3528 1543 τ

1931 1576 2287 1646 indignatum
2317 1577 2528 1642 dicunt,
2553 1577 2690 1633 dum
2717 1578 2954 1632 sentiret
2977 1594 3144 1648 quam
3171 1578 3332 1634 dulce
3351 1579 3526 1650 spira-

1931 1665 2113 1720 verint
2140 1667 2330 1738 pedes,
2377 1672 2435 1720 et
2476 1673 2646 1738 caput
2685 1667 2912 1722 Domini
2943 1667 3247 1722 Salvatoris
3275 1666 3526 1722 balsamo

245 1750 512 1820 denique,
558 1751 665 1804 sibi
711 1751 1048 1824 astringens,
1092 1753 1230 1807 fovit
1275 1753 1505 1819 diutius,
1545 1758 1713 1824 atque
1760 1741 1908 1807 di-B
1931 1755 2226 1826 reliquato,
2263 1761 2320 1809 et
2345 1756 2650 1827 proditoris
2688 1757 2877 1810 animo
2903 1761 2961 1810 et
2989 1773 3118 1810 voce
3146 1756 3358 1828 pariter
3401 1773 3528 1828 pra-

245 1840 420 1894 misit.

245 1985 380 2038 CAP.
409 1984 683 2040 XVIII.—-
704 1985 802 2039 (Ibi
828 1987 1014 2040 Maria
1043 1985 1250 2040 Christi
1271 1991 1433 2054 caput
1457 1988 1639 2053 ungit,
1669 1986 1843 2040 Judas

675 2058 886 2123 fremit,
915 2057 1168 2111 Christus
1197 2058 1410 2111 laudat.

315 2201 494 2253 Parva
523 2203 609 2253 est
643 2199 779 2264 haec,
811 2199 962 2270 apud
991 2199 1294 2253 Dominum
1325 2201 1697 2266 Salvatorem,
1732 2199 1844 2270 pri-

241 2289 486 2342 miceriae
516 2289 694 2359 ipsius
736 2287 1109 2354 familiaritas,
1152 2294 1410 2360 respectu
1459 2288 1835 2360 sequentium.

239 2377 484 2432 Pedibus
527 2377 732 2449 quippe
781 2376 1064 2440 delibutis,
1099 2393 1330 2432 accenso
1357 2377 1544 2432 animo
1575 2379 1837 2433 immensi

235 2466 446 2521 amoris
487 2467 635 2537 igne,
669 2482 834 2538 quem
865 2467 923 2520 in
954 2482 1021 2520 ea
1040 2466 1133 2520 ille
1163 2465 1519 2531 accendebat,
1553 2467 1642 2520 cui
1675 2468 1837 2522 mini-

236 2554 627 2620 strabat,ausu
648 2573 712 2609 ex
745 2561 919 2626 parta:
938 2555 1336 2609 familiaritatis
1370 2556 1597 2621 conﬁsa,
1613 2561 1671 2610 et
1694 2556 1836 2611 bene

235 2645 310 2698 de
338 2645 454 2698 Dea
479 2645 686 2698 conlisa
709 2663 720 2697 :
746 2651 808 2698 ut
837 2649 968 2716 pote
999 2645 1057 2698 in
1078 2643 1302 2710 talibus,
1335 2643 1391 2698 ni
1421 2644 1601 2710 fallor,
1635 2647 1836 2717 saepius

237 2733 513 2798 admissa;
537 2733 777 2788 adorans
799 2733 1162 2799 Salvatorem,
1179 2733 1247 2787 ad
1265 2739 1435 2804 caput
1451 2735 1574 2804 ejus
1604 2735 1837 2789 accessit

232 2829 656 2877 sacrosanctum
701 2829 1038 2888 reverenter,
1078 2823 1291 2894 angelis
1349 2828 1406 2876 et
1463 2823 1830 2893 archangelis,

221 2911 641 2983 principalibus
669 2917 726 2965 et
753 2911 1122 2982 potestatibus
1153 2912 1538 2966 reverendum.
1556 2913 1624 2966 Et
1641 2913 1834 2967 discri-

233 3001 454 3054 minata
471 3000 662 3070 digitis
689 3001 914 3054 caesarie
946 2999 1050 3054 Dei
1081 3001 1502 3072 omnipotentis,
1534 3001 1702 3071 fregit
1719 3001 1832 3056 ala-

229 3088 510 3154 bastrum,
535 3095 593 3142 et
619 3088 816 3142 effudit
850 3088 1011 3142 nardi
1049 3088 1339 3142 residuum
1369 3105 1538 3160 super
1565 3091 1828 3144 verticem

228 3177 360 3232 Filii
394 3176 492 3231 Dei
521 3178 729 3244 (Matth.
769 3193 910 3242 xxvi,
941 3177 1002 3244 7;
1037 3179 1208 3232 Marc.
1243 3192 1355 3243 x1v,
1382 3177 1456 3246 3).
1489 3178 1700 3232 Dehinc
1725 3178 1826 3233 cri~

222 3283 330 3320 nes
349 3265 663 3320 confricans
689 3265 968 3333 manibus,
983 3265 1266 3320 cincinnos
1300 3269 1424 3338 ejus
1457 3268 1635 3338 guttis
1664 3267 1826 3322 nardi

219 3355 570 3422 debriavitc;
611 3360 669 3409 et
709 3355 850 3409 sacri
879 3355 1112 3426 liquoris
1149 3355 1515 3423 efﬂuentiam,
1549 3373 1726 3428 usque
1754 3357 1825 3411 ad

213 3445 487 3510 frontem,
505 3450 563 3499 et
588 3450 864 3516 tempora,
880 3445 1007 3499 colli
1025 3462 1246 3517 quoque
1266 3445 1526 3512 conﬁnia,
1551 3447 1826 3501 delicatis-

215 3534 384 3588 simis
403 3534 596 3605 digitis
615 3534 752 3600 suis,
767 3539 832 3588 ut
850 3533 1148 3588 balsamita
1163 3533 1383 3600 nobilis,
1408 3535 1824 3591 accuratissime

215 3623 496 3677 dilatavit.
523 3623 834 3694 Complevit
853 3623 1062 3694 itaque,
1089 3623 1285 3688 Maria,
1309 3623 1572 3695 operibus
1593 3625 1696 3694 pia:
1724 3625 1820 3678 de-

217 3712 486 3778 votionis,
526 3712 675 3783 quod
711 3728 807 3767 rex
839 3712 1102 3768 Salomon
1149 3713 1208 3766 in
1247 3729 1490 3785 persona
1517 3714 1658 3784 ejus,
1687 3713 1820 3768 olim

1929 1845 2231 1898 clamasse:
2261 1845 2461 1913 thuid
2485 1846 2724 1914 perditio
2743 1846 2884 1899 two?
2904 1847 3088 1899 Potuit
3107 1849 3258 1900 enim
3277 1862 3526 1913 unguen-

1928 1939 2046 1987 tum
2060 1936 2210 1988 istud
2224 1935 2542 1988 venundari
2561 1938 2754 1999 multo,
2769 1939 2818 1988 et
2829 1935 2962 1988 dari
2963 1935 3521 2004 pauperibus(Matth.

1926 2038 2068 2088 xxvi,
2093 2022 2166 2084 8).
2190 2023 2258 2077 Et
2277 2025 2540 2090 fremebat
2558 2026 2620 2076 in
2642 2023 2880 2078 Mariam
2910 2028 2974 2076 ut
2995 2023 3328 2095 impleretur
3353 2024 3414 2078 in
3457 2041 3523 2079 eo

1925 2112 2071 2183 quod
2093 2112 2268 2166 David
2279 2112 2416 2166 dicit
2437 2129 2450 2164 :
2468 2114 2722 2166 Peccator
2742 2113 2960 2177 videbit,
2979 2116 3028 2165 et
3055 2115 3331 2166 irascetur
3349 2131 3366 2177 ;
3393 2114 3522 2167 den-

1925 2204 2071 2256 tibus
2097 2204 2213 2255 suis
2240 2203 2438 2269 fremet
2465 2207 2514 2254 et
2543 2202 2762 2255 tabescet
2791 2201 2956 2268 (Psat.
2989 2217 3064 2266 ιιι,
3093 2199 3382 2272 9).Plenus
3398 2207 3522 2255 erat

1921 2293 2189 2345 daemonio
2201 2289 2708 2355 meridiano,simul
2723 2295 2780 2344 et
2792 2291 3002 2358 negotio
3008 2291 3434 2359 perambulante
3452 2293 3516 2344 in

1923 2381 2156 2434 tenebris
2183 2381 2347 2447 (Psal.
2381 2395 2468 2445 xc,
2505 2378 2578 2448 6),
2613 2379 2708 2450 qui
2724 2378 2972 2433 avaritiae
2991 2395 3106 2434 suae
3126 2378 3468 2434 sentimenta
3488 2379 3516 2420 ιι

1917 2485 2054 2524 cura
2092 2485 2403 2540 pauperum
2435 2467 2722 2538 palliabat.
2759 2467 2990 2522 Dixerat
3033 2467 3184 2522 enim
3230 2468 3354 2535 hoc,
3402 2484 3517 2522 non

1919 2562 2053 2627 quia
2083 2561 2146 2612 de
2174 2561 2355 2627 egenis
2375 2560 2686 2626 pertinebat
2721 2558 2796 2610 ad
2819 2573 2962 2622 eum,
2995 2559 3088 2610 sed
3111 2559 3246 2626 quia
3273 2558 3374 2625 fur
3394 2563 3514 2612 erat

1919 2652 1966 2700 et
1998 2650 2199 2702 loculos
2225 2648 2424 2700 habens
2445 2646 2770 2712 dominicas,
2795 2663 2857 2700 ea
2885 2661 3004 2714 qua
3031 2645 3306 2700 Salvatori
3335 2649 3514 2701 mitte-

1920 2738 2146 2802 bantur,
2187 2735 2498 2790 ministerio
2543 2738 2816 2804 portabat,
2855 2735 2947 2789 fur
2975 2735 3305 2806 exportabat
3330 2734 3364 2788 ί.
3396 2735 3513 2790 Nec

1917 2825 2130 2879 diutius
2148 2826 2294 2878 ferre
2315 2825 2772 2880 valuitDominus
2782 2824 3069 2879 fremitum
3081 2825 3513 2895 proditoris,nec

1915 2919 2106 2969 tamen
2146 2915 2338 2985 arguit
2377 2931 2508 2968 eum
2547 2914 2816 2982 avaritiae,
2843 2914 2941 2967 sed
2975 2913 3295 2980 dilectricis,
3336 2914 3508 2969 etiam

1914 3003 2304 3074 pigmentariaa
2324 3003 2458 3068 sum,
2491 3003 2686 3057 laudes
2705 3003 3086 3068 accumulans,
3109 3018 3281 3073 seque
3307 3019 3512 3074 nuper-

1913 3092 2055 3147 rime
2075 3093 2412 3147 moriturum
2426 3091 2719 3147 insinuans
2743 3110 2754 3144 :
2781 3091 2912 3146 Sine
2933 3094 3114 3157 illam,
3134 3091 3338 3162 inquit,
3359 3097 3421 3146 ut
3443 3095 3507 3146 in

1909 3183 2055 3234 diem
2071 3185 2366 3250 sepulturae
2394 3197 2523 3235 mea:
2541 3185 2710 3234 servet
2740 3181 2904 3247 illud,
2920 3180 3162 3234 latenter
3180 3179 3510 3247 innuens,se

1909 3270 2167 3341 praescire
2197 3271 2434 3326 Mariam
2469 3287 2595 3324 cum
2635 3269 2983 3324 aromatibus
3011 3285 3192 3342 nuper
3209 3260 3505 3324 venturam

1907 3376 2119 3430 ungere
2138 3376 2340 3431 corpus
2357 3376 2542 3413 suum.
2567 3359 2726 3423 Quod
2747 3359 3002 3429 quamvis
3017 3375 3130 3413 non
3143 3358 3506 3430 compleverit

1908 3449 1966 3502 in
2003 3465 2082 3508 re.
2131 3448 2428 3519 complevit
2461 3448 2518 3502 in
2557 3447 2849 3502 devotione
2881 3465 2894 3499 :
2938 3447 3087 3517 quod
3131 3447 3281 3501 enim
3317 3447 3419 3512 vis,
3445 3452 3504 3500 et

1905 3553 2017 3592 non
2067 3543 2248 3607 potes,
2281 3537 2490 3590 factum
2535 3536 2684 3590 Deus
2734 3540 3040 3606 computat.
3088 3535 3264 3589 Erant
3309 3539 3498 3589 autem

1903 3625 2154 3680 omnium
2183 3625 2242 3678 in
2261 3624 2510 3679 convivio
2541 3623 2686 3677 oculi
2716 3623 3078 3688 admirantes,
3110 3629 3166 3677 et
3207 3623 3381 3678 animi
3406 3623 3495 3678 in-

1901 3715 2196 3769 tendentes
2223 3715 2280 3768 in
2312 3713 2581 3768 Mariam:
2607 3713 3050 3766 familiaritatem
3079 3713 3202 3783 ejus
3223 3717 3282 3766 et
3295 3727 3496 3767 cama-

1171 3845 1344 3890 NOTE
1389 3845 1747 3892 POTISSIMUH
1793 3848 1870 3892 EX
1916 3846 2154 3892 RABANO
2199 3846 2549 3891 DESUMP’I‘E.

295 3955 320 3984 ³
343 3945 568 4026 Sardus
606 3961 737 3999 vero
757 3983 768 3988 ι
787 3949 872 4026 est
915 3945 1113 4026 frutex.
1138 3946 1496 4026 aromaticus,
1534 3947 1710 4026 gravi,
1730 3953 1818 4026 “ut
1897 3946 1997 4026 riae
2019 3944 2339 4026 complevit,
2373 3949 2432 4026 et
2458 3943 2708 4014 quotidie
2723 3943 2784 4026 in
2803 3942 3062 4026 omnibus
3089 3943 3206 4026 suis
3217 3941 3497 4026 membris

213 4017 402 4081 aiunt,
437 4021 496 4071 et
520 4031 709 4088 crassa
736 4016 939 4088 radice,
973 4016 1068 4069 sed
1098 4015 1251 4088 brevi
1299 4023 1357 4070 et
1395 4015 1576 4088 nigra,
1603 4017 1816 4087 fragili-

216 4105 354 4160 que,
369 4087 624 4158 quamvis
638 4087 830 4160 pingui
847 4087 1022 4140 situm
1043 4087 1330 4160 redolente
1352 4094 1450 4141 aut
1466 4087 1816 4159 cypressum,

210 4157 420 4230 aspero
442 4157 804 4230 sapore,folia
830 4175 998 4230 parvo
1030 4159 1316 4228 densaque
1343 4157 1510 4229 cujus
1532 4157 1822 4212 cacumina

1899 4014 2266 4140 spiritualiter
2291 4015 2525 4086 implere
2555 4031 2668 4069 non
2706 4014 2929 4069 desinit.
2963 4017 3179 4070 Rabani
3203 4017 3267 4068 in
3297 4015 3491 4069 Matth.

1899 4089 1940 4140 11
1986 4102 2132 4140 .vm.
2167 4105 2286 4140 can.
2311 4087 2412 4140 26:
2446 4103 2511 4140 ex
2539 4088 2678 4140 Beda
2710 4092 2773 4140 in
2802 4089 2973 4140 Marc.
3002 4086 3040 4140 l.
3065 4103 3134 4140 Iv.
3169 4102 3290 4140 can.
3329 4084 3412 4140 14.
3447 4091 3491 4140 et

1899 4084 1996 4142 lib.
2021 4102 2132 4151 vm,
2167 4105 2286 4158 cap.
2311 4084 2412 4154 26—;
2446 4103 2511 4140 ex
2539 4088 2678 4140 Beda
2710 4092 2773 4140 in
2802 4089 2973 4140 Marc.
3002 4086 3040 4140 l.
3065 4103 3134 4150 Iv,
3169 4102 3290 4158 cap.
3329 4084 3412 4152 14,
3447 4091 3496 4140 et

1904 4163 1966 4213 in
1989 4161 2172 4225 Joan.,
2201 4175 2320 4229 cap.
2359 4155 2444 4223 12,
2477 4159 2680 4212 Homil.
2724 4159 2825 4212 fer.
2859 4174 2915 4210 ιιι
2946 4157 3124 4211 Palm.
3160 4159 3382 4212 Nardus
3411 4163 3498 4212 est

212 4229 575 4311 in'arista‘se
599 4235 890 4311 spargunt.
911 4229 1153 4311 ideoque
1170 4230 1556 4311 geminadote
1573 4231 1876 4311 pigmen:_
1904 4231 2060 4296 fides,
2096 4236 2160 4284 ut
2185 4230 2242 4283 in
2276 4230 2506 4311 Cantica
2541 4247 2551 4282 :
2588 4230 2814 4311 Nardus
2841 4235 3044 4311 nostra
3090 4230 3236 4310 dedit
3279 4230 3497 4311 aderam

211 4301 352 4357 tarii
374 4301 536 4355 nardi
562 4299 750 4371 spicas
772 4317 836 4354 ac
856 4300 992 4372 folia
1019 4299 1322 4354 celebrant.
1349 4302 1418 4355 Et
1445 4301 1549 4354 hoc
1565 4299 1653 4355 est
1671 4302 1818 4372 quod
1837 4305 1886 4363 D
1903 4319 2088 4366 suum,

212 4373 303 4427 ait
325 4373 567 4436 Marcus,
601 4371 873 4442 unguenti
899 4373 1068 4424 nardi
1094 4374 1291 4439 spicati
1307 4374 1552 4440 pretiosi,
1587 4371 1720 4442 quia
1746 4371 1824 4426 vi-

215 4444 425 4497 delicet
443 4449 793 4513 unguentum
825 4443 965 4496 illud
995 4442 1144 4513 quod
1169 4443 1359 4496 attulit
1379 4443 1556 4496 Maria
1581 4443 1820 4497 Domino

215 4531 336 4570 non
368 4514 550 4568 solum
579 4514 648 4568 de
677 4513 864 4567 radice
887 4513 1199 4566 confectum
1229 4514 1410 4579 nardi,
1437 4531 1629 4568 verum
1651 4514 1821 4568 etiam

217 4602 335 4666 quo
384 4585 684 4666 pretiosius
726 4601 848 4666 esse
877 4585 1170 4666 spicarum
1201 4601 1422 4666 quoque
1469 4591 1526 4638 et
1559 4585 1820 4640 foliorum

216 4655 349 4727 ejus
377 4655 709 4726 adjectiane,
733 4655 932 4709 odoris
959 4672 1024 4708 ac
1050 4655 1274 4708 virtutis
1319 4655 1471 4727 illius
1515 4663 1638 4710 erat
1664 4674 1821 4712 accu-

217 4726 444 4781 mulata
473 4727 676 4796 gratia.
719 4728 930 4782 Rabani
957 4729 1021 4780 in
1066 4727 1255 4798 Matth.
1290 4726 1384 4780 lib.
1417 4743 1523 4792 vm,
1557 4745 1678 4798 cap.
1712 4729 1816 4794 ‘26;

217 4816 288 4852 ex
323 4799 464 4852 Beda
486 4799 736 4852 inhiare.
769 4797 866 4850 lib.
898 4815 972 4862 1v,-
996 4814 1116 4868 cap.
1155 4797 1239 4850 14.

297 4869 332 4950 ξ’.
344 4869 556 4950 Ferunt
573 4873 764 4922 autem
793 4868 864 4950 de
887 4867 1420 4950 nardaphvsiolagi,
1457 4870 1592 4950 quia
1625 4869 1824 4950 princi-

215 4940 369 5012 palis
389 4939 465 5012 sit
482 4940 550 4992 in
564 4939 881 5012 unguentis,
896 4939 1044 4993 unde
1065 4939 1266 5012 merito
1285 4939 1596 5012 inunctioni
1626 4939 1825 5012 capitis

212 5010 280 5066 et
307 5010 514 5082 pedum
532 5011 720 5082 oblata
736 5016 838 5063 est.
855 5011 1000 5065 Sunt
1017 5011 1243 5082 quidem
1263 5011 1442 5063 multa
1459 5013 1508 5082 ej
1517 5029 1581 5066 us
1592 5010 1820 5082 genera,

214 5027 514 5135 etfeuum
532 5027 720 5064 amata
736 5027 838 5063 esu
855 5027 1000 5065 Sunt
1017 5027 1243 5080 quidem
1263 5027 1442 5063 multa
1459 5027 1508 5081 ej
1517 5029 1581 5066 us
1592 5028 1820 5082 genera,

214 5099 284 5136 se
355 5081 546 5134 omnia
575 5081 782 5144 herbae,
813 5087 1018 5154 praeter
1047 5081 1300 5154 Indicum
1332 5081 1480 5151 quod
1529 5083 1826 5154 pretiosius

217 5159 330 5206 est.
368 5155 584 5208 Rabani
613 5155 676 5206 in
701 5153 916 5216 Matth,
952 5168 1016 5204 ex
1051 5153 1205 5206 Beda.

297 5234 321 5261 ε
351 5222 659 5288 Debriavit,
693 5223 748 5276 id
777 5229 862 5276 est
889 5223 1206 5277 madefecit.

295 5293 321 5332 σε
343 5293 577 5364 Mystice
622 5300 813 5348 autem
845 5294 1064 5348 devotio
1094 5295 1214 5348 haec
1244 5296 1434 5350 Maria
1455 5295 1692 5350 Domino
1720 5295 1826 5348 mi-

215 5365 442 5436 nistrari
451 5370 540 5427 tis,
572 5365 830 5436 ﬁdemac
860 5365 1127 5435 pietatem
1143 5365 1402 5436 designat
1414 5366 1686 5431 Ecclesiae,
1705 5383 1828 5436 quae

215 5435 478 5507 loquitur
503 5436 561 5489 in
583 5435 792 5489 amoris
809 5436 1038 5490 Cantica
1059 5436 1250 5490 dicens
1275 5435 1290 5490 Ξ
1319 5440 1463 5491 Dum
1485 5443 1613 5490 esset
1643 5435 1739 5491 rei
1765 5441 1828 5491 in

215 5509 482 5561 accubitu
503 5523 618 5560 sua.
650 5509 864 5560 nardus
894 5524 1014 5560 mea
1043 5510 1191 5562 dedit
1228 5509 1445 5562 odorem
1474 5524 1660 5561 suum.
1697 5508 1832 5572 Quae

215 5577 499 5632 nimirum
527 5588 695 5632 verba
723 5584 780 5632 et
792 5579 966 5633 semel
981 5579 1144 5648 juxta
1170 5579 1417 5632 litteram
1437 5577 1697 5632 manibus
1715 5580 1830 5633 Ma-

2188 4301 2296 4355 uod
2365 4301 2503 4355 fides
2573 4307 2778 4356 sanctae
2839 4299 3095 4354 Ecclesiae
3159 4299 3218 4352 in
3275 4298 3496 4370 publica

1903 4389 1962 4427 se
1993 4370 2330 4428 manifestat.
2357 4374 2574 4428 Rabani
2596 4372 2886 4440 Attegoria:
2907 4373 2970 4424 in
2997 4387 3217 4424 sacram
3242 4370 3497 4439 Scriptu-

1903 4460 1971 4497 ra
1978 4461 2028 4496 ιη
2041 4485 2053 4496 .

1974 4527 1999 4557 θ
2029 4514 2182 4568 Odor
2210 4519 2297 4568 est
2323 4513 2568 4568 suavitas
2588 4511 2923 4578 sanctitatis,
2957 4516 3022 4566 ut
3048 4511 3107 4565 in
3138 4512 3370 4566 Cantica
3394 4529 3405 4565 :
3430 4512 3498 4567 Et

1903 4587 2037 4639 odor
2067 4591 2481 4652 unguentorum
2527 4590 2753 4636 tuorum
2797 4599 2962 4652 super
2991 4585 3181 4636 omnia
3217 4589 3494 4648 aromata,

1901 4657 1958 4710 id
1988 4662 2073 4710 est
2103 4655 2347 4710 suavitas
2367 4656 2637 4708 virtutum
2663 4659 2890 4708 tuarum
2919 4653 3112 4710 omnia
3137 4654 3354 4709 excedit
3380 4654 3501 4710 dul-

1901 4729 1989 4781 cia
2017 4728 2186 4797 hujus
2217 4727 2359 4780 vitae.
2393 4727 2533 4780 Ibid.

1974 4798 1994 4838 τ
2025 4796 2376 4865 Unguentum
2406 4801 2602 4850 sancta
2619 4796 2984 4864 conversatio,
3001 4796 3136 4851 utin
3163 4796 3494 4867 Evangelia:

1907 4870 1970 4924 Et
1999 4872 2192 4924 domus
2220 4872 2444 4938 impleta
2479 4873 2555 4921 est
2582 4884 2646 4921 ea:
2673 4869 2834 4921 odore
2861 4871 3168 4936 unguenti:
3195 4867 3252 4920 id
3278 4872 3364 4921 est
3396 4867 3498 4921 Ec-

1907 4940 2075 4994 clesia
2121 4945 2207 4994 est
2242 4956 2496 5012 respersa
2523 4939 2674 4992 fama
2703 4938 3140 5012 conversationis
3168 4954 3302 5003 suae,
3335 4939 3470 4992 ibid.
3479 4955 3495 5000 ;

1907 5013 2026 5066 vide
2057 5013 2253 5065 Bedam
2283 5010 2350 5064 in
2367 5015 2553 5076 Joan.,
2583 5027 2704 5082 cap.
2740 5010 2824 5064 12.

1977 5095 2006 5134 8
2035 5084 2308 5138 Scarioth.
2349 5082 2438 5138 Sic
2468 5079 2676 5152 passim
2707 5081 2855 5153 apud
2883 5079 3308 5153 Babanumwel
3331 5079 3502 5153 etiam

1907 5152 2217 5207 Scharioth.
2247 5150 2545 5207 Comment.
2581 5155 2642 5206 in
2669 5150 2860 5207 Matth.
2893 5150 2988 5204 lib.
3023 5167 3100 5216 In,
3134 5167 3256 5222 cap.
3290 5150 3375 5206 lO.

1980 5223 2007 5264 ιι
2031 5223 2396 5289 Sentimenta,
2425 5227 2640 5291 galtice,
2654 5223 2985 5289 sentiment;
3011 5225 3092 5276 vet
3111 5223 3308 5290 forsan
3331 5239 3366 5276 a
3385 5238 3504 5277 voce

1909 5295 2083 5349 sentis
2111 5313 2203 5350 seu
2233 5295 2324 5348 fur
2343 5295 2647 5349 derivatur.

1980 5365 2126 5422 iSed
2153 5370 2286 5434 quia
2311 5368 2412 5434 fur
2449 5371 2586 5433 erat,
2621 5371 2678 5420 et
2705 5369 2906 5420 loculos
2943 5366 3163 5432 habens,
3206 5370 3257 5420 et
3297 5381 3360 5420 ea
3388 5380 3508 5434 qua:

1912 5439 2277 5509 mittebantur
2301 5440 2579 5509 portabat.
2613 5436 2898 5502 Portabat,
2927 5454 3000 5509 an
3021 5435 3382 5509 exportabat?
3397 5435 3508 5490 Sed

1914 5508 2228 5613 ministerio
2248 5507 2700 5613 ppgtapatnfurto
2725 5508 3069 5613 exportabat.
3088 5507 3145 5565 ξς.
3173 5510 3406 5576 August.
3444 5509 3508 5560 in

1911 5583 2096 5647 Joan.,
2133 5578 2370 5650 caleQ,
2409 5583 2569 5633 tract.
2607 5597 2656 5642 L,
2689 5591 2754 5632 n°
2781 5578 2832 5634 9.
