  <div class='ocr_page' id='page_1' title='image "/cluster/home/n/w/nwhite01/storage/ocr_20150623/112/hvd.32044054759774/736.png"; bbox 0 0 4018 6168; ppageno 0'>
   <div class='ocr_carea' id='block_1_1' title="bbox 282 329 1896 400">
    <p class='ocr_par' dir='ltr' id='par_1_1' title="bbox 282 329 1896 396">
     <span class='ocr_line' id='line_1_1' title="bbox 282 329 1896 396; baseline -0.002 0"><span class='ocrx_word' id='word_1_1' title='bbox 282 340 420 396; x_wconf 72' lang='grc'>1461</span> <span class='ocrx_word' id='word_1_2' title='bbox 1102 329 1107 330; x_wconf 21' lang='grc' dir='ltr'>ί</span> <span class='ocrx_word' id='word_1_3' title='bbox 1318 329 1412 390; x_wconf 89' lang='lat' dir='ltr'>DE</span> <span class='ocrx_word' id='word_1_4' title='bbox 1438 330 1618 390; x_wconf 74' lang='lat' dir='ltr'>‘VITA</span> <span class='ocrx_word' id='word_1_5' title='bbox 1654 335 1718 390; x_wconf 93' lang='lat' dir='ltr'>B.</span> <span class='ocrx_word' id='word_1_6' title='bbox 1759 333 1896 392; x_wconf 72' lang='lat' dir='ltr'>MAI</span> 
     </span>
    </p>
   </div>
   <div class='ocr_carea' id='block_1_2' title="bbox 1985 329 3573 400">
    <p class='ocr_par' dir='ltr' id='par_1_2' title="bbox 1985 329 3573 400">
     <span class='ocr_line' id='line_1_2' title="bbox 1985 329 3573 400; baseline 0.004 -8"><span class='ocrx_word' id='word_1_7' title='bbox 1985 329 2011 392; x_wconf 69' lang='grc' dir='ltr'>ἓ]</span> <span class='ocrx_word' id='word_1_8' title='bbox 2047 330 2534 393; x_wconf 66' lang='grc' dir='ltr'>ΜΑΘΒΑΕΕΝΕ.</span> <span class='ocrx_word' id='word_1_9' title='bbox 3435 340 3573 400; x_wconf 77' lang='grc'>1462</span> 
     </span>
    </p>
   </div>
   <div class='ocr_carea' id='block_1_3' title="bbox 279 447 3569 540">
    <p class='ocr_par' dir='ltr' id='par_1_3' title="bbox 279 447 3569 540">
     <span class='ocr_line' id='line_1_3' title="bbox 279 447 3569 540; baseline 0.001 -21"><span class='ocrx_word' id='word_1_10' title='bbox 279 483 536 539; x_wconf 88' lang='lat' dir='ltr'>vespera,</span> <span class='ocrx_word' id='word_1_11' title='bbox 569 465 736 520; x_wconf 84' lang='lat' dir='ltr'>rediit</span> <span class='ocrx_word' id='word_1_12' title='bbox 757 447 1117 528; x_wconf 76' lang='lat' dir='ltr'>Bethaniam,</span> <span class='ocrx_word' id='word_1_13' title='bbox 1139 463 1208 516; x_wconf 89' lang='lat' dir='ltr'>ad</span> <span class='ocrx_word' id='word_1_14' title='bbox 1237 464 1518 518; x_wconf 86' lang='lat' dir='ltr'>Martham</span> <span class='ocrx_word' id='word_1_15' title='bbox 1541 470 1598 518; x_wconf 92' lang='lat' dir='ltr'>et</span> <span class='ocrx_word' id='word_1_16' title='bbox 1628 465 1884 520; x_wconf 88' lang='lat' dir='ltr'>Mariam.</span> <span class='ocrx_word' id='word_1_17' title='bbox 1900 470 1951 527; x_wconf 85' lang='grc' dir='ltr'><strong>Α</strong></span> <span class='ocrx_word' id='word_1_18' title='bbox 1975 465 2348 522; x_wconf 86' lang='lat' dir='ltr'>incontinenti</span> <span class='ocrx_word' id='word_1_19' title='bbox 2373 465 2452 536; x_wconf 87' lang='lat' dir='ltr'>[id</span> <span class='ocrx_word' id='word_1_20' title='bbox 2476 470 2569 532; x_wconf 90' lang='lat' dir='ltr'>est,</span> <span class='ocrx_word' id='word_1_21' title='bbox 2590 481 2760 538; x_wconf 87' lang='lat' dir='ltr'>quam</span> <span class='ocrx_word' id='word_1_22' title='bbox 2782 464 2918 531; x_wconf 88' lang='lat' dir='ltr'>cito;</span> <span class='ocrx_word' id='word_1_23' title='bbox 2941 467 3156 532; x_wconf 77' lang='lat' dir='ltr'>galliae,</span> <span class='ocrx_word' id='word_1_24' title='bbox 3179 465 3569 540; x_wconf 87' lang='lat' dir='ltr'>incontinent],</span> 
     </span>
    </p>
   </div>
   <div class='ocr_carea' id='block_1_4' title="bbox 283 549 3573 628">
    <p class='ocr_par' dir='ltr' id='par_1_4' title="bbox 283 549 3573 628">
     <span class='ocr_line' id='line_1_4' title="bbox 283 549 3573 628; baseline 0 -18"><span class='ocrx_word' id='word_1_25' title='bbox 283 557 484 610; x_wconf 86' lang='lat' dir='ltr'>Denuo</span> <span class='ocrx_word' id='word_1_26' title='bbox 513 571 700 620; x_wconf 89' lang='lat' dir='ltr'>mane,</span> <span class='ocrx_word' id='word_1_27' title='bbox 724 553 893 607; x_wconf 87' lang='lat' dir='ltr'>tertia</span> <span class='ocrx_word' id='word_1_28' title='bbox 908 549 1068 618; x_wconf 87' lang='lat' dir='ltr'>feria,</span> <span class='ocrx_word' id='word_1_29' title='bbox 1095 550 1290 608; x_wconf 84' lang='lat' dir='ltr'>urbem</span> <span class='ocrx_word' id='word_1_30' title='bbox 1309 552 1553 623; x_wconf 82' lang='lat' dir='ltr'>repetiit,</span> <span class='ocrx_word' id='word_1_31' title='bbox 1581 558 1637 606; x_wconf 90' lang='lat' dir='ltr'>et</span> <span class='ocrx_word' id='word_1_32' title='bbox 1665 570 1792 608; x_wconf 90' lang='lat' dir='ltr'>cum</span> <span class='ocrx_word' id='word_1_33' title='bbox 1821 571 1886 608; x_wconf 91' lang='lat' dir='ltr'>eo</span> <span class='ocrx_word' id='word_1_34' title='bbox 1969 555 2271 611; x_wconf 88' lang='lat' dir='ltr'>Salvatoris</span> <span class='ocrx_word' id='word_1_35' title='bbox 2299 555 2540 626; x_wconf 86' lang='lat' dir='ltr'>proditio</span> <span class='ocrx_word' id='word_1_36' title='bbox 2569 560 2626 609; x_wconf 91' lang='lat' dir='ltr'>et</span> <span class='ocrx_word' id='word_1_37' title='bbox 2653 553 2857 626; x_wconf 83' lang='lat' dir='ltr'>passio.</span> <span class='ocrx_word' id='word_1_38' title='bbox 2887 553 3104 608; x_wconf 91' lang='lat' dir='ltr'>Prodiit</span> <span class='ocrx_word' id='word_1_39' title='bbox 3131 572 3261 610; x_wconf 90' lang='lat' dir='ltr'>eum</span> <span class='ocrx_word' id='word_1_40' title='bbox 3290 573 3391 628; x_wconf 90' lang='lat' dir='ltr'>per</span> <span class='ocrx_word' id='word_1_41' title='bbox 3409 573 3573 612; x_wconf 88' lang='lat' dir='ltr'>oscu-</span> 
     </span>
    </p>
   </div>
   <div class='ocr_carea' id='block_1_5' title="bbox 284 641 3573 714">
    <p class='ocr_par' dir='ltr' id='par_1_5' title="bbox 284 641 3573 714">
     <span class='ocr_line' id='line_1_5' title="bbox 284 641 3573 714; baseline 0.002 -18"><span class='ocrx_word' id='word_1_42' title='bbox 284 642 527 714; x_wconf 89' lang='lat' dir='ltr'>apostoli</span> <span class='ocrx_word' id='word_1_43' title='bbox 547 662 560 708; x_wconf 84' lang='lat'><strong>;</strong></span> <span class='ocrx_word' id='word_1_44' title='bbox 578 642 962 711; x_wconf 87' lang='lat' dir='ltr'>videruntque,</span> <span class='ocrx_word' id='word_1_45' title='bbox 991 645 1047 694; x_wconf 91' lang='lat' dir='ltr'>et</span> <span class='ocrx_word' id='word_1_46' title='bbox 1069 656 1193 693; x_wconf 90' lang='lat' dir='ltr'>ecce</span> <span class='ocrx_word' id='word_1_47' title='bbox 1212 641 1366 706; x_wconf 90' lang='lat' dir='ltr'>ﬁcus,</span> <span class='ocrx_word' id='word_1_48' title='bbox 1391 641 1480 694; x_wconf 92' lang='lat' dir='ltr'>cui</span> <span class='ocrx_word' id='word_1_49' title='bbox 1501 641 1884 710; x_wconf 79' lang='lat' dir='ltr'>maledixerat,</span> <span class='ocrx_word' id='word_1_50' title='bbox 1969 644 2108 710; x_wconf 90' lang='lat' dir='ltr'>lum,</span> <span class='ocrx_word' id='word_1_51' title='bbox 2141 661 2287 699; x_wconf 88' lang='lat' dir='ltr'>unus</span> <span class='ocrx_word' id='word_1_52' title='bbox 2318 660 2384 698; x_wconf 83' lang='lat' dir='ltr'>ex</span> <span class='ocrx_word' id='word_1_53' title='bbox 2411 643 2528 698; x_wconf 88' lang='lat' dir='ltr'>suis</span> <span class='ocrx_word' id='word_1_54' title='bbox 2558 642 2843 714; x_wconf 83' lang='lat' dir='ltr'>apostolis,</span> <span class='ocrx_word' id='word_1_55' title='bbox 2885 643 2945 697; x_wconf 90' lang='lat' dir='ltr'>in</span> <span class='ocrx_word' id='word_1_56' title='bbox 2972 643 3136 699; x_wconf 88' lang='lat' dir='ltr'>horto</span> <span class='ocrx_word' id='word_1_57' title='bbox 3165 650 3324 699; x_wconf 88' lang='lat' dir='ltr'>trans</span> <span class='ocrx_word' id='word_1_58' title='bbox 3351 652 3573 702; x_wconf 84' lang='lat' dir='ltr'>torren-</span> 
     </span>
    </p>
   </div>
   <div class='ocr_carea' id='block_1_6' title="bbox 284 729 3576 806">
    <p class='ocr_par' dir='ltr' id='par_1_6' title="bbox 284 729 3576 806">
     <span class='ocr_line' id='line_1_6' title="bbox 284 729 3576 806; baseline 0.001 -20"><span class='ocrx_word' id='word_1_59' title='bbox 284 731 456 786; x_wconf 90' lang='lat' dir='ltr'>aruit.</span> <span class='ocrx_word' id='word_1_60' title='bbox 508 731 819 801; x_wconf 89' lang='lat' dir='ltr'>Docuitque</span> <span class='ocrx_word' id='word_1_61' title='bbox 864 729 1122 784; x_wconf 81' lang='lat' dir='ltr'>Salvator</span> <span class='ocrx_word' id='word_1_62' title='bbox 1167 731 1447 801; x_wconf 84' lang='lat' dir='ltr'>apostolos</span> <span class='ocrx_word' id='word_1_63' title='bbox 1488 731 1594 785; x_wconf 90' lang='lat' dir='ltr'>hoc</span> <span class='ocrx_word' id='word_1_64' title='bbox 1637 733 1890 804; x_wconf 88' lang='lat' dir='ltr'>exemplo</span> <span class='ocrx_word' id='word_1_65' title='bbox 1971 738 2085 787; x_wconf 83' lang='lat' dir='ltr'>tem</span> <span class='ocrx_word' id='word_1_66' title='bbox 2113 733 2353 800; x_wconf 90' lang='lat' dir='ltr'>Cedron,</span> <span class='ocrx_word' id='word_1_67' title='bbox 2386 733 2602 788; x_wconf 83' lang='lat' dir='ltr'>cohorti</span> <span class='ocrx_word' id='word_1_68' title='bbox 2629 739 2686 787; x_wconf 92' lang='lat' dir='ltr'>et</span> <span class='ocrx_word' id='word_1_69' title='bbox 2722 731 2996 788; x_wconf 82' lang='lat' dir='ltr'>ministris</span> <span class='ocrx_word' id='word_1_70' title='bbox 3041 733 3391 804; x_wconf 90' lang='lat' dir='ltr'>pontiﬁcum,</span> <span class='ocrx_word' id='word_1_71' title='bbox 3435 752 3576 806; x_wconf 88' lang='lat' dir='ltr'>quos</span> 
     </span>
    </p>
   </div>
   <div class='ocr_carea' id='block_1_7' title="bbox 287 816 1894 890">
    <p class='ocr_par' dir='ltr' id='par_1_7' title="bbox 287 816 1894 890">
     <span class='ocr_line' id='line_1_7' title="bbox 287 816 1894 890; baseline 0 -15"><span class='ocrx_word' id='word_1_72' title='bbox 287 821 508 887; x_wconf 90' lang='lat' dir='ltr'>orandi,</span> <span class='ocrx_word' id='word_1_73' title='bbox 534 825 592 874; x_wconf 88' lang='lat' dir='ltr'>et</span> <span class='ocrx_word' id='word_1_74' title='bbox 610 819 876 878; x_wconf 84' lang='lat' dir='ltr'>ﬁduciam</span> <span class='ocrx_word' id='word_1_75' title='bbox 905 818 1247 890; x_wconf 84' lang='lat' dir='ltr'>impetrandi</span> <span class='ocrx_word' id='word_1_76' title='bbox 1269 816 1541 890; x_wconf 84' lang='lat' dir='ltr'>quidquid</span> <span class='ocrx_word' id='word_1_77' title='bbox 1559 819 1894 875; x_wconf 84' lang='lat' dir='ltr'>ﬁducialiter</span> 
     </span>
    </p>
   </div>
   <div class='ocr_carea' id='block_1_8' title="bbox 288 907 1893 982">
    <p class='ocr_par' dir='ltr' id='par_1_8' title="bbox 288 907 1893 982">
     <span class='ocr_line' id='line_1_8' title="bbox 288 907 1893 982; baseline 0 -18"><span class='ocrx_word' id='word_1_78' title='bbox 288 910 574 982; x_wconf 87' lang='lat' dir='ltr'>petierint,</span> <span class='ocrx_word' id='word_1_79' title='bbox 595 909 816 964; x_wconf 87' lang='lat' dir='ltr'>etiamsi</span> <span class='ocrx_word' id='word_1_80' title='bbox 838 913 1056 962; x_wconf 89' lang='lat' dir='ltr'>montes</span> <span class='ocrx_word' id='word_1_81' title='bbox 1076 907 1366 962; x_wconf 83' lang='lat' dir='ltr'>transferri</span> <span class='ocrx_word' id='word_1_82' title='bbox 1390 909 1564 963; x_wconf 89' lang='lat' dir='ltr'>velint</span> <span class='ocrx_word' id='word_1_83' title='bbox 1582 920 1607 948; x_wconf 78' lang='grc' dir='ltr'>ι</span> <span class='ocrx_word' id='word_1_84' title='bbox 1653 910 1722 964; x_wconf 90' lang='lat' dir='ltr'>Et</span> <span class='ocrx_word' id='word_1_85' title='bbox 1748 909 1893 964; x_wconf 87' lang='lat' dir='ltr'>facto</span> 
     </span>
    </p>
   </div>
   <div class='ocr_carea' id='block_1_9' title="bbox 287 997 1894 1070">
    <p class='ocr_par' dir='ltr' id='par_1_9' title="bbox 287 997 1894 1070">
     <span class='ocr_line' id='line_1_9' title="bbox 287 997 1894 1070; baseline 0 -18"><span class='ocrx_word' id='word_1_86' title='bbox 287 1016 518 1070; x_wconf 84' lang='lat' dir='ltr'>vespere</span> <span class='ocrx_word' id='word_1_87' title='bbox 549 999 744 1052; x_wconf 80' lang='lat' dir='ltr'>relicta</span> <span class='ocrx_word' id='word_1_88' title='bbox 769 997 907 1052; x_wconf 90' lang='lat' dir='ltr'>urbe</span> <span class='ocrx_word' id='word_1_89' title='bbox 940 997 1227 1068; x_wconf 87' lang='lat' dir='ltr'>repedavit</span> <span class='ocrx_word' id='word_1_90' title='bbox 1273 997 1344 1050; x_wconf 85' lang='lat' dir='ltr'>ad</span> <span class='ocrx_word' id='word_1_91' title='bbox 1392 997 1669 1052; x_wconf 82' lang='lat' dir='ltr'>familiare</span> <span class='ocrx_word' id='word_1_92' title='bbox 1703 999 1894 1070; x_wconf 91' lang='lat' dir='ltr'>hospi-</span> 
     </span>
    </p>
   </div>
   <div class='ocr_carea' id='block_1_10' title="bbox 287 1086 1890 1158">
    <p class='ocr_par' dir='ltr' id='par_1_10' title="bbox 287 1086 1890 1158">
     <span class='ocr_line' id='line_1_10' title="bbox 287 1086 1890 1158; baseline 0.001 -17"><span class='ocrx_word' id='word_1_93' title='bbox 287 1088 453 1142; x_wconf 87' lang='lat' dir='ltr'>tium.</span> <span class='ocrx_word' id='word_1_94' title='bbox 479 1087 692 1152; x_wconf 85' lang='lat' dir='ltr'>Quarta</span> <span class='ocrx_word' id='word_1_95' title='bbox 712 1103 841 1140; x_wconf 89' lang='lat' dir='ltr'>vero</span> <span class='ocrx_word' id='word_1_96' title='bbox 860 1087 1020 1149; x_wconf 82' lang='lat' dir='ltr'>feria,</span> <span class='ocrx_word' id='word_1_97' title='bbox 1045 1086 1294 1140; x_wconf 88' lang='lat' dir='ltr'>diluculo</span> <span class='ocrx_word' id='word_1_98' title='bbox 1311 1087 1586 1157; x_wconf 89' lang='lat' dir='ltr'>templum</span> <span class='ocrx_word' id='word_1_99' title='bbox 1610 1093 1890 1158; x_wconf 89' lang='lat' dir='ltr'>repetens,</span> 
     </span>
    </p>
   </div>
   <div class='ocr_carea' id='block_1_11' title="bbox 289 1175 1895 1247">
    <p class='ocr_par' dir='ltr' id='par_1_11' title="bbox 289 1175 1895 1247">
     <span class='ocr_line' id='line_1_11' title="bbox 289 1175 1895 1247; baseline 0 -16"><span class='ocrx_word' id='word_1_100' title='bbox 289 1177 470 1232; x_wconf 86' lang='lat' dir='ltr'>multa</span> <span class='ocrx_word' id='word_1_101' title='bbox 495 1177 565 1230; x_wconf 89' lang='lat' dir='ltr'>de</span> <span class='ocrx_word' id='word_1_102' title='bbox 591 1178 701 1230; x_wconf 91' lang='lat' dir='ltr'>ﬁne</span> <span class='ocrx_word' id='word_1_103' title='bbox 730 1175 917 1230; x_wconf 74' lang='lat' dir='ltr'>saeculi</span> <span class='ocrx_word' id='word_1_104' title='bbox 949 1175 1064 1229; x_wconf 85' lang='lat' dir='ltr'>suis</span> <span class='ocrx_word' id='word_1_105' title='bbox 1099 1176 1315 1230; x_wconf 91' lang='lat' dir='ltr'>locutus</span> <span class='ocrx_word' id='word_1_106' title='bbox 1339 1180 1426 1228; x_wconf 92' lang='lat' dir='ltr'>est</span> <span class='ocrx_word' id='word_1_107' title='bbox 1443 1176 1727 1247; x_wconf 86' lang='lat' dir='ltr'>apostolis,</span> <span class='ocrx_word' id='word_1_108' title='bbox 1759 1177 1895 1232; x_wconf 90' lang='lat' dir='ltr'>dum</span> 
     </span>
    </p>
   </div>
   <div class='ocr_carea' id='block_1_12' title="bbox 287 1263 1897 1336">
    <p class='ocr_par' dir='ltr' id='par_1_12' title="bbox 287 1263 1897 1336">
     <span class='ocr_line' id='line_1_12' title="bbox 287 1263 1897 1336; baseline 0.001 -17"><span class='ocrx_word' id='word_1_109' title='bbox 287 1265 517 1321; x_wconf 88' lang='lat' dir='ltr'>interim</span> <span class='ocrx_word' id='word_1_110' title='bbox 552 1266 725 1320; x_wconf 87' lang='lat' dir='ltr'>Judas</span> <span class='ocrx_word' id='word_1_111' title='bbox 761 1263 1016 1320; x_wconf 89' lang='lat' dir='ltr'>Scarioth</span> <span class='ocrx_word' id='word_1_112' title='bbox 1066 1265 1368 1336; x_wconf 86' lang='lat' dir='ltr'>spopondit</span> <span class='ocrx_word' id='word_1_113' title='bbox 1410 1265 1786 1335; x_wconf 89' lang='lat' dir='ltr'>pontiﬁcibus,</span> <span class='ocrx_word' id='word_1_114' title='bbox 1832 1273 1897 1321; x_wconf 89' lang='lat' dir='ltr'>ut</span> 
     </span>
    </p>
   </div>
   <div class='ocr_carea' id='block_1_13' title="bbox 289 1353 1894 1426">
    <p class='ocr_par' dir='ltr' id='par_1_13' title="bbox 289 1353 1894 1426">
     <span class='ocr_line' id='line_1_13' title="bbox 289 1353 1894 1426; baseline 0.001 -18"><span class='ocrx_word' id='word_1_115' title='bbox 289 1355 554 1426; x_wconf 89' lang='lat' dir='ltr'>proderet</span> <span class='ocrx_word' id='word_1_116' title='bbox 577 1355 688 1408; x_wconf 88' lang='lat' dir='ltr'>illis</span> <span class='ocrx_word' id='word_1_117' title='bbox 717 1355 910 1408; x_wconf 89' lang='lat' dir='ltr'>Jesum</span> <span class='ocrx_word' id='word_1_118' title='bbox 932 1353 978 1406; x_wconf 70' lang='grc' dir='ltr'>ι).</span> <span class='ocrx_word' id='word_1_119' title='bbox 1009 1354 1234 1409; x_wconf 83' lang='lat' dir='ltr'>Interea</span> <span class='ocrx_word' id='word_1_120' title='bbox 1260 1353 1533 1408; x_wconf 90' lang='lat' dir='ltr'>Dominus</span> <span class='ocrx_word' id='word_1_121' title='bbox 1564 1355 1727 1409; x_wconf 90' lang='lat' dir='ltr'>Jesus</span> <span class='ocrx_word' id='word_1_122' title='bbox 1763 1372 1894 1410; x_wconf 86' lang='lat' dir='ltr'>con-</span> 
     </span>
    </p>
   </div>
   <div class='ocr_carea' id='block_1_14' title="bbox 284 1441 1896 1512">
    <p class='ocr_par' dir='ltr' id='par_1_14' title="bbox 284 1441 1896 1512">
     <span class='ocr_line' id='line_1_14' title="bbox 284 1441 1896 1512; baseline 0 -14"><span class='ocrx_word' id='word_1_123' title='bbox 284 1448 590 1498; x_wconf 82' lang='lat' dir='ltr'>summavit</span> <span class='ocrx_word' id='word_1_124' title='bbox 618 1443 768 1497; x_wconf 90' lang='lat' dir='ltr'>illius</span> <span class='ocrx_word' id='word_1_125' title='bbox 798 1442 910 1498; x_wconf 85' lang='lat' dir='ltr'>diei</span> <span class='ocrx_word' id='word_1_126' title='bbox 935 1459 1230 1507; x_wconf 79' lang='lat' dir='ltr'>sermones,</span> <span class='ocrx_word' id='word_1_127' title='bbox 1264 1441 1342 1496; x_wconf 90' lang='lat' dir='ltr'>sic</span> <span class='ocrx_word' id='word_1_128' title='bbox 1385 1443 1569 1497; x_wconf 82' lang='lat' dir='ltr'>dicens</span> <span class='ocrx_word' id='word_1_129' title='bbox 1605 1445 1896 1512; x_wconf 70' lang='lat' dir='ltr'>discipulis</span> 
     </span>
    </p>
   </div>
   <div class='ocr_carea' id='block_1_15' title="bbox 286 1531 1897 1602">
    <p class='ocr_par' dir='ltr' id='par_1_15' title="bbox 286 1531 1897 1602">
     <span class='ocr_line' id='line_1_15' title="bbox 286 1531 1897 1602; baseline 0.002 -18"><span class='ocrx_word' id='word_1_130' title='bbox 286 1537 404 1587; x_wconf 78' lang='lat' dir='ltr'>suis</span> <span class='ocrx_word' id='word_1_131' title='bbox 436 1550 451 1584; x_wconf 90' lang='lat'><em>:</em></span> <span class='ocrx_word' id='word_1_132' title='bbox 481 1533 645 1588; x_wconf 77' lang='lat' dir='ltr'>Scitis</span> <span class='ocrx_word' id='word_1_133' title='bbox 675 1535 810 1602; x_wconf 85' lang='lat' dir='ltr'>quia</span> <span class='ocrx_word' id='word_1_134' title='bbox 835 1537 953 1601; x_wconf 84' lang='lat' dir='ltr'>post</span> <span class='ocrx_word' id='word_1_135' title='bbox 977 1533 1209 1586; x_wconf 83' lang='lat' dir='ltr'>biduum</span> <span class='ocrx_word' id='word_1_136' title='bbox 1240 1531 1362 1597; x_wconf 89' lang='lat' dir='ltr'>hoc,</span> <span class='ocrx_word' id='word_1_137' title='bbox 1387 1531 1534 1602; x_wconf 91' lang='lat' dir='ltr'>quod</span> <span class='ocrx_word' id='word_1_138' title='bbox 1552 1537 1637 1586; x_wconf 89' lang='lat' dir='ltr'>est</span> <span class='ocrx_word' id='word_1_139' title='bbox 1656 1533 1820 1587; x_wconf 90' lang='lat' dir='ltr'>hodie</span> <span class='ocrx_word' id='word_1_140' title='bbox 1840 1538 1897 1588; x_wconf 90' lang='lat' dir='ltr'>et</span> 
     </span>
    </p>
   </div>
   <div class='ocr_carea' id='block_1_16' title="bbox 287 1620 1896 1693">
    <p class='ocr_par' dir='ltr' id='par_1_16' title="bbox 287 1620 1896 1693">
     <span class='ocr_line' id='line_1_16' title="bbox 287 1620 1896 1693; baseline 0 -17"><span class='ocrx_word' id='word_1_141' title='bbox 287 1639 432 1688; x_wconf 91' lang='lat' dir='ltr'>cras,</span> <span class='ocrx_word' id='word_1_142' title='bbox 462 1623 666 1690; x_wconf 83' lang='lat' dir='ltr'>pascha</span> <span class='ocrx_word' id='word_1_143' title='bbox 697 1624 782 1688; x_wconf 79' lang='lat' dir='ltr'>ﬂet</span> <span class='ocrx_word' id='word_1_144' title='bbox 815 1621 946 1691; x_wconf 84' lang='lat' dir='ltr'>agni</span> <span class='ocrx_word' id='word_1_145' title='bbox 975 1620 1164 1692; x_wconf 84' lang='lat' dir='ltr'>typici,</span> <span class='ocrx_word' id='word_1_146' title='bbox 1199 1625 1246 1674; x_wconf 89' lang='lat' dir='ltr'>et</span> <span class='ocrx_word' id='word_1_147' title='bbox 1271 1621 1465 1676; x_wconf 87' lang='lat' dir='ltr'>statim</span> <span class='ocrx_word' id='word_1_148' title='bbox 1502 1638 1666 1676; x_wconf 92' lang='lat' dir='ltr'>verus</span> <span class='ocrx_word' id='word_1_149' title='bbox 1703 1624 1896 1693; x_wconf 81' lang='lat' dir='ltr'>Agnus</span> 
     </span>
    </p>
   </div>
   <div class='ocr_carea' id='block_1_17' title="bbox 289 1709 1898 1779">
    <p class='ocr_par' dir='ltr' id='par_1_17' title="bbox 289 1709 1898 1779">
     <span class='ocr_line' id='line_1_17' title="bbox 289 1709 1898 1779; baseline 0.001 -15"><span class='ocrx_word' id='word_1_150' title='bbox 289 1712 467 1765; x_wconf 84' lang='lat' dir='ltr'>Filius</span> <span class='ocrx_word' id='word_1_151' title='bbox 515 1712 757 1764; x_wconf 77' lang='lat' dir='ltr'>hominis</span> <span class='ocrx_word' id='word_1_152' title='bbox 799 1712 1054 1764; x_wconf 86' lang='lat' dir='ltr'>tradetur</span> <span class='ocrx_word' id='word_1_153' title='bbox 1090 1715 1152 1763; x_wconf 87' lang='lat' dir='ltr'>ut</span> <span class='ocrx_word' id='word_1_154' title='bbox 1194 1709 1362 1764; x_wconf 88' lang='lat' dir='ltr'>tertia</span> <span class='ocrx_word' id='word_1_155' title='bbox 1404 1710 1495 1764; x_wconf 92' lang='lat' dir='ltr'>die</span> <span class='ocrx_word' id='word_1_156' title='bbox 1535 1713 1898 1779; x_wconf 78' lang='lat' dir='ltr'>cruciﬁgatur</span> 
     </span>
    </p>
   </div>
   <div class='ocr_carea' id='block_1_18' title="bbox 1974 819 3576 888">
    <p class='ocr_par' dir='ltr' id='par_1_18' title="bbox 1974 819 3576 888">
     <span class='ocr_line' id='line_1_18' title="bbox 1974 819 3576 888; baseline 0.002 -12"><span class='ocrx_word' id='word_1_157' title='bbox 1974 822 2334 888; x_wconf 83' lang='lat' dir='ltr'>conduxerat,</span> <span class='ocrx_word' id='word_1_158' title='bbox 2369 839 2494 877; x_wconf 90' lang='lat' dir='ltr'>cum</span> <span class='ocrx_word' id='word_1_159' title='bbox 2523 819 2754 876; x_wconf 88' lang='lat' dir='ltr'>laternis</span> <span class='ocrx_word' id='word_1_160' title='bbox 2781 826 2839 874; x_wconf 90' lang='lat' dir='ltr'>et</span> <span class='ocrx_word' id='word_1_161' title='bbox 2858 821 3070 876; x_wconf 86' lang='lat' dir='ltr'>facibus</span> <span class='ocrx_word' id='word_1_162' title='bbox 3092 827 3148 878; x_wconf 91' lang='lat' dir='ltr'>et</span> <span class='ocrx_word' id='word_1_163' title='bbox 3173 823 3371 881; x_wconf 89' lang='lat' dir='ltr'>armis.</span> <span class='ocrx_word' id='word_1_164' title='bbox 3410 824 3576 880; x_wconf 86' lang='lat' dir='ltr'>Cum-</span> 
     </span>
    </p>
   </div>
   <div class='ocr_carea' id='block_1_19' title="bbox 1976 910 3573 982">
    <p class='ocr_par' dir='ltr' id='par_1_19' title="bbox 1976 910 3573 982">
     <span class='ocr_line' id='line_1_19' title="bbox 1976 910 3573 982; baseline 0.002 -17"><span class='ocrx_word' id='word_1_165' title='bbox 1976 927 2084 982; x_wconf 90' lang='lat' dir='ltr'>que</span> <span class='ocrx_word' id='word_1_166' title='bbox 2116 911 2332 966; x_wconf 87' lang='lat' dir='ltr'>vinctus</span> <span class='ocrx_word' id='word_1_167' title='bbox 2355 910 2744 975; x_wconf 84' lang='lat' dir='ltr'>abduceretur,</span> <span class='ocrx_word' id='word_1_168' title='bbox 2785 913 3048 979; x_wconf 82' lang='lat' dir='ltr'>discipuli</span> <span class='ocrx_word' id='word_1_169' title='bbox 3082 912 3224 981; x_wconf 88' lang='lat' dir='ltr'>ejus,</span> <span class='ocrx_word' id='word_1_170' title='bbox 3263 916 3452 967; x_wconf 86' lang='lat' dir='ltr'>relicto</span> <span class='ocrx_word' id='word_1_171' title='bbox 3494 930 3573 980; x_wconf 86' lang='lat' dir='ltr'>eo,</span> 
     </span>
    </p>
   </div>
   <div class='ocr_carea' id='block_1_20' title="bbox 1975 997 3575 1071">
    <p class='ocr_par' dir='ltr' id='par_1_20' title="bbox 1975 997 3575 1071">
     <span class='ocr_line' id='line_1_20' title="bbox 1975 997 3575 1071; baseline 0.001 -18"><span class='ocrx_word' id='word_1_172' title='bbox 1975 1016 2160 1053; x_wconf 83' lang='lat' dir='ltr'>omnes</span> <span class='ocrx_word' id='word_1_173' title='bbox 2181 1002 2451 1068; x_wconf 83' lang='lat' dir='ltr'>fugerunt</span> <span class='ocrx_word' id='word_1_174' title='bbox 2482 1000 2698 1071; x_wconf 78' lang='lat' dir='ltr'>(Matth.</span> <span class='ocrx_word' id='word_1_175' title='bbox 2733 1013 2886 1065; x_wconf 70' lang='lat' dir='ltr'>xxvx,</span> <span class='ocrx_word' id='word_1_176' title='bbox 2915 997 3027 1068; x_wconf 89' lang='grc'>56).</span> <span class='ocrx_word' id='word_1_177' title='bbox 3069 999 3258 1054; x_wconf 57' lang='lat' dir='ltr'>Maria</span> <span class='ocrx_word' id='word_1_178' title='bbox 3296 1018 3424 1055; x_wconf 90' lang='lat' dir='ltr'>vero</span> <span class='ocrx_word' id='word_1_179' title='bbox 3454 1002 3575 1056; x_wconf 81' lang='lat' dir='ltr'>Ma-</span> 
     </span>
    </p>
   </div>
   <div class='ocr_carea' id='block_1_21' title="bbox 1973 1087 3578 1159">
    <p class='ocr_par' dir='ltr' id='par_1_21' title="bbox 1973 1087 3578 1159">
     <span class='ocr_line' id='line_1_21' title="bbox 1973 1087 3578 1159; baseline 0.002 -17"><span class='ocrx_word' id='word_1_180' title='bbox 1973 1089 2228 1159; x_wconf 65' lang='lat' dir='ltr'>gdalenen</span> <span class='ocrx_word' id='word_1_181' title='bbox 2256 1087 2475 1144; x_wconf 85' lang='lat' dir='ltr'>devotio</span> <span class='ocrx_word' id='word_1_182' title='bbox 2507 1105 2618 1142; x_wconf 90' lang='lat' dir='ltr'>non</span> <span class='ocrx_word' id='word_1_183' title='bbox 2633 1087 2854 1144; x_wconf 89' lang='lat' dir='ltr'>defecit.</span> <span class='ocrx_word' id='word_1_184' title='bbox 2884 1089 3032 1142; x_wconf 84' lang='lat' dir='ltr'>Tunc</span> <span class='ocrx_word' id='word_1_185' title='bbox 3050 1092 3182 1158; x_wconf 85' lang='lat' dir='ltr'>pelli</span> <span class='ocrx_word' id='word_1_186' title='bbox 3198 1105 3314 1144; x_wconf 73' lang='lat' dir='ltr'>suae</span> <span class='ocrx_word' id='word_1_187' title='bbox 3329 1107 3578 1146; x_wconf 84' lang='lat' dir='ltr'>consum-</span> 
     </span>
    </p>
   </div>
   <div class='ocr_carea' id='block_1_22' title="bbox 1971 1177 3574 1248">
    <p class='ocr_par' dir='ltr' id='par_1_22' title="bbox 1971 1177 3574 1248">
     <span class='ocr_line' id='line_1_22' title="bbox 1971 1177 3574 1248; baseline 0.003 -17"><span class='ocrx_word' id='word_1_188' title='bbox 1971 1180 2084 1245; x_wconf 79' lang='lat' dir='ltr'>ptis</span> <span class='ocrx_word' id='word_1_189' title='bbox 2133 1179 2398 1232; x_wconf 84' lang='lat' dir='ltr'>carnibus</span> <span class='ocrx_word' id='word_1_190' title='bbox 2435 1179 2662 1232; x_wconf 65' lang='lat' dir='ltr'>adhaesit</span> <span class='ocrx_word' id='word_1_191' title='bbox 2702 1195 2758 1232; x_wconf 88' lang='lat' dir='ltr'>os</span> <span class='ocrx_word' id='word_1_192' title='bbox 2800 1177 3104 1232; x_wconf 87' lang='lat' dir='ltr'>Salvatoris</span> <span class='ocrx_word' id='word_1_193' title='bbox 3153 1179 3268 1245; x_wconf 87' lang='lat' dir='ltr'>(Job</span> <span class='ocrx_word' id='word_1_194' title='bbox 3308 1195 3428 1246; x_wconf 72' lang='lat' dir='ltr'>xxx,</span> <span class='ocrx_word' id='word_1_195' title='bbox 3462 1178 3574 1248; x_wconf 77' lang='grc'>20),</span> 
     </span>
    </p>
   </div>
   <div class='ocr_carea' id='block_1_23' title="bbox 1978 1265 3580 1340">
    <p class='ocr_par' dir='ltr' id='par_1_23' title="bbox 1978 1265 3580 1340">
     <span class='ocr_line' id='line_1_23' title="bbox 1978 1265 3580 1340; baseline 0.002 -21"><span class='ocrx_word' id='word_1_196' title='bbox 1978 1265 2111 1338; x_wconf 86' lang='lat' dir='ltr'>quia</span> <span class='ocrx_word' id='word_1_197' title='bbox 2137 1266 2283 1320; x_wconf 87' lang='lat' dir='ltr'>Juda</span> <span class='ocrx_word' id='word_1_198' title='bbox 2311 1266 2602 1336; x_wconf 86' lang='lat' dir='ltr'>prodente,</span> <span class='ocrx_word' id='word_1_199' title='bbox 2633 1267 2800 1320; x_wconf 89' lang='lat' dir='ltr'>Petro</span> <span class='ocrx_word' id='word_1_200' title='bbox 2830 1272 3091 1338; x_wconf 82' lang='lat' dir='ltr'>negante,</span> <span class='ocrx_word' id='word_1_201' title='bbox 3131 1270 3189 1320; x_wconf 89' lang='lat' dir='ltr'>et</span> <span class='ocrx_word' id='word_1_202' title='bbox 3235 1267 3580 1340; x_wconf 77' lang='lat' dir='ltr'>fugientibus</span> 
     </span>
    </p>
   </div>
   <div class='ocr_carea' id='block_1_24' title="bbox 1976 1354 3578 1428">
    <p class='ocr_par' dir='ltr' id='par_1_24' title="bbox 1976 1354 3578 1428">
     <span class='ocr_line' id='line_1_24' title="bbox 1976 1354 3578 1428; baseline 0.002 -19"><span class='ocrx_word' id='word_1_203' title='bbox 1976 1355 2168 1409; x_wconf 91' lang='lat' dir='ltr'>decem</span> <span class='ocrx_word' id='word_1_204' title='bbox 2198 1354 2468 1426; x_wconf 85' lang='lat' dir='ltr'>apostolis</span> <span class='ocrx_word' id='word_1_205' title='bbox 2515 1374 2526 1408; x_wconf 90' lang='lat'><strong>:</strong></span> <span class='ocrx_word' id='word_1_206' title='bbox 2571 1355 2808 1409; x_wconf 90' lang='lat' dir='ltr'>Mariam</span> <span class='ocrx_word' id='word_1_207' title='bbox 2853 1355 3262 1426; x_wconf 79' lang='lat' dir='ltr'>Magdalenam,</span> <span class='ocrx_word' id='word_1_208' title='bbox 3297 1359 3461 1428; x_wconf 81' lang='lat' dir='ltr'>juxta</span> <span class='ocrx_word' id='word_1_209' title='bbox 3496 1376 3578 1424; x_wconf 88' lang='lat' dir='ltr'>se,</span> 
     </span>
    </p>
   </div>
   <div class='ocr_carea' id='block_1_25' title="bbox 1977 1442 3580 1518">
    <p class='ocr_par' dir='ltr' id='par_1_25' title="bbox 1977 1442 3580 1518">
     <span class='ocr_line' id='line_1_25' title="bbox 1977 1442 3580 1518; baseline 0.004 -22"><span class='ocrx_word' id='word_1_210' title='bbox 1977 1459 2201 1514; x_wconf 90' lang='lat' dir='ltr'>semper</span> <span class='ocrx_word' id='word_1_211' title='bbox 2226 1442 2438 1498; x_wconf 88' lang='lat' dir='ltr'>invenit</span> <span class='ocrx_word' id='word_1_212' title='bbox 2464 1442 2732 1499; x_wconf 83' lang='lat' dir='ltr'>fortitudo</span> <span class='ocrx_word' id='word_1_213' title='bbox 2760 1443 3176 1514; x_wconf 88' lang='lat' dir='ltr'>Redemptoris.</span> <span class='ocrx_word' id='word_1_214' title='bbox 3217 1445 3352 1510; x_wconf 87' lang='lat' dir='ltr'>Quis</span> <span class='ocrx_word' id='word_1_215' title='bbox 3394 1447 3580 1518; x_wconf 83' lang='lat' dir='ltr'>expri-</span> 
     </span>
    </p>
   </div>
   <div class='ocr_carea' id='block_1_26' title="bbox 1977 1531 3581 1602">
    <p class='ocr_par' dir='ltr' id='par_1_26' title="bbox 1977 1531 3581 1602">
     <span class='ocr_line' id='line_1_26' title="bbox 1977 1531 3581 1602; baseline 0.002 -16"><span class='ocrx_word' id='word_1_216' title='bbox 1977 1537 2097 1587; x_wconf 88' lang='lat' dir='ltr'>mat</span> <span class='ocrx_word' id='word_1_217' title='bbox 2124 1531 2375 1586; x_wconf 89' lang='lat' dir='ltr'>dolorem</span> <span class='ocrx_word' id='word_1_218' title='bbox 2403 1531 2586 1586; x_wconf 89' lang='lat' dir='ltr'>cordis</span> <span class='ocrx_word' id='word_1_219' title='bbox 2611 1533 2754 1602; x_wconf 85' lang='lat' dir='ltr'>ejus,</span> <span class='ocrx_word' id='word_1_220' title='bbox 2787 1537 2844 1585; x_wconf 93' lang='lat' dir='ltr'>et</span> <span class='ocrx_word' id='word_1_221' title='bbox 2873 1533 3078 1588; x_wconf 89' lang='lat' dir='ltr'>mentis</span> <span class='ocrx_word' id='word_1_222' title='bbox 3107 1535 3581 1592; x_wconf 81' lang='lat' dir='ltr'>amaritudinem?</span> 
     </span>
    </p>
   </div>
   <div class='ocr_carea' id='block_1_27' title="bbox 1977 1619 3582 1691">
    <p class='ocr_par' dir='ltr' id='par_1_27' title="bbox 1977 1619 3582 1691">
     <span class='ocr_line' id='line_1_27' title="bbox 1977 1619 3582 1691; baseline 0.003 -16"><span class='ocrx_word' id='word_1_223' title='bbox 1977 1619 2291 1676; x_wconf 67' lang='lat' dir='ltr'>aestuabant</span> <span class='ocrx_word' id='word_1_224' title='bbox 2319 1619 2626 1691; x_wconf 85' lang='lat' dir='ltr'>praecordia</span> <span class='ocrx_word' id='word_1_225' title='bbox 2653 1621 2796 1690; x_wconf 88' lang='lat' dir='ltr'>ejus,</span> <span class='ocrx_word' id='word_1_226' title='bbox 2845 1619 2980 1674; x_wconf 90' lang='lat' dir='ltr'>dum</span> <span class='ocrx_word' id='word_1_227' title='bbox 3021 1628 3276 1678; x_wconf 88' lang='lat' dir='ltr'>cerneret</span> <span class='ocrx_word' id='word_1_228' title='bbox 3314 1623 3582 1680; x_wconf 84' lang='lat' dir='ltr'>dilectum</span> 
     </span>
    </p>
   </div>
   <div class='ocr_carea' id='block_1_28' title="bbox 1978 1708 3582 1783">
    <p class='ocr_par' dir='ltr' id='par_1_28' title="bbox 1978 1708 3582 1783">
     <span class='ocr_line' id='line_1_28' title="bbox 1978 1708 3582 1783; baseline 0.002 -19"><span class='ocrx_word' id='word_1_229' title='bbox 1978 1727 2162 1770; x_wconf 82' lang='lat' dir='ltr'>suum.</span> <span class='ocrx_word' id='word_1_230' title='bbox 2196 1709 2384 1764; x_wconf 87' lang='lat' dir='ltr'>osculo</span> <span class='ocrx_word' id='word_1_231' title='bbox 2411 1709 2579 1774; x_wconf 92' lang='lat' dir='ltr'>tradi,</span> <span class='ocrx_word' id='word_1_232' title='bbox 2623 1708 2836 1763; x_wconf 89' lang='lat' dir='ltr'>catenis</span> <span class='ocrx_word' id='word_1_233' title='bbox 2866 1709 3082 1778; x_wconf 89' lang='lat' dir='ltr'>vinciri,</span> <span class='ocrx_word' id='word_1_234' title='bbox 3113 1717 3173 1764; x_wconf 89' lang='lat' dir='ltr'>et</span> <span class='ocrx_word' id='word_1_235' title='bbox 3205 1711 3276 1766; x_wconf 90' lang='lat' dir='ltr'>ad</span> <span class='ocrx_word' id='word_1_236' title='bbox 3304 1713 3582 1783; x_wconf 88' lang='lat' dir='ltr'>pontiﬁcis</span> 
     </span>
    </p>
   </div>
   <div class='ocr_carea' id='block_1_29' title="bbox 286 1786 3579 1871">
    <p class='ocr_par' dir='ltr' id='par_1_29' title="bbox 286 1786 3579 1871">
     <span class='ocr_line' id='line_1_29' title="bbox 286 1786 3579 1871; baseline 0.001 -17"><span class='ocrx_word' id='word_1_237' title='bbox 286 1803 488 1870; x_wconf 70' lang='lat' dir='ltr'>(Marc.</span> <span class='ocrx_word' id='word_1_238' title='bbox 541 1814 675 1866; x_wconf 81' lang='lat' dir='ltr'>xm;</span> <span class='ocrx_word' id='word_1_239' title='bbox 727 1800 918 1854; x_wconf 77' lang='lat' dir='ltr'>.ilatth.</span> <span class='ocrx_word' id='word_1_240' title='bbox 975 1813 1138 1867; x_wconf 72' lang='lat' dir='ltr'>XXIV;</span> <span class='ocrx_word' id='word_1_241' title='bbox 1192 1802 1354 1852; x_wconf 85' lang='lat' dir='ltr'>Joan.</span> <span class='ocrx_word' id='word_1_242' title='bbox 1397 1814 1512 1864; x_wconf 71' lang='lat' dir='ltr'>xxv,</span> <span class='ocrx_word' id='word_1_243' title='bbox 1550 1800 1652 1866; x_wconf 66' lang='lat'>&#39;10;</span> <span class='ocrx_word' id='word_1_244' title='bbox 1698 1801 1891 1854; x_wconf 81' lang='lat' dir='ltr'>Matth.</span> <span class='ocrx_word' id='word_1_245' title='bbox 1916 1786 2154 1853; x_wconf 69' lang='lat' dir='ltr'>BAnnaa</span> <span class='ocrx_word' id='word_1_246' title='bbox 2175 1797 2447 1871; x_wconf 88' lang='lat' dir='ltr'>palatium</span> <span class='ocrx_word' id='word_1_247' title='bbox 2477 1797 2696 1854; x_wconf 91' lang='lat' dir='ltr'>abduci.</span> <span class='ocrx_word' id='word_1_248' title='bbox 2730 1797 3057 1870; x_wconf 88' lang='lat' dir='ltr'>Ibidemque</span> <span class='ocrx_word' id='word_1_249' title='bbox 3102 1801 3371 1868; x_wconf 88' lang='lat' dir='ltr'>accusari,</span> <span class='ocrx_word' id='word_1_250' title='bbox 3402 1802 3579 1858; x_wconf 84' lang='lat' dir='ltr'>inter-</span> 
     </span>
    </p>
   </div>
   <div class='ocr_carea' id='block_1_30' title="bbox 290 1887 1899 1960">
    <p class='ocr_par' dir='ltr' id='par_1_30' title="bbox 290 1887 1899 1960">
     <span class='ocr_line' id='line_1_30' title="bbox 290 1887 1899 1960; baseline 0.001 -17"><span class='ocrx_word' id='word_1_251' title='bbox 290 1904 447 1954; x_wconf 81' lang='lat' dir='ltr'>xxvi,</span> <span class='ocrx_word' id='word_1_252' title='bbox 493 1889 537 1953; x_wconf 87' lang='lat' dir='ltr'>l,</span> <span class='ocrx_word' id='word_1_253' title='bbox 587 1887 662 1957; x_wconf 69' lang='grc' dir='ltr'>ς2).</span> <span class='ocrx_word' id='word_1_254' title='bbox 711 1888 898 1955; x_wconf 88' lang='lat' dir='ltr'>Dixit;</span> <span class='ocrx_word' id='word_1_255' title='bbox 948 1905 1292 1959; x_wconf 82' lang='lat' dir='ltr'>vesperaque</span> <span class='ocrx_word' id='word_1_256' title='bbox 1335 1889 1626 1956; x_wconf 82' lang='lat' dir='ltr'>redeunte,</span> <span class='ocrx_word' id='word_1_257' title='bbox 1670 1889 1899 1960; x_wconf 88' lang='lat' dir='ltr'>reliquit</span> 
     </span>
    </p>
   </div>
   <div class='ocr_carea' id='block_1_31' title="bbox 290 1977 1897 2048">
    <p class='ocr_par' dir='ltr' id='par_1_31' title="bbox 290 1977 1897 2048">
     <span class='ocr_line' id='line_1_31' title="bbox 290 1977 1897 2048; baseline 0 -16"><span class='ocrx_word' id='word_1_258' title='bbox 290 1979 586 2048; x_wconf 90' lang='lat' dir='ltr'>templum,</span> <span class='ocrx_word' id='word_1_259' title='bbox 618 1977 894 2048; x_wconf 90' lang='lat' dir='ltr'>rediitque</span> <span class='ocrx_word' id='word_1_260' title='bbox 924 1977 1276 2044; x_wconf 88' lang='lat' dir='ltr'>Bethaniam,</span> <span class='ocrx_word' id='word_1_261' title='bbox 1313 1977 1576 2032; x_wconf 89' lang='lat' dir='ltr'>ultimum</span> <span class='ocrx_word' id='word_1_262' title='bbox 1615 1995 1744 2032; x_wconf 92' lang='lat' dir='ltr'>cum</span> <span class='ocrx_word' id='word_1_263' title='bbox 1781 1977 1897 2032; x_wconf 88' lang='lat' dir='ltr'>suis</span> 
     </span>
    </p>
   </div>
   <div class='ocr_carea' id='block_1_32' title="bbox 291 2065 1896 2128">
    <p class='ocr_par' dir='ltr' id='par_1_32' title="bbox 291 2065 1896 2128">
     <span class='ocr_line' id='line_1_32' title="bbox 291 2065 1896 2128; baseline -0.001 -7"><span class='ocrx_word' id='word_1_264' title='bbox 291 2066 564 2121; x_wconf 89' lang='lat' dir='ltr'>ministris</span> <span class='ocrx_word' id='word_1_265' title='bbox 592 2072 649 2120; x_wconf 90' lang='lat' dir='ltr'>et</span> <span class='ocrx_word' id='word_1_266' title='bbox 678 2066 873 2120; x_wconf 86' lang='lat' dir='ltr'>amicis</span> <span class='ocrx_word' id='word_1_267' title='bbox 903 2067 1130 2128; x_wconf 90' lang='lat' dir='ltr'>Lazaro,</span> <span class='ocrx_word' id='word_1_268' title='bbox 1160 2067 1340 2121; x_wconf 85' lang='lat' dir='ltr'>Maria</span> <span class='ocrx_word' id='word_1_269' title='bbox 1375 2072 1432 2120; x_wconf 90' lang='lat' dir='ltr'>et</span> <span class='ocrx_word' id='word_1_270' title='bbox 1477 2067 1697 2120; x_wconf 87' lang='lat' dir='ltr'>Martha</span> <span class='ocrx_word' id='word_1_271' title='bbox 1737 2065 1896 2120; x_wconf 89' lang='lat' dir='ltr'>habi-</span> 
     </span>
    </p>
   </div>
   <div class='ocr_carea' id='block_1_33' title="bbox 295 2149 1892 2226">
    <p class='ocr_par' dir='ltr' id='par_1_33' title="bbox 295 2149 1892 2226">
     <span class='ocr_line' id='line_1_33' title="bbox 295 2149 1892 2226; baseline -0.001 -15"><span class='ocrx_word' id='word_1_272' title='bbox 295 2162 458 2211; x_wconf 90' lang='lat' dir='ltr'>turus</span> <span class='ocrx_word' id='word_1_273' title='bbox 483 2155 785 2226; x_wconf 87' lang='lat' dir='ltr'>hospitium</span> <span class='ocrx_word' id='word_1_274' title='bbox 801 2168 843 2222; x_wconf 79' lang='grc' dir='ltr'>ο,</span> <span class='ocrx_word' id='word_1_275' title='bbox 870 2172 1024 2209; x_wconf 90' lang='lat' dir='ltr'>more</span> <span class='ocrx_word' id='word_1_276' title='bbox 1045 2157 1278 2210; x_wconf 81' lang='lat' dir='ltr'>hinnuli</span> <span class='ocrx_word' id='word_1_277' title='bbox 1295 2171 1582 2210; x_wconf 79' lang='lat' dir='ltr'>cervorum</span> <span class='ocrx_word' id='word_1_278' title='bbox 1618 2149 1796 2224; x_wconf 80' lang='lat' dir='ltr'>(Cant.</span> <span class='ocrx_word' id='word_1_279' title='bbox 1831 2171 1892 2222; x_wconf 83' lang='grc' dir='ltr'>ιι,</span> 
     </span>
    </p>
   </div>
   <div class='ocr_carea' id='block_1_34' title="bbox 291 2243 1896 2316">
    <p class='ocr_par' dir='ltr' id='par_1_34' title="bbox 291 2243 1896 2316">
     <span class='ocr_line' id='line_1_34' title="bbox 291 2243 1896 2316; baseline 0 -17"><span class='ocrx_word' id='word_1_280' title='bbox 291 2244 366 2310; x_wconf 88' lang='lat'>9),</span> <span class='ocrx_word' id='word_1_281' title='bbox 402 2243 496 2316; x_wconf 90' lang='lat' dir='ltr'>qui</span> <span class='ocrx_word' id='word_1_282' title='bbox 527 2260 858 2315; x_wconf 88' lang='lat' dir='ltr'>quocunque</span> <span class='ocrx_word' id='word_1_283' title='bbox 887 2261 988 2314; x_wconf 91' lang='lat' dir='ltr'>per</span> <span class='ocrx_word' id='word_1_284' title='bbox 1018 2243 1168 2298; x_wconf 90' lang='lat' dir='ltr'>diem</span> <span class='ocrx_word' id='word_1_285' title='bbox 1197 2243 1502 2298; x_wconf 90' lang='lat' dir='ltr'>decesserit</span> <span class='ocrx_word' id='word_1_286' title='bbox 1541 2261 1774 2316; x_wconf 90' lang='lat' dir='ltr'>vespera</span> <span class='ocrx_word' id='word_1_287' title='bbox 1805 2262 1896 2299; x_wconf 90' lang='lat' dir='ltr'>re-</span> 
     </span>
    </p>
   </div>
   <div class='ocr_carea' id='block_1_35' title="bbox 291 2331 1892 2404">
    <p class='ocr_par' dir='ltr' id='par_1_35' title="bbox 291 2331 1892 2404">
     <span class='ocr_line' id='line_1_35' title="bbox 291 2331 1892 2404; baseline 0.001 -18"><span class='ocrx_word' id='word_1_288' title='bbox 291 2333 499 2386; x_wconf 90' lang='lat' dir='ltr'>deunte</span> <span class='ocrx_word' id='word_1_289' title='bbox 529 2333 829 2404; x_wconf 89' lang='lat' dir='ltr'>pristinum</span> <span class='ocrx_word' id='word_1_290' title='bbox 860 2331 1008 2386; x_wconf 90' lang='lat' dir='ltr'>redit</span> <span class='ocrx_word' id='word_1_291' title='bbox 1031 2331 1100 2386; x_wconf 89' lang='lat' dir='ltr'>ad</span> <span class='ocrx_word' id='word_1_292' title='bbox 1134 2333 1402 2386; x_wconf 88' lang='lat' dir='ltr'>lectulum</span> <span class='ocrx_word' id='word_1_293' title='bbox 1428 2331 1474 2386; x_wconf 76' lang='grc' dir='ltr'>ἀ.</span> <span class='ocrx_word' id='word_1_294' title='bbox 1501 2332 1591 2387; x_wconf 91' lang='lat' dir='ltr'>Sic</span> <span class='ocrx_word' id='word_1_295' title='bbox 1621 2333 1892 2401; x_wconf 86' lang='lat' dir='ltr'>Salvator,</span> 
     </span>
    </p>
   </div>
   <div class='ocr_carea' id='block_1_36' title="bbox 291 2421 1896 2494">
    <p class='ocr_par' dir='ltr' id='par_1_36' title="bbox 291 2421 1896 2494">
     <span class='ocr_line' id='line_1_36' title="bbox 291 2421 1896 2494; baseline 0 -18"><span class='ocrx_word' id='word_1_296' title='bbox 291 2428 347 2476; x_wconf 90' lang='lat' dir='ltr'>et</span> <span class='ocrx_word' id='word_1_297' title='bbox 373 2439 641 2494; x_wconf 89' lang='lat' dir='ltr'>passurus</span> <span class='ocrx_word' id='word_1_298' title='bbox 686 2428 743 2476; x_wconf 91' lang='lat' dir='ltr'>et</span> <span class='ocrx_word' id='word_1_299' title='bbox 787 2438 1142 2484; x_wconf 89' lang='lat' dir='ltr'>ascensurus,</span> <span class='ocrx_word' id='word_1_300' title='bbox 1189 2421 1245 2474; x_wconf 91' lang='lat' dir='ltr'>in</span> <span class='ocrx_word' id='word_1_301' title='bbox 1293 2421 1627 2476; x_wconf 90' lang='lat' dir='ltr'>Bethaniam</span> <span class='ocrx_word' id='word_1_302' title='bbox 1665 2422 1896 2476; x_wconf 91' lang='lat' dir='ltr'>domum</span> 
     </span>
    </p>
   </div>
   <div class='ocr_carea' id='block_1_37' title="bbox 290 2511 1897 2583">
    <p class='ocr_par' dir='ltr' id='par_1_37' title="bbox 290 2511 1897 2583">
     <span class='ocr_line' id='line_1_37' title="bbox 290 2511 1897 2583; baseline -0.001 -16"><span class='ocrx_word' id='word_1_303' title='bbox 290 2512 458 2567; x_wconf 90' lang='lat' dir='ltr'>rediit</span> <span class='ocrx_word' id='word_1_304' title='bbox 471 2511 823 2578; x_wconf 67' lang='lat' dir='ltr'>obedientiae,</span> <span class='ocrx_word' id='word_1_305' title='bbox 847 2512 1142 2566; x_wconf 90' lang='lat' dir='ltr'>insinuans</span> <span class='ocrx_word' id='word_1_306' title='bbox 1163 2511 1312 2583; x_wconf 90' lang='lat' dir='ltr'>quod</span> <span class='ocrx_word' id='word_1_307' title='bbox 1334 2528 1368 2565; x_wconf 89' lang='lat' dir='ltr'>a</span> <span class='ocrx_word' id='word_1_308' title='bbox 1387 2511 1504 2566; x_wconf 86' lang='lat' dir='ltr'>suis</span> <span class='ocrx_word' id='word_1_309' title='bbox 1515 2511 1708 2566; x_wconf 89' lang='lat' dir='ltr'>amicis</span> <span class='ocrx_word' id='word_1_310' title='bbox 1727 2528 1897 2583; x_wconf 89' lang='lat' dir='ltr'>super</span> 
     </span>
    </p>
   </div>
   <div class='ocr_carea' id='block_1_38' title="bbox 291 2601 1180 2672">
    <p class='ocr_par' dir='ltr' id='par_1_38' title="bbox 291 2601 1180 2672">
     <span class='ocr_line' id='line_1_38' title="bbox 291 2601 1180 2672; baseline -0.003 -17"><span class='ocrx_word' id='word_1_311' title='bbox 291 2602 481 2656; x_wconf 89' lang='lat' dir='ltr'>omnia</span> <span class='ocrx_word' id='word_1_312' title='bbox 509 2601 882 2656; x_wconf 89' lang='lat' dir='ltr'>obedientiam</span> <span class='ocrx_word' id='word_1_313' title='bbox 911 2601 1112 2672; x_wconf 72' lang='lat' dir='ltr'>quaerit</span> <span class='ocrx_word' id='word_1_314' title='bbox 1137 2614 1180 2652; x_wconf 78' lang='grc' dir='ltr'>θ.</span> 
     </span>
    </p>
   </div>
   <div class='ocr_carea' id='block_1_39' title="bbox 293 2690 1898 2776">
    <p class='ocr_par' dir='ltr' id='par_1_39' title="bbox 293 2690 1898 2776">
     <span class='ocr_line' id='line_1_39' title="bbox 293 2690 1898 2776; baseline -0.001 -14"><span class='ocrx_word' id='word_1_315' title='bbox 293 2709 422 2762; x_wconf 73' lang='lat' dir='ltr'>CAP.</span> <span class='ocrx_word' id='word_1_316' title='bbox 451 2709 570 2762; x_wconf 84' lang='lat' dir='ltr'>XX.</span> <span class='ocrx_word' id='word_1_317' title='bbox 603 2739 668 2750; x_wconf 88' lang='lat'>—-</span> <span class='ocrx_word' id='word_1_318' title='bbox 703 2711 801 2764; x_wconf 84' lang='lat' dir='ltr'>(lbi</span> <span class='ocrx_word' id='word_1_319' title='bbox 821 2710 1094 2774; x_wconf 76' lang='lat' dir='ltr'>Christus,</span> <span class='ocrx_word' id='word_1_320' title='bbox 1113 2713 1404 2776; x_wconf 84' lang='lat' dir='ltr'>postquam</span> <span class='ocrx_word' id='word_1_321' title='bbox 1429 2710 1678 2773; x_wconf 68' lang='lat' dir='ltr'>ccenaoit,</span> <span class='ocrx_word' id='word_1_322' title='bbox 1709 2690 1898 2776; x_wconf 71' lang='lat' dir='ltr'>prodi-</span> 
     </span>
    </p>
   </div>
   <div class='ocr_carea' id='block_1_40' title="bbox 359 2780 1898 2848">
    <p class='ocr_par' dir='ltr' id='par_1_40' title="bbox 359 2780 1898 2848">
     <span class='ocr_line' id='line_1_40' title="bbox 359 2780 1898 2848; baseline -0.001 -16"><span class='ocrx_word' id='word_1_323' title='bbox 359 2786 444 2832; x_wconf 84' lang='lat' dir='ltr'>tus</span> <span class='ocrx_word' id='word_1_324' title='bbox 465 2781 1100 2848; x_wconf 78' lang='lat' dir='ltr'>m’nctusqucabducilur</span> <span class='ocrx_word' id='word_1_325' title='bbox 1121 2799 1136 2834; x_wconf 95' lang='lat'><em>:</em></span> <span class='ocrx_word' id='word_1_326' title='bbox 1158 2782 1390 2848; x_wconf 83' lang='lat' dir='ltr'>apostoli</span> <span class='ocrx_word' id='word_1_327' title='bbox 1409 2780 1643 2846; x_wconf 83' lang='lat' dir='ltr'>fugiunt</span> <span class='ocrx_word' id='word_1_328' title='bbox 1667 2796 1678 2831; x_wconf 92' lang='lat'>:</span> <span class='ocrx_word' id='word_1_329' title='bbox 1707 2781 1898 2832; x_wconf 82' lang='lat' dir='ltr'>Petrus</span> 
     </span>
    </p>
   </div>
   <div class='ocr_carea' id='block_1_41' title="bbox 359 2849 1298 2918">
    <p class='ocr_par' dir='ltr' id='par_1_41' title="bbox 359 2849 1298 2918">
     <span class='ocr_line' id='line_1_41' title="bbox 359 2849 1298 2918; baseline 0 -16"><span class='ocrx_word' id='word_1_330' title='bbox 359 2857 535 2918; x_wconf 80' lang='lat' dir='ltr'>negat,</span> <span class='ocrx_word' id='word_1_331' title='bbox 567 2851 753 2904; x_wconf 68' lang='lat' dir='ltr'>Maria</span> <span class='ocrx_word' id='word_1_332' title='bbox 785 2851 999 2904; x_wconf 76' lang='lat' dir='ltr'>Christo</span> <span class='ocrx_word' id='word_1_333' title='bbox 1038 2849 1298 2904; x_wconf 56' lang='lat' dir='ltr'>adharet.</span> 
     </span>
    </p>
   </div>
   <div class='ocr_carea' id='block_1_42' title="bbox 363 2955 1890 3026">
    <p class='ocr_par' dir='ltr' id='par_1_42' title="bbox 363 2955 1890 3026">
     <span class='ocr_line' id='line_1_42' title="bbox 363 2955 1890 3026; baseline -0.001 -14"><span class='ocrx_word' id='word_1_334' title='bbox 363 2960 555 3012; x_wconf 87' lang='lat' dir='ltr'>Prima</span> <span class='ocrx_word' id='word_1_335' title='bbox 601 2961 791 3011; x_wconf 87' lang='lat' dir='ltr'>autem</span> <span class='ocrx_word' id='word_1_336' title='bbox 835 2959 922 3010; x_wconf 86' lang='lat' dir='ltr'>die</span> <span class='ocrx_word' id='word_1_337' title='bbox 959 2973 1292 3024; x_wconf 82' lang='lat' dir='ltr'>azymorum.</span> <span class='ocrx_word' id='word_1_338' title='bbox 1338 2957 1554 3020; x_wconf 74' lang='lat' dir='ltr'>(Matth.</span> <span class='ocrx_word' id='word_1_339' title='bbox 1599 2972 1754 3022; x_wconf 85' lang='lat' dir='ltr'>xva,</span> <span class='ocrx_word' id='word_1_340' title='bbox 1809 2955 1890 3026; x_wconf 82' lang='grc'>17)</span> 
     </span>
    </p>
   </div>
   <div class='ocr_carea' id='block_1_43' title="bbox 1979 1887 3578 1963">
    <p class='ocr_par' dir='ltr' id='par_1_43' title="bbox 1979 1887 3578 1963">
     <span class='ocr_line' id='line_1_43' title="bbox 1979 1887 3578 1963; baseline 0.004 -22"><span class='ocrx_word' id='word_1_341' title='bbox 1979 1889 2186 1958; x_wconf 80' lang='lat' dir='ltr'>rogari,</span> <span class='ocrx_word' id='word_1_342' title='bbox 2211 1889 2477 1958; x_wconf 90' lang='lat' dir='ltr'>judicari,</span> <span class='ocrx_word' id='word_1_343' title='bbox 2507 1904 2666 1943; x_wconf 89' lang='lat' dir='ltr'>reum</span> <span class='ocrx_word' id='word_1_344' title='bbox 2697 1887 2897 1942; x_wconf 87' lang='lat' dir='ltr'>mortis</span> <span class='ocrx_word' id='word_1_345' title='bbox 2929 1889 3285 1956; x_wconf 86' lang='lat' dir='ltr'>conclamari,</span> <span class='ocrx_word' id='word_1_346' title='bbox 3325 1892 3578 1963; x_wconf 83' lang='lat' dir='ltr'>conspui,</span> 
     </span>
    </p>
   </div>
   <div class='ocr_carea' id='block_1_44' title="bbox 1979 1975 3580 2048">
    <p class='ocr_par' dir='ltr' id='par_1_44' title="bbox 1979 1975 3580 2048">
     <span class='ocr_line' id='line_1_44' title="bbox 1979 1975 3580 2048; baseline 0.004 -18"><span class='ocrx_word' id='word_1_347' title='bbox 1979 1977 2260 2048; x_wconf 84' lang='lat' dir='ltr'>exalapari</span> <span class='ocrx_word' id='word_1_348' title='bbox 2292 1977 2374 2047; x_wconf 85' lang='lat' dir='ltr'>[id</span> <span class='ocrx_word' id='word_1_349' title='bbox 2397 1983 2492 2037; x_wconf 79' lang='lat' dir='ltr'>est.</span> <span class='ocrx_word' id='word_1_350' title='bbox 2533 1975 2710 2047; x_wconf 88' lang='lat' dir='ltr'>alapis</span> <span class='ocrx_word' id='word_1_351' title='bbox 2738 1975 2916 2047; x_wconf 84' lang='lat' dir='ltr'>caedi],</span> <span class='ocrx_word' id='word_1_352' title='bbox 2961 1977 3150 2034; x_wconf 88' lang='lat' dir='ltr'>oculos</span> <span class='ocrx_word' id='word_1_353' title='bbox 3195 1980 3386 2045; x_wconf 89' lang='lat' dir='ltr'>velari,</span> <span class='ocrx_word' id='word_1_354' title='bbox 3429 1981 3580 2036; x_wconf 78' lang='lat' dir='ltr'>cola-</span> 
     </span>
    </p>
   </div>
   <div class='ocr_carea' id='block_1_45' title="bbox 1981 2065 3582 2137">
    <p class='ocr_par' dir='ltr' id='par_1_45' title="bbox 1981 2065 3582 2137">
     <span class='ocr_line' id='line_1_45' title="bbox 1981 2065 3582 2137; baseline 0.004 -18"><span class='ocrx_word' id='word_1_355' title='bbox 1981 2066 2192 2137; x_wconf 87' lang='lat' dir='ltr'>phizari</span> <span class='ocrx_word' id='word_1_356' title='bbox 2221 2072 2278 2120; x_wconf 93' lang='lat' dir='ltr'>et</span> <span class='ocrx_word' id='word_1_357' title='bbox 2305 2065 2684 2137; x_wconf 89' lang='lat' dir='ltr'>blasphemari</span> <span class='ocrx_word' id='word_1_358' title='bbox 2726 2066 2862 2130; x_wconf 86' lang='lat' dir='ltr'>Quis</span> <span class='ocrx_word' id='word_1_359' title='bbox 2885 2072 3162 2121; x_wconf 89' lang='lat' dir='ltr'>memoret</span> <span class='ocrx_word' id='word_1_360' title='bbox 3179 2067 3432 2124; x_wconf 87' lang='lat' dir='ltr'>lamenta</span> <span class='ocrx_word' id='word_1_361' title='bbox 3460 2071 3582 2124; x_wconf 86' lang='lat' dir='ltr'>Ma-</span> 
     </span>
    </p>
   </div>
   <div class='ocr_carea' id='block_1_46' title="bbox 1979 2155 3580 2227">
    <p class='ocr_par' dir='ltr' id='par_1_46' title="bbox 1979 2155 3580 2227">
     <span class='ocr_line' id='line_1_46' title="bbox 1979 2155 3580 2227; baseline 0.004 -19"><span class='ocrx_word' id='word_1_362' title='bbox 1979 2156 2095 2220; x_wconf 70' lang='lat' dir='ltr'>riae,</span> <span class='ocrx_word' id='word_1_363' title='bbox 2161 2161 2216 2209; x_wconf 90' lang='lat' dir='ltr'>et</span> <span class='ocrx_word' id='word_1_364' title='bbox 2273 2155 2548 2226; x_wconf 85' lang='lat' dir='ltr'>lacrymas</span> <span class='ocrx_word' id='word_1_365' title='bbox 2593 2155 2797 2226; x_wconf 82' lang='lat' dir='ltr'>quibus</span> <span class='ocrx_word' id='word_1_366' title='bbox 2844 2162 3143 2227; x_wconf 81' lang='lat' dir='ltr'>prosecuta</span> <span class='ocrx_word' id='word_1_367' title='bbox 3189 2163 3275 2211; x_wconf 85' lang='lat' dir='ltr'>est</span> <span class='ocrx_word' id='word_1_368' title='bbox 3313 2157 3580 2214; x_wconf 87' lang='lat' dir='ltr'>dilectum</span> 
     </span>
    </p>
   </div>
   <div class='ocr_carea' id='block_1_47' title="bbox 1981 2243 3580 2318">
    <p class='ocr_par' dir='ltr' id='par_1_47' title="bbox 1981 2243 3580 2318">
     <span class='ocr_line' id='line_1_47' title="bbox 1981 2243 3580 2318; baseline 0.003 -21"><span class='ocrx_word' id='word_1_369' title='bbox 1981 2261 2148 2298; x_wconf 89' lang='lat' dir='ltr'>suum</span> <span class='ocrx_word' id='word_1_370' title='bbox 2179 2260 2213 2298; x_wconf 89' lang='lat' dir='ltr'>a</span> <span class='ocrx_word' id='word_1_371' title='bbox 2241 2243 2407 2298; x_wconf 89' lang='lat' dir='ltr'>domo</span> <span class='ocrx_word' id='word_1_372' title='bbox 2433 2243 2710 2315; x_wconf 87' lang='lat' dir='ltr'>pontiﬁcis</span> <span class='ocrx_word' id='word_1_373' title='bbox 2737 2243 2808 2297; x_wconf 90' lang='lat' dir='ltr'>ad</span> <span class='ocrx_word' id='word_1_374' title='bbox 2843 2243 3098 2316; x_wconf 82' lang='lat' dir='ltr'>praesidis</span> <span class='ocrx_word' id='word_1_375' title='bbox 3141 2245 3329 2300; x_wconf 90' lang='lat' dir='ltr'>Pontii</span> <span class='ocrx_word' id='word_1_376' title='bbox 3373 2252 3580 2318; x_wconf 67' lang='lat' dir='ltr'>praeto-</span> 
     </span>
    </p>
   </div>
   <div class='ocr_carea' id='block_1_48' title="bbox 1977 2332 3629 2408">
    <p class='ocr_par' dir='ltr' id='par_1_48' title="bbox 1977 2332 3629 2408">
     <span class='ocr_line' id='line_1_48' title="bbox 1977 2332 3629 2408; baseline 0.003 -22"><span class='ocrx_word' id='word_1_377' title='bbox 1977 2333 2146 2401; x_wconf 87' lang='lat' dir='ltr'>rium,</span> <span class='ocrx_word' id='word_1_378' title='bbox 2181 2350 2246 2386; x_wconf 91' lang='lat' dir='ltr'>ac</span> <span class='ocrx_word' id='word_1_379' title='bbox 2275 2332 2477 2387; x_wconf 92' lang='lat' dir='ltr'>deinde</span> <span class='ocrx_word' id='word_1_380' title='bbox 2523 2351 2558 2386; x_wconf 87' lang='lat' dir='ltr'>a</span> <span class='ocrx_word' id='word_1_381' title='bbox 2599 2333 2864 2404; x_wconf 65' lang='lat' dir='ltr'>praetorio</span> <span class='ocrx_word' id='word_1_382' title='bbox 2909 2332 3162 2404; x_wconf 66' lang='lat' dir='ltr'>praesidis</span> <span class='ocrx_word' id='word_1_383' title='bbox 3205 2335 3277 2390; x_wconf 89' lang='lat' dir='ltr'>ad</span> <span class='ocrx_word' id='word_1_384' title='bbox 3307 2335 3578 2408; x_wconf 88' lang='lat' dir='ltr'>palatium</span> <span class='ocrx_word' id='word_1_385' title='bbox 3619 2361 3629 2370; x_wconf 73' lang='grc' dir='ltr'><em>ι</em></span> 
     </span>
    </p>
   </div>
   <div class='ocr_carea' id='block_1_49' title="bbox 1979 2418 3684 2496">
    <p class='ocr_par' dir='ltr' id='par_1_49' title="bbox 1979 2418 3684 2496">
     <span class='ocr_line' id='line_1_49' title="bbox 1979 2418 3684 2496; baseline 0.003 -20"><span class='ocrx_word' id='word_1_386' title='bbox 1979 2418 2217 2477; x_wconf 88' lang='lat' dir='ltr'>Herodis</span> <span class='ocrx_word' id='word_1_387' title='bbox 2241 2421 2430 2492; x_wconf 81' lang='lat' dir='ltr'>regis?</span> <span class='ocrx_word' id='word_1_388' title='bbox 2459 2421 2594 2486; x_wconf 87' lang='lat' dir='ltr'>Quis</span> <span class='ocrx_word' id='word_1_389' title='bbox 2623 2421 2903 2492; x_wconf 85' lang='lat' dir='ltr'>singultus</span> <span class='ocrx_word' id='word_1_390' title='bbox 2934 2423 3144 2488; x_wconf 67' lang='lat' dir='ltr'>Mariae,</span> <span class='ocrx_word' id='word_1_391' title='bbox 3177 2429 3235 2478; x_wconf 92' lang='lat' dir='ltr'>et</span> <span class='ocrx_word' id='word_1_392' title='bbox 3254 2425 3437 2480; x_wconf 89' lang='lat' dir='ltr'>varios</span> <span class='ocrx_word' id='word_1_393' title='bbox 3465 2427 3582 2496; x_wconf 85' lang='lat' dir='ltr'>eju-</span> <span class='ocrx_word' id='word_1_394' title='bbox 3678 2431 3684 2437; x_wconf 88' lang='grc'><em>’</em></span> 
     </span>
    </p>
   </div>
   <div class='ocr_carea' id='block_1_50' title="bbox 1978 2509 3579 2585">
    <p class='ocr_par' dir='ltr' id='par_1_50' title="bbox 1978 2509 3579 2585">
     <span class='ocr_line' id='line_1_50' title="bbox 1978 2509 3579 2585; baseline 0.002 -20"><span class='ocrx_word' id='word_1_395' title='bbox 1978 2513 2126 2566; x_wconf 90' lang='lat' dir='ltr'>latus</span> <span class='ocrx_word' id='word_1_396' title='bbox 2147 2511 2400 2582; x_wconf 85' lang='lat' dir='ltr'>explicet,</span> <span class='ocrx_word' id='word_1_397' title='bbox 2428 2509 2630 2582; x_wconf 89' lang='lat' dir='ltr'>quibus</span> <span class='ocrx_word' id='word_1_398' title='bbox 2650 2510 2906 2566; x_wconf 88' lang='lat' dir='ltr'>debriata</span> <span class='ocrx_word' id='word_1_399' title='bbox 2927 2518 3032 2579; x_wconf 91' lang='lat' dir='ltr'>est,</span> <span class='ocrx_word' id='word_1_400' title='bbox 3055 2513 3194 2568; x_wconf 91' lang='lat' dir='ltr'>dum</span> <span class='ocrx_word' id='word_1_401' title='bbox 3214 2513 3364 2585; x_wconf 90' lang='lat' dir='ltr'>apud</span> <span class='ocrx_word' id='word_1_402' title='bbox 3399 2515 3579 2569; x_wconf 77' lang='lat' dir='ltr'>Hero-</span> 
     </span>
    </p>
   </div>
   <div class='ocr_carea' id='block_1_51' title="bbox 1977 2599 3580 2674">
    <p class='ocr_par' dir='ltr' id='par_1_51' title="bbox 1977 2599 3580 2674">
     <span class='ocr_line' id='line_1_51' title="bbox 1977 2599 3580 2674; baseline 0.002 -19"><span class='ocrx_word' id='word_1_403' title='bbox 1977 2601 2106 2655; x_wconf 88' lang='lat' dir='ltr'>dem</span> <span class='ocrx_word' id='word_1_404' title='bbox 2135 2618 2170 2654; x_wconf 89' lang='lat' dir='ltr'>a</span> <span class='ocrx_word' id='word_1_405' title='bbox 2198 2599 2553 2672; x_wconf 90' lang='lat' dir='ltr'>pontiﬁcibus</span> <span class='ocrx_word' id='word_1_406' title='bbox 2582 2606 2956 2664; x_wconf 83' lang='lat' dir='ltr'>accusaretur,</span> <span class='ocrx_word' id='word_1_407' title='bbox 2990 2619 3026 2656; x_wconf 92' lang='lat' dir='ltr'>a</span> <span class='ocrx_word' id='word_1_408' title='bbox 3044 2618 3177 2673; x_wconf 80' lang='lat' dir='ltr'>rege</span> <span class='ocrx_word' id='word_1_409' title='bbox 3201 2603 3580 2674; x_wconf 74' lang='lat' dir='ltr'>interrogare-</span> 
     </span>
    </p>
   </div>
   <div class='ocr_carea' id='block_1_52' title="bbox 1977 2685 3580 2762">
    <p class='ocr_par' dir='ltr' id='par_1_52' title="bbox 1977 2685 3580 2762">
     <span class='ocr_line' id='line_1_52' title="bbox 1977 2685 3580 2762; baseline 0.002 -19"><span class='ocrx_word' id='word_1_410' title='bbox 1977 2695 2090 2754; x_wconf 90' lang='lat' dir='ltr'>tur,</span> <span class='ocrx_word' id='word_1_411' title='bbox 2116 2707 2150 2744; x_wconf 92' lang='lat' dir='ltr'>a</span> <span class='ocrx_word' id='word_1_412' title='bbox 2168 2685 2440 2744; x_wconf 88' lang='lat' dir='ltr'>militibus</span> <span class='ocrx_word' id='word_1_413' title='bbox 2458 2695 2841 2762; x_wconf 87' lang='lat' dir='ltr'>sperneretur,</span> <span class='ocrx_word' id='word_1_414' title='bbox 2863 2689 2934 2744; x_wconf 88' lang='lat' dir='ltr'>ab</span> <span class='ocrx_word' id='word_1_415' title='bbox 2951 2689 3198 2746; x_wconf 82' lang='lat' dir='ltr'>exercitu</span> <span class='ocrx_word' id='word_1_416' title='bbox 3227 2685 3580 2761; x_wconf 87' lang='lat' dir='ltr'>illuderetur,</span> 
     </span>
    </p>
   </div>
   <div class='ocr_carea' id='block_1_53' title="bbox 1982 2777 3578 2851">
    <p class='ocr_par' dir='ltr' id='par_1_53' title="bbox 1982 2777 3578 2851">
     <span class='ocr_line' id='line_1_53' title="bbox 1982 2777 3578 2851; baseline 0.002 -19"><span class='ocrx_word' id='word_1_417' title='bbox 1982 2783 2039 2832; x_wconf 90' lang='lat' dir='ltr'>et</span> <span class='ocrx_word' id='word_1_418' title='bbox 2069 2779 2298 2832; x_wconf 90' lang='lat' dir='ltr'>indutus</span> <span class='ocrx_word' id='word_1_419' title='bbox 2327 2785 2481 2833; x_wconf 88' lang='lat' dir='ltr'>veste</span> <span class='ocrx_word' id='word_1_420' title='bbox 2521 2778 2666 2845; x_wconf 91' lang='lat' dir='ltr'>alba,</span> <span class='ocrx_word' id='word_1_421' title='bbox 2699 2779 2770 2832; x_wconf 89' lang='lat' dir='ltr'>ad</span> <span class='ocrx_word' id='word_1_422' title='bbox 2800 2777 3054 2851; x_wconf 77' lang='lat' dir='ltr'>praesidis</span> <span class='ocrx_word' id='word_1_423' title='bbox 3092 2780 3439 2835; x_wconf 88' lang='lat' dir='ltr'>audientiam</span> <span class='ocrx_word' id='word_1_424' title='bbox 3488 2797 3578 2835; x_wconf 90' lang='lat' dir='ltr'>re-</span> 
     </span>
    </p>
   </div>
   <div class='ocr_carea' id='block_1_54' title="bbox 1977 2864 3579 2940">
    <p class='ocr_par' dir='ltr' id='par_1_54' title="bbox 1977 2864 3579 2940">
     <span class='ocr_line' id='line_1_54' title="bbox 1977 2864 3579 2940; baseline 0.003 -21"><span class='ocrx_word' id='word_1_425' title='bbox 1977 2865 2335 2920; x_wconf 81' lang='lat' dir='ltr'>mitteretur?</span> <span class='ocrx_word' id='word_1_426' title='bbox 2383 2865 2520 2930; x_wconf 90' lang='lat' dir='ltr'>Quis</span> <span class='ocrx_word' id='word_1_427' title='bbox 2566 2866 2686 2920; x_wconf 90' lang='lat' dir='ltr'>sine</span> <span class='ocrx_word' id='word_1_428' title='bbox 2736 2865 3018 2938; x_wconf 87' lang='lat' dir='ltr'>lacrymis,</span> <span class='ocrx_word' id='word_1_429' title='bbox 3069 2868 3348 2940; x_wconf 84' lang='lat' dir='ltr'>lacrymas</span> <span class='ocrx_word' id='word_1_430' title='bbox 3388 2864 3579 2924; x_wconf 83' lang='lat' dir='ltr'>Mariae</span> 
     </span>
    </p>
   </div>
   <div class='ocr_carea' id='block_1_55' title="bbox 1976 2953 3580 3026">
    <p class='ocr_par' dir='ltr' id='par_1_55' title="bbox 1976 2953 3580 3026">
     <span class='ocr_line' id='line_1_55' title="bbox 1976 2953 3580 3026; baseline 0.002 -18"><span class='ocrx_word' id='word_1_431' title='bbox 1976 2956 2205 3020; x_wconf 90' lang='lat' dir='ltr'>recolat,</span> <span class='ocrx_word' id='word_1_432' title='bbox 2240 2971 2378 3026; x_wconf 91' lang='lat' dir='ltr'>quas</span> <span class='ocrx_word' id='word_1_433' title='bbox 2407 2953 2553 3010; x_wconf 89' lang='lat' dir='ltr'>fudit</span> <span class='ocrx_word' id='word_1_434' title='bbox 2582 2954 2884 3023; x_wconf 86' lang='lat' dir='ltr'>uberrime,</span> <span class='ocrx_word' id='word_1_435' title='bbox 2919 2955 3054 3008; x_wconf 90' lang='lat' dir='ltr'>dum</span> <span class='ocrx_word' id='word_1_436' title='bbox 3082 2955 3299 3010; x_wconf 88' lang='lat' dir='ltr'>videret</span> <span class='ocrx_word' id='word_1_437' title='bbox 3325 2973 3454 3011; x_wconf 90' lang='lat' dir='ltr'>eum</span> <span class='ocrx_word' id='word_1_438' title='bbox 3481 2958 3580 3011; x_wconf 88' lang='lat' dir='ltr'>tri-</span> 
     </span>
    </p>
   </div>
   <div class='ocr_carea' id='block_1_56' title="bbox 290 3043 3583 3118">
    <p class='ocr_par' dir='ltr' id='par_1_56' title="bbox 290 3043 3583 3118">
     <span class='ocr_line' id='line_1_56' title="bbox 290 3043 3583 3118; baseline 0.001 -18"><span class='ocrx_word' id='word_1_439' title='bbox 290 3045 486 3117; x_wconf 90' lang='lat' dir='ltr'>quinta</span> <span class='ocrx_word' id='word_1_440' title='bbox 512 3046 596 3116; x_wconf 86' lang='lat' dir='ltr'>[id</span> <span class='ocrx_word' id='word_1_441' title='bbox 625 3051 719 3111; x_wconf 80' lang='lat' dir='ltr'>est,</span> <span class='ocrx_word' id='word_1_442' title='bbox 755 3043 952 3116; x_wconf 87' lang='lat' dir='ltr'>quinta</span> <span class='ocrx_word' id='word_1_443' title='bbox 994 3045 1155 3115; x_wconf 88' lang='lat' dir='ltr'>feria]</span> <span class='ocrx_word' id='word_1_444' title='bbox 1198 3045 1541 3100; x_wconf 89' lang='lat' dir='ltr'>charissimis</span> <span class='ocrx_word' id='word_1_445' title='bbox 1580 3045 1894 3118; x_wconf 90' lang='lat' dir='ltr'>hospitibus</span> <span class='ocrx_word' id='word_1_446' title='bbox 1923 3107 1958 3118; x_wconf 46' lang='lat' dir='ltr'>ﬂ</span> <span class='ocrx_word' id='word_1_447' title='bbox 1976 3044 2275 3100; x_wconf 89' lang='lat' dir='ltr'>bunalibus</span> <span class='ocrx_word' id='word_1_448' title='bbox 2305 3050 2508 3110; x_wconf 85' lang='lat' dir='ltr'>astare,</span> <span class='ocrx_word' id='word_1_449' title='bbox 2540 3049 2866 3099; x_wconf 87' lang='lat' dir='ltr'>accusatum</span> <span class='ocrx_word' id='word_1_450' title='bbox 2893 3050 3098 3110; x_wconf 88' lang='lat' dir='ltr'>tacere,</span> <span class='ocrx_word' id='word_1_451' title='bbox 3133 3045 3426 3117; x_wconf 86' lang='lat' dir='ltr'>pontiﬁces</span> <span class='ocrx_word' id='word_1_452' title='bbox 3453 3063 3583 3102; x_wconf 87' lang='lat' dir='ltr'>con-</span> 
     </span>
    </p>
   </div>
   <div class='ocr_carea' id='block_1_57' title="bbox 290 3107 3582 3207">
    <p class='ocr_par' dir='ltr' id='par_1_57' title="bbox 290 3107 3582 3207">
     <span class='ocr_line' id='line_1_57' title="bbox 290 3107 3582 3207; baseline 0 -18"><span class='ocrx_word' id='word_1_453' title='bbox 290 3135 427 3198; x_wconf 78' lang='lat' dir='ltr'>suis.</span> <span class='ocrx_word' id='word_1_454' title='bbox 450 3136 678 3200; x_wconf 87' lang='lat' dir='ltr'>Lazaro,</span> <span class='ocrx_word' id='word_1_455' title='bbox 703 3134 891 3188; x_wconf 80' lang='lat' dir='ltr'>Mariae</span> <span class='ocrx_word' id='word_1_456' title='bbox 911 3139 968 3188; x_wconf 90' lang='lat' dir='ltr'>et</span> <span class='ocrx_word' id='word_1_457' title='bbox 986 3135 1220 3189; x_wconf 72' lang='lat' dir='ltr'>Marthae</span> <span class='ocrx_word' id='word_1_458' title='bbox 1245 3135 1504 3189; x_wconf 91' lang='lat' dir='ltr'>ultimum</span> <span class='ocrx_word' id='word_1_459' title='bbox 1535 3135 1844 3190; x_wconf 87' lang='lat' dir='ltr'>valedicens</span> <span class='ocrx_word' id='word_1_460' title='bbox 1879 3154 1890 3188; x_wconf 89' lang='lat'><strong>:</strong></span> <span class='ocrx_word' id='word_1_461' title='bbox 1917 3107 1960 3164; x_wconf 66' lang='grc' dir='ltr'>Ο</span> <span class='ocrx_word' id='word_1_462' title='bbox 1978 3141 2196 3190; x_wconf 90' lang='lat' dir='ltr'>stanter</span> <span class='ocrx_word' id='word_1_463' title='bbox 2223 3150 2505 3199; x_wconf 85' lang='lat' dir='ltr'>accusare,</span> <span class='ocrx_word' id='word_1_464' title='bbox 2529 3133 2823 3204; x_wconf 64' lang='lat' dir='ltr'>praesidem</span> <span class='ocrx_word' id='word_1_465' title='bbox 2851 3133 3064 3188; x_wconf 89' lang='lat' dir='ltr'>diutius</span> <span class='ocrx_word' id='word_1_466' title='bbox 3093 3150 3376 3200; x_wconf 83' lang='lat' dir='ltr'>excusare,</span> <span class='ocrx_word' id='word_1_467' title='bbox 3398 3141 3457 3190; x_wconf 87' lang='lat' dir='ltr'>et</span> <span class='ocrx_word' id='word_1_468' title='bbox 3479 3153 3582 3207; x_wconf 88' lang='lat' dir='ltr'>pro</span> 
     </span>
    </p>
   </div>
   <div class='ocr_carea' id='block_1_58' title="bbox 291 3221 3583 3296">
    <p class='ocr_par' dir='ltr' id='par_1_58' title="bbox 291 3221 3583 3296">
     <span class='ocr_line' id='line_1_58' title="bbox 291 3221 3583 3296; baseline 0.001 -19"><span class='ocrx_word' id='word_1_469' title='bbox 291 3241 520 3296; x_wconf 87' lang='lat' dir='ltr'>vespere</span> <span class='ocrx_word' id='word_1_470' title='bbox 549 3221 712 3286; x_wconf 82' lang='lat' dir='ltr'>facto,</span> <span class='ocrx_word' id='word_1_471' title='bbox 757 3240 972 3278; x_wconf 59' lang='lat' dir='ltr'>cernam</span> <span class='ocrx_word' id='word_1_472' title='bbox 1010 3224 1141 3277; x_wconf 88' lang='lat' dir='ltr'>fecit</span> <span class='ocrx_word' id='word_1_473' title='bbox 1181 3223 1564 3296; x_wconf 87' lang='lat' dir='ltr'>Jerosolymis,</span> <span class='ocrx_word' id='word_1_474' title='bbox 1611 3242 1740 3279; x_wconf 91' lang='lat' dir='ltr'>cum</span> <span class='ocrx_word' id='word_1_475' title='bbox 1781 3225 1896 3279; x_wconf 88' lang='lat' dir='ltr'>suis</span> <span class='ocrx_word' id='word_1_476' title='bbox 1981 3226 2102 3295; x_wconf 84' lang='lat' dir='ltr'>ejus</span> <span class='ocrx_word' id='word_1_477' title='bbox 2131 3223 2461 3278; x_wconf 88' lang='lat' dir='ltr'>liberatione</span> <span class='ocrx_word' id='word_1_478' title='bbox 2505 3222 2777 3288; x_wconf 84' lang='lat' dir='ltr'>laborare,</span> <span class='ocrx_word' id='word_1_479' title='bbox 2827 3223 3212 3284; x_wconf 85' lang='lat' dir='ltr'>innocentem.</span> <span class='ocrx_word' id='word_1_480' title='bbox 3235 3240 3365 3279; x_wconf 89' lang='lat' dir='ltr'>eum</span> <span class='ocrx_word' id='word_1_481' title='bbox 3405 3225 3583 3280; x_wconf 89' lang='lat' dir='ltr'>omni-</span> 
     </span>
    </p>
   </div>
   <div class='ocr_carea' id='block_1_59' title="bbox 290 3308 3585 3386">
    <p class='ocr_par' dir='ltr' id='par_1_59' title="bbox 290 3308 3585 3386">
     <span class='ocr_line' id='line_1_59' title="bbox 290 3308 3585 3386; baseline 0.001 -18"><span class='ocrx_word' id='word_1_482' title='bbox 290 3314 585 3368; x_wconf 89' lang='lat' dir='ltr'>duodecim</span> <span class='ocrx_word' id='word_1_483' title='bbox 601 3313 907 3386; x_wconf 89' lang='lat' dir='ltr'>discipulis.</span> <span class='ocrx_word' id='word_1_484' title='bbox 943 3315 1116 3368; x_wconf 81' lang='lat' dir='ltr'>Coena</span> <span class='ocrx_word' id='word_1_485' title='bbox 1145 3314 1243 3368; x_wconf 91' lang='lat' dir='ltr'>illa</span> <span class='ocrx_word' id='word_1_486' title='bbox 1267 3308 1522 3378; x_wconf 90' lang='lat' dir='ltr'>celebris,</span> <span class='ocrx_word' id='word_1_487' title='bbox 1554 3331 1712 3369; x_wconf 70' lang='lat' dir='ltr'>caana</span> <span class='ocrx_word' id='word_1_488' title='bbox 1731 3314 1899 3369; x_wconf 87' lang='lat' dir='ltr'>beata</span> <span class='ocrx_word' id='word_1_489' title='bbox 1979 3313 2158 3368; x_wconf 90' lang='lat' dir='ltr'>modis</span> <span class='ocrx_word' id='word_1_490' title='bbox 2187 3311 2551 3386; x_wconf 90' lang='lat' dir='ltr'>comprobare</span> <span class='ocrx_word' id='word_1_491' title='bbox 2579 3313 2838 3384; x_wconf 90' lang='lat' dir='ltr'>plurimis</span> <span class='ocrx_word' id='word_1_492' title='bbox 2866 3313 3124 3385; x_wconf 87' lang='lat' dir='ltr'>precibus</span> <span class='ocrx_word' id='word_1_493' title='bbox 3150 3313 3436 3385; x_wconf 88' lang='lat' dir='ltr'>postulare</span> <span class='ocrx_word' id='word_1_494' title='bbox 3472 3331 3484 3366; x_wconf 89' lang='lat'><strong>:</strong></span> <span class='ocrx_word' id='word_1_495' title='bbox 3517 3321 3585 3370; x_wconf 83' lang='lat' dir='ltr'>ut</span> 
     </span>
    </p>
   </div>
   <div class='ocr_carea' id='block_1_60' title="bbox 291 3401 3583 3474">
    <p class='ocr_par' dir='ltr' id='par_1_60' title="bbox 291 3401 3583 3474">
     <span class='ocr_line' id='line_1_60' title="bbox 291 3401 3583 3474; baseline 0 -16"><span class='ocrx_word' id='word_1_496' title='bbox 291 3404 416 3468; x_wconf 86' lang='lat' dir='ltr'>fuit,</span> <span class='ocrx_word' id='word_1_497' title='bbox 443 3404 502 3458; x_wconf 92' lang='lat' dir='ltr'>in</span> <span class='ocrx_word' id='word_1_498' title='bbox 529 3420 639 3474; x_wconf 89' lang='lat' dir='ltr'>qua</span> <span class='ocrx_word' id='word_1_499' title='bbox 681 3403 798 3458; x_wconf 90' lang='lat' dir='ltr'>suis</span> <span class='ocrx_word' id='word_1_500' title='bbox 831 3403 1101 3474; x_wconf 90' lang='lat' dir='ltr'>apostolis</span> <span class='ocrx_word' id='word_1_501' title='bbox 1139 3403 1310 3474; x_wconf 87' lang='lat' dir='ltr'>pedes</span> <span class='ocrx_word' id='word_1_502' title='bbox 1352 3403 1505 3470; x_wconf 86' lang='lat' dir='ltr'>lavit,</span> <span class='ocrx_word' id='word_1_503' title='bbox 1547 3420 1614 3457; x_wconf 81' lang='lat' dir='ltr'>ex</span> <span class='ocrx_word' id='word_1_504' title='bbox 1658 3420 1802 3474; x_wconf 89' lang='lat' dir='ltr'>pane</span> <span class='ocrx_word' id='word_1_505' title='bbox 1841 3411 1899 3460; x_wconf 93' lang='lat' dir='ltr'>et</span> <span class='ocrx_word' id='word_1_506' title='bbox 1980 3404 2200 3466; x_wconf 90' lang='lat' dir='ltr'>saltem,</span> <span class='ocrx_word' id='word_1_507' title='bbox 2240 3418 2341 3472; x_wconf 89' lang='lat' dir='ltr'>pro</span> <span class='ocrx_word' id='word_1_508' title='bbox 2393 3403 2707 3456; x_wconf 73' lang='lat' dir='ltr'>reverentia</span> <span class='ocrx_word' id='word_1_509' title='bbox 2756 3401 2868 3455; x_wconf 92' lang='lat' dir='ltr'>diei</span> <span class='ocrx_word' id='word_1_510' title='bbox 2910 3403 3207 3473; x_wconf 83' lang='lat' dir='ltr'>paschalis,</span> <span class='ocrx_word' id='word_1_511' title='bbox 3246 3401 3414 3457; x_wconf 83' lang='lat' dir='ltr'>liceat</span> <span class='ocrx_word' id='word_1_512' title='bbox 3450 3419 3583 3458; x_wconf 81' lang='lat' dir='ltr'>eum</span> 
     </span>
    </p>
   </div>
   <div class='ocr_carea' id='block_1_61' title="bbox 293 3489 3582 3568">
    <p class='ocr_par' dir='ltr' id='par_1_61' title="bbox 293 3489 3582 3568">
     <span class='ocr_line' id='line_1_61' title="bbox 293 3489 3582 3568; baseline -0.001 -22"><span class='ocrx_word' id='word_1_513' title='bbox 293 3493 421 3548; x_wconf 92' lang='lat' dir='ltr'>vino</span> <span class='ocrx_word' id='word_1_514' title='bbox 451 3510 651 3564; x_wconf 91' lang='lat' dir='ltr'>corpus</span> <span class='ocrx_word' id='word_1_515' title='bbox 695 3509 858 3547; x_wconf 91' lang='lat' dir='ltr'>suum</span> <span class='ocrx_word' id='word_1_516' title='bbox 898 3499 955 3546; x_wconf 92' lang='lat' dir='ltr'>et</span> <span class='ocrx_word' id='word_1_517' title='bbox 984 3492 1317 3563; x_wconf 85' lang='lat' dir='ltr'>sanguinem</span> <span class='ocrx_word' id='word_1_518' title='bbox 1365 3492 1512 3546; x_wconf 91' lang='lat' dir='ltr'>fecit.</span> <span class='ocrx_word' id='word_1_519' title='bbox 1563 3493 1767 3548; x_wconf 86' lang='lat' dir='ltr'>Secuta</span> <span class='ocrx_word' id='word_1_520' title='bbox 1813 3497 1900 3546; x_wconf 90' lang='lat' dir='ltr'>est</span> <span class='ocrx_word' id='word_1_521' title='bbox 1979 3490 2134 3544; x_wconf 89' lang='lat' dir='ltr'>abire</span> <span class='ocrx_word' id='word_1_522' title='bbox 2175 3489 2213 3555; x_wconf 67' lang='grc' dir='ltr'>τ,</span> <span class='ocrx_word' id='word_1_523' title='bbox 2260 3489 2550 3560; x_wconf 87' lang='lat' dir='ltr'>pontiﬁces</span> <span class='ocrx_word' id='word_1_524' title='bbox 2597 3506 2728 3568; x_wconf 73' lang='lat' dir='ltr'>vero</span> <span class='ocrx_word' id='word_1_525' title='bbox 2774 3490 3178 3556; x_wconf 89' lang='lat' dir='ltr'>contradicere,</span> <span class='ocrx_word' id='word_1_526' title='bbox 3225 3506 3328 3561; x_wconf 91' lang='lat' dir='ltr'>pro</span> <span class='ocrx_word' id='word_1_527' title='bbox 3362 3491 3582 3544; x_wconf 88' lang='lat' dir='ltr'>latrone</span> 
     </span>
    </p>
   </div>
   <div class='ocr_carea' id='block_1_62' title="bbox 1236 3605 2622 3653">
    <p class='ocr_par' dir='ltr' id='par_1_62' title="bbox 1236 3605 2622 3653">
     <span class='ocr_line' id='line_1_62' title="bbox 1236 3605 2622 3653; baseline -0.004 -1"><span class='ocrx_word' id='word_1_528' title='bbox 1236 3607 1409 3652; x_wconf 71' lang='lat' dir='ltr'><strong>NOTE</strong></span> <span class='ocrx_word' id='word_1_529' title='bbox 1456 3607 1819 3653; x_wconf 76' lang='lat' dir='ltr'>POTISSIMUM</span> <span class='ocrx_word' id='word_1_530' title='bbox 1864 3607 1940 3652; x_wconf 81' lang='lat' dir='ltr'>EX</span> <span class='ocrx_word' id='word_1_531' title='bbox 1983 3605 2225 3650; x_wconf 79' lang='lat' dir='ltr'>RABANO</span> <span class='ocrx_word' id='word_1_532' title='bbox 2270 3605 2622 3649; x_wconf 72' lang='lat' dir='ltr'>DESUMPTE.</span> 
     </span>
    </p>
   </div>
   <div class='ocr_carea' id='block_1_63' title="bbox 293 3693 3590 3768">
    <p class='ocr_par' dir='ltr' id='par_1_63' title="bbox 293 3693 3590 3768">
     <span class='ocr_line' id='line_1_63' title="bbox 293 3693 3590 3768; baseline -0.002 -16"><span class='ocrx_word' id='word_1_533' title='bbox 293 3705 410 3752; x_wconf 87' lang='lat' dir='ltr'>tem</span> <span class='ocrx_word' id='word_1_534' title='bbox 441 3698 807 3752; x_wconf 76' lang='lat' dir='ltr'>credentium.</span> <span class='ocrx_word' id='word_1_535' title='bbox 842 3699 1096 3768; x_wconf 87' lang='lat' dir='ltr'>Cumque</span> <span class='ocrx_word' id='word_1_536' title='bbox 1134 3696 1365 3752; x_wconf 86' lang='lat' dir='ltr'>vidisset</span> <span class='ocrx_word' id='word_1_537' title='bbox 1397 3697 1656 3751; x_wconf 88' lang='lat' dir='ltr'>arborem</span> <span class='ocrx_word' id='word_1_538' title='bbox 1699 3711 1894 3763; x_wconf 88' lang='lat' dir='ltr'>unam,</span> <span class='ocrx_word' id='word_1_539' title='bbox 1972 3699 2097 3768; x_wconf 71' lang='lat' dir='ltr'>post</span> <span class='ocrx_word' id='word_1_540' title='bbox 2125 3696 2357 3768; x_wconf 78' lang='lat' dir='ltr'>biduum</span> <span class='ocrx_word' id='word_1_541' title='bbox 2377 3695 2584 3768; x_wconf 74' lang='lat' dir='ltr'>pascha</span> <span class='ocrx_word' id='word_1_542' title='bbox 2611 3697 2764 3768; x_wconf 74' lang='lat' dir='ltr'>ﬁet...</span> <span class='ocrx_word' id='word_1_543' title='bbox 2794 3695 2874 3748; x_wconf 86' lang='lat' dir='ltr'>Ex</span> <span class='ocrx_word' id='word_1_544' title='bbox 2902 3693 2999 3748; x_wconf 89' lang='lat' dir='ltr'>illo</span> <span class='ocrx_word' id='word_1_545' title='bbox 3030 3707 3164 3768; x_wconf 75' lang='lat' dir='ltr'>ergo</span> <span class='ocrx_word' id='word_1_546' title='bbox 3191 3693 3281 3748; x_wconf 83' lang='lat' dir='ltr'>die</span> <span class='ocrx_word' id='word_1_547' title='bbox 3301 3710 3412 3764; x_wconf 86' lang='lat' dir='ltr'>quo</span> <span class='ocrx_word' id='word_1_548' title='bbox 3436 3695 3590 3748; x_wconf 85' lang='lat' dir='ltr'>venit</span> 
     </span>
    </p>
   </div>
   <div class='ocr_carea' id='block_1_64' title="bbox 291 3769 1893 3840">
    <p class='ocr_par' dir='ltr' id='par_1_64' title="bbox 291 3769 1893 3840">
     <span class='ocr_line' id='line_1_64' title="bbox 291 3769 1893 3840; baseline -0.001 -17"><span class='ocrx_word' id='word_1_549' title='bbox 291 3786 461 3840; x_wconf 91' lang='lat' dir='ltr'>quam</span> <span class='ocrx_word' id='word_1_550' title='bbox 488 3770 855 3840; x_wconf 76' lang='lat' dir='ltr'>intelligimus</span> <span class='ocrx_word' id='word_1_551' title='bbox 879 3785 1340 3840; x_wconf 80' lang='lat' dir='ltr'>synagogam.....</span> <span class='ocrx_word' id='word_1_552' title='bbox 1377 3769 1528 3823; x_wconf 90' lang='lat' dir='ltr'>venit</span> <span class='ocrx_word' id='word_1_553' title='bbox 1553 3769 1622 3822; x_wconf 87' lang='lat' dir='ltr'>ad</span> <span class='ocrx_word' id='word_1_554' title='bbox 1654 3785 1893 3822; x_wconf 89' lang='lat' dir='ltr'>eam.....</span> 
     </span>
    </p>
   </div>
   <div class='ocr_carea' id='block_1_65' title="bbox 291 3787 1898 3912">
    <p class='ocr_par' dir='ltr' id='par_1_65' title="bbox 291 3787 1898 3912">
     <span class='ocr_line' id='line_1_65' title="bbox 291 3787 1893 3840; baseline -0.001 -17"><span class='ocrx_word' id='word_1_555' title='bbox 291 3787 461 3840; x_wconf 89' lang='lat' dir='ltr'>quam</span> <span class='ocrx_word' id='word_1_556' title='bbox 488 3787 855 3839; x_wconf 70' lang='lat' dir='ltr'>intelligimus</span> <span class='ocrx_word' id='word_1_557' title='bbox 879 3787 907 3823; x_wconf 89' lang='lat' dir='ltr'>s</span> <span class='ocrx_word' id='word_1_558' title='bbox 947 3787 1340 3839; x_wconf 82' lang='lat' dir='ltr'>nagogam.....</span> <span class='ocrx_word' id='word_1_559' title='bbox 1377 3787 1528 3823; x_wconf 79' lang='lat' dir='ltr'>venit</span> <span class='ocrx_word' id='word_1_560' title='bbox 1553 3787 1622 3822; x_wconf 85' lang='lat' dir='ltr'>aa</span> <span class='ocrx_word' id='word_1_561' title='bbox 1654 3787 1893 3822; x_wconf 89' lang='lat' dir='ltr'>eam.....</span> 
     </span>
     <span class='ocr_line' id='line_1_66' title="bbox 291 3787 1898 3912; baseline -0.001 -18"><span class='ocrx_word' id='word_1_562' title='bbox 291 3841 549 3911; x_wconf 91' lang='lat' dir='ltr'>nihilque</span> <span class='ocrx_word' id='word_1_563' title='bbox 577 3837 791 3895; x_wconf 90' lang='lat' dir='ltr'>invenit</span> <span class='ocrx_word' id='word_1_564' title='bbox 817 3841 873 3894; x_wconf 92' lang='lat' dir='ltr'>in</span> <span class='ocrx_word' id='word_1_565' title='bbox 891 3787 1007 3904; x_wconf 61' lang='lat' dir='ltr'>iIla,</span> <span class='ocrx_word' id='word_1_566' title='bbox 1030 3840 1135 3893; x_wconf 90' lang='lat' dir='ltr'>nisi</span> <span class='ocrx_word' id='word_1_567' title='bbox 1147 3840 1280 3894; x_wconf 85' lang='lat' dir='ltr'>folia</span> <span class='ocrx_word' id='word_1_568' title='bbox 1297 3844 1538 3905; x_wconf 85' lang='lat' dir='ltr'>tantum,</span> <span class='ocrx_word' id='word_1_569' title='bbox 1569 3840 1898 3912; x_wconf 68' lang='lat' dir='ltr'>promisere-</span> 
     </span>
    </p>
   </div>
   <div class='ocr_carea' id='block_1_66' title="bbox 291 3911 1896 3982">
    <p class='ocr_par' dir='ltr' id='par_1_66' title="bbox 291 3911 1896 3982">
     <span class='ocr_line' id='line_1_67' title="bbox 291 3911 1896 3982; baseline -0.001 -16"><span class='ocrx_word' id='word_1_570' title='bbox 291 3929 428 3966; x_wconf 89' lang='lat' dir='ltr'>num</span> <span class='ocrx_word' id='word_1_571' title='bbox 445 3913 764 3982; x_wconf 90' lang='lat' dir='ltr'>strepitum,</span> <span class='ocrx_word' id='word_1_572' title='bbox 791 3911 1122 3965; x_wconf 89' lang='lat' dir='ltr'>traditiones</span> <span class='ocrx_word' id='word_1_573' title='bbox 1142 3911 1506 3981; x_wconf 89' lang='lat' dir='ltr'>pharisaicas,</span> <span class='ocrx_word' id='word_1_574' title='bbox 1528 3911 1896 3982; x_wconf 88' lang='lat' dir='ltr'>jactationem</span> 
     </span>
    </p>
   </div>
   <div class='ocr_carea' id='block_1_67' title="bbox 288 3983 1896 4052">
    <p class='ocr_par' dir='ltr' id='par_1_67' title="bbox 288 3983 1896 4052">
     <span class='ocr_line' id='line_1_68' title="bbox 288 3983 1896 4052; baseline 0 -16"><span class='ocrx_word' id='word_1_575' title='bbox 288 3984 449 4052; x_wconf 77' lang='lat' dir='ltr'>legis,</span> <span class='ocrx_word' id='word_1_576' title='bbox 483 3990 542 4038; x_wconf 88' lang='lat' dir='ltr'>et</span> <span class='ocrx_word' id='word_1_577' title='bbox 560 3985 642 4036; x_wconf 89' lang='lat' dir='ltr'>ait</span> <span class='ocrx_word' id='word_1_578' title='bbox 662 3983 742 4036; x_wconf 90' lang='lat' dir='ltr'>illi</span> <span class='ocrx_word' id='word_1_579' title='bbox 769 4003 782 4036; x_wconf 88' lang='lat'>:</span> <span class='ocrx_word' id='word_1_580' title='bbox 809 3985 1110 4050; x_wconf 74' lang='lat' dir='ltr'>Nunquam</span> <span class='ocrx_word' id='word_1_581' title='bbox 1140 3999 1204 4035; x_wconf 69' lang='lat' dir='ltr'>er</span> <span class='ocrx_word' id='word_1_582' title='bbox 1226 3989 1273 4036; x_wconf 87' lang='lat' dir='ltr'>te</span> <span class='ocrx_word' id='word_1_583' title='bbox 1285 3985 1504 4050; x_wconf 76' lang='lat' dir='ltr'>fructus</span> <span class='ocrx_word' id='word_1_584' title='bbox 1526 3989 1792 4038; x_wconf 85' lang='lat' dir='ltr'>nascatur</span> <span class='ocrx_word' id='word_1_585' title='bbox 1811 3983 1896 4036; x_wconf 86' lang='lat' dir='ltr'>vel</span> 
     </span>
    </p>
   </div>
   <div class='ocr_carea' id='block_1_68' title="bbox 293 4055 1893 4122">
    <p class='ocr_par' dir='ltr' id='par_1_68' title="bbox 293 4055 1893 4122">
     <span class='ocr_line' id='line_1_69' title="bbox 293 4055 1893 4122; baseline -0.003 -14"><span class='ocrx_word' id='word_1_586' title='bbox 293 4058 356 4108; x_wconf 86' lang='lat' dir='ltr'>in</span> <span class='ocrx_word' id='word_1_587' title='bbox 385 4058 802 4122; x_wconf 83' lang='lat' dir='ltr'>sempiternum,</span> <span class='ocrx_word' id='word_1_588' title='bbox 835 4055 921 4106; x_wconf 92' lang='lat' dir='ltr'>vel</span> <span class='ocrx_word' id='word_1_589' title='bbox 949 4057 1009 4106; x_wconf 83' lang='lat' dir='ltr'>in</span> <span class='ocrx_word' id='word_1_590' title='bbox 1034 4058 1316 4107; x_wconf 64' lang='lat' dir='ltr'>sesculum.</span> <span class='ocrx_word' id='word_1_591' title='bbox 1344 4057 1550 4110; x_wconf 83' lang='lat' dir='ltr'>Raban.</span> <span class='ocrx_word' id='word_1_592' title='bbox 1581 4057 1644 4107; x_wconf 83' lang='lat' dir='ltr'>in</span> <span class='ocrx_word' id='word_1_593' title='bbox 1673 4055 1893 4118; x_wconf 69' lang='lat' dir='ltr'>Matth,</span> 
     </span>
    </p>
   </div>
   <div class='ocr_carea' id='block_1_69' title="bbox 295 4124 1898 4196">
    <p class='ocr_par' dir='ltr' id='par_1_69' title="bbox 295 4124 1898 4196">
     <span class='ocr_line' id='line_1_70' title="bbox 295 4124 1898 4196; baseline -0.001 -17"><span class='ocrx_word' id='word_1_594' title='bbox 295 4141 362 4179; x_wconf 84' lang='lat' dir='ltr'>ex</span> <span class='ocrx_word' id='word_1_595' title='bbox 383 4126 439 4180; x_wconf 88' lang='lat' dir='ltr'>S.</span> <span class='ocrx_word' id='word_1_596' title='bbox 465 4127 820 4193; x_wconf 76' lang='lat' dir='ltr'>Hieronymo.</span> <span class='ocrx_word' id='word_1_597' title='bbox 856 4124 1146 4188; x_wconf 82' lang='lat' dir='ltr'>Quomodo</span> <span class='ocrx_word' id='word_1_598' title='bbox 1167 4125 1441 4179; x_wconf 89' lang='lat' dir='ltr'>Dominus</span> <span class='ocrx_word' id='word_1_599' title='bbox 1467 4126 1644 4196; x_wconf 89' lang='lat' dir='ltr'>multa</span> <span class='ocrx_word' id='word_1_600' title='bbox 1663 4125 1719 4178; x_wconf 92' lang='lat' dir='ltr'>in</span> <span class='ocrx_word' id='word_1_601' title='bbox 1739 4141 1898 4196; x_wconf 89' lang='lat' dir='ltr'>para-</span> 
     </span>
    </p>
   </div>
   <div class='ocr_carea' id='block_1_70' title="bbox 293 4195 1897 4266">
    <p class='ocr_par' dir='ltr' id='par_1_70' title="bbox 293 4195 1897 4266">
     <span class='ocr_line' id='line_1_71' title="bbox 293 4195 1897 4266; baseline 0.001 -17"><span class='ocrx_word' id='word_1_602' title='bbox 293 4195 438 4249; x_wconf 86' lang='lat' dir='ltr'>bolis</span> <span class='ocrx_word' id='word_1_603' title='bbox 467 4196 672 4260; x_wconf 89' lang='lat' dir='ltr'>dicere,</span> <span class='ocrx_word' id='word_1_604' title='bbox 699 4197 778 4250; x_wconf 88' lang='lat' dir='ltr'>ita</span> <span class='ocrx_word' id='word_1_605' title='bbox 807 4196 978 4250; x_wconf 87' lang='lat' dir='ltr'>etiam</span> <span class='ocrx_word' id='word_1_606' title='bbox 1007 4196 1279 4249; x_wconf 90' lang='lat' dir='ltr'>nonnulla</span> <span class='ocrx_word' id='word_1_607' title='bbox 1315 4196 1374 4250; x_wconf 90' lang='lat' dir='ltr'>in</span> <span class='ocrx_word' id='word_1_608' title='bbox 1407 4195 1686 4266; x_wconf 88' lang='lat' dir='ltr'>parabolis</span> <span class='ocrx_word' id='word_1_609' title='bbox 1715 4195 1897 4250; x_wconf 86' lang='lat' dir='ltr'>facere</span> 
     </span>
    </p>
   </div>
   <div class='ocr_carea' id='block_1_71' title="bbox 295 4266 1899 4321">
    <p class='ocr_par' dir='ltr' id='par_1_71' title="bbox 295 4266 1899 4321">
     <span class='ocr_line' id='line_1_72' title="bbox 295 4266 1899 4321; baseline -0.001 0"><span class='ocrx_word' id='word_1_610' title='bbox 295 4266 577 4321; x_wconf 88' lang='lat' dir='ltr'>solebat...</span> <span class='ocrx_word' id='word_1_611' title='bbox 610 4268 855 4321; x_wconf 85' lang='lat' dir='ltr'>arefacta</span> <span class='ocrx_word' id='word_1_612' title='bbox 883 4273 969 4320; x_wconf 91' lang='lat' dir='ltr'>est</span> <span class='ocrx_word' id='word_1_613' title='bbox 996 4269 1134 4320; x_wconf 86' lang='lat' dir='ltr'>ﬁcus</span> <span class='ocrx_word' id='word_1_614' title='bbox 1153 4266 1420 4321; x_wconf 86' lang='lat' dir='ltr'>radicitus</span> <span class='ocrx_word' id='word_1_615' title='bbox 1450 4272 1513 4320; x_wconf 90' lang='lat' dir='ltr'>ut</span> <span class='ocrx_word' id='word_1_616' title='bbox 1541 4267 1899 4321; x_wconf 85' lang='lat' dir='ltr'>intimaretur</span> 
     </span>
    </p>
   </div>
   <div class='ocr_carea' id='block_1_72' title="bbox 296 4338 1894 4408">
    <p class='ocr_par' dir='ltr' id='par_1_72' title="bbox 296 4338 1894 4408">
     <span class='ocr_line' id='line_1_73' title="bbox 296 4338 1894 4408; baseline 0 -16"><span class='ocrx_word' id='word_1_617' title='bbox 296 4338 540 4408; x_wconf 82' lang='lat' dir='ltr'>nefanda</span> <span class='ocrx_word' id='word_1_618' title='bbox 568 4338 722 4408; x_wconf 90' lang='lat' dir='ltr'>plebs</span> <span class='ocrx_word' id='word_1_619' title='bbox 749 4355 861 4392; x_wconf 90' lang='lat' dir='ltr'>non</span> <span class='ocrx_word' id='word_1_620' title='bbox 883 4339 1065 4392; x_wconf 87' lang='lat' dir='ltr'>solum</span> <span class='ocrx_word' id='word_1_621' title='bbox 1099 4339 1346 4392; x_wconf 85' lang='lat' dir='ltr'>humana</span> <span class='ocrx_word' id='word_1_622' title='bbox 1367 4338 1550 4408; x_wconf 83' lang='lat' dir='ltr'>gloria</span> <span class='ocrx_word' id='word_1_623' title='bbox 1567 4338 1894 4403; x_wconf 84' lang='lat' dir='ltr'>forinsecus,</span> 
     </span>
    </p>
   </div>
   <div class='ocr_carea' id='block_1_73' title="bbox 1980 3763 3581 3848">
    <p class='ocr_par' dir='ltr' id='par_1_73' title="bbox 1980 3763 3581 3848">
     <span class='ocr_line' id='line_1_74' title="bbox 1980 3763 3581 3848; baseline -0.001 -27"><span class='ocrx_word' id='word_1_624' title='bbox 1980 3765 2313 3848; x_wconf 64' lang='lat' dir='ltr'>Bethaniam</span> <span class='ocrx_word' id='word_1_625' title='bbox 2321 3805 2335 3831; x_wconf 94' lang='lat'>,</span> <span class='ocrx_word' id='word_1_626' title='bbox 2351 3770 2520 3848; x_wconf 75' lang='lat' dir='ltr'>atque</span> <span class='ocrx_word' id='word_1_627' title='bbox 2530 3765 2672 3846; x_wconf 77' lang='lat' dir='ltr'>illud</span> <span class='ocrx_word' id='word_1_628' title='bbox 2680 3765 2750 3819; x_wconf 89' lang='lat' dir='ltr'>de</span> <span class='ocrx_word' id='word_1_629' title='bbox 2761 3771 3051 3848; x_wconf 63' lang='lat' dir='ltr'>unguento</span> <span class='ocrx_word' id='word_1_630' title='bbox 3061 3763 3270 3848; x_wconf 59' lang='lat' dir='ltr'>factum</span> <span class='ocrx_word' id='word_1_631' title='bbox 3281 3763 3385 3830; x_wconf 73' lang='lat' dir='ltr'>est.</span> <span class='ocrx_word' id='word_1_632' title='bbox 3402 3773 3581 3848; x_wconf 75' lang='lat' dir='ltr'>usque</span> 
     </span>
    </p>
   </div>
   <div class='ocr_carea' id='block_1_74' title="bbox 1980 3835 3580 3907">
    <p class='ocr_par' dir='ltr' id='par_1_74' title="bbox 1980 3835 3580 3907">
     <span class='ocr_line' id='line_1_75' title="bbox 1980 3835 3580 3907; baseline 0 -15"><span class='ocrx_word' id='word_1_633' title='bbox 1980 3838 2052 3892; x_wconf 90' lang='lat' dir='ltr'>ad</span> <span class='ocrx_word' id='word_1_634' title='bbox 2075 3837 2226 3891; x_wconf 89' lang='lat' dir='ltr'>diem</span> <span class='ocrx_word' id='word_1_635' title='bbox 2256 3853 2367 3907; x_wconf 90' lang='lat' dir='ltr'>quo</span> <span class='ocrx_word' id='word_1_636' title='bbox 2397 3835 2506 3892; x_wconf 83' lang='lat' dir='ltr'>ista</span> <span class='ocrx_word' id='word_1_637' title='bbox 2526 3836 2713 3892; x_wconf 85' lang='lat' dir='ltr'>omnia</span> <span class='ocrx_word' id='word_1_638' title='bbox 2737 3842 2899 3906; x_wconf 82' lang='lat' dir='ltr'>gesta</span> <span class='ocrx_word' id='word_1_639' title='bbox 2926 3841 3096 3907; x_wconf 86' lang='lat' dir='ltr'>atque</span> <span class='ocrx_word' id='word_1_640' title='bbox 3124 3835 3277 3889; x_wconf 84' lang='lat' dir='ltr'>dicta</span> <span class='ocrx_word' id='word_1_641' title='bbox 3304 3843 3456 3907; x_wconf 81' lang='lat' dir='ltr'>sunt,</span> <span class='ocrx_word' id='word_1_642' title='bbox 3489 3835 3580 3892; x_wconf 41' lang='lat' dir='ltr'>ine</span> 
     </span>
    </p>
   </div>
   <div class='ocr_carea' id='block_1_75' title="bbox 1979 3907 3576 3978">
    <p class='ocr_par' dir='ltr' id='par_1_75' title="bbox 1979 3907 3576 3978">
     <span class='ocr_line' id='line_1_76' title="bbox 1979 3907 3576 3978; baseline -0.001 -15"><span class='ocrx_word' id='word_1_643' title='bbox 1979 3909 2308 3978; x_wconf 81' lang='lat' dir='ltr'>telligimus.</span> <span class='ocrx_word' id='word_1_644' title='bbox 2321 3943 2331 3960; x_wconf 89' lang='lat'>.</span> <span class='ocrx_word' id='word_1_645' title='bbox 2344 3925 2590 3963; x_wconf 88' lang='lat' dir='ltr'>.consum</span> <span class='ocrx_word' id='word_1_646' title='bbox 2597 3914 2758 3978; x_wconf 89' lang='lat' dir='ltr'>ptum</span> <span class='ocrx_word' id='word_1_647' title='bbox 2767 3907 2940 3964; x_wconf 86' lang='lat' dir='ltr'>fuisse</span> <span class='ocrx_word' id='word_1_648' title='bbox 2951 3907 3576 3978; x_wconf 56' lang='lat' dir='ltr'>quatriduumﬂabani,</span> 
     </span>
    </p>
   </div>
   <div class='ocr_carea' id='block_1_76' title="bbox 1979 3979 2681 4050">
    <p class='ocr_par' dir='ltr' id='par_1_76' title="bbox 1979 3979 2681 4050">
     <span class='ocr_line' id='line_1_77' title="bbox 1979 3979 2681 4050; baseline -0.003 -17"><span class='ocrx_word' id='word_1_649' title='bbox 1979 3981 2136 4044; x_wconf 88' lang='lat' dir='ltr'>ibid.,</span> <span class='ocrx_word' id='word_1_650' title='bbox 2167 3979 2263 4034; x_wconf 90' lang='lat' dir='ltr'>lib.</span> <span class='ocrx_word' id='word_1_651' title='bbox 2299 3995 2418 4045; x_wconf 78' lang='lat' dir='ltr'>VIII,</span> <span class='ocrx_word' id='word_1_652' title='bbox 2447 3992 2570 4050; x_wconf 87' lang='lat' dir='ltr'>cap.</span> <span class='ocrx_word' id='word_1_653' title='bbox 2594 3979 2681 4034; x_wconf 77' lang='lat'>‘26.</span> 
     </span>
    </p>
   </div>
   <div class='ocr_carea' id='block_1_77' title="bbox 2049 4051 3580 4120">
    <p class='ocr_par' dir='ltr' id='par_1_77' title="bbox 2049 4051 3580 4120">
     <span class='ocr_line' id='line_1_78' title="bbox 2049 4051 3580 4120; baseline -0.001 -14"><span class='ocrx_word' id='word_1_654' title='bbox 2049 4063 2072 4092; x_wconf 79' lang='grc' dir='ltr'><strong>ο</strong></span> <span class='ocrx_word' id='word_1_655' title='bbox 2103 4053 2168 4106; x_wconf 83' lang='lat' dir='ltr'>Et</span> <span class='ocrx_word' id='word_1_656' title='bbox 2199 4055 2604 4120; x_wconf 79' lang='lat' dir='ltr'>circumspectis</span> <span class='ocrx_word' id='word_1_657' title='bbox 2635 4051 2890 4104; x_wconf 85' lang='lat' dir='ltr'>omnibus</span> <span class='ocrx_word' id='word_1_658' title='bbox 2920 4053 3180 4119; x_wconf 84' lang='lat' dir='ltr'>cumjam</span> <span class='ocrx_word' id='word_1_659' title='bbox 3207 4059 3426 4119; x_wconf 71' lang='lat' dir='ltr'>uespera</span> <span class='ocrx_word' id='word_1_660' title='bbox 3452 4056 3580 4104; x_wconf 75' lang='lat' dir='ltr'>esset</span> 
     </span>
    </p>
   </div>
   <div class='ocr_carea' id='block_1_78' title="bbox 1977 4121 3580 4180">
    <p class='ocr_par' dir='ltr' id='par_1_78' title="bbox 1977 4121 3580 4180">
     <span class='ocr_line' id='line_1_79' title="bbox 1977 4121 3580 4180; baseline 0 -4"><span class='ocrx_word' id='word_1_661' title='bbox 1977 4124 2114 4177; x_wconf 88' lang='lat' dir='ltr'>hora</span> <span class='ocrx_word' id='word_1_662' title='bbox 2143 4126 2315 4180; x_wconf 73' lang='lat' dir='ltr'>arim&#39;t</span> <span class='ocrx_word' id='word_1_663' title='bbox 2347 4125 2408 4176; x_wconf 89' lang='lat' dir='ltr'>in</span> <span class='ocrx_word' id='word_1_664' title='bbox 2439 4123 2763 4176; x_wconf 84' lang='lat' dir='ltr'>Bethaniam</span> <span class='ocrx_word' id='word_1_665' title='bbox 2805 4138 2929 4176; x_wconf 87' lang='lat' dir='ltr'>cum</span> <span class='ocrx_word' id='word_1_666' title='bbox 2971 4122 3277 4177; x_wconf 73' lang='lat' dir='ltr'>duodecim.</span> <span class='ocrx_word' id='word_1_667' title='bbox 3320 4121 3446 4176; x_wconf 86' lang='lat' dir='ltr'>Non</span> <span class='ocrx_word' id='word_1_668' title='bbox 3474 4121 3580 4176; x_wconf 86' lang='lat' dir='ltr'>hoc</span> 
     </span>
    </p>
   </div>
   <div class='ocr_carea' id='block_1_79' title="bbox 1977 4189 3582 4264">
    <p class='ocr_par' dir='ltr' id='par_1_79' title="bbox 1977 4189 3582 4264">
     <span class='ocr_line' id='line_1_80' title="bbox 1977 4189 3582 4264; baseline -0.001 -16"><span class='ocrx_word' id='word_1_669' title='bbox 1977 4195 2150 4248; x_wconf 88' lang='lat' dir='ltr'>semel</span> <span class='ocrx_word' id='word_1_670' title='bbox 2179 4195 2328 4260; x_wconf 90' lang='lat' dir='ltr'>fecit,</span> <span class='ocrx_word' id='word_1_671' title='bbox 2357 4194 2455 4248; x_wconf 90' lang='lat' dir='ltr'>sed</span> <span class='ocrx_word' id='word_1_672' title='bbox 2483 4211 2585 4264; x_wconf 91' lang='lat' dir='ltr'>per</span> <span class='ocrx_word' id='word_1_673' title='bbox 2623 4209 2818 4248; x_wconf 83' lang='lat' dir='ltr'>omnes</span> <span class='ocrx_word' id='word_1_674' title='bbox 2847 4193 3094 4264; x_wconf 88' lang='lat' dir='ltr'>quinque</span> <span class='ocrx_word' id='word_1_675' title='bbox 3114 4193 3235 4248; x_wconf 87' lang='lat' dir='ltr'>dies</span> <span class='ocrx_word' id='word_1_676' title='bbox 3259 4207 3327 4248; x_wconf 79' lang='lat' dir='ltr'>ex</span> <span class='ocrx_word' id='word_1_677' title='bbox 3353 4209 3467 4264; x_wconf 87' lang='lat' dir='ltr'>quo</span> <span class='ocrx_word' id='word_1_678' title='bbox 3495 4189 3582 4247; x_wconf 81' lang='lat' dir='ltr'>Je-</span> 
     </span>
    </p>
   </div>
   <div class='ocr_carea' id='block_1_80' title="bbox 1978 4264 3578 4337">
    <p class='ocr_par' dir='ltr' id='par_1_80' title="bbox 1978 4264 3578 4337">
     <span class='ocr_line' id='line_1_81' title="bbox 1978 4264 3578 4337; baseline -0.001 -17"><span class='ocrx_word' id='word_1_679' title='bbox 1978 4267 2319 4337; x_wconf 90' lang='lat' dir='ltr'>rosolymam</span> <span class='ocrx_word' id='word_1_680' title='bbox 2361 4266 2690 4320; x_wconf 78' lang='lat' dir='ltr'>ascenderat</span> <span class='ocrx_word' id='word_1_681' title='bbox 2719 4280 2896 4337; x_wconf 87' lang='lat' dir='ltr'>usque</span> <span class='ocrx_word' id='word_1_682' title='bbox 2927 4264 2998 4337; x_wconf 74' lang='lat' dir='ltr'>ad</span> <span class='ocrx_word' id='word_1_683' title='bbox 3030 4270 3256 4336; x_wconf 85' lang='lat' dir='ltr'>tempus</span> <span class='ocrx_word' id='word_1_684' title='bbox 3282 4264 3578 4337; x_wconf 72' lang='lat' dir='ltr'>passionis,</span> 
     </span>
    </p>
   </div>
   <div class='ocr_carea' id='block_1_81' title="bbox 1979 4334 3580 4408">
    <p class='ocr_par' dir='ltr' id='par_1_81' title="bbox 1979 4334 3580 4408">
     <span class='ocr_line' id='line_1_82' title="bbox 1979 4334 3580 4408; baseline -0.001 -18"><span class='ocrx_word' id='word_1_685' title='bbox 1979 4337 2084 4390; x_wconf 91' lang='lat' dir='ltr'>hoc</span> <span class='ocrx_word' id='word_1_686' title='bbox 2119 4334 2305 4408; x_wconf 84' lang='lat' dir='ltr'>ipsum</span> <span class='ocrx_word' id='word_1_687' title='bbox 2351 4353 2573 4408; x_wconf 90' lang='lat' dir='ltr'>semper</span> <span class='ocrx_word' id='word_1_688' title='bbox 2611 4352 2778 4408; x_wconf 83' lang='lat' dir='ltr'>agere</span> <span class='ocrx_word' id='word_1_689' title='bbox 2811 4334 3035 4408; x_wconf 82' lang='lat' dir='ltr'>solebat</span> <span class='ocrx_word' id='word_1_690' title='bbox 3077 4334 3300 4406; x_wconf 49' lang='lat' dir='ltr'>ut&quot;per&#39;</span> <span class='ocrx_word' id='word_1_691' title='bbox 3323 4335 3473 4388; x_wconf 90' lang='lat' dir='ltr'>diem</span> <span class='ocrx_word' id='word_1_692' title='bbox 3521 4335 3580 4408; x_wconf 84' lang='lat' dir='ltr'>in</span> 
     </span>
    </p>
   </div>
   <div class='ocr_carea' id='block_1_82' title="bbox 295 4405 3579 4478">
    <p class='ocr_par' dir='ltr' id='par_1_82' title="bbox 295 4405 3579 4478">
     <span class='ocr_line' id='line_1_83' title="bbox 295 4405 3579 4478; baseline -0.001 -16"><span class='ocrx_word' id='word_1_693' title='bbox 295 4406 489 4463; x_wconf 81' lang='lat' dir='ltr'>verum</span> <span class='ocrx_word' id='word_1_694' title='bbox 520 4405 692 4463; x_wconf 77' lang='lat' dir='ltr'>etiam</span> <span class='ocrx_word' id='word_1_695' title='bbox 718 4409 907 4464; x_wconf 89' lang='lat' dir='ltr'>divino</span> <span class='ocrx_word' id='word_1_696' title='bbox 931 4409 1082 4464; x_wconf 89' lang='lat' dir='ltr'>intus</span> <span class='ocrx_word' id='word_1_697' title='bbox 1106 4409 1292 4464; x_wconf 89' lang='lat' dir='ltr'>favore</span> <span class='ocrx_word' id='word_1_698' title='bbox 1313 4405 1565 4464; x_wconf 71' lang='lat' dir='ltr'>funditus</span> <span class='ocrx_word' id='word_1_699' title='bbox 1589 4425 1708 4463; x_wconf 85' lang='lat' dir='ltr'>esse</span> <span class='ocrx_word' id='word_1_700' title='bbox 1729 4409 1962 4477; x_wconf 84' lang='lat' dir='ltr'>desti—D</span> <span class='ocrx_word' id='word_1_701' title='bbox 1980 4405 2192 4478; x_wconf 82' lang='lat' dir='ltr'>templo</span> <span class='ocrx_word' id='word_1_702' title='bbox 2223 4405 2756 4470; x_wconf 42' lang='lat' dir='ltr'>docerem—noctibus</span> <span class='ocrx_word' id='word_1_703' title='bbox 2783 4421 2914 4460; x_wconf 89' lang='lat' dir='ltr'>vero</span> <span class='ocrx_word' id='word_1_704' title='bbox 2942 4407 3132 4478; x_wconf 86' lang='lat' dir='ltr'>exiens</span> <span class='ocrx_word' id='word_1_705' title='bbox 3162 4405 3481 4476; x_wconf 83' lang='lat' dir='ltr'>moraretur</span> <span class='ocrx_word' id='word_1_706' title='bbox 3520 4405 3579 4460; x_wconf 90' lang='lat' dir='ltr'>in</span> 
     </span>
    </p>
   </div>
   <div class='ocr_carea' id='block_1_83' title="bbox 291 4481 1893 4548">
    <p class='ocr_par' dir='ltr' id='par_1_83' title="bbox 291 4481 1893 4548">
     <span class='ocr_line' id='line_1_84' title="bbox 291 4481 1893 4548; baseline -0.001 -14"><span class='ocrx_word' id='word_1_707' title='bbox 291 4481 523 4534; x_wconf 86' lang='lat' dir='ltr'>tuenda.</span> <span class='ocrx_word' id='word_1_708' title='bbox 555 4483 769 4536; x_wconf 82' lang='lat' dir='ltr'>Rabani</span> <span class='ocrx_word' id='word_1_709' title='bbox 795 4483 998 4535; x_wconf 81' lang='lat' dir='ltr'>llomil.</span> <span class='ocrx_word' id='word_1_710' title='bbox 1036 4483 1138 4548; x_wconf 83' lang='lat' dir='ltr'>fer.</span> <span class='ocrx_word' id='word_1_711' title='bbox 1183 4495 1237 4533; x_wconf 86' lang='lat' dir='ltr'>VI</span> <span class='ocrx_word' id='word_1_712' title='bbox 1281 4483 1432 4535; x_wconf 81' lang='lat' dir='ltr'>hebd.</span> <span class='ocrx_word' id='word_1_713' title='bbox 1476 4494 1533 4535; x_wconf 78' lang='lat' dir='ltr'><strong>IV</strong></span> <span class='ocrx_word' id='word_1_714' title='bbox 1567 4487 1684 4548; x_wconf 80' lang='lat' dir='ltr'>post</span> <span class='ocrx_word' id='word_1_715' title='bbox 1716 4483 1893 4543; x_wconf 57' lang='lat' dir='ltr'>Pent;</span> 
     </span>
    </p>
   </div>
   <div class='ocr_carea' id='block_1_84' title="bbox 293 4553 909 4617">
    <p class='ocr_par' dir='ltr' id='par_1_84' title="bbox 293 4553 909 4617">
     <span class='ocr_line' id='line_1_85' title="bbox 293 4553 909 4617; baseline -0.003 -11"><span class='ocrx_word' id='word_1_716' title='bbox 293 4553 436 4606; x_wconf 84' lang='lat' dir='ltr'>Beda</span> <span class='ocrx_word' id='word_1_717' title='bbox 466 4555 530 4605; x_wconf 84' lang='lat' dir='ltr'>in</span> <span class='ocrx_word' id='word_1_718' title='bbox 559 4554 754 4617; x_wconf 59' lang='lat' dir='ltr'>Maron,</span> <span class='ocrx_word' id='word_1_719' title='bbox 791 4554 909 4605; x_wconf 83' lang='lat' dir='ltr'>ibid</span> 
     </span>
    </p>
   </div>
   <div class='ocr_carea' id='block_1_85' title="bbox 367 4622 1899 4693">
    <p class='ocr_par' dir='ltr' id='par_1_85' title="bbox 367 4622 1899 4693">
     <span class='ocr_line' id='line_1_86' title="bbox 367 4622 1899 4693; baseline -0.001 -17"><span class='ocrx_word' id='word_1_720' title='bbox 367 4632 392 4661; x_wconf 72' lang='grc'>⁸</span> <span class='ocrx_word' id='word_1_721' title='bbox 416 4623 610 4676; x_wconf 88' lang='lat' dir='ltr'>Solent</span> <span class='ocrx_word' id='word_1_722' title='bbox 626 4623 886 4693; x_wconf 83' lang='lat' dir='ltr'>gentiles,</span> <span class='ocrx_word' id='word_1_723' title='bbox 911 4623 1006 4692; x_wconf 92' lang='lat' dir='ltr'>qui</span> <span class='ocrx_word' id='word_1_724' title='bbox 1037 4627 1234 4676; x_wconf 86' lang='lat' dir='ltr'>contra</span> <span class='ocrx_word' id='word_1_725' title='bbox 1261 4622 1564 4676; x_wconf 90' lang='lat' dir='ltr'>Ecclesiam</span> <span class='ocrx_word' id='word_1_726' title='bbox 1600 4622 1899 4676; x_wconf 81' lang='lat' dir='ltr'>maledicta</span> 
     </span>
    </p>
   </div>
   <div class='ocr_carea' id='block_1_86' title="bbox 294 4693 1898 4764">
    <p class='ocr_par' dir='ltr' id='par_1_86' title="bbox 294 4693 1898 4764">
     <span class='ocr_line' id='line_1_87' title="bbox 294 4693 1898 4764; baseline 0.001 -18"><span class='ocrx_word' id='word_1_727' title='bbox 294 4693 571 4764; x_wconf 87' lang='lat' dir='ltr'>scripsere</span> <span class='ocrx_word' id='word_1_728' title='bbox 593 4697 876 4758; x_wconf 83' lang='lat' dir='ltr'>(Julianus</span> <span class='ocrx_word' id='word_1_729' title='bbox 897 4698 1194 4764; x_wconf 82' lang='lat' dir='ltr'>Augustus,</span> <span class='ocrx_word' id='word_1_730' title='bbox 1217 4695 1600 4761; x_wconf 66' lang='lat' dir='ltr'>Porphyrius),</span> <span class='ocrx_word' id='word_1_731' title='bbox 1619 4693 1898 4764; x_wconf 82' lang='lat' dir='ltr'>imprope-</span> 
     </span>
    </p>
   </div>
   <div class='ocr_carea' id='block_1_87' title="bbox 293 4763 1892 4836">
    <p class='ocr_par' dir='ltr' id='par_1_87' title="bbox 293 4763 1892 4836">
     <span class='ocr_line' id='line_1_88' title="bbox 293 4763 1892 4836; baseline 0.001 -20"><span class='ocrx_word' id='word_1_732' title='bbox 293 4763 426 4836; x_wconf 83' lang='lat' dir='ltr'>rare</span> <span class='ocrx_word' id='word_1_733' title='bbox 447 4764 670 4830; x_wconf 84' lang='lat' dir='ltr'>nostris,</span> <span class='ocrx_word' id='word_1_734' title='bbox 693 4766 838 4836; x_wconf 87' lang='lat' dir='ltr'>quod</span> <span class='ocrx_word' id='word_1_735' title='bbox 862 4781 973 4818; x_wconf 88' lang='lat' dir='ltr'>non</span> <span class='ocrx_word' id='word_1_736' title='bbox 990 4763 1289 4818; x_wconf 90' lang='lat' dir='ltr'>habuerint</span> <span class='ocrx_word' id='word_1_737' title='bbox 1315 4765 1538 4835; x_wconf 88' lang='lat' dir='ltr'>plenam</span> <span class='ocrx_word' id='word_1_738' title='bbox 1569 4763 1742 4818; x_wconf 88' lang='lat' dir='ltr'>ﬁdem</span> <span class='ocrx_word' id='word_1_739' title='bbox 1773 4763 1892 4836; x_wconf 89' lang='lat' dir='ltr'>Dei,</span> 
     </span>
    </p>
   </div>
   <div class='ocr_carea' id='block_1_88' title="bbox 295 4835 1897 4906">
    <p class='ocr_par' dir='ltr' id='par_1_88' title="bbox 295 4835 1897 4906">
     <span class='ocr_line' id='line_1_89' title="bbox 295 4835 1897 4906; baseline 0.001 -18"><span class='ocrx_word' id='word_1_740' title='bbox 295 4835 433 4906; x_wconf 88' lang='lat' dir='ltr'>quia</span> <span class='ocrx_word' id='word_1_741' title='bbox 459 4851 747 4906; x_wconf 89' lang='lat' dir='ltr'>nunquam</span> <span class='ocrx_word' id='word_1_742' title='bbox 773 4841 994 4889; x_wconf 88' lang='lat' dir='ltr'>montes</span> <span class='ocrx_word' id='word_1_743' title='bbox 1013 4836 1315 4889; x_wconf 68' lang='lat' dir='ltr'>transferre</span> <span class='ocrx_word' id='word_1_744' title='bbox 1348 4836 1666 4906; x_wconf 86' lang='lat' dir='ltr'>potuerint;</span> <span class='ocrx_word' id='word_1_745' title='bbox 1693 4835 1897 4906; x_wconf 83' lang='lat' dir='ltr'>quibus</span> 
     </span>
    </p>
   </div>
   <div class='ocr_carea' id='block_1_89' title="bbox 295 4907 1899 4978">
    <p class='ocr_par' dir='ltr' id='par_1_89' title="bbox 295 4907 1899 4978">
     <span class='ocr_line' id='line_1_90' title="bbox 295 4907 1899 4978; baseline 0.001 -19"><span class='ocrx_word' id='word_1_746' title='bbox 295 4907 818 4978; x_wconf 86' lang='lat' dir='ltr'>respondendum...</span> <span class='ocrx_word' id='word_1_747' title='bbox 867 4913 924 4960; x_wconf 88' lang='lat' dir='ltr'>et</span> <span class='ocrx_word' id='word_1_748' title='bbox 963 4907 1077 4978; x_wconf 6' lang='lat' dir='ltr'>hoc,</span> <span class='ocrx_word' id='word_1_749' title='bbox 1104 4923 1325 4977; x_wconf 87' lang='lat' dir='ltr'>quoque</span> <span class='ocrx_word' id='word_1_750' title='bbox 1363 4907 1486 4961; x_wconf 87' lang='lat' dir='ltr'>ﬁeri</span> <span class='ocrx_word' id='word_1_751' title='bbox 1523 4907 1791 4978; x_wconf 81' lang='lat' dir='ltr'>potuisse,</span> <span class='ocrx_word' id='word_1_752' title='bbox 1834 4913 1899 4962; x_wconf 88' lang='lat' dir='ltr'>ut</span> 
     </span>
    </p>
   </div>
   <div class='ocr_carea' id='block_1_90' title="bbox 295 4977 1899 5043">
    <p class='ocr_par' dir='ltr' id='par_1_90' title="bbox 295 4977 1899 5043">
     <span class='ocr_line' id='line_1_91' title="bbox 295 4977 1899 5043; baseline 0.001 -13"><span class='ocrx_word' id='word_1_753' title='bbox 295 4993 462 5031; x_wconf 88' lang='lat' dir='ltr'>mons</span> <span class='ocrx_word' id='word_1_754' title='bbox 490 4977 710 5032; x_wconf 87' lang='lat' dir='ltr'>ablatus</span> <span class='ocrx_word' id='word_1_755' title='bbox 738 4978 806 5031; x_wconf 91' lang='lat' dir='ltr'>de</span> <span class='ocrx_word' id='word_1_756' title='bbox 837 4984 991 5032; x_wconf 87' lang='lat' dir='ltr'>terra</span> <span class='ocrx_word' id='word_1_757' title='bbox 1009 4977 1329 5032; x_wconf 86' lang='lat' dir='ltr'>mitteretur</span> <span class='ocrx_word' id='word_1_758' title='bbox 1356 4979 1414 5032; x_wconf 93' lang='lat' dir='ltr'>in</span> <span class='ocrx_word' id='word_1_759' title='bbox 1443 4977 1617 5043; x_wconf 82' lang='lat' dir='ltr'>mare,</span> <span class='ocrx_word' id='word_1_760' title='bbox 1643 4979 1690 5032; x_wconf 89' lang='lat' dir='ltr'>si</span> <span class='ocrx_word' id='word_1_761' title='bbox 1713 4991 1899 5032; x_wconf 57' lang='lat' dir='ltr'>neces.</span> 
     </span>
    </p>
   </div>
   <div class='ocr_carea' id='block_1_91' title="bbox 295 5048 1899 5120">
    <p class='ocr_par' dir='ltr' id='par_1_91' title="bbox 295 5048 1899 5120">
     <span class='ocr_line' id='line_1_92' title="bbox 295 5048 1899 5120; baseline 0.001 -19"><span class='ocrx_word' id='word_1_762' title='bbox 295 5048 445 5120; x_wconf 88' lang='lat' dir='ltr'>sitas</span> <span class='ocrx_word' id='word_1_763' title='bbox 458 5049 517 5120; x_wconf 88' lang='lat' dir='ltr'>id</span> <span class='ocrx_word' id='word_1_764' title='bbox 541 5049 660 5120; x_wconf 86' lang='lat' dir='ltr'>ﬁeri</span> <span class='ocrx_word' id='word_1_765' title='bbox 693 5049 1054 5120; x_wconf 86' lang='lat' dir='ltr'>poposcisset.</span> <span class='ocrx_word' id='word_1_766' title='bbox 1094 5049 1383 5120; x_wconf 84' lang='lat' dir='ltr'>Quomodo</span> <span class='ocrx_word' id='word_1_767' title='bbox 1421 5050 1662 5119; x_wconf 81' lang='lat' dir='ltr'>legimus</span> <span class='ocrx_word' id='word_1_768' title='bbox 1689 5051 1899 5120; x_wconf 82' lang='lat' dir='ltr'>factum</span> 
     </span>
    </p>
   </div>
   <div class='ocr_carea' id='block_1_92' title="bbox 293 5117 1901 5201">
    <p class='ocr_par' dir='ltr' id='par_1_92' title="bbox 293 5117 1901 5201">
     <span class='ocr_line' id='line_1_93' title="bbox 293 5117 1901 5201; baseline 0.001 -29"><span class='ocrx_word' id='word_1_769' title='bbox 293 5119 559 5201; x_wconf 77' lang='lat' dir='ltr'>precibus</span> <span class='ocrx_word' id='word_1_770' title='bbox 597 5117 746 5201; x_wconf 72' lang='lat' dir='ltr'>beati</span> <span class='ocrx_word' id='word_1_771' title='bbox 770 5117 964 5201; x_wconf 74' lang='lat' dir='ltr'>patris</span> <span class='ocrx_word' id='word_1_772' title='bbox 1006 5117 1300 5201; x_wconf 46' lang='lat' dir='ltr'>Gregorii,‘</span> <span class='ocrx_word' id='word_1_773' title='bbox 1326 5117 1706 5201; x_wconf 63' lang='lat' dir='ltr'>Neocaesarize</span> <span class='ocrx_word' id='word_1_774' title='bbox 1735 5117 1901 5175; x_wconf 86' lang='lat' dir='ltr'>Ponti</span> 
     </span>
    </p>
   </div>
   <div class='ocr_carea' id='block_1_93' title="bbox 295 5190 1900 5257">
    <p class='ocr_par' dir='ltr' id='par_1_93' title="bbox 295 5190 1900 5257">
     <span class='ocr_line' id='line_1_94' title="bbox 295 5190 1900 5257; baseline 0.001 -13"><span class='ocrx_word' id='word_1_775' title='bbox 295 5191 591 5256; x_wconf 88' lang='lat' dir='ltr'>antistitis,</span> <span class='ocrx_word' id='word_1_776' title='bbox 623 5191 741 5252; x_wconf 87' lang='lat' dir='ltr'>viri,</span> <span class='ocrx_word' id='word_1_777' title='bbox 769 5191 986 5245; x_wconf 89' lang='lat' dir='ltr'>meritis</span> <span class='ocrx_word' id='word_1_778' title='bbox 1017 5198 1074 5244; x_wconf 90' lang='lat' dir='ltr'>et</span> <span class='ocrx_word' id='word_1_779' title='bbox 1094 5190 1390 5244; x_wconf 86' lang='lat' dir='ltr'>virtutibus</span> <span class='ocrx_word' id='word_1_780' title='bbox 1414 5191 1620 5257; x_wconf 79' lang='lat' dir='ltr'>eximii,</span> <span class='ocrx_word' id='word_1_781' title='bbox 1653 5197 1718 5246; x_wconf 89' lang='lat' dir='ltr'>ut</span> <span class='ocrx_word' id='word_1_782' title='bbox 1739 5205 1900 5245; x_wconf 89' lang='lat' dir='ltr'>mons</span> 
     </span>
    </p>
   </div>
   <div class='ocr_carea' id='block_1_94' title="bbox 294 5262 1898 5332">
    <p class='ocr_par' dir='ltr' id='par_1_94' title="bbox 294 5262 1898 5332">
     <span class='ocr_line' id='line_1_95' title="bbox 294 5262 1898 5332; baseline 0 -17"><span class='ocrx_word' id='word_1_783' title='bbox 294 5262 358 5315; x_wconf 92' lang='lat' dir='ltr'>in</span> <span class='ocrx_word' id='word_1_784' title='bbox 381 5267 532 5316; x_wconf 85' lang='lat' dir='ltr'>terra</span> <span class='ocrx_word' id='word_1_785' title='bbox 560 5267 780 5316; x_wconf 88' lang='lat' dir='ltr'>tantum</span> <span class='ocrx_word' id='word_1_786' title='bbox 805 5263 924 5316; x_wconf 92' lang='lat' dir='ltr'>loco</span> <span class='ocrx_word' id='word_1_787' title='bbox 961 5263 1200 5324; x_wconf 88' lang='lat' dir='ltr'>cederet,</span> <span class='ocrx_word' id='word_1_788' title='bbox 1238 5267 1512 5332; x_wconf 90' lang='lat' dir='ltr'>quantum</span> <span class='ocrx_word' id='word_1_789' title='bbox 1541 5262 1734 5316; x_wconf 83' lang='lat' dir='ltr'>incolae</span> <span class='ocrx_word' id='word_1_790' title='bbox 1764 5263 1898 5315; x_wconf 81' lang='lat' dir='ltr'>civi-</span> 
     </span>
    </p>
   </div>
   <div class='ocr_carea' id='block_1_95' title="bbox 294 5332 1903 5403">
    <p class='ocr_par' dir='ltr' id='par_1_95' title="bbox 294 5332 1903 5403">
     <span class='ocr_line' id='line_1_96' title="bbox 294 5332 1903 5403; baseline 0 -17"><span class='ocrx_word' id='word_1_791' title='bbox 294 5332 434 5386; x_wconf 83' lang='lat' dir='ltr'>tatis</span> <span class='ocrx_word' id='word_1_792' title='bbox 463 5349 602 5403; x_wconf 91' lang='lat' dir='ltr'>opus</span> <span class='ocrx_word' id='word_1_793' title='bbox 625 5333 922 5403; x_wconf 81' lang='lat' dir='ltr'>habebant.</span> <span class='ocrx_word' id='word_1_794' title='bbox 957 5335 1170 5388; x_wconf 82' lang='lat' dir='ltr'>Rabani</span> <span class='ocrx_word' id='word_1_795' title='bbox 1190 5335 1252 5386; x_wconf 85' lang='lat' dir='ltr'>in</span> <span class='ocrx_word' id='word_1_796' title='bbox 1275 5335 1494 5398; x_wconf 54' lang='lat' dir='ltr'>Mallia,</span> <span class='ocrx_word' id='word_1_797' title='bbox 1527 5336 1661 5388; x_wconf 83' lang='lat' dir='ltr'>ibid.</span> <span class='ocrx_word' id='word_1_798' title='bbox 1692 5332 1749 5387; x_wconf 88' lang='lat' dir='ltr'>S.</span> <span class='ocrx_word' id='word_1_799' title='bbox 1781 5335 1903 5388; x_wconf 81' lang='lat' dir='ltr'>Ilie-</span> 
     </span>
    </p>
   </div>
   <div class='ocr_carea' id='block_1_96' title="bbox 297 5401 843 5470">
    <p class='ocr_par' dir='ltr' id='par_1_96' title="bbox 297 5401 843 5470">
     <span class='ocr_line' id='line_1_97' title="bbox 297 5401 843 5470; baseline 0.004 -15"><span class='ocrx_word' id='word_1_800' title='bbox 297 5401 529 5470; x_wconf 67' lang='lat' dir='ltr'>ronyrri.</span> <span class='ocrx_word' id='word_1_801' title='bbox 557 5407 618 5458; x_wconf 86' lang='lat' dir='ltr'>in</span> <span class='ocrx_word' id='word_1_802' title='bbox 648 5401 843 5458; x_wconf 69' lang='lat' dir='ltr'>Matth.</span> 
     </span>
    </p>
   </div>
   <div class='ocr_carea' id='block_1_97' title="bbox 376 5471 1902 5541">
    <p class='ocr_par' dir='ltr' id='par_1_97' title="bbox 376 5471 1902 5541">
     <span class='ocr_line' id='line_1_98' title="bbox 376 5471 1902 5541; baseline 0.001 -14"><span class='ocrx_word' id='word_1_803' title='bbox 376 5471 402 5512; x_wconf 68' lang='grc' dir='ltr'>ι)</span> <span class='ocrx_word' id='word_1_804' title='bbox 423 5475 488 5527; x_wconf 83' lang='lat' dir='ltr'>Et</span> <span class='ocrx_word' id='word_1_805' title='bbox 518 5477 730 5541; x_wconf 76' lang='lat' dir='ltr'>factum</span> <span class='ocrx_word' id='word_1_806' title='bbox 756 5480 830 5528; x_wconf 82' lang='lat' dir='ltr'>est</span> <span class='ocrx_word' id='word_1_807' title='bbox 860 5492 986 5528; x_wconf 88' lang='lat' dir='ltr'>cum</span> <span class='ocrx_word' id='word_1_808' title='bbox 1007 5481 1434 5530; x_wconf 84' lang='lat' dir='ltr'>consummasset</span> <span class='ocrx_word' id='word_1_809' title='bbox 1461 5479 1615 5530; x_wconf 82' lang='lat' dir='ltr'>Jesus</span> <span class='ocrx_word' id='word_1_810' title='bbox 1628 5492 1902 5528; x_wconf 80' lang='lat' dir='ltr'>sermones</span> 
     </span>
    </p>
   </div>
   <div class='ocr_carea' id='block_1_98' title="bbox 300 5546 1899 5617">
    <p class='ocr_par' dir='ltr' id='par_1_98' title="bbox 300 5546 1899 5617">
     <span class='ocr_line' id='line_1_99' title="bbox 300 5546 1899 5617; baseline 0.003 -22"><span class='ocrx_word' id='word_1_811' title='bbox 300 5546 400 5617; x_wconf 75' lang='lat' dir='ltr'>hos</span> <span class='ocrx_word' id='word_1_812' title='bbox 427 5561 628 5617; x_wconf 69' lang='lat' dir='ltr'>omnes.</span> <span class='ocrx_word' id='word_1_813' title='bbox 664 5546 1054 5617; x_wconf 78' lang='lat' dir='ltr'>Scilicetquos</span> <span class='ocrx_word' id='word_1_814' title='bbox 1086 5546 1154 5600; x_wconf 93' lang='lat' dir='ltr'>de</span> <span class='ocrx_word' id='word_1_815' title='bbox 1182 5547 1664 5600; x_wconf 86' lang='lat' dir='ltr'>consummatione</span> <span class='ocrx_word' id='word_1_816' title='bbox 1683 5547 1899 5611; x_wconf 89' lang='lat' dir='ltr'>mundi,</span> 
     </span>
    </p>
   </div>
   <div class='ocr_carea' id='block_1_99' title="bbox 297 5609 1905 5690">
    <p class='ocr_par' dir='ltr' id='par_1_99' title="bbox 297 5609 1905 5690">
     <span class='ocr_line' id='line_1_100' title="bbox 297 5609 1905 5690; baseline 0.003 -23"><span class='ocrx_word' id='word_1_817' title='bbox 297 5615 392 5668; x_wconf 86' lang='lat' dir='ltr'>vel</span> <span class='ocrx_word' id='word_1_818' title='bbox 420 5609 490 5690; x_wconf 84' lang='lat' dir='ltr'>de</span> <span class='ocrx_word' id='word_1_819' title='bbox 514 5615 848 5672; x_wconf 86' lang='lat' dir='ltr'>discretione</span> <span class='ocrx_word' id='word_1_820' title='bbox 882 5609 1081 5688; x_wconf 81' lang='lat' dir='ltr'>jlidicii</span> <span class='ocrx_word' id='word_1_821' title='bbox 1127 5617 1507 5690; x_wconf 83' lang='lat' dir='ltr'>proferebat...</span> <span class='ocrx_word' id='word_1_822' title='bbox 1551 5609 1905 5689; x_wconf 56' lang='lat' dir='ltr'>pradicando</span> 
     </span>
    </p>
   </div>
   <div class='ocr_carea' id='block_1_100' title="bbox 300 5687 1904 5760">
    <p class='ocr_par' dir='ltr' id='par_1_100' title="bbox 300 5687 1904 5760">
     <span class='ocr_line' id='line_1_101' title="bbox 300 5687 1904 5760; baseline 0.002 -20"><span class='ocrx_word' id='word_1_823' title='bbox 300 5687 700 5758; x_wconf 87' lang='lat' dir='ltr'>compleverat.</span> <span class='ocrx_word' id='word_1_824' title='bbox 730 5687 895 5746; x_wconf 83' lang='lat' dir='ltr'>Nunc</span> <span class='ocrx_word' id='word_1_825' title='bbox 920 5691 1066 5744; x_wconf 66' lang='lat' dir='ltr'>dicit</span> <span class='ocrx_word' id='word_1_826' title='bbox 1093 5687 1378 5758; x_wconf 75' lang='lat' dir='ltr'>discipulis</span> <span class='ocrx_word' id='word_1_827' title='bbox 1407 5693 1523 5744; x_wconf 85' lang='lat' dir='ltr'>suis</span> <span class='ocrx_word' id='word_1_828' title='bbox 1546 5687 1570 5744; x_wconf 70' lang='grc' dir='ltr'><em>Ξ</em></span> <span class='ocrx_word' id='word_1_829' title='bbox 1581 5690 1745 5746; x_wconf 86' lang='lat' dir='ltr'>Scitis</span> <span class='ocrx_word' id='word_1_830' title='bbox 1769 5692 1904 5760; x_wconf 88' lang='lat' dir='ltr'>quia</span> 
     </span>
    </p>
   </div>
   <div class='ocr_carea' id='block_1_101' title="bbox 1981 4477 3575 4547">
    <p class='ocr_par' dir='ltr' id='par_1_101' title="bbox 1981 4477 3575 4547">
     <span class='ocr_line' id='line_1_102' title="bbox 1981 4477 3575 4547; baseline -0.001 -15"><span class='ocrx_word' id='word_1_831' title='bbox 1981 4477 2408 4544; x_wconf 82' lang='lat' dir='ltr'>monteOliveti,</span> <span class='ocrx_word' id='word_1_832' title='bbox 2433 4478 2580 4532; x_wconf 86' lang='lat' dir='ltr'>sicut</span> <span class='ocrx_word' id='word_1_833' title='bbox 2607 4479 2666 4531; x_wconf 92' lang='lat' dir='ltr'>in</span> <span class='ocrx_word' id='word_1_834' title='bbox 2685 4478 2836 4532; x_wconf 88' lang='lat' dir='ltr'>Luca</span> <span class='ocrx_word' id='word_1_835' title='bbox 2855 4477 3112 4547; x_wconf 82' lang='lat' dir='ltr'>legimus.</span> <span class='ocrx_word' id='word_1_836' title='bbox 3138 4479 3346 4533; x_wconf 80' lang='lat' dir='ltr'>Raban.</span> <span class='ocrx_word' id='word_1_837' title='bbox 3370 4478 3575 4531; x_wconf 83' lang='lat' dir='ltr'>Homil.</span> 
     </span>
    </p>
   </div>
   <div class='ocr_carea' id='block_1_102' title="bbox 1979 4550 2869 4617">
    <p class='ocr_par' dir='ltr' id='par_1_102' title="bbox 1979 4550 2869 4617">
     <span class='ocr_line' id='line_1_103' title="bbox 1979 4550 2869 4617; baseline -0.003 -14"><span class='ocrx_word' id='word_1_838' title='bbox 1979 4552 2066 4617; x_wconf 82' lang='lat' dir='ltr'>fer</span> <span class='ocrx_word' id='word_1_839' title='bbox 2121 4565 2176 4604; x_wconf 78' lang='lat' dir='ltr'>vi</span> <span class='ocrx_word' id='word_1_840' title='bbox 2206 4551 2454 4603; x_wconf 85' lang='lat' dir='ltr'>hebdom.</span> <span class='ocrx_word' id='word_1_841' title='bbox 2483 4563 2540 4602; x_wconf 79' lang='lat' dir='ltr'>1v</span> <span class='ocrx_word' id='word_1_842' title='bbox 2567 4553 2687 4617; x_wconf 85' lang='lat' dir='ltr'>post</span> <span class='ocrx_word' id='word_1_843' title='bbox 2714 4550 2869 4602; x_wconf 82' lang='lat' dir='ltr'>Pent.</span> 
     </span>
    </p>
   </div>
   <div class='ocr_carea' id='block_1_103' title="bbox 2051 4617 3579 4686">
    <p class='ocr_par' dir='ltr' id='par_1_103' title="bbox 2051 4617 3579 4686">
     <span class='ocr_line' id='line_1_104' title="bbox 2051 4617 3579 4686; baseline -0.003 -10"><span class='ocrx_word' id='word_1_844' title='bbox 2051 4621 2078 4661; x_wconf 75' lang='grc' dir='ltr'>ά</span> <span class='ocrx_word' id='word_1_845' title='bbox 2101 4623 2390 4676; x_wconf 81' lang='lat' dir='ltr'>Hinnulus</span> <span class='ocrx_word' id='word_1_846' title='bbox 2415 4633 2702 4674; x_wconf 67' lang='lat' dir='ltr'>comarum</span> <span class='ocrx_word' id='word_1_847' title='bbox 2730 4619 3006 4684; x_wconf 84' lang='lat' dir='ltr'>Christus,</span> <span class='ocrx_word' id='word_1_848' title='bbox 3041 4623 3107 4673; x_wconf 88' lang='lat' dir='ltr'>ut</span> <span class='ocrx_word' id='word_1_849' title='bbox 3137 4617 3303 4686; x_wconf 86' lang='lat' dir='ltr'>infra,</span> <span class='ocrx_word' id='word_1_850' title='bbox 3345 4633 3413 4674; x_wconf 78' lang='lat' dir='ltr'>ex</span> <span class='ocrx_word' id='word_1_851' title='bbox 3441 4622 3579 4674; x_wconf 77' lang='lat' dir='ltr'>alte-</span> 
     </span>
    </p>
   </div>
   <div class='ocr_carea' id='block_1_104' title="bbox 1976 4693 2406 4759">
    <p class='ocr_par' dir='ltr' id='par_1_104' title="bbox 1976 4693 2406 4759">
     <span class='ocr_line' id='line_1_105' title="bbox 1976 4693 2406 4759; baseline -0.005 -15"><span class='ocrx_word' id='word_1_852' title='bbox 1976 4694 2149 4759; x_wconf 85' lang='lat' dir='ltr'>gariis</span> <span class='ocrx_word' id='word_1_853' title='bbox 2173 4693 2406 4747; x_wconf 80' lang='lat' dir='ltr'>Rabani.</span> 
     </span>
    </p>
   </div>
   <div class='ocr_carea' id='block_1_105' title="bbox 2050 4760 3582 4844">
    <p class='ocr_par' dir='ltr' id='par_1_105' title="bbox 2050 4760 3582 4844">
     <span class='ocr_line' id='line_1_106' title="bbox 2050 4760 3582 4844; baseline -0.001 -29"><span class='ocrx_word' id='word_1_854' title='bbox 2050 4761 2347 4844; x_wconf 61' lang='lat' dir='ltr'>alieliquit</span> <span class='ocrx_word' id='word_1_855' title='bbox 2384 4761 2720 4844; x_wconf 54' lang='lat' dir='ltr'>incredulos,</span> <span class='ocrx_word' id='word_1_856' title='bbox 2756 4766 2815 4816; x_wconf 87' lang='lat' dir='ltr'>et</span> <span class='ocrx_word' id='word_1_857' title='bbox 2841 4760 2979 4815; x_wconf 90' lang='lat' dir='ltr'>urbe</span> <span class='ocrx_word' id='word_1_858' title='bbox 2996 4775 3264 4844; x_wconf 65' lang='lat' dir='ltr'>egressus</span> <span class='ocrx_word' id='word_1_859' title='bbox 3303 4761 3582 4844; x_wconf 49' lang='lat' dir='ltr'>contradis</span> 
     </span>
    </p>
   </div>
   <div class='ocr_carea' id='block_1_106' title="bbox 1979 4832 3579 4903">
    <p class='ocr_par' dir='ltr' id='par_1_106' title="bbox 1979 4832 3579 4903">
     <span class='ocr_line' id='line_1_107' title="bbox 1979 4832 3579 4903; baseline -0.002 -16"><span class='ocrx_word' id='word_1_860' title='bbox 1979 4833 2224 4887; x_wconf 89' lang='lat' dir='ltr'>centium</span> <span class='ocrx_word' id='word_1_861' title='bbox 2245 4832 2355 4886; x_wconf 81' lang='lat' dir='ltr'>ivit</span> <span class='ocrx_word' id='word_1_862' title='bbox 2382 4832 2441 4887; x_wconf 94' lang='lat' dir='ltr'>in</span> <span class='ocrx_word' id='word_1_863' title='bbox 2477 4833 2825 4894; x_wconf 85' lang='lat' dir='ltr'>Bethaniam.</span> <span class='ocrx_word' id='word_1_864' title='bbox 2867 4833 3015 4902; x_wconf 90' lang='lat' dir='ltr'>quod</span> <span class='ocrx_word' id='word_1_865' title='bbox 3045 4832 3450 4903; x_wconf 86' lang='lat' dir='ltr'>interpretatur</span> <span class='ocrx_word' id='word_1_866' title='bbox 3484 4835 3579 4884; x_wconf 88' lang='lat' dir='ltr'>do-</span> 
     </span>
    </p>
   </div>
   <div class='ocr_carea' id='block_1_107' title="bbox 1979 4904 3582 4974">
    <p class='ocr_par' dir='ltr' id='par_1_107' title="bbox 1979 4904 3582 4974">
     <span class='ocr_line' id='line_1_108' title="bbox 1979 4904 3582 4974; baseline -0.001 -16"><span class='ocrx_word' id='word_1_867' title='bbox 1979 4921 2102 4958; x_wconf 85' lang='lat' dir='ltr'>mus</span> <span class='ocrx_word' id='word_1_868' title='bbox 2131 4907 2459 4969; x_wconf 68' lang='lat' dir='ltr'>obedientiac,</span> <span class='ocrx_word' id='word_1_869' title='bbox 2485 4905 2605 4974; x_wconf 86' lang='lat' dir='ltr'>jam</span> <span class='ocrx_word' id='word_1_870' title='bbox 2635 4909 2770 4958; x_wconf 90' lang='lat' dir='ltr'>tunc</span> <span class='ocrx_word' id='word_1_871' title='bbox 2797 4904 3144 4958; x_wconf 89' lang='lat' dir='ltr'>vocationem</span> <span class='ocrx_word' id='word_1_872' title='bbox 3163 4904 3420 4973; x_wconf 81' lang='lat' dir='ltr'>gentium</span> <span class='ocrx_word' id='word_1_873' title='bbox 3443 4919 3582 4974; x_wconf 68' lang='lat' dir='ltr'>prrs-</span> 
     </span>
    </p>
   </div>
   <div class='ocr_carea' id='block_1_108' title="bbox 1981 4974 3579 5046">
    <p class='ocr_par' dir='ltr' id='par_1_108' title="bbox 1981 4974 3579 5046">
     <span class='ocr_line' id='line_1_109' title="bbox 1981 4974 3579 5046; baseline -0.001 -16"><span class='ocrx_word' id='word_1_874' title='bbox 1981 4977 2248 5046; x_wconf 81' lang='lat' dir='ltr'>ﬁgurans,</span> <span class='ocrx_word' id='word_1_875' title='bbox 2282 4975 2471 5046; x_wconf 91' lang='lat' dir='ltr'>ibique</span> <span class='ocrx_word' id='word_1_876' title='bbox 2502 4975 2728 5039; x_wconf 88' lang='lat' dir='ltr'>mansit,</span> <span class='ocrx_word' id='word_1_877' title='bbox 2763 4974 2896 5045; x_wconf 89' lang='lat' dir='ltr'>quia</span> <span class='ocrx_word' id='word_1_878' title='bbox 2939 4975 2998 5029; x_wconf 91' lang='lat' dir='ltr'>in</span> <span class='ocrx_word' id='word_1_879' title='bbox 3041 4975 3214 5030; x_wconf 86' lang='lat' dir='ltr'>Israel</span> <span class='ocrx_word' id='word_1_880' title='bbox 3248 4989 3579 5046; x_wconf 82' lang='lat' dir='ltr'>permanere</span> 
     </span>
    </p>
   </div>
   <div class='ocr_carea' id='block_1_109' title="bbox 1981 5047 3576 5118">
    <p class='ocr_par' dir='ltr' id='par_1_109' title="bbox 1981 5047 3576 5118">
     <span class='ocr_line' id='line_1_110' title="bbox 1981 5047 3576 5118; baseline -0.001 -16"><span class='ocrx_word' id='word_1_881' title='bbox 1981 5063 2092 5102; x_wconf 92' lang='lat' dir='ltr'>non</span> <span class='ocrx_word' id='word_1_882' title='bbox 2112 5047 2315 5118; x_wconf 88' lang='lat' dir='ltr'>potuit.</span> <span class='ocrx_word' id='word_1_883' title='bbox 2340 5049 2555 5103; x_wconf 84' lang='lat' dir='ltr'>Rabani</span> <span class='ocrx_word' id='word_1_884' title='bbox 2575 5049 2638 5100; x_wconf 85' lang='lat' dir='ltr'>in</span> <span class='ocrx_word' id='word_1_885' title='bbox 2660 5047 2878 5118; x_wconf 47' lang='lat' dir='ltr'>Matth”</span> <span class='ocrx_word' id='word_1_886' title='bbox 2903 5063 2968 5101; x_wconf 79' lang='lat' dir='ltr'>ex</span> <span class='ocrx_word' id='word_1_887' title='bbox 3001 5047 3057 5102; x_wconf 92' lang='lat' dir='ltr'>S.</span> <span class='ocrx_word' id='word_1_888' title='bbox 3080 5047 3405 5113; x_wconf 75' lang='lat' dir='ltr'>Hismnym.</span> <span class='ocrx_word' id='word_1_889' title='bbox 3440 5047 3576 5101; x_wconf 83' lang='lat' dir='ltr'>ibid.</span> 
     </span>
    </p>
   </div>
   <div class='ocr_carea' id='block_1_110' title="bbox 1981 5117 3575 5186">
    <p class='ocr_par' dir='ltr' id='par_1_110' title="bbox 1981 5117 3575 5186">
     <span class='ocr_line' id='line_1_111' title="bbox 1981 5117 3575 5186; baseline -0.003 -12"><span class='ocrx_word' id='word_1_890' title='bbox 1981 5120 2098 5174; x_wconf 87' lang='lat' dir='ltr'>Sim</span> <span class='ocrx_word' id='word_1_891' title='bbox 2109 5117 2210 5172; x_wconf 82' lang='lat' dir='ltr'>ilia</span> <span class='ocrx_word' id='word_1_892' title='bbox 2228 5119 2380 5186; x_wconf 85' lang='lat' dir='ltr'>apud</span> <span class='ocrx_word' id='word_1_893' title='bbox 2397 5119 2721 5172; x_wconf 67' lang='lat' dir='ltr'>Att-uinum.</span> <span class='ocrx_word' id='word_1_894' title='bbox 2749 5117 2826 5170; x_wconf 85' lang='lat' dir='ltr'><strong>Ex</strong></span> <span class='ocrx_word' id='word_1_895' title='bbox 2847 5120 2985 5172; x_wconf 85' lang='lat' dir='ltr'>Beda</span> <span class='ocrx_word' id='word_1_896' title='bbox 3004 5119 3404 5172; x_wconf 81' lang='lat' dir='ltr'>Hebraioorum</span> <span class='ocrx_word' id='word_1_897' title='bbox 3427 5132 3575 5171; x_wconf 80' lang='lat' dir='ltr'>nam.</span> 
     </span>
    </p>
   </div>
   <div class='ocr_carea' id='block_1_111' title="bbox 1981 5192 2328 5244">
    <p class='ocr_par' dir='ltr' id='par_1_111' title="bbox 1981 5192 2328 5244">
     <span class='ocr_line' id='line_1_112' title="bbox 1981 5192 2328 5244; baseline 0 -2"><span class='ocrx_word' id='word_1_898' title='bbox 1981 5192 2328 5244; x_wconf 72' lang='lat' dir='ltr'>internretat.</span> 
     </span>
    </p>
   </div>
   <div class='ocr_carea' id='block_1_112' title="bbox 2051 5206 3580 5314">
    <p class='ocr_par' dir='ltr' id='par_1_112' title="bbox 2051 5206 3580 5314">
     <span class='ocr_line' id='line_1_113' title="bbox 2051 5206 3580 5314; baseline 0 -1"><span class='ocrx_word' id='word_1_899' title='bbox 2051 5206 2548 5314; x_wconf 46' lang='grc' dir='ltr'>εᾜῖἧξῖιῗζωιιιῐεε</span> <span class='ocrx_word' id='word_1_900' title='bbox 2573 5257 2851 5314; x_wconf 87' lang='lat' dir='ltr'>liberandi</span> <span class='ocrx_word' id='word_1_901' title='bbox 2879 5258 3225 5314; x_wconf 84' lang='lat' dir='ltr'>Salvatorem</span> <span class='ocrx_word' id='word_1_902' title='bbox 3263 5257 3580 5313; x_wconf 81' lang='lat' dir='ltr'>occasiones</span> 
     </span>
    </p>
   </div>
   <div class='ocr_carea' id='block_1_113' title="bbox 1984 5328 3580 5401">
    <p class='ocr_par' dir='ltr' id='par_1_113' title="bbox 1984 5328 3580 5401">
     <span class='ocr_line' id='line_1_114' title="bbox 1984 5328 3580 5401; baseline 0 -17"><span class='ocrx_word' id='word_1_903' title='bbox 1984 5331 2157 5385; x_wconf 89' lang='lat' dir='ltr'>dedit.</span> <span class='ocrx_word' id='word_1_904' title='bbox 2203 5332 2453 5385; x_wconf 89' lang='lat' dir='ltr'>Primum</span> <span class='ocrx_word' id='word_1_905' title='bbox 2498 5332 2776 5386; x_wconf 87' lang='lat' dir='ltr'>latronem</span> <span class='ocrx_word' id='word_1_906' title='bbox 2813 5332 2969 5401; x_wconf 85' lang='lat' dir='ltr'>justo</span> <span class='ocrx_word' id='word_1_907' title='bbox 3017 5328 3327 5392; x_wconf 84' lang='lat' dir='ltr'>conferens,</span> <span class='ocrx_word' id='word_1_908' title='bbox 3377 5329 3580 5384; x_wconf 86' lang='lat' dir='ltr'>deinde</span> 
     </span>
    </p>
   </div>
   <div class='ocr_carea' id='block_1_114' title="bbox 1983 5401 3578 5472">
    <p class='ocr_par' dir='ltr' id='par_1_114' title="bbox 1983 5401 3578 5472">
     <span class='ocr_line' id='line_1_115' title="bbox 1983 5401 3578 5472; baseline 0 -16"><span class='ocrx_word' id='word_1_909' title='bbox 1983 5403 2257 5456; x_wconf 83' lang='lat' dir='ltr'>inferens:</span> <span class='ocrx_word' id='word_1_910' title='bbox 2284 5401 2426 5468; x_wconf 76' lang='lat' dir='ltr'>Quid</span> <span class='ocrx_word' id='word_1_911' title='bbox 2457 5405 2638 5469; x_wconf 81' lang='lat' dir='ltr'>igitur</span> <span class='ocrx_word' id='word_1_912' title='bbox 2664 5405 2874 5469; x_wconf 80' lang='lat' dir='ltr'>faciam</span> <span class='ocrx_word' id='word_1_913' title='bbox 2905 5403 2968 5456; x_wconf 77' lang='lat' dir='ltr'>de</span> <span class='ocrx_word' id='word_1_914' title='bbox 2993 5403 3188 5455; x_wconf 75' lang='lat' dir='ltr'>Josu...</span> <span class='ocrx_word' id='word_1_915' title='bbox 3211 5401 3338 5472; x_wconf 87' lang='lat' dir='ltr'>Ipse</span> <span class='ocrx_word' id='word_1_916' title='bbox 3357 5409 3578 5472; x_wconf 87' lang='lat' dir='ltr'>quoque</span> 
     </span>
    </p>
   </div>
   <div class='ocr_carea' id='block_1_115' title="bbox 1985 5418 3583 5614">
    <p class='ocr_par' dir='ltr' id='par_1_115' title="bbox 1985 5418 3583 5614">
     <span class='ocr_line' id='line_1_116' title="bbox 1985 5418 3578 5527; baseline -0.001 -71"><span class='ocrx_word' id='word_1_917' title='bbox 1985 5418 2257 5456; x_wconf 80' lang='lat' dir='ltr'>inierens:</span> <span class='ocrx_word' id='word_1_918' title='bbox 2284 5418 2425 5468; x_wconf 67' lang='lat' dir='ltr'>quia</span> <span class='ocrx_word' id='word_1_919' title='bbox 2457 5418 2638 5486; x_wconf 65' lang='lat' dir='ltr'>igitur</span> <span class='ocrx_word' id='word_1_920' title='bbox 2664 5418 2874 5486; x_wconf 64' lang='lat' dir='ltr'>[ariam</span> <span class='ocrx_word' id='word_1_921' title='bbox 2905 5418 3188 5484; x_wconf 64' lang='lat' dir='ltr'>deum...</span> <span class='ocrx_word' id='word_1_922' title='bbox 3212 5418 3338 5525; x_wconf 44' lang='grc' dir='ltr'>Ῥω</span> <span class='ocrx_word' id='word_1_923' title='bbox 3357 5418 3578 5527; x_wconf 43' lang='lat' dir='ltr'>quatit)?</span> 
     </span>
     <span class='ocr_line' id='line_1_117' title="bbox 1985 5472 3582 5546; baseline -0.001 -18"><span class='ocrx_word' id='word_1_924' title='bbox 1985 5473 2331 5546; x_wconf 84' lang='lat' dir='ltr'>respondens</span> <span class='ocrx_word' id='word_1_925' title='bbox 2354 5476 2686 5540; x_wconf 75' lang='lat' dir='ltr'>:Quidcmm</span> <span class='ocrx_word' id='word_1_926' title='bbox 2709 5477 2847 5527; x_wconf 71' lang='lat' dir='ltr'>ntali</span> <span class='ocrx_word' id='word_1_927' title='bbox 2879 5474 3043 5540; x_wconf 71' lang='lat' dir='ltr'>fecit?</span> <span class='ocrx_word' id='word_1_928' title='bbox 3075 5472 3193 5526; x_wconf 85' lang='lat' dir='ltr'>Hoc</span> <span class='ocrx_word' id='word_1_929' title='bbox 3259 5473 3458 5527; x_wconf 69' lang='lat' dir='ltr'>scendo</span> <span class='ocrx_word' id='word_1_930' title='bbox 3559 5497 3582 5513; x_wconf 77' lang='lat'><strong>-</strong></span> 
     </span>
     <span class='ocr_line' id='line_1_118' title="bbox 1987 5543 3583 5614; baseline 0.001 -16"><span class='ocrx_word' id='word_1_931' title='bbox 1987 5547 2135 5600; x_wconf 89' lang='lat' dir='ltr'>latus</span> <span class='ocrx_word' id='word_1_932' title='bbox 2165 5543 2400 5598; x_wconf 85' lang='lat' dir='ltr'>absolvit</span> <span class='ocrx_word' id='word_1_933' title='bbox 2417 5545 2444 5598; x_wconf 85' lang='lat' dir='ltr'><strong>J</strong></span> <span class='ocrx_word' id='word_1_934' title='bbox 2450 5561 2628 5599; x_wconf 89' lang='lat' dir='ltr'>esum.</span> <span class='ocrx_word' id='word_1_935' title='bbox 2642 5583 2674 5594; x_wconf 92' lang='lat'>..</span> <span class='ocrx_word' id='word_1_936' title='bbox 2695 5544 2912 5598; x_wconf 86' lang='lat' dir='ltr'>Pilatus</span> <span class='ocrx_word' id='word_1_937' title='bbox 2933 5543 3429 5614; x_wconf 76' lang='lat' dir='ltr'>accepitaquam...</span> <span class='ocrx_word' id='word_1_938' title='bbox 3448 5553 3583 5614; x_wconf 84' lang='lat' dir='ltr'>quo-</span> 
     </span>
    </p>
   </div>
   <div class='ocr_carea' id='block_1_116' title="bbox 1987 5612 3580 5687">
    <p class='ocr_par' dir='ltr' id='par_1_116' title="bbox 1987 5612 3580 5687">
     <span class='ocr_line' id='line_1_119' title="bbox 1987 5612 3580 5687; baseline 0.003 -18"><span class='ocrx_word' id='word_1_939' title='bbox 1987 5616 2286 5670; x_wconf 88' lang='lat' dir='ltr'>dammodo</span> <span class='ocrx_word' id='word_1_940' title='bbox 2305 5621 2626 5687; x_wconf 83' lang='lat' dir='ltr'>contestans</span> <span class='ocrx_word' id='word_1_941' title='bbox 2657 5621 2715 5670; x_wconf 82' lang='lat' dir='ltr'>et</span> <span class='ocrx_word' id='word_1_942' title='bbox 2740 5615 2931 5671; x_wconf 86' lang='lat' dir='ltr'>dicens</span> <span class='ocrx_word' id='word_1_943' title='bbox 2962 5633 2974 5668; x_wconf 88' lang='lat'><strong>:</strong></span> <span class='ocrx_word' id='word_1_944' title='bbox 3006 5612 3123 5687; x_wconf 63' lang='lat' dir='ltr'>Ego</span> <span class='ocrx_word' id='word_1_945' title='bbox 3161 5612 3390 5687; x_wconf 67' lang='lat' dir='ltr'>quidem</span> 
     </span>
    </p>
   </div>
   <div class='ocr_carea' id='block_1_117' title="bbox 1988 5683 3580 5743">
    <p class='ocr_par' dir='ltr' id='par_1_117' title="bbox 1988 5683 3580 5743">
     <span class='ocr_line' id='line_1_120' title="bbox 1988 5683 3580 5743; baseline -0.002 -2"><span class='ocrx_word' id='word_1_946' title='bbox 1988 5694 2212 5743; x_wconf 87' lang='lat' dir='ltr'>centem</span> <span class='ocrx_word' id='word_1_947' title='bbox 2241 5687 2392 5743; x_wconf 91' lang='lat' dir='ltr'>volui</span> <span class='ocrx_word' id='word_1_948' title='bbox 2424 5685 2727 5742; x_wconf 89' lang='lat' dir='ltr'>liberare...</span> <span class='ocrx_word' id='word_1_949' title='bbox 2758 5703 2872 5743; x_wconf 92' lang='lat' dir='ltr'>non</span> <span class='ocrx_word' id='word_1_950' title='bbox 2915 5683 3150 5742; x_wconf 77' lang='lat' dir='ltr'>damnat</span> <span class='ocrx_word' id='word_1_951' title='bbox 3176 5683 3438 5742; x_wconf 49' lang='lat' dir='ltr'>&#39;oblatum</span> <span class='ocrx_word' id='word_1_952' title='bbox 3483 5685 3580 5738; x_wconf 89' lang='lat' dir='ltr'>sed</span> 
     </span>
    </p>
   </div>
  </div>
