4018 6168
427 276 562 333 1463

1012 276 1096 336 Β(
1117 279 1386 335 RABANI
1424 279 1654 334 MAURI
1693 278 2022 334 ARCHIEP.

2109 277 2394 333 l0GUNT.
2438 274 2736 334 OPERUM
2774 273 2958 328 PARS
2995 274 3092 330 III.

3561 267 3700 321 1464

419 403 676 459 Barabba
715 422 907 478 preces
954 407 1259 478 porrigere,
1318 405 1387 458 de
1431 405 1562 458 Jesu
1609 405 1961 458 conclamare
1998 421 2010 456 :
2029 407 2076 467 Α
2098 409 2192 458 tur
2222 397 3233 471 :Christusapontiﬁcibusilluditur,
3266 411 3298 449 a
3331 392 3608 448 militibus
3627 393 3699 446 ir-

422 491 718 564 Cruciﬁge.
769 494 1068 564 cruciﬁge?
1108 495 1263 548 Tunc
1303 494 1462 547 dolor
1498 493 1686 547 Mariae
1722 499 2021 547 renovatus

423 586 526 642 est,
553 598 680 636 cum
701 583 916 638 videret
931 583 1231 638 Dominum
1251 599 1414 636 suum
1439 585 1584 648 exui,
1609 583 1678 636 ad
1700 583 2022 636 columnam

423 670 673 741 religari,
697 677 754 725 et
771 672 962 742 ﬂagris
996 677 1114 727 toto
1145 687 1376 743 corpore
1407 671 1610 726 laniari
1637 689 1648 724 :
1675 672 1818 742 quod
1850 671 2020 725 etiam

423 757 686 814 columna
712 761 837 832 ipsa
866 766 1125 827 testatur,
1158 761 1229 814 ad
1267 777 1436 832 quam
1475 761 1684 830 ligatus
1715 766 1802 814 est
1829 759 2021 815 Domi-

421 863 548 914 nus,
581 864 704 919 quae
732 865 911 920 usque
938 849 1103 904 hodie
1132 849 1489 904 cernentibus
1519 849 1782 904 dominici
1801 849 2025 920 sangui-

423 935 514 990 nis
543 942 698 992 certa
723 938 884 1007 signa
911 938 1280 992 demonstrat.
1320 938 1476 992 Tunc
1509 938 1777 992 maestitia
1810 938 2018 1005 Mariae,

425 1031 483 1079 et
507 1026 713 1080 mentis
742 1027 1060 1081 amaritudo
1089 1027 1399 1093 incanduit,
1424 1044 1548 1082 cum
1574 1027 1788 1082 Pilatus
1808 1027 2026 1098 adjudi-

423 1113 568 1168 cavit
590 1115 918 1186 petitionem
949 1115 1073 1168 ﬁeri
1110 1115 1457 1186 pontiﬁcum,
1507 1121 1565 1170 et
1601 1115 1808 1170 milites
1845 1120 2022 1170 totam

423 1203 715 1258 cohortem
772 1209 1233 1270 convocaverunt,
1285 1204 1576 1260 Christum
1632 1210 2022 1276 purpuratum,

424 1291 600 1362 spinis
618 1298 967 1358 coronatum,
1001 1291 1334 1348 arundinem
1363 1309 1466 1365 pro
1492 1300 1712 1365 sceptro
1739 1310 1910 1348 manu
1939 1299 2025 1347 te-

425 1387 674 1448 nentem,
729 1381 940 1436 ironice
991 1383 1385 1445 adoraverunt,
1437 1383 1696 1436 irrisione
1743 1382 2023 1436 salutave—

425 1475 560 1524 runt
577 1479 622 1538 ⁸,
656 1475 815 1525 aceto
844 1475 902 1524 et
928 1471 1055 1525 felle
1081 1475 1446 1542 potaverunt;
1482 1478 1651 1542 caput
1688 1473 1810 1542 ejus
1849 1489 2023 1526 arun-

425 1557 556 1612 dine
605 1564 1021 1630 percusserunt,
1075 1559 1132 1614 in
1178 1560 1377 1614 faciem
1423 1561 1544 1630 ejus
1583 1567 1924 1632 exspuerunt
1960 1577 2025 1614 ac

424 1647 655 1702 demum
709 1647 1062 1718 chlamydem
1110 1648 1161 1701 ei
1197 1648 1514 1703 coccineam
1558 1648 1928 1714 abstulerunt,
1970 1656 2027 1704 et

2102 492 2338 554 ridetur,
2363 509 2399 544 ει
2429 488 2740 544 latronibus
2783 487 3028 541 convicia
3067 485 3282 556 patitur
3301 495 3344 550 ε,
3388 499 3424 536 a
3463 487 3700 554 prseter-

2103 580 2367 636 euntibus
2395 579 2580 650 capita
2607 576 2976 642 moventibus,
3008 581 3066 629 et
3090 575 3196 628 vah
3224 570 3702 628 conclamantibus

2103 665 2602 740 blasphematurd;
2625 667 2759 720 dum
2790 665 2908 737 ipse
2937 663 3159 718 interim
3191 663 3416 716 Patrem
3452 677 3553 732 pro
3584 660 3702 714 suis

2068 810 2074 816 .
2102 757 2556 829 cruciﬁgentibus
2574 757 2908 828 deprecatur
2921 755 3136 824 (Matth.
3160 767 3331 814 xxvn,
3346 749 3455 818 40).
3479 750 3706 814 Quanta

2105 849 2254 902 inter
2281 847 2399 902 hinc
2423 847 2632 911 omnia,
2663 844 2770 899 fuit
2793 845 2852 898 in
2873 847 3063 898 mente
3089 842 3279 897 Mariae
3305 839 3558 902 tristitia,
3606 840 3706 910 qui

2072 967 2079 977 -
2105 937 2407 1008 singultus,
2441 941 2579 1006 quot
2601 934 2864 1005 suspiria,
2897 933 3032 986 dum
3065 930 3254 985 dilecti
3289 928 3574 983 dilectoris
3592 926 3680 980 sui
3689 966 3702 993 ,

2105 1027 2256 1080 inter
2283 1026 2531 1079 latrones
2562 1022 2877 1096 pendentis,
2910 1021 3128 1076 dolores
3155 1024 3412 1073 cerneret
3435 1018 3447 1070 !
3483 1017 3594 1071 Sed
3621 1021 3706 1070 ta-

2105 1131 2235 1169 men
2265 1129 2494 1168 cernere
2523 1111 2790 1168 sustinuit
2817 1117 2935 1164 tam
2957 1109 3163 1174 dilecti,
3194 1113 3312 1162 tam
3343 1107 3534 1170 duros,
3583 1111 3702 1159 tam

2107 1203 2422 1270 diuturnos,
2455 1201 2700 1266 Domini,
2729 1200 3026 1254 cruciatus.
3071 1197 3294 1263 Quanta
3325 1194 3704 1250 amaritudine

2107 1299 2166 1346 et
2191 1292 2472 1346 anxietate
2501 1289 2755 1344 debriata
2784 1295 2871 1342 est
2907 1305 3034 1342 cum
3076 1287 3299 1341 audiret
3335 1283 3599 1340 Messiam
3634 1283 3705 1336 de

2106 1398 2270 1436 cruce
2297 1381 2636 1434 clamantem
2671 1397 2681 1431 :
2729 1379 2904 1438 Sitio;
2943 1393 3071 1431 cum
3120 1376 3338 1429 videret
3385 1372 3700 1444 spongiam,

2105 1470 2386 1526 absinthio
2437 1477 2593 1524 aceto
2619 1513 2633 1536 ,
2683 1475 2741 1522 et
2797 1467 3045 1538 myrrha,
3094 1471 3149 1520 et
3201 1465 3328 1518 felle
3384 1463 3696 1526 intinctam,

2106 1559 2370 1614 arundini
2386 1559 2618 1630 imponi,
2633 1559 2880 1630 spongiae
2891 1555 3115 1628 hyssopi
3131 1555 3410 1609 calamum
3431 1550 3698 1623 imprimi.

2107 1649 2398 1721 spongiam
2411 1647 2688 1702 arundine
2699 1648 2782 1701 ori
2799 1649 2922 1716 ejus
2939 1645 3164 1717 apponi,
3184 1642 3410 1714 hyssopi
3425 1643 3702 1696 calamum

424 1736 666 1808 prepriis
692 1736 955 1790 indutum
982 1736 1229 1791 vestibus
1266 1737 1626 1792 induxerunt.
1669 1740 1733 1793 Et
1767 1725 2088 1808 bajulansB
2106 1738 2269 1792 labiis
2298 1739 2420 1808 ejus
2450 1737 2739 1809 applicari,
2767 1742 2825 1790 et
2851 1752 2978 1789 cum
3022 1739 3306 1804 gustasset
3345 1731 3538 1784 bibere
3581 1732 3702 1784 nol-

423 1827 534 1879 sibi
547 1841 786 1891 crucem,
807 1828 975 1880 exivit
993 1825 1190 1880 urbem
1212 1827 1389 1898 spinis
1407 1833 1725 1882 coronatus.
1755 1828 2022 1901 Sequeba-

427 1919 524 1967 tur
547 1931 674 1968 eum
705 1915 902 1985 regina
929 1914 1052 1968 coeli
1085 1915 1318 1986 ejusque
1343 1931 1582 1982 sorores,
1613 1921 1671 1970 et
1697 1918 1882 1971 Maria
1911 1917 2024 1970 Ma-

421 2003 676 2070 gdalena,
711 2009 1034 2075 caeteraaque
1062 2009 1352 2070 matronae,
1386 2021 1505 2073 quae
1519 2007 1856 2074 plangebant
1875 2011 1923 2059 et
1946 2009 2024 2059 Ia-

423 2094 822 2146 mentabantur
859 2109 1003 2158 emn,
1039 2110 1260 2163 quaeque
1298 2110 1412 2148 non
1445 2095 1628 2149 solum
1663 2095 1733 2149 de
1771 2095 2017 2158 Galilza,

422 2181 521 2236 sed
549 2181 618 2235 de
647 2181 842 2236 Judtea
870 2187 929 2236 et
955 2181 1024 2236 de
1041 2182 1391 2254 Jerosolymo
1411 2190 1601 2238 secuta-
1618 2186 1846 2252 fuerant
1872 2201 2016 2238 eum.

424 2270 724 2325 Conversus
753 2275 944 2325 autem
968 2274 1121 2326 Jesus
1150 2273 1225 2326 ad
1253 2280 1510 2327 amantes
1533 2291 1593 2328 se
1625 2274 1860 2328 feminas
1889 2291 2021 2328 ocu-

421 2359 506 2413 los
541 2363 600 2412 et
619 2375 720 2413 ora
748 2359 982 2427 reﬂexit,
1013 2365 1072 2414 et
1098 2360 1179 2415 ait
1219 2379 1230 2414 :
1274 2363 1426 2416 Filia
1451 2364 1806 2430 Jerosolymi,
1855 2365 2022 2416 nolite

420 2451 550 2518 ﬂere
577 2464 742 2517 super
769 2464 874 2513 me,
914 2451 1006 2503 sed
1033 2465 1199 2518 super
1234 2453 1580 2519 rosmetipsas
1606 2455 1742 2521 ﬂete,
1785 2457 1834 2504 et
1861 2468 2024 2520 super

421 2539 562 2604 ﬁlios
589 2543 790 2592 vestros
808 2557 826 2603 ;
862 2539 996 2606 quia
1023 2541 1074 2592 si
1093 2554 1178 2592 me
1192 2541 1372 2596 viridi
1400 2543 1552 2608 ligno
1581 2541 1679 2594 hoc
1705 2541 1942 2607 faciimt,
1965 2543 2026 2594 in

426 2627 738 2694 aridoquid
759 2628 848 2694 ﬁet
880 2628 1060 2690 (Joan.
1086 2643 1200 2690 xxx,
1227 2627 1326 2694 l7;
1365 2629 1487 2682 Luc.
1524 2643 1678 2694 XXIII,
1711 2628 1777 2683 27
1804 2648 1816 2692 ;
1851 2631 2023 2683 Marc.

423 2729 513 2779 xv,
548 2713 644 2781 40;
676 2715 870 2772 Matth.
902 2731 1064 2782 xxm,
1095 2716 1196 2780 55;
1228 2718 1356 2771 Luc.
1389 2731 1552 2782 XXIII,
1575 2716 1668 2786 ‘28)
1697 2718 1769 2771 b?

422 2821 552 2874 CAP.
575 2820 721 2875 XXI.
732 2821 846 2876 —U
848 2822 903 2874 bi
922 2822 1172 2878 Christus
1187 2826 1557 2891 cruciﬁgitur,
1583 2827 1768 2878 Maria
1783 2831 2017 2890 astante;

597 2893 894 2960 deponitur
922 2897 970 2946 et
1001 2895 1327 2961 involvitur,
1357 2896 1541 2950 Maria
1565 2902 1844 2964 praesente.

493 2980 669 3032 Fortis
711 2985 774 3032 ut
822 2996 971 3034 mors
1009 2982 1226 3036 dilectio
1262 2983 1443 3049 (Cant.
1484 2997 1604 3048 VIII,
1639 2983 1692 3053 6)
1726 3003 1738 3038 :
1773 2985 2024 3039 cernitur

423 3067 648 3122 Domini
676 3067 882 3138 passio,
915 3085 1018 3122 nec
1063 3075 1244 3124 cessat
1287 3071 1476 3125 Mariae
1505 3072 1760 3140 devotio;
1802 3073 2026 3128 ducitur

425 3155 684 3210 Christus
711 3156 781 3210 ad
811 3153 1268 3226 cruciﬁgendum.
1300 3159 1479 3214 Maria
1505 3161 1762 3231 sequitur
1785 3179 1796 3228 ;
1832 3169 1890 3216 et
1908 3163 2024 3232 plo-

424 3244 642 3299 ratibus
666 3244 868 3316 probat
889 3245 1170 3300 affectum.
1206 3247 1463 3302 Christus
1491 3249 1550 3302 in
1579 3266 1742 3304 cruce
1767 3251 2018 3318 levatur;

422 3333 602 3388 Maria
629 3335 824 3404 ejulat,
857 3340 915 3389 et
943 3335 1244 3390 cruciatur.
1280 3337 1538 3392 Christus
1566 3338 1626 3392 in
1651 3355 1814 3393 cruce
1854 3341 2023 3394 clavis

421 3423 746 3494 conﬁgitur;
779 3423 970 3478 Mariae
1000 3424 1192 3479 anima
1227 3427 1484 3481 maeroris
1522 3427 1732 3482 aculeis
1771 3428 2022 3500 perfora-

2105 1830 2184 1883 let
2213 1829 2264 1881 οἱ
2300 1827 2454 1882 Tunc
2491 1826 2718 1880 demum
2762 1841 2968 1879 mceror
3003 1823 3192 1878 Mariae
3233 1820 3483 1875 l‘ecendit
3521 1819 3544 1860 τ
3577 1837 3703 1874 cum

2105 1917 2330 1972 audiret
2357 1916 2460 1970 Dei
2489 1915 2692 1969 Filium
2721 1915 2790 1968 de
2819 1931 2981 1968 cruce
3011 1911 3319 1966 valedicere
3347 1910 3516 1964 Matri
3553 1927 3666 1963 suae
3689 1929 3701 1975 ;

2105 2023 2297 2061 curam
2335 2005 2531 2059 matris
2561 2011 2754 2059 sancto
2784 2004 2986 2058 Joanni
3019 2001 3389 2067 committere,
3433 1999 3531 2070 qui
3571 2008 3704 2053 tunc

2104 2101 2228 2152 erat
2273 2111 2552 2149 annorum
2597 2093 2796 2164 viginti
2843 2093 3053 2158 trium;
3093 2091 3217 2146 Eloi
3263 2090 3699 2160 congeminare:

2103 2189 2552 2238 consummatum
2582 2187 2668 2236 est
2689 2182 3000 2236 exclamare
3025 2199 3038 2244 ;
3069 2181 3128 2234 in
3151 2197 3352 2234 manus
3381 2179 3564 2234 Patris
3588 2178 3706 2232 ani-

2107 2290 2258 2327 mam
2287 2272 2709 2339 commendare;
2740 2271 2984 2324 clamore
3001 2270 3230 2324 tandem
3253 2269 3454 2336 valido,
3483 2267 3704 2340 quando

2107 2363 2302 2427 voluit,
2345 2361 2660 2432 exspirare.
2722 2361 2792 2414 Et
2839 2365 2966 2431 post
3008 2358 3142 2412 solis
3197 2358 3526 2428 deliquium.
3579 2362 3707 2428 post

2109 2452 2284 2506 trium
2312 2451 2581 2504 horarum
2602 2449 2883 2515 tenebras,
2913 2454 3042 2520 post
3067 2448 3355 2518 diruptum
3385 2446 3580 2517 templi
3612 2463 3705 2499 ve-

2110 2542 2250 2607 lum,
2299 2544 2426 2612 post
2471 2543 2875 2604 terrtemotum,
2925 2545 3053 2609 post
3096 2542 3285 2608 petras
3322 2537 3545 2600 scissas,
3581 2543 3706 2606 post

2109 2634 2306 2701 aperta
2323 2633 2710 2693 monumenta,
2735 2632 2864 2698 post
2883 2625 3226 2682 centurionis
3253 2631 3310 2680 et
3325 2626 3502 2679 totius
3522 2624 3705 2679 multi-

2108 2719 2322 2772 tudinis
2341 2717 2696 2788 abscessum;
2727 2733 2854 2771 cum
2884 2716 3104 2770 videret
3130 2716 3331 2770 missos
3360 2714 3592 2779 milites,
3615 2713 3704 2766 ad-

2103 2809 2212 2862 huc
2239 2807 2543 2861 viventium
2567 2807 2852 2860 latronum
2873 2821 3039 2860 crura
3057 2804 3316 2874 frangere
3345 2822 3356 2855 :
3392 2804 3520 2874 quis
3539 2809 3706 2873 negat

2103 2896 2360 2961 Mariam,
2387 2895 2610 2950 Domini
2643 2895 2730 2948 sui
2759 2893 3110 2964 rrurifragio,
3133 2891 3626 2946 vehementissime
3642 2891 3705 2944 ti-

2105 2985 2354 3038 muisse?
2375 2985 2549 3054 Cujus
2577 3001 2608 3037 e
2635 2982 2868 3054 vestigio
2907 2983 3244 3036 immensum
3283 2980 3461 3035 crevit
3491 2979 3704 3033 moesti-

2106 3074 2204 3140 tia,
2236 3089 2364 3126 cum
2392 3087 2539 3126 unus
2569 3087 2637 3126 ex
2665 3070 2940 3125 militibus
2961 3071 3108 3125 latus
3137 3068 3442 3126 Salvatoris
3464 3069 3704 3140 perfora-

2103 3163 2183 3218 vit
2207 3163 2420 3228 lancea,
2453 3167 2510 3216 et
2545 3161 2831 3227 continuo,
2867 3161 2936 3214 de
2954 3159 3142 3230 frigidi
3171 3159 3412 3230 pectoris
3443 3164 3702 3229 penetra-

2105 3252 2271 3318 libus,
2302 3251 2464 3306 ﬂuxit
2491 3249 2723 3319 sanguis
2766 3255 2824 3302 et
2857 3265 3022 3320 aqua.
3071 3248 3116 3302 Ο
3160 3263 3330 3318 quam
3364 3253 3567 3316 gratus
3603 3246 3703 3300 fuit

2106 3341 2296 3396 Mariae
2325 3339 2598 3394 adventus
2629 3337 2831 3392 nobilis
2859 3337 2962 3392 viri
2991 3337 3199 3407 Joseph
3229 3349 3258 3389 Β
3276 3335 3346 3390 ab
3364 3336 3698 3399 Arimathia,

2107 3437 2164 3484 et
2190 3427 2481 3483 Nicodemi
2518 3425 2803 3499 principis,
2843 3443 2970 3481 cum
3010 3432 3236 3480 centum
3269 3424 3428 3479 libris
3467 3425 3702 3497 myrrhae

1369 3541 1540 3586 ΝΟΤΕ
1587 3543 1952 3590 POTISSIMUM
1998 3548 2078 3590 EX
2119 3545 2360 3590 RABANO
2405 3543 2756 3589 DESUMPTE.

417 3629 608 3706 arguit
623 3629 941 3706 offerentes,
958 3631 1176 3706 justum
1197 3649 1319 3706 esse
1338 3633 1710 3706 pronuntians
1731 3635 1826 3706 qui
1847 3637 2022 3690 cruci-

420 3699 676 3778 ﬁgepdus
705 3705 807 3754 est.
841 3699 1156 3778 ﬂabunii?!
1189 3699 1408 3778 Matt/’9,
1453 3702 1548 3778 lib.
1573 3719 1714 3778 _vm,
1748 3699 1875 3778 cap.
1927 3707 2016 3762 ‘27.

491 3781 516 3810 ι
759 3773 1322 3854 (λιιὶᾶθῐῃηίιιιιάςθηξθε
1350 3775 1454 3854 hoc
1473 3775 1712 3854 faciunt,
1747 3783 1810 3830 ut
1823 3771 2020 3854 'nuda-

416 3847 540 3896 tum
567 3843 820 3914 pristinis
857 3843 1122 3911 vestibus,
1165 3845 1405 3899 induant
1441 3845 1794 3918 chlamydem
1841 3849 2020 3903 cocci-

420 3928 594 3995 neam.
613 3921 714 3995 pro
736 3931 1004 3995 purpura,
1039 3932 1336 3995 qua-reges
1364 3929 1578 3995 veteres
1607 3917 1930 3984 utebantur,
1966 3927 2023 3974 et

419 3999 522 4054 pro
541 3983 863 4060 diademate
879 3983 1094 4060 ponant
1121 3985 1172 4039 ei
1193 3983 1458 4060 c6ronam
1477 3987 1752 4058 spineam,
1779 4007 1880 4060 pro
1908 3983 2021 4044 Sce-

419 4060 546 4131 ptro
575 4055 752 4131 regali
765 4055 916 4131 dent
942 4057 1239 4131 calamum,
1272 4063 1330 4111 et
1358 4055 1596 4112 adorent
1617 4055 1796 4130 quasi'
1807 4078 2016 4131 regem.

423 4126 722 4199 [labantia
745 4127 970 4199 blatta,
1003 4127 1098 4199 lib.
1132 4141 1255 4190 vm,
1286 4145 1406 4199 cap.
1439 4131 1529 4184 27.

495 4196 521 4234 ιι
541 4195 981 4271 Viridelignum,
1005 4195 1512 4271 seipsumsuosque
1533 4203 1738 4256 electos
1762 4223 1778 4257 :
1801 4203 2022 4257 aridum

421 4282 573 4374 piro,
597 4265 808 4338 impios
814 4273 882 4374 ἓξ
891 4265 1212 4339 peccatores
1223 4265 1522 4340 signiﬁcat.
1551 4275 1691 4326 Beda
1713 4277 1777 4327 in
1794 4276 2018 4338 Lucam,
2039 4315 2088 4374 D
2107 4274 2181 4327 rit
2209 4265 2435 4345 potatus
2467 4273 2526 4327 in

444 4353 460 4374 1
551 4351 608 4374 113
659 4354 760 4374 non
2105 4351 2422 4374 +nmr‘nnnm
2466 4361 2526 4374 Λνι

422 4335 520 4390 lib.
551 4351 626 4402 Iv,
659 4335 780 4410 cap.
814 4335 902 4396 23L

494 4419 517 4448 ο
543 4411 789 4484 Idipsugn
827 4415 1014 4464 autem
1043 4416 1094 4464 et
1120 4415 1362 4484 latrones
1391 4419 1440 4467 et
1459 4419 1558 4484 qui
1582 4417 1840 4483 cruciﬁxi
1865 4422 2025 4470 erant

424 4495 552 4557 cum
567 4469 1088 4557 eo'irnproperabant
1101 4485 1170 4536 ei.
1186 4469 1496 4557 Quomodq.
1509 4527 1520 4539 .
1534 4527 1543 4537 .
1567 4469 2027 4557 imprdperabant

403 4549 496 4631 'ei,
517 4551 992 4633 .quandpquidem
1004 4569 1156 4633 unus
1181 4571 1456 4633 eorum._.._
1467 4556 1524 4610 in
1555 4549 1734 4611 Deum
1753 4549 2020 4633 credidit,

425 4621 532 4673 nisi
561 4621 944 4700 intelligamus
970 4625 1296 4700 Matthaeum
1326 4632 1382 4700 et
1401 4628 1717 4700 Marcum...
1750 4621 2026 4700 pluralem

425 4707 726 4770 numerum
755 4709 856 4770 pr_o
884 4695 1156 4770 singulari
1193 4698 1480 4770 posuisse;
1515 4699 1661 4753 sicut
1697 4695 1770 4752 in'
1793 4699 2029 4770 epistola

425 4762 496 4816 ad
528 4762 790 4818 Hebrmos
818 4762 1056 4834 legimus
1082 4762 1374 4836 pluraliter
1400 4762 1614 4823 dictum
1647 4789 1657 4822 :
1705 4762 2026 4824 clauserunt

423 4848 524 4911 ora
551 4838 794 4911 leonum,
830 4852 959 4911 eum
979 4837 1130 4890 solus
1149 4837 1324 4891 David
1350 4838 1656 4909 signiﬁcari
1678 4841 2030 4911 intelligatur

423 4909 483 4958 et
512 4905 810 4976 pluraliter
833 4905 1046 4960 dictum
1082 4925 1092 4959 :
1121 4911 1253 4962 secti
1271 4905 1428 4974 sunt,
1455 4927 1583 4964 cum
1613 4912 1682 4966 de
1723 4913 1840 4966 solo
1858 4905 2030 4967 'Isaia

423 4977 698 5053 tradatur.
733 4976 878 5053 Quid
907 4984 1097 5031 autem
1125 4979 1593 5053 usitatiu_s_(_verbi
1625 4982 1834 5052 gratia)
1858 4999 2027 5053 quam

423 5052 489 5100 ut
525 5046 677 5102 dicat
705 5047 928 5119 aliquis,
963 5055 1020 5103 et
1049 5050 1243 5104 rustici
1275 5051 1413 5104 mihi
1441 5046 1736 5118 insultant,
1777 5046 1944 5107 etiam
1980 5055 2025 5108 si

423 5133 570 5173 unus
598 5119 849 5174 insultet.

493 5189 688 5268 Potest
714 5193 772 5243 et
801 5190 860 5268 in
887 5189 1121 5268 .du_obus
1162 5192 1473 5268 latronibus
1512 5199 1750 5268 uterque
1787 5197 2028 5268 populus

425 5264 484 5312 et
505 5261 767 5338 gentium
796 5267 854 5316 et
880 5261 1201 5338 Judaaorum
1233 5263 1555 5338 signiﬁcari.
1596 5261 1761 5338 Quia
1781 5261 2025 5338 primum

424 5329 650 5414 quidem
693 5337 946 5414 uterque
970 5334 1208 5414 pppulus
1243 5329 1544 5414 Dominum
1595 5329 2018 5414 blasphemavitz

425 5401 648 5468 quando
677 5401 892 5472 pariter
918 5401 1095 5458 Judaei
1124 5410 1182 5458 et
1208 5411 1407 5475 gentes
1437 5407 1496 5460 in
1526 5401 1768 5462 mortem
1794 5409 2020 5462 Domini

422 5479 844 5554 cpnsenserunt.
880 5475 1084 5554 Postea
1123 5477 1582 5554 vero-signorum
1631 5479 2020 5550 magnitudine

421 5539 566 5622 alter
593 5542 849 5622 exterius
866 5545 985 5622 agit
1011 5539 1420 5622 ptpnitentiaih,
1453 5554 1512 5604 et
1527 5566 1707 5622 usque
1723 5539 1904 5605 ‘hodie
1929 5553 2023 5606 Ju-

421 5561 566 5594 aiu-r
593 5561 838 5622 exterius
866 5561 985 5668 agit
1011 5561 1420 5616 ptemtentiam,
1453 5561 1512 5604 et
1527 5566 1707 5622 usque
1739 5561 1904 5605 hodie
1929 5561 2016 5606 Ju-

419 5609 569 5664 dxeos
606 5619 859 5684 Increpat
939 5615 1372 5686 lasphemantes.
1423 5621 1640 5675 παι)αηί
1688 5625 1753 5675 in
1799 5623 2016 5688 Matth,

2103 3635 2199 3691 lib.
2233 3650 2352 3700 VIII,
2388 3635 2523 3688 ibid.

2173 3704 2201 3746 ά
2241 3707 2349 3760 Vah
2377 3710 2464 3760 est
2490 3703 2845 3776 exprobratio
2872 3703 3168 3776 malorum,
3211 3707 3275 3756 ut
3293 3701 3697 3776 in_Eva_ngelio,

2103 3778 2208 3831 vah
2225 3781 2326 3846 qui
2339 3772 2578 3831 destruis
2591 3779 2858 3844 templum
2869 3775 2982 3840 Dei,
2995 3773 3052 3827 id
3065 3780 3168 3846 est,
3186 3772 3612 3844 exprobandum
3623 3779 3701 3826 est

2105 3849 2157 3902 ei
2188 3845 2284 3920 qui
2312 3848 2383 3902 de
2412 3864 2472 3902 se
2500 3847 2638 3901 talia
2649 3847 2847 3918 jactat.
2873 3847 3088 3900 Rabani
3099 3845 3390 3912 Allegoriz
3405 3849 3470 3898 in
3487 3861 3698 3899 sacram

2103 3921 2480 3988 Scripturam.

2174 4003 2199 4032 θ
2227 3981 2492 4044 Rabanus
2520 3989 2632 4042 duo
2645 3981 2806 4044 'facta
2831 3985 3146 4058 conglobat,
3169 4003 3283 4041 non
3311 3993 3540 4040 servato
3571 3993 3704 4041 tem-

2102 4077 2302 4132 porum
2333 4061 2546 4115 ordine.
2569 4061 2694 4114 Jam
2715 4060 2935 4114 dixerat
2947 4057 3067 4130 cap.
3094 4057 3181 4123 20,
3215 4061 3419 4111 milites
3441 4061 3702 4111 i‘n‘isiom

2103 4136 2509 4196 salutauerunt,
2554 4137 2699 4185 aceto
2737 4137 2786 4184 et
2824 4133 2950 4197 felle
2991 4134 3340 4198 potaverunt,
3380 4134 3547 4198 caput
3593 4133 3703 4196 eius

2103 4205 2388 4256 arundine
2415 4207 2798 4270 percusserunt
2821 4221 2838 4266 ;
2864 4201 2993 4254 licet
3009 4199 3264 4255 Christus
3283 4205 3444 4253 aceto
3463 4217 3580 4254 non
3595 4199 3708 4254 fue-

2592 4273 2834 4327 raetorio.
2889 4271 2992 4325 Hic
3032 4271 3292 4324 similiter
3327 4271 3706 4327 praetermisso

2105 4341 2426 4426 temporum
2465 4341 2680 4426 ordine2
2717 4343 2910 4425 jungit
2946 4341 3502 4426 posteri-ori‘Christi
3523 4348 3708 4426 ’Βοιδ-

2105 4413 2264 4479 tioni,
2299 4413 2748 4470 circumstantias
2795 4413 2998 4485 prioris
3040 4431 3074 4466 a
3116 4413 3379 4467 Matthteo
3419 4419 3481 4466 et
3523 4413 3707 4468 Marco

2106 4487 2415 4558 descriptas
2450 4504 2462 4538 :
2495 4487 2562 4540 Et
2591 4488 2861 4539 dederunt
2900 4489 2951 4538 ei
2976 4487 3175 4558 vinum
3207 4487 3386 4558 bibere
3421 4501 3554 4558 cum
3588 4485 3708 4550 felle

2107 4555 2367 4622 mixtum,
2389 4563 2572 4611 etcum
2592 4561 2856 4624 gustasset
2878 4558 3058 4609 notuit
3078 4557 3273 4609 bibere.
3292 4573 3318 4607 ε
3337 4555 3501 4619 Quod
3521 4561 3706 4608 autem

2109 4629 2340 4682 dicitur:
2359 4645 2486 4682 cum
2499 4632 2763 4694 gustasset
2778 4630 2959 4681 notuit
2981 4627 3174 4690 bibere,
3191 4626 3297 4680 hoc
3315 4625 3548 4690 indicat,
3563 4624 3704 4696 quod

2107 4700 2419 4780 gustaverit
2445 4698 2670 4780 quidem
2703 4714 2803 4770 pro
2826 4695 2994 4780 nobis
3020 4697 3222 4780 ‘mo-rt‘is
3249 4695 3702 4780 amaritudinem.

2109 4766 2204 4825 sed
2236 4771 2408 4824 tertia
2433 4766 2524 4823 die
2562 4766 2886 4824 resurrexit.
2931 4768 3038 4822 Sed
3074 4773 3132 4821 et
3167 4768 3270 4821 hoc
3313 4766 3460 4837 quod
3493 4767 3706 4820 Marcus

2109 4841 2192 4895 ait
2207 4843 2566 4909 myrrhatum
2587 4857 2806 4902 vinum,
2828 4839 3256 4909 intelligendum
3276 4845 3362 4892 est
3382 4837 3704 4892 Mattbaeum

2109 4911 2314 4966 dixisse
2339 4928 2468 4965 cum
2493 4911 2620 4966 felle
2653 4911 2910 4964 mixtum.
2948 4909 3046 4964 Fel
3079 4909 3284 4980 quippe
3313 4925 3417 4979 pro
3445 4909 3706 4980 amaritu—

2109 4983 2239 5037 dine
2254 4983 2463 5053 posuit,
2481 4988 2540 5036 et
2551 4981 2906 5053 myrrhatum
2923 4981 3074 5034 enim
3085 4979 3276 5053 vinum
3290 4979 3700 5053 amarissimum

2110 5059 2212 5108 est.
2247 5050 2581 5123 Quanquam
2611 5050 2734 5106 ﬁeri
2760 5052 2939 5123 possit
2967 5058 3030 5106 ut
3048 5061 3104 5107 et
3130 5051 3256 5106 felle
3284 5058 3343 5104 et
3365 5051 3603 5121 myrrha
3626 5050 3700 5101 vi-

2111 5141 2248 5178 num
2286 5124 2702 5178 amarissimum
2732 5123 3049 5177 redderent.
3089 5145 3112 5175 ι
3155 5125 3370 5178 Rabani
3397 5125 3458 5175 in
3491 5123 3698 5176 Matth"

2109 5195 2204 5249 lib.
2237 5209 2360 5262 VIII,
2391 5211 2513 5266 cap.
2543 5195 2632 5252 27.
2784 5238 2797 5253 .

2183 5267 2203 5306 τ
2231 5263 2501 5332 Recendit,
2529 5283 2651 5336 quae
2672 5282 2775 5320 vox
2795 5266 2855 5320 in
2875 5263 3153 5320 veteribus
3175 5264 3572 5318 instrumentis
3599 5279 3700 5317 non

2109 5338 2406 5408 reperitur.
2429 5338 2596 5392 Forte
2615 5337 2867 5408 derivata
2887 5344 2975 5390 est
2989 5352 3023 5389 a
3041 5339 3298 5400 recentia,
3327 5351 3452 5405 qua;
3478 5339 3700 5408 initiugn

2103 5404 2284 5473 sonat,
2308 5409 2457 5462 unde
2478 5409 2780 5472 recendere,
2804 5407 2954 5460 idem
2975 5411 3140 5464 esset.
3163 5423 3228 5460 ac
3248 5404 3522 5474 incipere:
3542 5404 3699 5458 modo

2102 5485 2294 5533 tamen
2324 5479 2593 5534 mendosa
2621 5495 2734 5532 non
2763 5477 2838 5532 sit
2863 5477 3045 5531 lectio.

2174 5562 2204 5604 ε
2221 5551 2427 5626 Ioseph
2443 5552 2590 5604 dives
2615 5549 2856 5626 refertur
2882 5565 2996 5626 ngn
3025 5547 3403 5626 de_jactaptia
3433 5544 3696 5626 evangeli-

2103 5626 2203 5676 sta
2231 5621 2328 5692 qui
2351 5617 2532 5675 virum
2570 5619 2816 5674 nobilem
2854 5620 3062 5674 referat
3089 5617 3222 5672 Jesu
3264 5618 3437 5672 fuisse
3470 5617 3696 5686 discipu-
