4018 6168
488 319 626 383 1467

1073 330 1136 383 Β.
1179 329 1454 385 RABANI
1501 321 1734 388 MAURI
1771 325 2112 389 ARCHIEP.
2152 325 2476 390 MOGUNT.
2523 327 2820 388 OPERUM
2857 329 3040 385 PARS
3078 329 3179 384 III.

3638 319 3770 384 1468

483 471 557 518 III,
590 453 664 522 6).
695 455 936 509 Cernere
957 465 1080 509 erat
1114 455 1169 510 in
1209 455 1442 511 muliere
1477 475 1660 513 mares
1689 461 1926 526 animos,
1951 461 2086 514 dum
2107 465 2148 522 Α
2177 461 2311 516 dum
2332 459 2566 516 sublatis
2587 457 2834 515 tenebris
2857 461 3088 512 onustas
3113 451 3325 510 habens
3353 453 3517 508 ulnas
3557 470 3772 508 aroma-

485 559 652 614 opere
673 545 980 615 compleret
998 543 1146 616 quod
1184 563 1278 598 rex
1318 547 1581 601 Salomon
1611 549 1667 602 in
1695 550 1816 620 ejus
1853 568 2091 620 persona

485 633 778 686 cecinerat.
815 635 1014 687 .llanus
1050 652 1174 687 Inezr
1213 632 1629 689 dislillureriml
1663 641 1973 703 myrrham,
2008 639 2089 692 di-

486 725 594 788 giti
622 723 729 774 mei
751 726 908 791 pleni
937 727 1066 776 sunt
1086 724 1480 792 probatissima
1511 727 1748 794 myrrha
1798 733 1844 780 et
1876 732 2010 793 aloe,
2040 735 2087 782 et

485 813 760 864 uni-versis
803 815 1010 879 primis
1055 817 1354 878 unguentis
1405 815 1582 881 (Cant.
1639 833 1690 883 v,
1745 817 1804 878 ῦς
1858 834 1929 883 Iv,
1981 815 2084 883 13).

486 894 870 969 Erumpebant
893 899 1108 970 jugiter
1137 900 1394 972 lacrymze
1421 897 1570 956 inter
1613 899 1980 972 miscendum,
2020 905 2088 960 de

483 991 823 1057 pinguedine
852 990 1053 1054 cordis,
1091 1007 1154 1043 ex
1203 990 1588 1045 recordatione
1635 989 1820 1046 dilecti
1864 991 2090 1048 dilecto-

489 1075 582 1142 ris,
617 1081 673 1130 et
701 1078 1072 1131 incalescente
1098 1086 1320 1149 pectore
1349 1079 1418 1132 ad
1473 1080 1658 1149 ignem
1699 1081 1925 1144 amoris,
1957 1081 2086 1136 reli-

488 1170 692 1235 quatus
707 1163 776 1218 ab
795 1167 946 1220 intus
977 1170 1138 1235 culcps
1170 1167 1394 1238 pietatis
1425 1169 1723 1224 emanabat
1747 1189 1845 1242 per
1878 1173 2084 1226 oculos.

489 1253 736 1321 Videres,
761 1257 1050 1310 oculorum
1084 1275 1227 1320 rore,
1263 1258 1443 1329 spicas
1473 1260 1778 1325 humectas,
1807 1261 2088 1330 gradatim

487 1361 761 1410 excussas,
824 1341 1178 1416 singultibus,
1245 1345 1518 1418 lacrymas
1575 1349 1919 1403 aromatibus
1981 1350 2087 1404 im-

487 1433 707 1498 mixtas,
757 1453 956 1488 manus
1009 1437 1129 1505 ejus
1175 1436 1413 1489 maditas
1461 1435 1818 1508 pupullarum
1865 1439 2084 1509 pluviis,

483 1529 673 1592 guttas
704 1540 766 1576 ex
791 1524 1068 1594 palpebris
1091 1526 1212 1593 ejus
1251 1526 1612 1596 proﬂuentes,
1648 1527 1798 1580 omni
1839 1535 2000 1596 gutta
2031 1535 2088 1582 et

486 1611 637 1664 casia
667 1611 970 1677 cliariores,
1006 1619 1062 1666 et
1091 1611 1205 1666 Deo
1237 1621 1386 1667 certe
1431 1613 1726 1684 gratiores.
1773 1617 1917 1671 Sane
1948 1618 2086 1672 adeo

485 1697 781 1764 celebrem,
827 1700 905 1753 ita
951 1699 1182 1767 claram,
1216 1707 1443 1773 tamque
1483 1705 1769 1774 fulgidam,
1815 1705 1946 1760 fecit
1982 1724 2084 1760 no-

2171 551 2338 616 tibus,
2373 552 2440 604 ad
2471 551 2786 621 sepulcrum
2817 547 3138 610 Salvatoris,
3181 543 3470 598 celerrime
3512 560 3772 616 propera-

2171 640 2266 705 vit,
2315 641 2404 693 cui
2453 640 2634 693 omnis
2685 638 2940 692 celeritas
2981 633 3146 690 tarda
3205 632 3517 687 videbatur.
3573 634 3772 685 Fervor

2171 729 2320 782 enim
2351 723 2664 783 dilectionis
2693 744 2840 797 mgre
2870 726 3078 779 tulerat
3107 739 3292 777 moras
3335 721 3535 777 noctis.
3571 722 3772 792 Seque-

2174 815 2382 872 bantur
2413 823 2600 872 autem
2633 813 2935 870 Salvatoris
2977 811 3351 885 primiceriam
3384 809 3770 880 Magdalenam

2171 907 2293 960 aliae
2314 905 2521 973 Mariae,
2547 905 2789 976 Cleoplie
2813 903 3085 967 videlicet,
3103 911 3160 955 et
3179 902 3420 966 Salome,
3451 905 3508 953 et
3535 897 3766 965 Joanne,

2173 1002 2229 1050 et
2258 997 2532 1062 Susanna,
2557 1001 2614 1049 et
2643 999 2855 1048 caeteras
2877 1009 3000 1063 qua:
3021 1008 3147 1045 cum
3175 991 3254 1044 eis
3275 995 3456 1052 erant,
3481 998 3768 1060 portantes

2171 1085 2403 1154 singulm
2433 1101 2556 1155 qum
2587 1089 2927 1155 paraverunt
2955 1086 3226 1134 aromata.
3263 1079 3499 1134 Diversa
3545 1078 3770 1148 quidem

2171 1180 2426 1245 tempora
2455 1173 2788 1227 visitationis
2818 1169 3140 1224 describunt
3183 1168 3352 1222 etiam
3393 1167 3767 1237 evangelista},

2173 1280 2282 1316 non
2314 1263 2676 1327 mendaciter,
2695 1278 2795 1315 nec
2819 1259 3225 1331 perfunctorie;
3254 1257 3352 1310 sed
3379 1273 3442 1309 ex
3475 1257 3768 1320 industria,

2171 1368 2270 1424 pro
2303 1348 2507 1405 sedulae
2537 1349 2868 1404 visitationis
2901 1343 3104 1402 indicio
3135 1347 3269 1400 dum
3316 1337 3516 1399 crebro
3543 1351 3774 1398 currunt

2171 1449 2225 1494 et
2257 1445 2570 1504 recurrunt,
2625 1437 2835 1492 abeunt
2853 1444 2928 1492 .et
2962 1436 3217 1499 redeunt,
3264 1451 3367 1488 nec
3410 1435 3707 1505 patiuntur
3742 1451 3770 1487 a

2169 1531 2423 1600 sepulcro
2465 1527 2766 1583 Salvatoris
2827 1527 3038 1580 diutius
3093 1525 3178 1578 vel
3235 1523 3456 1594 longius
3512 1523 3708 1577 abesse
3727 1534 3764 1575 ε.

2169 1621 2252 1674 Ne
2275 1619 2464 1689 igitur,
2491 1618 2573 1672 vel
2597 1618 2655 1670 in
2687 1613 2921 1680 modico,
2951 1629 3268 1668 measensu
3299 1611 3763 1683 evangelistarum

2168 1718 2398 1773 temere,
2443 1708 2590 1779 quod
2637 1707 2801 1768 absit,
2837 1704 3096 1759 aberrare
3131 1703 3437 1772 contingat,
3470 1702 3766 1773 prazmissis

486 1794 630 1840 ctem
684 1787 976 1842 dominica}
1038 1793 1480 1860 resurrectionis,
1531 1794 1792 1865 operibus
1841 1813 1953 1850 suae
1986 1796 2084 1849 de-
2108 1783 2521 1869 Bsingulorum
2553 1795 2894 1860 nominibus,
2917 1796 3039 1866 ipsa
3067 1790 3233 1846 verba
3263 1792 3619 1861 singulorum
3647 1793 3768 1846 scri-

489 1876 744 1942 votionis,
809 1879 1074 1948 prmclara
1126 1881 1501 1950 pigmentaria
1566 1884 1888 1950 Salvatoris,
1959 1903 2084 1939 cum
2171 1885 2301 1942 bere
2329 1886 2597 1951 curavid;
2650 1886 2826 1940 satius
2874 1885 2929 1937 id
2974 1883 3098 1937 ﬁeri
3141 1881 3498 1947 arbritratus,
3547 1891 3770 1952 propter

486 1965 648 2018 sociis
668 1966 802 2031 suis,
829 1971 908 2031 ut,
936 1985 1000 2020 ex
1035 1975 1186 2034 tunc,
1219 1971 1474 2024 ordinem
1511 1979 1828 2043 temporum
1869 1975 2086 2029 narrari
2171 1975 2441 2048 quosdam
2485 1976 2579 2047 qui
2613 1972 3045 2028 commentarios
3086 1969 3354 2032 scribunt,
3403 1969 3500 2040 qui
3536 1969 3768 2023 visiones

485 2055 720 2108 voluerit
766 2056 932 2121 Deus,
984 2065 1204 2111 creator
1250 2066 1586 2131 temporum,
1634 2064 1895 2134 noctique
1935 2061 2082 2118 diem

484 2145 778 2198 succedere
798 2155 842 2198 ι.

487 2251 616 2304 er.
638 2252 828 2326 XXIV.
859 2285 923 2293 —
949 2257 1048 2308 Ubi
1069 2256 1318 2310 Christus
1341 2263 1600 2326 resurgit,
1628 2264 1856 2325 angelus
1875 2262 2086 2314 descen-

624 2325 726 2386 dit,
761 2326 954 2379 Maria;
995 2336 1360 2380 occurrerunt
1389 2332 1460 2381 ad
1491 2325 1937 2384 niumunentmn.

555 2409 622 2466 Et
651 2417 777 2482 post
811 2411 1044 2468 sabbata
1073 2415 1278 2480 tristia,
1315 2414 1441 2470 felix
1484 2411 1602 2472 dies
1648 2417 1859 2485 illuxit;
1892 2419 2086 2492 solque

483 2497 552 2552 ab
583 2499 958 2567 inferioribus,
1004 2510 1220 2558 rectum
1265 2505 1552 2560 tramitem
1607 2507 1841 2561 orientis
1891 2521 2086 2562 ascen—

483 2582 639 2653 dens,
669 2597 725 2643 et
773 2600 974 2645 emtum
1019 2593 1317 2660 irradians,
1372 2613 1588 2650 roseam
1621 2597 1890 2668 praemisit
1929 2615 2089 2652 auro-

487 2695 607 2732 ram
630 2698 641 2745 ;
676 2681 811 2734 dum
835 2680 1058 2734 interim
1081 2700 1244 2736 verus
1259 2688 1336 2736 sol
1351 2687 1608 2752 justitia',
1633 2687 1982 2752 Uhristus,ab
2007 2691 2090 2740 in-

485 2767 620 2833 feris
651 2770 823 2821 victor
844 2773 1084 2824 ascendit
1113 2763 1368 2838 (.llalaeh.
1399 2790 1469 2827 ιγ.
1496 2773 1570 2842 ‘2),
1603 2781 1660 2828 et
1689 2775 1827 2828 hora
1854 2793 1964 2845 qua
1992 2793 2088 2829 vo-

487 2853 610 2921 luit,
637 2873 670 2908 a
693 2859 929 2911 mortuis
960 2860 1297 2915 immortalis
1330 2863 1634 2916 resurrexit
1653 2859 1700 2916 ι).
1722 2866 1786 2918 ln
1807 2863 1904 2917 illa
1927 2865 2084 2932 liora,

486 2942 644 2997 terra:
676 2951 850 2999 malus
875 2951 1054 3014 factus
1079 2955 1150 3002 est
1175 2966 1431 3017 magnus,
1451 2957 1497 3004 et
1521 2956 1698 3006 multa
1721 2970 2088 3022 corporasan-

486 3029 698 3086 clerum
725 3039 824 3102 qui
850 3029 1216 3104 dormierunt,
1257 3047 1623 3094 surrercrunt
1655 3040 1870 3109 (Matth.
1904 3060 2080 3108 xxvm,

481 3117 514 3176 2
539 3141 550 3188 ;
585 3119 782 3176 .llatt/t.
806 3142 963 3190 xxvu,
991 3125 1098 3194 :32).
1123 3121 1345 3181 Interea
1377 3125 1552 3182 Maria
1581 3125 1928 3200 Magdalena,
1960 3131 2082 3185 bal-

483 3213 688 3266 samita
737 3207 956 3281 nobilis,
1007 3217 1334 3287 prieparatis
1373 3224 1504 3271 ante
1548 3217 1856 3273 diluculum
1903 3221 2083 3274 confe-

483 3297 782 3368 ctionibus,
815 3303 1011 3373 primis
1048 3311 1105 3357 et
1148 3305 1436 3376 praecipuis
1487 3306 1793 3377 liquoribus
1845 3308 2077 3379 pisticis,

2169 2067 2495 2135 angelorum
2529 2065 2606 2118 sic
2639 2064 3078 2134 conglomerant,
3112 2059 3188 2114 sic
3237 2057 3609 2124 confundunt,
3639 2076 3769 2130 quas

2167 2155 2402 2224 singula!
2433 2154 2785 2224 evangelista:
2829 2153 3044 2206 diverse
3092 2149 3376 2204 referunt:
3407 2156 3469 2203 ut
3504 2149 3770 2202 visionem

2167 2244 2494 2314 angelorum
2535 2260 2647 2297 non
2687 2248 2904 2313 quater,
2934 2257 3046 2295 non
3091 2245 3196 2305 ter,
3230 2237 3326 2293 sed
3376 2237 3460 2290 bis
3510 2235 3769 2291 habuisse

2170 2330 2375 2386 Marias
2402 2333 2488 2386 vix
2518 2331 2898 2390 consentiant;
2931 2337 3201 2400 tanquam
3233 2321 3348 2382 Deo
3389 2333 3538 2381 esset
3571 2327 3769 2397 impos-

2169 2419 2348 2488 sibile,
2394 2422 2479 2475 vel
2522 2427 2693 2475 tantm
2740 2419 3084 2474 solemnitati
3139 2418 3530 2486 incongruum,
3573 2416 3768 2470 saltem

2169 2527 2263 2564 sex
2291 2511 2540 2579 angelos,
2573 2509 2890 2578 resurgenti
2909 2508 3132 2562 Christo
3161 2505 3425 2568 astitisse,
3457 2505 3542 2557 vel
3581 2503 3764 2558 mulie-

2172 2598 2324 2652 ribus
2349 2599 2673 2670 apparuisse
2707 2617 2717 2651 :
2754 2603 2930 2652 unum
2961 2595 3093 2650 foris
3135 2594 3423 2649 sedentem
3462 2593 3768 2647 secundum

2171 2686 2525 2750 Matthaeum;
2589 2687 2832 2741 alterum
2897 2685 3047 2740 intus
3111 2685 3400 2738 sedentem
3463 2681 3767 2736 secundum

2172 2779 2458 2844 Marcum;
2516 2775 2657 2830 duos
2715 2776 2990 2836 sedentes,
3049 2774 3151 2826 soli
3207 2773 3552 2843 Magdalenae
3602 2773 3762 2834 visos,

2170 2866 2477 2920 secundum
2499 2867 2770 2919 Joannem
2795 2878 2838 2916 e.
2867 2864 3164 2918 Matthaeus
3193 2863 3408 2929 (Matth.
3451 2878 3636 2924 xxvm,
3669 2863 3720 2930 1)
3751 2881 3763 2914 ;

2181 2952 2389 3023 Vespere
2446 2960 2631 3008 autem
2687 2953 2917 3019 sabbati,
2963 2970 3080 3021 qua
3132 2968 3232 3022 pro
3286 2949 3469 3021 gloria
3525 2967 3768 3004 resurre—

2171 3044 2371 3098 ctionis
2403 3045 2621 3098 lucescit
2653 3046 2714 3096 in
2749 3045 2943 3112 prima
2986 3043 3217 3108 sabbati,
3262 3031 3410 3094 serie
3453 3046 3764 3112 temporum

2164 3138 2502 3204 permutata,
2579 3135 2724 3186 venit
2793 3133 2978 3186 Maria
3059 3131 3406 3197 .llagdalcna,
3476 3136 3525 3183 et
3595 3133 3764 3184 altera

2164 3223 2367 3286 Maria,
2415 3221 2602 3274 videre
2645 3223 2982 3289 sepulcrum.
3032 3219 3250 3272 Marcus
3293 3219 3485 3281 (Marc.
3521 3232 3636 3283 xvi,
3675 3215 3760 3287 l):

2167 3303 2228 3364 Et
2259 3313 2413 3364 valde
2446 3327 2623 3374 mane,
2651 3326 2766 3363 una
2807 3307 3158 3362 sabbatorum
3189 3309 3374 3360 Maria
3421 3307 3759 3374 .llagdalena,

483 3405 585 3442 sua.
626 3390 908 3445 alabastra
955 3394 1205 3463 replevit,
1259 3401 1376 3448 tam
1422 3395 1679 3466 pretiosis
1727 3399 1790 3450 ut
1836 3397 2082 3468 pretium
2166 3405 2212 3452 et
2243 3392 2427 3453 Μανία
2444 3401 2631 3453 Jacobi
2647 3403 2695 3452 et
2711 3395 2926 3452 Satomc
2947 3401 3212 3450 venerunt
3233 3399 3306 3448 ad
3321 3400 3759 3456 monunicntum,

481 3479 676 3532 mundi
705 3480 872 3550 digne
903 3482 1213 3548 condirent,
1248 3489 1363 3537 tam
1397 3483 1634 3554 capiosis
1667 3489 1733 3539 ut
1771 3483 2081 3541 condienda
2165 3493 2284 3540 orta
2299 3489 2424 3555 jam
2450 3490 2558 3540 sole
2573 3485 2826 3558 justitiae,
2851 3485 3091 3550 Christo,
3118 3488 3246 3556 post
3287 3495 3548 3538 oecasum
3583 3495 3762 3555 corpo-

482 3569 700 3638 corpori
728 3569 948 3624 abunde
980 3571 1318 3626 sufﬁcerent.
1355 3574 1423 3627 Et
1449 3574 1610 3627 valde
1647 3575 1911 3640 diluculo,
1945 3592 2082 3630 non-
2161 3577 2238 3631 ris
2259 3577 2296 3630 ί.
2347 3579 2413 3632 Et
2455 3577 2707 3631 dicebant
2743 3578 2818 3631 ad
2862 3577 3096 3630 invicem
3139 3593 3154 3626 :
3184 3575 3315 3642 Quis
3353 3577 3585 3628 rcrolvct
3620 3571 3758 3626 nobis

1427 3713 1602 3762 ΝΟΤΔΞ
1651 3715 2007 3764 POTISSIML‘M
2054 3711 2128 3763 EX
2172 3717 2413 3764 ΕΛΕΑΝο
2457 3713 2806 3765 ΠΕδυΙίΡΤΕ.

552 3837 576 3865 δ
604 3828 977 3914 Quaere-udum
1007 3835 1103 3914 esti
1114 3830 1284 3914 nobis
1305 3848 1404 3884 cur
1417 3815 1644 3914 noctein
1664 3835 1966 3889 Dominicee
1997 3849 2080 3888 re-
2161 3843 2380 3914 noctem
2401 3837 2624 3914 quando
2646 3852 2746 3906 per
2761 3835 2928 3914 ﬁdem
2950 3832 3376 3914 resurrectionis
3399 3832 3669 3914 τί
3681 3837 3752 3884 ιι-

481 3899 844 3952 surreetionis
869 3901 1219 3969 Evangelista
1253 3901 1573 3956 describens
1595 3904 1673 3957 :zit
1699 3923 1710 3958 :
1747 3908 1956 3971 Vespere
1980 3923 2080 3960 au-
2161 3906 2348 3961 nebris
2379 3899 2435 3960 et
2465 3899 2664 3960 umbra
2689 3907 2886 3960 mortis
2915 3905 2982 3960 ad
3015 3905 3196 3958 lucem
3240 3903 3366 3956 vitm
3407 3899 3632 3956 Christo
3657 3903 3752 3955 lar-

483 3970 824 4048 temsabbati
844 3983 962 4048 quae
988 3975 1298 4048 lucesm't_in_
1321 3977 1510 4039 prima
1535 3977 1765 4040 sabbati,
1787 3970 1914 4030 cum
1945 3990 2076 4030 con-
2161 3978 2352 4048 giente
2384 3978 2724 4032 reducimur.
2771 3979 2986 4032 Rabani
3027 3979 3087 4029 in
3122 3975 3312 4048 Matth.
3339 3976 3454 4028 cod.
3500 3975 3634 4048 ltibl.
3665 3973 3750 4027 Rr-

481 4043 673 4117 suetus
703 4041 1184 4117 ordotemporum
1213 4042 1412 4117 habeat
1452 4061 1738 4117 vesperam
1779 4048 1958 4117 magis
1991 4051 2077 4102 te-
2161 4041 2280 4116 giae,
2328 4048 2497 4106 ‘2'139:
2529 4049 2732 4102 Ilomit.
2781 4051 2841 4101 in
2887 4049 3042 4114 vigil.
3091 4047 3330 4108 Pasctur';
3385 4061 3451 4099 ex
3505 4046 3642 4117 Beda
3668 4048 3749 4117 qin

481 4126 550 4162 ne
563 4109 810 4190 brescere
842 4111 898 4163 in
929 4109 1147 4190 noctem
1181 4129 1349 4190 quam
1379 4114 1433 4167 in
1463 4109 1612 4169 die'm
1641 4109 1917 4190 lucescere
1943 4137 1954 4170 :
1982 4117 2077 4172 sed
2161 4109 2380 4184 illati/1.,
2408 4120 2501 4172 lib.
2535 4133 2610 4184 1v,
2643 4136 2764 4190 cap.
2795 4117 2894 4184 28;
2931 4109 3132 4190 Horn”.
3181 4122 3243 4190 in
3281 4119 3491 4183 vigiliis
3526 4115 3746 4170 Pascha.

481 4179 714 4259 mystice
729 4181 960 4260 loquens
979 4179 1346 4268 Evangelista,
1365 4193 1635 4266 quantum
1658 4189 1948 4256 dignitatis
1964 4191 2080 4244 haec
2229 4191 2260 4268 _h
2294 4179 2951 4268 Dominusnostersuam
2973 4189 3043 4242 de
3069 4179 3592 4268 sepulcro'c-arnem
3605 4199 3751 4268 resu-

481 4251 860 4332 sacratissima
889 4267 994 4332 nox
1025 4253 1093 4306 de
1105 4255 1302 4332 gloria
1331 4251 1518 4310 evicta;
1551 4251 1747 4332 mortis
1781 4261 2076 4330 acceperit.
2101 4325 2134 4332 __
2166 4262 2368 4315 scitare
2399 4262 2622 4332 quando
2652 4261 2845 4324 voluit,
2870 4265 2926 4314 et
2947 4251 3226 4330 quomodo
3245 4259 3423 4312 voluit
3439 4259 3637 4328 potuit.
3659 4255 3748 4310 Ra-

480 4321 768 4406 Lusinuare
798 4323 1014 4405 studuit
1041 4343 1050 4376 :
1075 4321 1218 4406 .dum
1251 4328 1373 4406 ejus
1391 4329 1693 4406 exordium
1726 4347 1836 4400 quo
1866 4321 2076 4406 devota:
2100 4325 2140 4378 U
2161 4321 2670 4406 baniilioinil._fer.
2704 4321 3018 4386 inraso/1:7.
3069 4402 3080 4406 _
3125 4405 3128 4406 ν
3439 4321 3487 4406 ἠ
3697 4398 3706 4406 ⁸

480 4391 704 4473 Christo
725 4393 942 4477 femina:
963 4394 1021 4447 in
1038 4391 1366 4482 obsequium
1389 4399 1538 4452 illius
1558 4391 1786 4482 vigilare
1808 4403 2078 4482 coeperint
2161 4475 2200 4482 _
2230 4413 2252 4443 ο
2293 4398 2450 4482 Quod
2509 4391 2729 4482 diversa
2775 4409 3032 4482 tempora
3066 4402 3302 4482 istarum
3337 4400 3654 4482 .muiierumr

479 4464 866 4552 insequentem
893 4467 1012 4535 jam
1062 4464 1209 4552 dieni
1257 4469 1534 4523 lucescere
1578 4464 2074 4552 pci'hibuit‘.:.\7am
2161 4464 2915 4552 Evangeliisdescribuntur:
2943 4489 3052 4552 non
3099 4471 3372 4552 mendacii
3409 4471 3631 4552 signum
3667 4471 3746 4520 est

479 4535 750 4614 Dominus
771 4548 974 4624 .au‘ctor
1007 4544 1062 4590 et
1091 4539 1381 4593 ordinator
1409 4535 1746 4622 temporum,
1777 4543 1870 4613 qui
1901 4543 1961 4624 in
1991 4545 2074 4624 ul-
2157 4547 2247 4624 (_ut
2265 4535 2746 4624 inipii_objiciuntl,
2772 4546 2868 4624 sed
2886 4545 3090 4598 sedulae
3117 4535 3740 4624 visitationisbi‘tlcium:

477 4605 616 4658 tima
637 4607 816 4658 noctis
842 4608 1019 4683 hujus
1040 4614 1198 4683 parte
1228 4613 1487 4674 surrexit,
1517 4605 1690 4666 totam
1742 4605 1866 4667 eam
1909 4614 2075 4667 nimi-
2160 4605 2292 4669 dum
2322 4605 2522 4683 c'rebro'
2545 4605 2756 4683 abeunt
2775 4619 2831 4669 et
2847 4621 3158 4673 recurrunt,
3193 4619 3250 4667 et
3275 4627 3385 4666 non
3415 4613 3741 4683 patiuntur_a

478 4685 604 4728 mm
633 4678 1052 4758 resurrectionis
1078 4681 1542 4758 lucem_festivam
1573 4685 1899 4758 reddiditqet
1921 4702 2078 4758 coru-
2159 4686 2414 4758 sepulcro
2447 4682 2668 4741 Domini
2700 4682 2794 4758 diu
2819 4686 3014 4740 abesse
3045 4685 3126 4738 vel
3150 4685 3390 4754 longius.
3415 4678 3483 4739 ῖς.
3517 4683 3682 4740 Hicin.
3703 4681 3736 4732 Ι.

481 4760 651 4828 scam:
672 4748 958 4828 Siquidem
989 4749 1058 4802 ab
1089 4752 1313 4805 exordio
1349 4755 1968 4828 niundanaa_creat_ionis
1991 4774 2078 4809 us-
2160 4748 2252 4828 ηιξ
2271 4761 2327 4810 in
2357 4754 2548 4812 .llatth.
2585 4770 2705 4828 cap.
2742 4757 2830 4812 38.

482 4825 589 4894 que
636 4819 762 4882 huc,
798 4819 874 4872 ita
925 4825 1240 4894 temporum
1287 4839 1481 4877 cursus
1528 4825 1979 4894 distinguebatur
2015 4831 2080 4880 ut

478 4887 597 4962 dies
655 4897 874 4962 noctem
938 4887 1274 4960 prae—cederet
1315 4896 1477 4962 juxta
1528 4887 1783 4948 ordqum
1825 4895 2077 4952 videlicet

477 4959 671 5029 primae
692 4959 1044 5038 conditiojis.
1066 4964 1180 5038 Hac
1202 4959 1390 5017 autem
1423 4971 1583 5018 nocte
1609 4983 1718 5038 "per
1744 4969 2075 5038 mysterium

477 5033 900 5105 resurrectionis
925 5033 1145 5086 Domini
1177 5041 1494 5105 temporum
1523 5033 1658 5090 ordo
1690 5033 1938 5092 mutatus
1969 5047 2072 5093 est.

478 5102 620 5155 Nam
650 5104 781 5168 quia
813 5108 972 5157 nocte
1005 5102 1314 5158 resurrexit
1343 5123 1375 5159 τι
1405 5108 1660 5170 mortuis,
1703 5109 1792 5162 die
1835 5127 1960 5163 vero
1987 5127 2075 5163 se-

477 5178 692 5251 quente
731 5175 996 5251 ejusdem
1025 5177 1449 5251 resurrectionis
1496 5179 1752 5232 eil'ectum
1793 5173 2078 5251 discipulis

477 5245 817 5319 ostendit...
866 5246 1174 5319 rectissime
1203 5264 1308 5300 nox
1339 5249 1434 5301 illa
1463 5251 1750 5319 sequentis
1801 5251 1911 5304 diei
1935 5245 2076 5304 con-

474 5314 671 5388 juneta
699 5321 784 5369 est
807 5318 934 5380 luci,
966 5336 1030 5371 ac
1072 5321 1150 5371 sic
1191 5325 1508 5388 temporum
1543 5314 1694 5374 ὀι-(10
1733 5325 1978 5376 statutus
2017 5328 2078 5376 ut

481 5381 600 5464 dies
628 5393 846 5464 noctem
877 5394 1162 5464 sequatur.
1201 5391 1268 5442 Et
1305 5381 1532 5464 quidem
1573 5393 1862 5462 aptissime
1904 5407 2078 5464 quon-

481 5453 610 5505 dam
633 5453 1136 5535 diemsequebatur
1152 5477 1278 5535 nox,
1306 5453 1676 5535 quiahomoa
1698 5464 1819 5517 luce
1837 5453 2078 5535 paradisi

480 5525 759 5600 peccando
774 5525 987 5600 lapsus,
1015 5531 1072 5582 in
1094 5531 1188 5600 huj
1199 5525 1470 5586 us'siecuii
1491 5533 1752 5588 tenebras
1772 5525 2080 5588 aerumnas-

483 5605 591 5662 que
635 5593 854 5651 decidit'
899 5593 1206 5671 Aptissitne
1247 5609 1438 5658 autem
1478 5614 1626 5659 nlinc
1671 5606 1790 5661 dies
1830 5607 2083 5678 sequitur

2230 4827 2262 4868 ἀ
2275 4829 2552 4906 μεεεηῒθε
2583 4823 2848 4906 obtestor,
2888 4831 2951 4882 ut
2979 4828 3032 4906 si
3074 4829 3168 4898 qui
3208 4828 3350 4906 forte
3385 4831 3576 4906 nostra

2199 4895 2570 4978 ualiaeunque
2614 4900 2727 4953 sint
2765 4900 3052 4970 opuscula,
3091 4895 3532 4978 transcriptipne
3580 4895 3734 4978 digna

2199 4913 2570 4970 uanacunque
2614 4913 2727 4953 smt
2765 4913 3052 4970 opuscula,
3100 4913 3532 4968 transcnpuone
3580 4913 3734 4973 mgna

2159 4913 2437 5032 duxerint,
2473 4975 2783 5048 memorata
2811 4987 3038 5048 quoque
3071 4970 3362 5048 nominum
3394 4967 3571 5048 signa,
3600 4969 3658 5046 ut
3681 4977 3734 5048 in

2158 5045 2348 5094 nostro
2403 5041 2706 5111 exemplari
2758 5037 3047 5112 reperiunt
3101 5041 3329 5110 ailigere
3373 5037 3728 5092 meminerint.

2159 5113 2372 5189 Rabani
2397 5116 2456 5189 in
2489 5113 2678 5189 Matth.
2709 5115 2928 5189 pur/at.
3014 5183 3028 5189 -
3250 5182 3262 5189 _
3301 5181 3313 5189 _
3341 5181 3352 5189 _
3449 5180 3460 5189 _

2230 5195 2253 5224 ε
2292 5181 2393 5236 Hic
2421 5183 2563 5236 forte
2591 5176 2795 5237 desunt
2821 5176 2987 5237 verba
3014 5183 3149 5244 haec,
3183 5182 3265 5234 Vel
3301 5181 3386 5234 his
3418 5179 3614 5233 similia
3642 5195 3651 5228 :
3675 5176 3730 5231 Et

2159 5253 2292 5306 duim
2322 5257 2473 5307 intus
2501 5255 2693 5307 Maria
2725 5255 3059 5320 .lIagldalena'
3091 5260 3138 5307 et
3178 5255 3382 5306 exteris
3428 5249 3732 5304 mulieribus

2160 5327 2313 5396 visas,
2345 5325 2645 5396 secundum
2673 5327 2894 5379 Lucam.
2937 5395 2942 5396 ν
3556 5391 3604 5396 __
3655 5389 3667 5396 .
3702 5387 3727 5396 λ.

2231 5393 2252 5434 ΐ
2281 5395 2424 5467 Solis
2467 5395 2755 5450 occubitus
2801 5395 3116 5467 passionem
3155 5401 3212 5449 et
3258 5399 3496 5467 mortem
3548 5389 3730 5467 Christi

2162 5466 2602 5546 signiticat,_qui_
2628 5467 2767 5546 dixit
2799 5461 3098 5546 :lquandiu
3131 5468 3188 5546 in
3233 5463 3444 5546 mundc
3482 5477 3618 5546 sum,
3655 5461 3730 5546 lux

2161 5531 2286 5589 sum
2309 5531 2530 5664 ἐπικηάῖ
2564 5539 2778 5593 [labant
2806 5531 3106 5592 Comment.
3161 5541 3220 5590 in
3266 5531 3480 5599 Matth,
3523 5533 3612 5588 lib.
3658 5543 3728 5584 ιη.

2164 5623 2285 5664 cap.
2352 5649 2362 5660 .

2164 5623 2285 5679 cap.
2309 5623 2362 5664 δ.
