3958 6170
176 360 201 413 1
212 357 320 415 469

1212 362 1305 415 DE
1342 363 1512 417 VITA
1549 365 1612 418 B.
1653 364 1904 419 MARL’E
1942 367 2428 426 MAGDALENIE.

3333 368 3462 426 1470

176 488 418 554 lapidem
455 489 526 540 ab
556 482 690 541 ostio
723 490 1105 541 monumenti?
1134 489 1269 541 Erat
1305 493 1501 556 quippe
1544 491 1840 556 magnusA
1864 497 2277 559 num,utMaria
2293 497 2531 552 dixerat.
2550 452 3325 565 Redieruntergodiseipuliin
3339 514 3459 559 sua,

178 577 353 629 valde.
389 576 457 628 Et
486 592 616 628 cum
659 576 1177 647 apprOpinquarent
1202 585 1586 640 monumento,
1617 582 1782 647 respi-

178 667 375 716 cientes
404 666 659 717 viderunt
684 670 989 717 revolutum
1014 668 1250 733 lapidem
1279 669 1491 728 (Matth.
1520 683 1701 731 xxvm,
1726 668 1778 729 ‘2,

180 750 229 816 3,
256 751 330 815 il,
367 759 429 807 ut
450 753 799 806 Salvatorem
825 755 945 822 jam
976 771 1265 824 egressum
1292 774 1412 810 esse
1439 758 1778 823 ostenderet,

179 842 368 895 clauso
402 842 546 894 ostio
584 843 951 907 monumenti,
996 843 1214 912 integro
1252 845 1435 913 sigillo
1464 846 1779 916 pontiﬁcis;

181 930 275 1001 qui
310 931 588 984 mundum
617 931 903 1001 ingressus
954 940 1056 997 est,
1092 933 1279 986 clauso
1326 940 1485 988 utero
1532 935 1780 1005 virginis,

182 1019 472 1089 signaculo
514 1020 745 1089 pudoris
773 1032 816 1074 ει.
854 1021 1033 1091 Hujus
1072 1022 1151 1075 rei
1179 1022 1367 1091 gratia
1397 1027 1620 1077 revolvit
1649 1027 1786 1091 lapi-

181 1110 301 1160 dem
333 1114 379 1160 et
413 1111 623 1162 sedebat
665 1125 827 1176 super
870 1127 1014 1162 eum.
1070 1113 1186 1164 l’ra'
1226 1114 1421 1164 timore
1455 1118 1635 1164 autem
1671 1117 1785 1179 ejus

182 1200 442 1251 exterriti
478 1203 610 1250 sunt
645 1200 901 1261 custodes,
943 1205 988 1251 et
1037 1203 1175 1266 fat-ti
1214 1204 1343 1253 sunt
1382 1205 1519 1252 velut
1559 1204 1782 1253 mortui.

182 1286 320 1338 Erat
358 1289 509 1338 enim
542 1292 785 1354 aspectus
807 1291 919 1354 (jus
940 1290 1077 1339 sicut
1109 1291 1308 1355 fulgur
1330 1288 1612 1353 terribilis,
1634 1294 1787 1341 resti-

185 1382 369 1427 menta
394 1380 586 1428 autem
621 1377 856 1428 mnditia
887 1379 1027 1428 sicut
1064 1380 1180 1429 mle.

182 1474 314 1526 CAP.
366 1472 532 1525 XXV.
574 1503 629 1510 ——
668 1474 765 1525 Ubi
810 1475 991 1525 .llaria
1025 1477 1245 1527 Petrum
1291 1481 1337 1526 et
1385 1478 1651 1528 Joannem
1684 1478 1786 1528 ad-

218 1545 413 1604 duxit;
447 1549 491 1595 et
517 1546 747 1609 angelus
775 1546 931 1610 foris,
966 1549 1195 1611 angelus
1229 1548 1381 1598 intus
1417 1550 1747 1613 alloquitur.

252 1641 501 1693 Joannes
532 1656 542 1690 :
579 1641 763 1692 .llaria
806 1642 1132 1706 illagdatena
1178 1645 1396 1696 veniens
1450 1661 1627 1709 mane,
1662 1660 1787 1696 eum

182 1730 291 1783 adh
302 1746 368 1781 uc
402 1731 631 1782 tenebra?
652 1746 701 1781 es
713 1731 922 1791 sent,ad
940 1747 1105 1783 monu
1116 1737 1302 1783 menta
1314 1748 1385 1791 in,
1396 1734 1533 1785 ridit
1549 1734 1786 1800 lapidem

1864 584 2012 635 unde
2028 593 2393 640 cucurrerunt
2410 600 2453 638 ε.
2481 590 2663 641 Μανία
2683 592 2888 650 autem,
2909 586 3017 639 illis
3037 586 3391 645 abeuntibus,
3408 587 3465 639 in

1866 673 2059 725 eodem
2093 675 2210 727 loco
2242 676 2501 729 fortiores
2530 676 2650 729 ﬁxit
2687 677 2916 729 affectus
2939 676 2957 715 ί
2974 694 2985 740 ;
3019 678 3297 743 stabatque
3327 679 3465 741 [bris

1866 764 1937 829 ad
1971 770 2409 825 monumentum,
2450 765 2741 818 tabescens
2767 763 3045 834 lacrymis,
3070 765 3237 817 anxia
3254 764 3467 817 deside-

1867 850 1969 903 rio.
2002 851 2267 915 Turbata,
2302 860 2491 907 mente
2534 860 2592 906 et
2636 853 2829 915 oculis,
2867 854 3057 906 dolore
3087 858 3146 906 et
3180 853 3461 923 lacrymls,

1868 938 2152 993 Christum
2194 943 2495 1011 quaerendo
2540 942 2736 996 ﬂebat:
2768 950 2825 996 et
2848 943 3032 995 flendo
3063 942 3350 1011 quaerebat
3377 958 3470 995 cu-

1862 1028 1956 1096 jus
1977 1029 2252 1082 desiderio
2286 1031 2604 1085 anhelabat.
2640 1031 2936 1094 Quaerebat
2951 1032 3163 1095 sedulo,
3185 1030 3470 1100 quaerebat

1870 1116 2076 1185 ubique
2106 1120 2582 1190 circumspiciens,
2607 1128 2663 1173 et
2692 1121 3073 1189 interrogans;
3110 1127 3166 1173 et
3184 1136 3293 1172 non
3314 1120 3467 1172 inve-

1870 1206 2051 1269 niens,
2084 1207 2140 1259 in
2184 1209 2439 1277 proprios
2492 1228 2549 1261 se.
2599 1211 2807 1269 oculos,
2842 1210 3102 1279 lacrymis
3130 1208 3465 1273 vindicabat,

1873 1295 1966 1363 qui
1999 1295 2339 1349 desiderium
2371 1298 2572 1351 animae
2594 1315 2705 1352 suae
2739 1299 3084 1368 quarrebant,
3100 1314 3201 1351 nec
3220 1298 3467 1350 invenie-

1870 1383 2021 1436 bant.
2056 1384 2333 1438 Videbunt
2362 1402 2463 1439 nec
2484 1387 2878 1455 agnoscebant.
2918 1388 3023 1441 Sed
3074 1388 3177 1440 hoc
3217 1394 3468 1456 postmo-

1870 1474 2004 1526 dum
2041 1474 2304 1527 adierunt
2335 1482 2392 1527 et
2423 1476 2650 1544 reliqum
2682 1477 2952 1545 religiosae
2981 1482 3251 1530 matrona:
3280 1482 3469 1529 mente

1871 1566 2259 1625 consternatae,
2288 1570 2344 1616 et
2374 1564 2636 1633 lacrymis
2656 1572 2933 1618 vacantes.
2969 1567 3081 1618 Nec
3108 1565 3319 1618 diutius
3340 1565 3471 1619 tulit

1873 1652 2123 1719 angelus,
2158 1652 2251 1721 qui
2300 1669 2469 1723 super
2516 1654 2758 1723 lapidem
2792 1670 2958 1724 quem
2988 1653 3057 1707 ab
3105 1654 3247 1708 ostio
3278 1671 3472 1708 monu-

1874 1740 2049 1792 menti
2100 1742 2427 1806 revolverat,
2465 1742 2618 1806 foris,
2654 1742 2756 1796 sub
2786 1744 2946 1803 clivo,
2981 1760 3015 1796 a
3042 1743 3252 1797 dextris
3285 1743 3473 1811 ingre-

182 1820 473 1870 sublatum
494 1835 528 1870 (ι
550 1823 906 1870 monumento
942 1822 1121 1883 (λοαη.
1148 1834 1235 1884 XX,
1374 1821 1441 1873 Et
1472 1821 1647 1874 verita
1667 1805 1850 1873 (ΖΘΓ-Β
1873 1828 2168 1893 (ﬂentium,
2204 1830 2433 1884 sedebat
2459 1850 2469 1895 ς
2506 1832 2600 1883 sed
2634 1833 2890 1885 "uaporis
2943 1849 3137 1886 (garum
3188 1832 3470 1898 misertus,

184 1923 288 1977 pus
321 1908 444 1975 ejus
473 1906 758 1960 sublatum
791 1923 932 1971 esse,
968 1908 1134 1973 velut,
1170 1908 1305 1978 ipsis
1328 1914 1443 1962 tam
1465 1910 1618 1963 chori
1638 1911 1790 1981 capi-

183 1996 277 2061 tis,
307 1995 574 2059 indicata,
608 1996 881 2066 reliquiis,
920 2003 1106 2050 mente
1130 2004 1542 2064 consternatur,
1568 2006 1786 2064 aestuat,

184 2086 468 2139 anxiatur.
502 2088 910 2153 Reeurrensque
932 2086 1060 2150 cito,
1095 2091 1242 2139 venit
1274 2090 1346 2141 ad
1375 2088 1652 2141 Simonem
1690 2092 1788 2143 Pe-

187 2180 364 2239 trum,
380 2179 428 2227 et
450 2176 524 2228 ad
547 2178 729 2228 alium
745 2177 1081 2242 discipulum
1104 2194 1260 2243 quem
1288 2178 1549 2245 diligebat
1565 2181 1719 2232 Jesus
1739 2179 1781 2230 b:

186 2272 268 2317 ut.
306 2270 405 2317 aut
433 2280 624 2317 secum
662 2271 992 2333 quaererent,
1036 2272 1134 2318 aut
1185 2282 1373 2319 secum
1413 2267 1686 2323 dolerent.
1724 2271 1785 2323 Et

184 2357 267 2406 ait
300 2374 314 2406 :
346 2354 615 2406 Tuterunt
657 2353 959 2407 Dominum
1010 2371 1199 2408 meum
1232 2357 1294 2407 de
1336 2365 1711 2425 monumento,
1742 2367 1792 2412 et

190 2447 466 2496 nescimus
494 2445 586 2496 ubi
606 2448 914 2510 posuerunt
945 2460 1065 2495 eum
1093 2455 1134 2495 ο.
1170 2444 1270 2497 llic
1302 2444 1395 2498 ubi
1426 2446 1559 2499 dicit
1592 2465 1602 2499 :
1643 2450 1795 2501 Tute-

190 2539 331 2585 runt
364 2534 663 2585 Dominum
679 2534 741 2584 de
776 2539 1129 2585 monumento
1156 2553 1167 2593 ;
1204 2533 1261 2586 in
1288 2536 1483 2604 graecis
1513 2537 1794 2591 codicibus

186 2620 421 2674 additur
444 2640 455 2673 :
484 2622 683 2684 Meum,
701 2621 1045 2691 pr0pensiori
1070 2622 1361 2676 charitatis
1388 2625 1471 2677 vel
1492 2626 1795 2681 famulatus

190 2711 400 2763 affectu
436 2707 481 2760 ἀ.
516 2710 665 2762 Επηίἰ
728 2712 921 2764 Simon
966 2727 1090 2776 ergo
1138 2714 1350 2776 Petrus,
1399 2720 1445 2765 et
1500 2716 1594 2767 ille
1648 2719 1795 2769 alius

188 2802 499 2866 discipulus
526 2817 538 2861 ;
573 2804 630 2851 et
659 2797 918 2852 abierunt
941 2799 1129 2852 videre
1151 2801 1297 2869 quod
1330 2802 1795 2859 audierant.Cur-

189 2894 330 2941 runt
375 2887 652 2958 discipuli,
687 2887 865 2940 Maria
893 2888 1163 2957 sequitur.
1200 2890 1446 2960 Uterque
1493 2893 1797 2964 discipulus

192 2978 518 3043 ingreditur
561 2982 1001 3041 monumentum,
1026 2984 1263 3031 cernunt
1303 2982 1657 3045 linteamina,
1684 3001 1799 3037 cer—

190 3066 974 3135 nuntsudarium,separatim
999 3069 1343 3132 involutum;
1362 3076 1419 3122 et
1438 3070 1700 3126 viderunt
1711 3091 1799 3128 va-

189 3170 368 3208 cuum
408 3155 786 3226 sepulchrum,
819 3160 875 3208 et
902 3156 1261 3210 crediderunt
1296 3157 1577 3214 sublatum
1614 3163 1801 3218 Domi-

1873 1918 2196 1986 diligentius
2226 1936 2320 1971 eas
2351 1921 2646 1980 consolari,
2689 1927 2745 1974 et
2774 1938 2843 1973 ne
2894 1926 3132 1991 paveant
3170 1921 3471 1987 eth'tari,

1874 2006 2223 2061 familiariter
2251 2008 2419 2079 ccepit
2443 2009 2601 2061 aflari
2633 2022 2679 2061 ε.
2702 2010 2999 2063 Matthaeus
3031 2011 3245 2076 (Matth.
3281 2025 3471 2063 xxwu.

1874 2096 1928 2165 5)
1963 2115 1973 2148 :
2013 2098 2349 2164 Respondeas
2395 2104 2579 2150 autem
2622 2102 2853 2163 angelus
2900 2101 3044 2151 dixit
3090 2102 3423 2151 mulieribus
3459 2118 3474 2150 :

1873 2186 1972 2238 .Vol
1981 2189 2049 2237 ite
2076 2189 2266 2238 timere
2290 2205 2302 2247 ;
2329 2189 2439 2238 seio
2463 2189 2615 2238 enim
2655 2188 2800 2253 quod
2828 2190 3036 2251 Iesum,
3063 2191 3160 2254 qui
3178 2190 3477 2253 cruci/imus

1870 2280 1961 2337 est,
1983 2278 2252 2341 qua’ritis.
2272 2276 2389 2328 Non
2412 2280 2485 2328 est
2501 2276 2589 2327 hic
2613 2295 2627 2328 :
2654 2279 2907 2328 surrexit
2936 2278 3110 2340 enim,
3139 2279 3283 2328 sicut
3302 2277 3471 2337 dixit;

1878 2363 2226 2433 Impossibilc
2258 2364 2407 2415 enim
2456 2372 2559 2423 est,
2596 2380 2707 2416 non
2738 2364 2862 2417 fieri
2894 2364 3039 2434 quod
3082 2364 3222 2417 dixit
3273 2364 3340 2417 Et
3361 2365 3480 2433 jus-

1877 2453 1950 2505 sit
1994 2468 2087 2504 eas
2136 2452 2348 2505 intrare
2398 2453 2454 2505 in
2504 2460 2948 2515 monumentum,
3000 2460 3057 2506 et
3102 2453 3232 2505 inde
3272 2453 3326 2505 in
3358 2454 3477 2505 loco

1880 2543 1975 2593 ubi
1992 2544 2199 2608 positus
2221 2547 2338 2593 erat
2374 2541 2642 2594 Dominus
2666 2560 2675 2593 :
2704 2548 2760 2594 et
2780 2542 2826 2594 si
2858 2541 2999 2593 meis
3017 2541 3200 2594 verbis
3221 2558 3332 2595 non
3353 2558 3474 2595 cre-

1879 2629 2029 2691 ditis,
2047 2630 2220 2682 oculis
2242 2629 2440 2682 vestris
2463 2631 2673 2683 credite
2692 2630 2737 2681 ιι.
2754 2631 2978 2683 Marcus
3002 2632 3194 2693 (.llarc.
3219 2645 3330 2689 xvi,
3376 2631 3427 2697 5)
3464 2648 3475 2682 :

1880 2720 1943 2772 Et
1978 2721 2314 2772 introeuntes
2354 2721 2411 2771 in
2452 2724 2906 2783 monumentum,
2942 2721 3201 2771 viderunt
3221 2723 3482 2786 juvenem

1878 2810 2146 2860 sedentem
2186 2810 2248 2859 in
2285 2808 2512 2870 dextris,
2566 2807 2636 2859 ad
2686 2807 3056 2860 meridianam
3107 2813 3319 2877 partem
3376 2807 3483 2860 loci

1880 2897 2049 2959 illius,
2087 2895 2181 2948 ubi
2212 2895 2453 2965 positum
2502 2895 2686 2949 fuerat
2716 2912 2918 2966 corpus
2946 2897 3077 2949 Jesu
3108 2896 3140 2961 ί,
3173 2901 3481 2963 coopertum

1880 2990 2018 3038 stola
2048 2986 2307 3049 candida,
2340 2989 2385 3036 et
2418 2987 2818 3051 obstupuerunt
2851 3005 2865 3038 :
2896 2989 2995 3052 qui
3021 2988 3101 3037 ait
3139 2988 3285 3039 illis:
3308 2986 3485 3038 Nolite

1882 3090 2251 3142 expavescere;
2286 3088 2468 3143 neque
2515 3073 2665 3126 enim
2699 3090 2899 3143 pavere
2930 3073 3146 3128 debetis
3187 3092 3196 3126 :
3234 3073 3487 3128 concives

1883 3163 2055 3217 vestri
2094 3168 2228 3216 sunt
2257 3177 2394 3232 quos
2426 3162 2681 3216 videtis).
2718 3163 2830 3216 Vos
2849 3162 3083 3227 caelibes,
3134 3179 3235 3216 nos
3267 3162 3485 3216 calice-

1147 3271 1317 3316 NOTE
1366 3274 1737 3322 POTISSIMUM
1785 3281 1867 3324 EX
1912 3276 2157 3322 RABANO
2202 3278 2554 3321 υΕεωιΡἸῈ.

268 3371 297 3397 ι
321 3360 569 3435 Angelus
598 3361 829 3435 revolvit
858 3364 1046 3435 autem
1089 3360 1355 3435 lapidem,
1388 3379 1499 3416 non
1526 3371 1590 3419 ut
1618 3382 1811 3435 egres-

191 3447 332 3507 suro
364 3431 602 3507 _Dom_in_o
628 3433 861 3501 januam
886 3432 1113 3507 pandat,
1128 3433 1233 3507 sed
1260 3451 1519 3507 egressus
1541 3431 1678 3502 ejus'
1688 3440 1809 3507 jam

189 3502 331 3556 facti
365 3502 685 3555 hominibus
718 3510 945 3572 prazstet
974 3502 1259 3555 indicium.
1296 3502 1401 3567 Qui
1433 3509 1581 3559 enim
1606 3502 1811 3561 mo'rta-

191 3574 267 3628 lis
284 3573 677 3628 adhucclauso
708 3574 936 3643 virginis
956 3580 1115 3627 utero
1139 3576 1319 3644 potuit
1340 3579 1620 3631 nascendo
1644 3594 1810 3634 mun-

194 3646 340 3698 dum
371 3644 608 3714 ingredi,
636 3646 752 3714 ipse
784 3644 994 3716 absque
1028 3645 1143 3697 ulla
1165 3646 1451 3699 dubietate
1481 3650 1597 3716 jam
1632 3652 1812 3704 factus

192 3716 540 3790 immoxtalis
582 3716 770 3790 clauso
793 3715 939 3790 licet
967 3717 1222 3785 sepulcro
1256 3719 1437 3787 potuit
1467 3715 1811 3790 resurgendo

191 3787 354 3840 exire
403 3787 471 3839 de
504 3788 731 3839 mundo.
779 3789 992 3841 Itabani
1022 3791 1079 3837 in.
1122 3790 1317 3843 .llatth.
1358 3792 1470 3842 cod.
1506 3787 1800 3855 [tegi/tibi.

192 3857 374 3919 2439;
410 3859 624 3911 Rabani
652 3860 859 3911 Uenit.
893 3861 950 3910 in
976 3861 1131 3924 vigil.
1162 3861 1400 3921 Pascha;
1435 3878 1500 3913 ex
1543 3866 1701 3919 Beda.
1738 3893 1801 3903 —-

189 3928 343 3981 Vide
377 3931 592 3982 Bedam.

278 4004 306 4037 υ
338 4000 505 4073 Venit
528 4006 743 4073 autem,
768 3999 911 4073 sicut
940 4001 1183 4073 Joannes
1202 4001 1353 4063 dicit,
1384 4004 1559 4056 Maria
1581 4006 1803 4073 Magda-

194 4072 333 4124 lcna
361 4072 485 4124 sine
510 4071 678 4124 dubio
708 4072 922 4123 caeteris
947 4070 1271 4125 mulieribus
1303 4089 1424 4142 quae
1448 4070 1805 4129 Domino—mi-

195 4142 591 4196 nistraverant
622 4142 926 4211 plurimum
947 4142 1237 4195 devotione
1260 4144 1577 4209 ferventior,
1606 4154 1667 4199 ut
1696 4165 1805 4199 non

196 4213 494 4267 immerito
532 4215 774 4267 Joannes
820 4215 995 4265 solam
1043 4222 1462 4281 commemoret,
1498 4217 1680 4270 tacitis
1728 4218 1808 4270 eis

199 4302 332 4356 quae
375 4300 502 4337 cum
558 4285 655 4337 illa
702 4286 945 4343 fuerunt,
977 4284 1121 4356 sicut
1167 4285 1260 4337 alii
1310 4293 1606 4340 testantur.
1642 4289 1811 4341 Venit

201 4355 365 4425 ergo,
394 4363 451 4408 et
496 4362 556 4408 ut
596 4356 732 4409 vidit
762 4356 1001 4424 lapidein
1038 4355 1319 4409 sublatum
1362 4376 1395 4409 ει
1442 4365 1806 4412 monumento

200 4434 518 4497 antequam
551 4426 761 4496 aliquid
791 4426 1114 4495 diligentius
1156 4426 1472 4497 inspiceret,
1508 4447 1617 4483 non
1646 4430 1808 4485 dubi-

198 4504 337 4551 tans
360 4496 643 4551 sublatum
668 4514 790 4551 esse
820 4498 947 4551 inde
985 4514 1183 4567 corpus
1211 4496 1361 4560 Jesu,
1388 4501 1813 4563 cucurrit,sicut

196 4569 359 4643 idem
384 4568 519 4643 dicit
547 4570 811 4635 Joannes,
856 4576 915 4643 et
958 4569 1238 4643 nuntiavit
1278 4571 1442 4623 Petro
1488 4579 1656 4643 atque
1708 4573 1811 4642 ipsi

195 4641 433 4693 Joanni.
475 4642 686 4693 Rabani
718 4644 782 4698 in
810 4641 1001 4693 .llatth.
1038 4642 1151 4692 cod.
1188 4643 1323 4694 Bibl.
1360 4644 1478 4705 ΗνίΙ.

278 4723 300 4749 ο
332 4712 599 4765 Cucurrit
627 4728 759 4780 ergo
789 4718 845 4764 et
878 4711 1028 4763 venit
1057 4711 1125 4762 ad
1168 4712 1453 4765 Simonem
1488 4714 1715 4767 Petrum
1753 4722 1809 4768 et

192 4782 273 4835 ad
308 4783 487 4845 alium
509 4783 841 4853 discipulum
866 4781 1269 4851 quemamabat
1290 4785 1450 4837 Jesus
1473 4791 1527 4837 et
1541 4785 1675 4837 dicit
1694 4786 1800 4837 eis:

188 4854 481 4907 Tulerunt
506 4855 805 4907 Dominum
827 4855 894 4905 de
920 4862 1298 4906 monumento:
1326 4862 1382 4907 et
1412 4856 1690 4909 nescimus
1714 4856 1806 4908 ubi

188 4932 515 4996 posuerunt
563 4943 709 4977 eum.
742 4927 946 4977 Amore
977 4924 1148 4996 nimio
1182 4925 1425 4985 turbata,
1474 4927 1607 4980 dum
1639 4943 1805 4996 quem

186 4995 463 5065 Quaesivit
508 5012 620 5049 non
652 4996 860 5048 invenit
889 4995 1153 5055 cucurrit,
1196 4996 1481 5066 discipulis
1524 4995 1801 5061 nuntiare,

185 5075 264 5120 ut
280 5074 381 5119 aut
394 5084 581 5120 secum
600 5074 932 5136 quaererent,
948 5073 1045 5119 aut
1068 5084 1253 5119 secum
1269 5068 1801 5122 dolerentablatum.

182 5138 505 5191 Dominum
538 5140 743 5192 Raban.
774 5140 958 5191 llomit
1012 5138 1239 5190 Sabbati
1278 5143 1335 5191 in
1378 5146 1546 5192 oetav.
1572 5143 1800 5194 Paseha'.

183 5209 425 5278 Similia
455 5209 599 5278 apud
634 5212 957 5272 Alcuinum,
995 5226 1060 5261 ex
1086 5212 1139 5261 .S'.
1177 5213 1402 5274 August.

270 5277 296 5317 ά
329 5277 599 5333 Nonnulli
629 5280 845 5333 codices
875 5280 1043 5332 etiam
1068 5280 1242 5333 Graeci
1275 5281 1505 5335 habent:
1534 5283 1799 5334 Tit/erunt

180 5354 506 5405 Dominum
541 5368 741 5413 meum,
777 5351 921 5421 quod
965 5350 1138 5403 videri
1188 5352 1399 5405 dictum
1450 5358 1632 5421 potest
1679 5368 1801 5420 pro-

178 5422 468 5494 pensione
488 5422 779 5474 charitatis
802 5423 883 5473 vel
904 5421 1207 5494 famulatus
1238 5425 1437 5475 alfectu
1466 5423 1596 5494 ised
1620 5424 1720 5474 hoc
1746 5423 1800 5475 in

178 5492 457 5576 pluribus
479 5493 779 5576 codicibus,
802 5510 940 5575 quos
963 5493 1313 5576 inpromptu
1338 5493 1653 5576 habuimus,
1689 5510 1798 5545 non

176 5564 535 5619 invenimus.
564 5566 620 5618 S.
654 5568 865 5629 August
920 5567 980 5616 in
1009 5567 1170 5618 Joan.
1209 5580 1329 5633 cap.
1362 5566 1447 5627 20,
1486 5569 1647 5615 tract.
1684 5578 1798 5627 cex,

176 5648 260 5691 n0
294 5638 346 5687 ti.
380 5635 496 5687 Etsi
523 5653 592 5688 ea:
619 5638 926 5703 Augustino
966 5636 1073 5687 ha'e
1103 5636 1380 5687 desumere
1415 5636 1666 5687 rideatur
1698 5636 1802 5688 Ita-

179 5711 396 5770 banus,
443 5712 688 5759 attamen
722 5723 832 5760 non
869 5710 1029 5760 semel
1078 5709 1140 5759 in
1185 5708 1302 5759 suis
1331 5708 1552 5774 scriptis
1595 5706 1802 5760 similes

1894 3369 2277 3421 adnotationes
2308 3369 2553 3433 apponit,
2590 3371 2647 3418 ut
2672 3372 2791 3434 pote
2817 3370 3135 3419 litterarum
3176 3381 3484 3433 gramarum

1893 3454 2132 3505 gnarus.
2172 3456 2195 3485 «
2227 3440 2353 3489 Jam
2384 3441 2531 3489 enim
2571 3443 2779 3504 tempus
2827 3441 3194 3499 resolutionis,
3226 3439 3312 3489 vel
3340 3445 3404 3490 ut
3428 3439 3484 3490 in

1893 3508 2089 3578 graecis
2109 3507 2652 3578 codicibuslegimus
2682 3511 3007 3560 rerersionis
3039 3511 3225 3560 instat.
3258 3530 3282 3559 »
3320 3510 3487 3561 Raba-

1898 3577 1960 3632 ni
1988 3583 2049 3632 in
2072 3580 2327 3637 Numer”
2358 3577 2451 3629 lib.
2488 3592 2557 3637 ιν,
2590 3594 2710 3646 cap.
2746 3579 2793 3630 'l.

1965 3666 1987 3688 ι·
2016 3650 2290 3701 Abierunt
2337 3665 2468 3715 ergo
2518 3648 2719 3700 iterum
2751 3649 3006 3717 discipuli
3031 3649 3099 3701 ad
3131 3649 3482 3718 semetipsos,

1895 3720 1949 3773 id
1982 3727 2084 3779 est,
2110 3719 2202 3772 ubi
2234 3718 2582 3783 habitabant,
2605 3726 2661 3771 et
2680 3720 2824 3771 unde
2849 3720 2916 3771 ad
2950 3726 3373 3773 monumentum
3395 3736 3487 3772 cu-

1894 3798 2204 3844 currerunt.
2250 3793 2462 3844 llabani
2496 3791 2695 3843 Ilomil.
2728 3793 2929 3841 sabbat.
2971 3793 3029 3841 in
3068 3796 3236 3842 octav.
3271 3792 3482 3853 Pasch,

1887 3879 1951 3915 ex
1979 3866 2032 3916 δ.
2069 3866 2324 3926 August.,
2361 3862 2515 3916 ibid..
2553 3866 2713 3913 tract.
2748 3876 2887 3921 (xxxx,
2920 3872 2982 3913 n"
3013 3861 3055 3912 ι.

1955 3932 1976 3972 ί
2006 3932 2358 3985 Pensandum
2390 3938 2473 3983 est
2516 3931 2681 4000 hujus
2719 3932 2971 3984 mulieris
3000 3936 3243 3984 mentem
3276 3938 3489 4001 quanta

1884 4003 1966 4083 vis
2009 4003 2221 4083 amoris
2266 4004 2612 4083 accenderat,
2657 4019 2779 4083 quae
2808 4020 2841 4056 a
2870 4008 3235 4083 monumento
3264 4002 3488 4082 Domini

1891 4075 2059 4128 etiam
2090 4075 2377 4143 discipulis
2409 4073 2799 4127 recedentibus
2821 4092 2932 4127 non
2964 4073 3274 4137 recedebat,
3303 4073 3489 4143 exqui-

1892 4146 2051 4199 rebat
2099 4163 2262 4215 quem
2310 4162 2420 4198 non
2457 4145 2764 4207 invenerat,
2815 4147 2984 4199 tlcbat
3032 4145 3381 4215 inquirendo,
3433 4150 3490 4197 ct

1892 4218 2098 4269 amoris
2121 4217 2205 4269 sui
2232 4218 2356 4284 igne
2380 4233 2642 4269 succensa
2660 4218 2780 4285 ejus
2795 4234 2959 4287 quem
2986 4216 3232 4269 ablatum
3253 4215 3489 4287 credidit

1894 4288 2125 4341 ardebat
2154 4288 2452 4340 desiderio.
2490 4290 2703 4341 Ralnmi
2732 4285 2933 4342 "omit.
2966 4292 3071 4353 fer.
3098 4303 3129 4339 v
3160 4285 3487 4340 Pascha.“-

1891 4359 1968 4411 ris
1988 4359 2374 4422 redeuntibus,
2410 4359 2795 4423 infirmiorem,
2827 4376 3020 4412 sexum
3056 4358 3111 4411 in
3143 4359 3340 4410 eodem
3372 4357 3488 4409 loco

1892 4430 2089 4483 fortior
2110 4430 2317 4497 ﬁgebat
2342 4432 2591 4482 affectus.
2631 4432 2766 4482 [teda
2800 4434 2860 4481 in
2887 4433 3067 4489 Jan/1.,
3096 4446 3216 4497 cap.
3253 4428 3339 4481 21.)-

1966 4514 1993 4551 s
2028 4502 2291 4568 (Angelus
2309 4501 2424 4569 qui)
2454 4500 2679 4552 sedebat
2706 4518 2872 4569 super
2900 4500 3141 4568 lapidem
3174 4500 3487 4551 revolutum

1831 4590 2007 4664 uno
2028 4572 2252 4664 Jostium
2295 4571 2642 4664 monumenti
2678 4570 3114 4664 “claudebatur:

1896 4643 2147 4710 ejusdem
2174 4642 2412 4711 sepulcri
2452 4641 2729 4710 piissimas
2749 4641 2988 4707 benigna
3012 4642 3390 4693 consolatione
3408 4657 3491 4693 re-

1890 4714 2055 4771 fovet,
2090 4732 2152 4765 ac
2174 4730 2244 4765 ne
2274 4726 2512 4782 paveant
2540 4716 2840 4777 contortat;
2876 4712 3104 4782 insuper
3133 4713 3300 4764 etiam
3333 4712 3490 4764 fami-

1890 4783 2015 4836 liari
2046 4786 2214 4837 atlatu
2248 4784 2401 4853 prior
2430 4783 2545 4852 ipse
2567 4783 2699 4852 quia
2720 4784 2885 4836 sciret
2909 4785 3100 4836 Jesum
3132 4800 3381 4853 quaerere
3402 4782 3488 4833 di-

1888 4855 1979 4915 cit,
2015 4862 2069 4907 et
2113 4855 2245 4924 quia
2270 4856 2389 4923 jam
2434 4854 2674 4906 surrexit
2716 4854 2887 4907 addit.
2927 4856 3138 4909 Rabani
3189 4857 3248 4906 in
3293 4854 3487 4907 Matth.

1890 4927 2002 4978 cod.
2030 4929 2144 4978 Bibl
2200 4928 2315 4991 Reg.
2350 4927 2562 4979 Rabani
2585 4928 2765 4978 Ilomil
2820 4928 2879 4978 in
2920 4928 3115 4987 vigilia
3146 4926 3388 4983 Paschal;
3422 4939 3487 4975 ex

1894 4999 2050 5050 Beda.

1961 5066 1988 5107 ιι
2030 5067 2300 5130 Surrexit,
2350 5067 2549 5136 inquit.
2602 5067 2745 5119 sicut
2786 5065 2937 5119 vobis
2985 5064 3244 5136 promisit
3291 5084 3300 5117 :
3355 5064 3489 5133 quia

1888 5138 2230 5208 impossibile
2261 5144 2345 5191 est
2374 5135 2485 5191 non
2512 5138 2701 5190 venire
2724 5137 2867 5206 quod
2904 5135 3399 5208 praedixitLVenite
3431 5142 3489 5208 et

1889 5206 2067 5262 videte
2095 5210 2279 5262 locum
2314 5209 2404 5262 ubi
2430 5210 2650 5278 positus
2680 5216 2802 5260 erat
2846 5207 3135 5260 Dominus.
3172 5206 3238 5258 Et
3270 5206 3317 5259 si
3349 5206 3487 5259 meis

1886 5280 2068 5333 verbis
2096 5297 2205 5332 non
2236 5277 2481 5345 creditis,
2499 5296 2668 5332 vacuo
2711 5277 2950 5331 credatis
2984 5278 3484 5347 sepulcro.Raban.

1889 5354 1950 5405 in
1980 5352 2153 5404 Matth
2206 5353 2313 5402 eo't.
2356 5354 2493 5404 Itibl.
2530 5353 2646 5412 (leg.

1955 5421 1965 5460 ί
2000 5422 2295 5475 Sedentem
2329 5422 2398 5474 ad
2425 5421 2793 5474 meridianam
2821 5426 3035 5489 partem
3060 5419 3162 5472 loci
3196 5419 3366 5481 illius,
3395 5418 3487 5472 ubi

1883 5493 2126 5562 positum
2157 5494 2338 5544 fuerat
2374 5509 2573 5561 corpus
2596 5493 2745 5545 .lesu.
2788 5492 2922 5543 [teda
2956 5495 3016 5543 in
3050 5493 3244 5556 Maro,
3280 5490 3378 5546 lib.
3410 5506 3484 5553 1v,

1887 5580 2011 5633 cap.
2054 5564 2133 5625 Hi,
2167 5572 2225 5615 et
2254 5564 2455 5616 Ilomil.
2489 5567 2547 5615 in
2576 5565 2661 5614 die
2694 5562 2923 5633 Post/ue.

1955 5632 2263 5694 iPaveant.
2346 5634 2440 5703 qui
2484 5632 2798 5687 carnalibus
2847 5632 3138 5686 desideriis
3188 5633 3365 5703 pressi
3418 5632 3486 5687 ad

1890 5705 2281 5775 (supernorum
2302 5705 2526 5775 civium)
2551 5722 2610 5759 se
2639 5704 2965 5760 societatem
2977 5703 3297 5777 pertingere
3326 5719 3488 5775 posse
