3958 6170
537 283 674 338 M75

1121 283 1181 336 Β.
1225 283 1497 338 RABANI
1537 284 1768 339 MAURI
1807 283 2148 338 ARCHIEP.
2188 283 2512 339 MOGUNT.
2555 284 2851 340 OPERUM
2889 284 3072 338 PARS
3117 286 3210 340 IIl.

3609 291 3712 348 1476

533 414 579 461 et
602 411 773 462 Deum
803 413 1040 461 vestrum
1073 408 1254 476 (Joan.
1281 427 1366 462 xx.
1405 408 1475 477 1),
1509 410 1657 463 inter
1687 427 1826 480 quos
1856 417 1912 463 et
1944 411 2127 480 ipsum
2146 410 2344 468 Aleuae
2363 409 2556 478 (.llarc.
2583 425 2689 470 xvi,
2724 409 2797 468 9).
2831 409 2898 462 Et
2929 411 3187 481 quoniam
3215 411 3404 464 multas
3431 413 3712 485 Mariaslegi—

534 495 968 550 mediatorsum.
995 495 1160 561 Dicit,
1183 513 1421 568 moxque
1449 497 1676 553 evanuit
1705 515 1769 552 ex
1798 499 1975 552 oculis
1988 501 2127 568 ejus.

533 586 607 638 At
633 585 730 638 illa
759 591 936 647 tanta,
972 590 1200 656 tamque
1228 587 1504 657 prmcipua
1530 587 1802 654 dignitate
1834 588 2060 641 honoris
2079 593 2133 639 et

531 675 729 745 gratia:
758 673 1078 738 sublimata,
1114 675 1183 728 ab
1217 676 1336 746 ipso
1368 677 1468 730 Dei
1500 677 1638 730 Filio
1669 677 1907 731 Domino
1942 677 2132 730 Salva-

533 767 655 815 tore
681 781 691 828 ;
727 762 1022 832 primaque
1038 769 1094 815 et
1115 764 1626 833 prtecellentissima
1650 765 1772 833 ejus
1784 765 2134 836 apparitione

535 850 653 904 sola
681 851 979 916 illustrata,
1023 855 1086 905 ut
1120 857 1248 922 pote
1281 852 1336 906 in
1370 851 1520 905 omni
1552 851 1792 906 femineo
1824 870 1976 906 sexu.
2012 860 2137 923 post

535 938 878 1009 singularem
891 940 1165 1009 virginem
1191 939 1287 994 Dei
1307 941 1656 1010 genitricem,
1681 941 1794 995 Deo
1824 941 2139 994 familiaris-

535 1028 695 1094 sima,
721 1027 1099 1088 devotissima,
1118 1037 1286 1099 atque
1317 1031 1663 1096 charissima,
1688 1031 2033 1100 apostolatus
2055 1031 2137 1083 ot-

537 1115 663 1170 ﬁcio
683 1133 792 1187 quo
823 1118 1096 1171 honorata
1129 1118 1313 1172 fuerat
1337 1119 1492 1188 fungi
1517 1135 1626 1173 non
1645 1119 2139 1189 distulit,quinimo

537 1205 905 1259 incontinenti
935 1223 1170 1278 propere
1202 1211 1344 1260 venit
1375 1208 1444 1261 ad
1481 1209 1764 1278 apostolos
1786 1214 1843 1261 et
1868 1209 1949 1261 ait
1974 1207 2084 1260 illis
2124 1227 2134 1260 :

539 1295 1028 1364 Congratulamini
1051 1291 1208 1360 mihi,
1230 1313 1425 1350 omnes
1456 1297 1549 1367 qui
1573 1297 1804 1366 diligitis
1817 1297 2136 1359 Dominum,

540 1387 674 1452 quia
697 1399 862 1455 quem
886 1384 1199 1454 quaerebam
1232 1387 1495 1456 apparuit
1511 1385 1672 1441 mihi:
1707 1391 1763 1438 et
1790 1385 1924 1438 dum
1947 1385 2139 1438 fierem

540 1473 610 1526 ad
633 1480 1082 1536 monumentum,
1102 1473 1218 1526 vidi
1241 1476 1540 1528 Dominum
1564 1489 1782 1540 meum;
1808 1476 1976 1527 (’Hh‘l’t'
1994 1475 2137 1527 dixit

542 1563 688 1614 milu‘
719 1579 732 1611 :
799 1563 931 1614 Vade
960 1559 1034 1614 ad
1079 1565 1283 1629 fratres
1317 1581 1473 1629 meos,
1509 1570 1552 1616 et
1595 1566 1683 1616 die
1713 1565 1822 1615 eis:
1857 1561 1986 1616 Hzec
2007 1561 2145 1614 dicit

540 1647 814 1704 Dominus
853 1670 867 1703 :
904 1650 1141 1703 Aseendo
1163 1651 1238 1704 ad
1279 1655 1494 1705 Patrem
1523 1669 1724 1716 meum,
1759 1653 1854 1722 qui
1895 1667 1982 1704 me
2011 1656 2210 1736 anteB

544 1739 747 1791 saecula
774 1739 972 1808 genuit
1014 1757 1026 1803 ;
1073 1746 1121 1792 et
1141 1741 1216 1792 ad
1245 1741 1462 1793 Patrem
1489 1747 1751 1804 vestrum,
1789 1740 1882 1810 qui
1915 1757 2009 1792 vos
2038 1739 2143 1792 sibi

543 1828 687 1881 ﬁlios
715 1827 1018 1897 adoptavit.
1050 1829 1132 1882 Ad
1161 1830 1329 1881 Deum
1355 1845 1558 1890 meum,
1589 1829 1722 1899 quia
1747 1829 2008 1882 descendi
2037 1845 2048 1894 ;
2096 1834 2145 1881 et

546 1917 615 1970 ad
641 1919 812 1970 Deum
834 1922 1097 1981 vestrum,
1131 1917 1265 1986 quia
1293 1918 1623 1971 ascendistis
1643 1929 1686 1970 ³.
1724 1919 1860 1972 Ecce
1881 1918 1995 1970 vita
2023 1934 2145 1988 qua}

545 2021 644 2075 per
667 2006 834 2058 Evam
866 2005 1076 2058 mundo
1096 2004 1286 2058 ablata
1305 2012 1408 2068 est,
1461 2018 1708 2076 quaeque
1727 2024 1827 2076 per
1853 2007 2142 2076 Virginem

549 2093 780 2147 Mariam
819 2094 1130 2156 nuntiatur,
1155 2093 1391 2147 reddita.
1409 2095 1563 2148 Tunc
1591 2096 1769 2147 toxico
1790 2095 2006 2164 potorio
2035 2096 2147 2149 Eva

545 2182 729 2235 virum
753 2183 809 2235 in
839 2182 1100 2252 paradiso
1116 2181 1421 2246 debriavit;
1457 2195 1605 2236 nunc
1621 2189 1842 2237 aeterna:
1863 2184 1988 2238 vita:
2019 2183 2150 2236 cali-

547 2287 666 2324 cem
685 2272 950 2340 apostolis
963 2270 1295 2341 Magdalcna
1311 2271 1629 2342 propinavit
1642 2271 1690 2324 ι).
1714 2269 1917 2325 Hausit
1943 2271 2051 2325 Eva
2078 2271 2149 2339 fet

548 2363 758 2428 aspidis
806 2359 942 2428 (Job.
978 2375 1062 2423 xx,
1098 2357 1184 2426 14)
1216 2360 1397 2430 prima
1434 2360 1491 2413 in
1525 2357 1690 2413 horto
1722 2359 2048 2414 deliciarum
2078 2369 2100 2400 ε
2135 2379 2146 2426 ;

549 2449 687 2501 vidit
699 2448 874 2502 Maria
893 2449 1156 2501 victorem
1173 2449 1388 2506 mortis.
1399 2448 1598 2519 prima,
1617 2449 1674 2502 in
1689 2449 1760 2502 ho
1771 2455 1858 2502 rto
1869 2447 2153 2519 exsequia—

551 2551 696 2592 rum.
731 2537 842 2591 Eva
869 2537 1096 2608 proprio
1119 2537 1236 2590 viro
1257 2537 1556 2608 persuasit,
1602 2537 1879 2608 serpentis
1911 2537 2152 2608 promis-

549 2628 708 2680 sione
735 2645 745 2679 :
775 2625 948 2680 Eritis
969 2630 1108 2678 sicut
1125 2629 1208 2678 dii
1228 2631 1450 2679 scientes
1466 2625 1666 2680 bonum
1692 2631 1740 2679 el
1772 2632 1984 2681 mal-mn
2005 2627 2148 2684 (Gen.

553 2727 634 2781 In,
669 2715 745 2784 5).
779 2713 975 2781 Maria,
1005 2715 1121 2769 suis
1150 2716 1484 2785 coapostolis
1525 2715 1921 2785 evangelizavit
1941 2715 2154 2770 Messiae

553 2803 1022 2858 resurrectionem
1058 2817 1072 2858 :
1107 2807 1248 2871 Quia
1272 2803 1731 2870 cidillominum,
1765 2807 1823 2857 et
1851 2806 2152 2875 propheta-

2213 515 2358 559 mus,
2393 515 2462 552 ne
2493 499 2660 551 etiam
2683 497 2871 568 plures
2887 493 3257 570 Magdalenas,
3281 505 3340 552 ut
3355 499 3554 568 quidam
3568 504 3712 556 volue-

2215 595 2366 642 runt.
2385 593 2663 658 putemus,
2698 587 2954 657 adjungit
2983 587 3194 641 celebre
3227 589 3542 654 beneficium,
3563 597 3606 644 et
3631 609 3714 644 cer-

2215 683 2336 730 tum
2363 676 2629 730 indicium
2663 696 2672 728 :
2733 680 2804 730 De
2843 691 2953 745 qua
3011 681 3232 745 ejeeerat
3268 683 3443 745 septem
3486 681 3713 733 danaunia.

2217 768 2481 836 Quaeque.
2508 781 2620 819 non
2651 766 2830 819 solum
2865 766 3044 836 prima
3075 773 3438 835 resurgentem
3457 767 3715 823 videritsed

2219 855 2388 908 etiam
2421 855 2600 924 prima
2628 855 2894 926 apostolis
2923 855 3373 924 evangelizaverit
3397 856 3719 912 testatur.sub-

2213 944 2459 1013 jungens
2485 962 2495 996 :
2531 945 2634 998 Illa
2658 945 2856 997 vadens
2889 947 3172 997 nuntiarit
3203 947 3272 996 iis
3290 948 3383 1011 qui
3398 961 3505 997 cuni
3521 947 3719 1012 lese/ue-

2223 1037 2372 1094 rani,
2408 1036 2721 1098 lugentibus
2750 1039 2796 1084 et
2818 1035 3108 1100 ﬂentibus;
3143 1037 3189 1084 et
3222 1035 3308 1084 illi
3327 1034 3590 1090 audientes.
3621 1038 3716 1101 quia

2222 1125 2439 1186 vireret,
2473 1127 2520 1174 et
2545 1126 2688 1174 risus-
2710 1127 2836 1175 esset
2864 1123 2930 1174 ab
2959 1137 3038 1187 ea,
3070 1138 3177 1174 non
3203 1121 3720 1186 crediderunt.’Quibus

2223 1205 2317 1264 illa
2345 1225 2472 1264 cum
2504 1207 2842 1282 persuadere
2871 1225 2980 1264 non
3009 1215 3214 1281 posset,
3241 1211 3466 1263 recurrit
3492 1211 3547 1264 ad
3572 1227 3720 1264 monu-

2225 1305 2497 1365 mentum,
2532 1315 2782 1370 sperans.
2837 1306 2900 1354 ut
2939 1299 3191 1369 contigit,
3247 1299 3422 1354 denuo
3471 1299 3620 1352 videre
3643 1299 3722 1353 Do-

2225 1387 2459 1443 minum.

2229 1535 2358 1588 CAP.
2395 1533 2642 1587 XXVIII.
2679 1561 2742 1572 --
2777 1534 2875 1586 Ubi
2899 1535 3008 1585 duo
3027 1535 3216 1598 angeli
3233 1536 3444 1595 stantes,
3475 1537 3514 1584 et
3539 1533 3723 1586 Christus

2297 1606 2528 1658 secundo
2558 1607 2842 1673 apparuit,
2860 1610 2906 1656 et
2931 1606 2993 1656 de.
3014 1605 3247 1672 reliquis
3274 1605 3670 1672 apparitionibus.

2302 1730 2603 1798 Hucusque
2625 1727 2694 1781 de
2733 1727 2915 1798 prima
2941 1727 3248 1781 Salvatoris
3293 1727 3615 1798 apparitione,
3651 1743 3726 1797 qua

2227 1819 2410 1888 primo
2431 1818 2756 1871 mortalium
2777 1817 2880 1870 soli
2911 1816 3100 1870 Mariae
3141 1817 3468 1887 Magdalenm
3493 1817 3633 1869 videri
3661 1833 3727 1869 vo-

2227 1907 2334 1960 luit
2357 1927 2368 1963 :
2396 1915 2451 1960 et
2473 1908 2541 1960 de
2561 1906 2912 1977 apparitione
2932 1906 3178 1959 duorum
3194 1905 3729 1976 angelorum,quossola

2229 1993 2407 2050 Maria
2435 1997 2695 2048 sedentes
2727 1995 2881 2056 vidit,
2911 2001 2967 2048 et
2996 1991 3242 2048 allocuta
3272 2001 3355 2048 est
3385 2013 3396 2060 ;
3423 1995 3546 2047 etde
3566 1997 3731 2064 aposto-

2230 2087 2346 2138 latu
2363 2085 2712 2155 Mariae.quo.
2731 2085 2786 2138 in
2812 2084 2901 2137 die
2929 2087 3100 2138 tanta:
3121 2083 3497 2148 solemnitatis,
3528 2083 3734 2153 quanulla

2229 2185 2479 2244 unquam
2495 2173 2708 2227 felicior
2722 2175 2804 2226 vel
2827 2173 3100 2227 celebrior
3123 2171 3249 2236 fuit,
3283 2173 3364 2226 vel
3389 2178 3480 2232 est,
3511 2172 3580 2224 vel
3597 2171 3678 2224 erit
3697 2169 3730 2227 ⁸.

2232 2263 2303 2316 ab
2323 2265 2443 2334 ipso
2473 2264 2571 2316 Dei
2602 2263 2742 2316 Filio
2769 2262 3088 2326 sublimata,
3118 2261 3444 2333 coapostolis
3477 2259 3574 2314 suis
3595 2275 3734 2313 resur-

2234 2353 2538 2406 rectionem
2555 2353 2674 2420 jam
2704 2353 2905 2405 factam
2938 2352 3120 2422 prima
3143 2350 3738 2420 evangelizavit,etasccn-

2235 2442 2450 2494 sionem
2478 2439 2724 2494 futuram
2740 2441 2858 2493 sola
2877 2440 3264 2510 prophetavit:
3297 2445 3352 2492 et
3368 2438 3579 2508 qualiter
3595 2439 3734 2507 potum

2233 2530 2358 2583 vitae
2389 2529 2568 2600 prima
2611 2529 2916 2600 propinans
2945 2528 3240 2598 apostolis,
3269 2527 3387 2581 Eva:
3414 2527 3649 2597 potorium
3672 2539 3738 2576 ex-

2236 2619 2426 2689 piavit,
2459 2619 2561 2672 sub
2603 2617 2938 2671 testimoniis
2983 2617 3447 2686 evangelistarum
3489 2614 3672 2668 Joannis
3702 2619 3739 2664 et

2237 2707 2410 2761 Marci
2426 2707 2908 2761 retulimus.Nunc
2931 2706 3205 2759 visionem
3217 2705 3448 2759 duorum
3469 2705 3737 2773 angelorum.

2238 2813 2396 2867 quos,
2425 2797 2593 2850 simul
2621 2813 2746 2850 cum
2779 2795 2906 2848 aliis
2943 2795 3293 2858 mulieribus,
3325 2799 3520 2848 stantes
3545 2792 3667 2849 vidit,
3686 2807 3740 2843 se-

564 2892 643 2946 vit
690 2891 1072 2945 ascensionem
1107 2911 1117 2945 :
1155 2891 1220 2946 Et
1266 2894 1373 2945 lucc
1427 2895 1569 2946 dixit
1605 2893 1745 2946 mihi
1769 2909 1784 2943 :
1815 2893 2054 2946 Ascendo
2081 2894 2155 2946 ad
2173 2932 2211 2949 η
2238 2886 2484 2939 cundum
2517 2881 2918 2948 Lucam,8imul
2947 2891 3002 2938 et
3025 2885 3332 2938 secundam
3344 2882 3611 2938 salvatoris
3624 2895 3741 2949 διψα-

560 2981 781 3034 Patrem
835 2997 1036 3046 meum,
1086 2985 1134 3033 et
1173 2983 1391 3034 Patrem
1424 2985 1660 3034 rostrum
1708 2979 1889 3047 (Joan.
1914 2995 2001 3046 xx,
2038 2979 2147 3051 18).

555 3070 744 3138 Longe
775 3069 956 3122 verior
982 3069 1332 3140 prOphetissa
1379 3069 1574 3132 Maria,
1608 3083 1778 3140 quam
1808 3069 1948 3135 Eva;
1988 3069 2153 3140 longe

557 3157 759 3213 melior
787 3157 1108 3223 novissima,
1145 3173 1314 3228 quam
1346 3157 1528 3228 prima
1555 3157 1841 3227 pincerna.
1875 3157 1996 3211 [Lee
2029 3177 2154 3212 mu-

559 3250 692 3300 tatio
717 3248 945 3299 dextera
975 3247 1186 3300 Ercelsi
1225 3249 1389 3306 (Psal.
1425 3259 1601 3306 Lxxvl,
1650 3247 1756 3311 'H).
1791 3248 1925 3310 Quae
1955 3247 2025 3300 ad
2073 3263 2157 3300 se—

556 3333 812 3406 pulcrum
841 3340 1070 3387 venerat
1097 3333 1440 3388 aromatibus
1462 3340 1666 3388 onusta
1693 3334 2158 3405 pigmentaria,u't

558 3431 846 3476 mortuum
895 3423 1164 3487 condiret,
1203 3423 1490 3476 inveniens
1519 3423 1724 3490 vivum,
1765 3423 2007 3477 libenter
2035 3439 2156 3478 mu-

558 3512 700 3566 tavit
726 3511 994 3575 oflicium,
1028 3527 1140 3581 quo
1161 3512 1315 3581 fungi
1361 3512 1704 3581 cogitaverat
1737 3529 1748 3570 :
1784 3512 2052 3583 pincerna
2082 3513 2159 3566 vi-

557 3601 738 3654 ventis
759 3601 1084 3664 Salvatoris,
1117 3615 1258 3653 verte
1275 3601 1398 3654 vitae
1417 3601 1666 3654 balsama
1697 3602 2015 3672 propinavit
2027 3619 2154 3672 apo-

559 3689 734 3742 stolis.
790 3687 948 3752 Quod
987 3694 1174 3741 autem
1209 3687 1389 3758 primo
1429 3688 1532 3742 soli
1576 3687 1764 3742 Mariae
1812 3686 2155 3759 Magdalenen

557 3777 882 3848 apparuerit
899 3775 1170 3841 Salvator,
1199 3783 1259 3830 ut
1281 3777 1586 3830 secundum
1616 3775 1889 3831 Joannem
1906 3777 2160 3848 exposui-

559 3883 702 3930 mus,
735 3871 978 3918 testatur
1009 3871 1066 3918 et
1099 3866 1442 3934 evangelista
1463 3865 1702 3919 Marcus.
1737 3869 1980 3932 Surgens
2005 3871 2158 3921 Jesus-

563 3969 744 4018 mane,
769 3957 959 4022 prima
974 3955 1203 4019 sabbati,
1235 3958 1498 4022 apparuit
1519 3957 1707 4022 primo
1727 3955 1917 4007 Mariae
1941 3957 2160 4022 Magda-

2235 2974 2518 3030 ritionem.
2544 2973 2994 3043 qua,secundum
3024 2973 3375 3038 Matthaeum,
3405 2968 3740 3025 duabusliariis

2233 3063 2406 3117 videri
2438 3063 2632 3126 voluit,
2691 3062 2935 3116 breviter
2969 3061 3414 3132 explanabimus.
3456 3061 3607 3114 Lucas
3634 3059 3737 3122 (Luc.

2234 3167 2381 3216 xxxv,
2423 3151 2473 3217 4)
2514 3153 2615 3206 :Et
2636 3153 2843 3219 factum
2877 3155 2968 3214 est,
3003 3151 3138 3204 dum
3174 3155 3350 3203 mente
3377 3153 3740 3203 consternatus-

2234 3243 2351 3294 sent
2377 3243 2652 3306 mulieres,
2668 3257 2778 3293 non
2797 3244 3018 3294 invento
3036 3255 3261 3308 corpore
3289 3241 3502 3294 Domini
3517 3240 3644 3298 .lesu;
3667 3249 3740 3286 ceu

2235 3331 2346 3383 duo
2369 3331 2484 3382 viri
2517 3333 2782 3382 steterunt
2797 3332 2967 3396 juxta
3001 3329 3147 3392 illas,
3183 3331 3246 3381 in
3261 3335 3393 3381 peste
3412 3327 3636 3394 fulgenti.
3650 3325 3742 3376 (Tum

2239 3423 2495 3471 timerent
2507 3424 2686 3471 autem
2704 3417 3038 3480 mulieres,el
3051 3419 3394 3470 declinarent
3414 3419 3598 3468 rultum
3619 3415 3663 3465 in
3678 3416 3746 3463 ter-

2239 3526 2360 3562 ram
2388 3525 2402 3558 :
2433 3507 2580 3562 unde
2595 3512 2654 3560 et
2674 3523 2794 3561 mos
2827 3506 3056 3559 inolevit
3085 3506 3142 3560 in
3163 3505 3404 3560 ecclesia
3423 3504 3532 3566 Dei,
3549 3510 3744 3569 totopai-

2236 3597 2382 3650 chali
2413 3606 2682 3668 tempore,
2711 3613 2821 3650 non
2839 3595 3152 3666 genuﬂexo,
3191 3596 3288 3648 sed
3307 3595 3420 3648 solo
3439 3594 3577 3646 vultu
3601 3591 3645 3643 in
3667 3595 3745 3640 ter-

2237 3701 2358 3739 ram
2390 3685 2686 3747 declinato,
2737 3699 2897 3739 orare
2928 3699 2984 3739 6:
3025 3685 3296 3737 dixerunt
3324 3685 3398 3736 ad
3442 3685 3554 3735 illas
3577 3677 3743 3747 angeli:

2240 3775 2384 3843 Quid
2411 3778 2661 3843 quaeritis
2708 3779 2971 3827 virentem
3005 3789 3131 3826 cum
3177 3776 3450 3826 mortuis?
3475 3773 3744 3824 mortuom

2239 3865 2390 3918 enim
2419 3865 2542 3918 loca
2569 3871 2936 3917 monumenta
2965 3869 3097 3917 sunt
3121 3881 3132 3924 ;
3167 3879 3281 3916 non
3307 3869 3378 3915 est
3405 3863 3503 3923 hic,
3526 3861 3746 3912 ςαίεωτρν

2240 3951 2371 4006 :rit'.
2417 3955 2802 4008 lterardamini
2831 3955 3072 4020 qualiter
3095 3955 3310 4004 locutus
3335 3953 3406 4002 sit
3429 3951 3584 4002 vobis:
3603 3957 3747 3998 noneo-

1505 4077 1674 4121 NOTE
1720 4077 2083 4122 POTlSSIMUH
2130 4082 2210 4124 EX
2257 4075 2499 4122 BABANO
2543 4073 2894 4118 DESUHPTE.

561 4188 843 4246 naturam,
881 4189 938 4234 et
958 4183 1182 4235 Patrem
1214 4186 1461 4236 vestrum
1492 4201 1596 4254 per
1641 4184 1906 4252 gratiam.
1944 4187 2220 4248 RabaniD
2239 4187 2285 4239 et
2310 4179 3034 4254 basitiscunimnbulabis,id
3050 4184 3152 4254 est,
3171 4181 3332 4234 illum
3362 4173 3748 4254 deprimesqulfl

562 4256 765 4308 llomil.
800 4269 836 4305 v
862 4255 948 4320 fer
1019 4255 1231 4306 Pascha?
1280 4255 1416 4306 Beda
1473 4257 1532 4306 in
1573 4257 1758 4316 Joan.,
1811 4271 1931 4324 cap.
1965 4255 2052 4310 20.
2089 4257 2155 4310 Et

561 4324 711 4395 apud
739 4327 1060 4395 Alcuin.,in
1091 4327 1250 4377 Joan.
1285 4325 1360 4377 Ex
1391 4325 1446 4379 S.
1471 4325 1727 4392 August.,
1753 4329 1906 4389 ibid,
1930 4330 2148 4380 tractat.

562 4394 704 4460 cxxx,
733 4409 790 4448 n.
822 4394 874 4448 3.

634 4477 656 4505 ⁸
689 4468 927 4520 Ascendo
971 4467 1045 4518 ad
1091 4467 1261 4538 [lcum
1303 4482 1510 4538 meum,
1558 4466 1688 4538 quia
1738 4467 2040 4533 descendi;
2081 4470 2154 4521 ad

563 4539 734 4593 Deum
767 4543 1025 4598 vestrum,
1061 4536 1192 4606 quia
1216 4536 1534 4589 ascendisti.
1561 4536 1788 4600 Italiam,
1825 4539 1939 4590 ibid

636 4609 662 4647 ι’
694 4607 830 4662 Ecce
863 4607 1091 4661 humani
1105 4607 1330 4677 generis
1349 4608 1513 4677 culpa
1543 4607 1617 4660 ibi
1639 4607 1987 4661 abscinditur
2007 4609 2154 4662 unde

565 4679 836 4750 processit
863 4699 873 4745 ;
908 4679 1040 4748 quia
1059 4679 1206 4731 enim
1237 4679 1293 4730 in
1325 4678 1584 4750 paradiso
1619 4678 1820 4732 mulier
1840 4679 2156 4750 viropropi-

565 4749 722 4804 navit
742 4757 996 4812 mortem,
1021 4766 1055 4802 a
1083 4750 1338 4819 sepulcro
1369 4749 1571 4802 mulier
1590 4750 1721 4802 viris
1745 4749 2046 4804 annuntiat
2073 4749 2155 4804 vi-

565 4827 705 4884 tam,
725 4828 781 4874 et
797 4821 943 4873 dicta
965 4820 1054 4890 sui
1083 4819 1436 4874 viviﬁcatoris
1465 4827 1673 4878 narrat.
1719 4838 1841 4890 quae
1868 4823 2159 4876 mortifera

567 4892 843 4961 serpentis
863 4889 1030 4944 verba
1046 4899 1389 4944 narraverat.
1409 4892 1486 4944 Ac
1507 4891 1551 4943 si
1571 4889 1818 4944 humano
1829 4893 2022 4961 generi
2045 4910 2157 4947 non

566 4961 750 5018 verbis
778 4963 1048 5018 Dominus
1065 4963 1159 5015 sed
1186 4961 1352 5015 rebus
1373 4962 1522 5014 dicat
1546 4979 1556 5012 :
1582 4963 1659 5014 De
1675 4979 1786 5032 qua
1807 4979 1977 5017 manu
2007 4965 2158 5019 vobis

569 5036 756 5090 illatus
785 5042 869 5088 est
895 5041 1059 5104 potus
1089 5033 1306 5098 mortis,
1339 5033 1407 5086 de
1457 5033 1576 5102 ipsa
1606 5033 1869 5104 suscipite
1901 5037 2160 5104 poculum

572 5109 712 5161 vitae.
740 5107 953 5160 Rabani
987 5109 1044 5176 in
1092 5105 1283 5157 .llattli.
1324 5105 1435 5156 cod.
1479 5105 1592 5156 1Ηὺ.
1627 5106 1770 5176 lteg.,
1811 5112 1868 5157 et
1895 5107 2041 5176 apud
2071 5111 2162 5161 Αι-

569 5183 699 5232 cuin
748 5195 820 5243 νη,
853 5177 984 5229 ibid.
1021 5175 1096 5228 Ex
1127 5176 1180 5228 S.
1225 5176 1378 5240 (ἔνθα.
1405 5176 1569 5239 .llag.,
1609 5175 1762 5228 Hom.
1791 5179 1848 5228 in
1880 5175 2086 5242 Ei‘ung.

641 5250 799 5302 Sicut
837 5249 892 5300 in
925 5247 1197 5318 principio
1233 5247 1436 5318 mulier
1461 5252 1658 5298 auctor
1681 5248 1857 5316 culpa:
1892 5247 2006 5301 viro
2035 5246 2159 5312 fuit,

569 5320 650 5371 vir
683 5317 971 5371 exsecutor
1017 5317 1243 5377 erroris,
1298 5317 1376 5370 ita
1407 5332 1553 5388 nunc
1587 5334 1708 5387 qua;
1739 5318 1892 5388 prius
1922 5327 2162 5372 mortem

566 5395 891 5458 gustaverat
905 5389 1368 5442 resurrectionem
1383 5387 1534 5459 prior
1553 5389 1708 5448 vidit,
1724 5387 1778 5442 et
1800 5405 1920 5458 quae
1937 5391 2159 5459 culpam

569 5460 687 5512 viro
718 5460 1097 5513 transfuderat
1115 5460 1519 5512 transl‘unditet
1538 5460 1780 5530 gratiam
1829 5462 2159 5514 [iubant/lo-

569 5533 690 5584 mil.
725 5533 786 5582 in
815 5533 1031 5582 sabbato
1061 5537 1230 5583 ortae:
1253 5533 1482 5584 Pascha.
1515 5531 1653 5584 Vide
1675 5531 1846 5585 etiam
1873 5535 2073 5585 [Icelum
2096 5535 2154 5584 in

570 5600 764 5666 Marc,
789 5599 884 5652 lib.
916 5613 986 5664 Iv,
1021 5616 1140 5666 cap.
1181 5598 1264 5655 16.

639 5681 665 5712 α
689 5673 852 5742 Aspis
878 5673 964 5725 est
981 5669 1326 5740 diabolus,“
1345 5669 1408 5727 in
1428 5669 1668 5737 Psalmis
1683 5689 1698 5726 :
1715 5672 1892 5742 Super
1917 5671 2160 5745 aspidem

2238 4255 2450 4310 occulte
2462 4252 2686 4322 decipit,
2713 4259 2770 4304 et
2787 4243 2979 4322 aperte
3003 4251 3174 4305 saevit.
3205 4255 3360 4320 Aspis
3387 4243 3581 4304 occulta
3599 4243 3748 4300 saevitia

2237 4323 2694 4380 diaboliJlabani
2721 4325 3008 4390 Allegorizr
3031 4325 3091 4375 in
3128 4339 3348 4376 sacram
3386 4323 3702 4390 Scripturam.

2308 4397 2396 4450 Fet
2437 4400 2522 4448 est
2571 4385 2859 4464 persuasio
2882 4391 3220 4454 daemonum,
3255 4399 3320 4447 ut
3360 4393 3417 4447 in
3461 4385 3552 4446 Job
3581 4410 3592 4442 :
3622 4389 3674 4442 In
3701 4385 3747 4450 [τὶ

2235 4469 2532 4536 aspidum.,
2549 4467 2684 4518 ibid.
2709 4535 2712 4536 ν
3463 4534 3472 4536 μ
3675 4527 3683 4536 ε

2309 4535 2334 4578 ἀ
2369 4537 2470 4590 Hic
2501 4553 2633 4606 ergo
2664 4535 2784 4589 dies
2817 4536 3244 4590 resurrectionis
3275 4534 3536 4591 Christi...
3560 4534 3750 4606 omnium

2239 4609 2457 4662 dierum
2473 4601 2642 4677 caput
2661 4613 2811 4660 est...
2838 4615 2894 4660 et
2913 4608 3056 4661 hanc
3072 4609 3483 4662 solemnitatem
3503 4601 3750 4677 solemnita-

2238 4687 2358 4733 tum
2384 4673 2582 4732 merito
2594 4677 2850 4732 dicimus.
2867 4681 3294 4733 [tabanillomiL
3315 4681 3370 4731 in
3385 4680 3468 4730 die
3501 4673 3680 4749 Paccth

2311 4761 2334 4793 θ
2370 4749 2437 4804 Et
2467 4749 2775 4820 notandum
2805 4749 2952 4820 quod
2985 4757 3189 4804 sanctae
3220 4751 3480 4820 mulieres
3506 4738 3750 4820 astantibgs

2241 4821 2345 4874 sibi
2367 4821 2582 4891 angelis
2613 4837 2723 4872 non
2755 4807 3040 4875 in‘terram
3073 4821 3351 4885 cecidisse,
3383 4817 3678 4891 sedqmltum

2241 4887 2532 4964 cuntur'in
2555 4899 2764 4945 terram
2797 4891 3132 4964 declinasse;
3157 4909 3256 4964 nec
3275 4889 3574 4964 quempiam

2245 4981 2370 5017 rum
2392 4963 2646 5032 legimus,
2679 4967 2928 5032 tempore
2959 4946 3258 5017 Dominicaa
3272 4946 3747 5032 resurrectionist

2244 5036 2365 5106 ipso
2396 5029 2632 5088 Domino
2666 5035 2752 5086 vel
2784 5029 3001 5103 angelis
3023 5035 3126 5088 sibi
3157 5035 3478 5106 visis.terrze_
3505 5029 3746 5106 postremi}

2247 5088 2527 5159 adorasse.
2563 5106 2719 5158 Unde
2751 5088 3146 5159 mosuobtinuit
3181 5088 3586 5163 ecclesiasticus,
3624 5088 3746 5149 υῐτε]

2247 5178 2302 5230 in
2328 5176 2655 5229 memoriam
2685 5176 3004 5241 Dominicax,
3037 5177 3122 5230 vel
3145 5179 3199 5230 in
3229 5182 3429 5228 nostra!
3457 5187 3594 5243 spem
3622 5176 3748 5242 τεειμτυ

2248 5248 2524 5303 rectionis.
2563 5253 2619 5300 et
2639 5247 2896 5300 omnibus
2917 5247 3220 5301 Dominicis
3234 5245 3444 5302 diebus.
3459 5250 3510 5296 et
3529 5245 3748 5358 totoqth

2248 5318 2586 5358 nnnrrpein'lm
2610 5325 2859 5358 fnmnnv‘a
2895 5335 3003 5358 nnn
3024 5319 3175 5358 "nti:
3191 5315 3435 5358 annilius,
3457 5311 3542 5358 ςρᾶ
3562 5311 3644 5358 ἀρε
3661 5317 3747 5357 lna'

2247 5318 2586 5400 quagesimze
2610 5325 2878 5400 tempore,
2895 5335 3004 5371 non
3024 5319 3176 5372 flexis
3189 5311 3544 5400 genibus-sed
3562 5311 3747 5400 dealing}:

2245 5381 2319 5442 tis
2351 5381 2407 5442 in
2437 5398 2645 5442 terram
2677 5381 2918 5442 vultibus
2950 5381 3220 5444 oremus.“
3249 5389 3457 5442 ltabani
3499 5381 3742 5453 Humit.__{n

2247 5463 2398 5556 [{om.
2445 5441 3310 5556 pqstOct.ﬂPasclde.vEx‘Beda
3357 5462 3414 5510 in
3469 5457 3652 5510 Lucam,
3679 5441 3743 5498 Ῐὶδι

2241 5545 2466 5602 v1,cap.
2505 5533 2589 5587 '24.
3697 5586 3705 5595 _

2314 5549 2409 5588 ,ca
2456 5573 2466 5583 .
2505 5549 2589 5587 Η.

2314 5601 2335 5642 ί
2365 5549 2509 5670 032d
2537 5605 2783 5673 queritis
2813 5607 3073 5673 rirentcm
3096 5619 3218 5673 cum
3251 5586 3750 5673 mortuisiNolitgsEll‘

2244 5655 2466 5747 quivixit,
2479 5655 2482 5656 ⁷
2633 5655 2898 5742 manus,
2920 5655 3026 5730 hoc
3046 5655 3132 5730 εει
3147 5672 3204 5730 in
3218 5671 3576 5736 monumento,
3601 5658 3678 5735 qui
3696 5655 3750 5711 le
