4018 6168
336 255 495 312 1477
1377 246 1471 314 DE
1507 246 1677 314 VITA
1713 259 1776 317 B.
1817 254 2069 315 MARIIE
2104 250 2589 314 MAGDALENIE.
3501 262 3637 323 1/178

336 382 470 437 lum
484 382 637 437 enim
657 381 810 447 viris,
836 382 932 435 sed
959 382 1133 435 etiam
1165 381 1374 437 sanctis
1401 381 1748 445 mulieribus,
1768 399 1953 435 resun—
1966 381 2019 443 Α
2036 381 2186 434 enim
2215 381 2466 434 omnium
2490 383 2738 437 virorum
2766 386 3033 461 apparuit
3056 386 3222 440 Petro
3249 400 3291 438 ε.
3346 390 3487 441 Dum
3532 390 3641 442 haec

338 483 644 525 recturum
672 488 792 524 esse
823 470 1153 541 praedixerat
1190 482 1234 538 ³,
1263 488 1385 525 cum
1422 473 1603 525 adhuc
1636 476 1695 524 in
1728 472 1952 526 Galita’a
2037 477 2221 523 autem
2252 474 2579 538 loquuntur,
2604 476 2746 524 stetit
2773 476 2926 527 Jesus
2951 478 3013 528 in
3039 478 3211 527 medio
3235 492 3443 539 eorum,
3477 482 3522 529 et
3553 479 3637 530 (li-

338 568 498 627 esset,
526 562 744 613 dicens:
781 561 922 626 Quia
952 565 1156 627 oportet
1205 562 1404 613 Filium
1436 562 1677 613 hominis
1710 563 1861 612 tradi
1890 562 1951 612 in

340 666 554 703 manus
572 653 915 716 peccatorum
933 655 978 702 et
994 652 1266 716 crueiﬁgi,
1290 655 1336 702 et
1359 652 1444 703 die
1468 653 1633 702 tertia
1649 666 1946 717 resurgere.

342 739 415 793 Et
446 740 740 791 recordata:
759 743 891 791 sunt
922 740 1183 791 mulieres
1211 740 1502 793 verborum
1544 737 1766 792 Domini
1795 739 1822 792 J
1830 754 1947 791 esu.

344 827 625 880 Mathznus
677 828 889 893 (Matth.
932 843 1116 891 xxvm,
1140 824 1231 894 8):
1283 828 1348 880 Et
1379 830 1631 880 exierunt
1663 829 1725 880 de
1758 844 1953 880 monu-

348 921 536 969 mento
556 915 733 969 Maria
752 914 1103 984 Magdalena,
1132 916 1375 969 etaltera
1397 917 1592 981 Maria,
1618 933 1739 969 eum
1758 919 1951 970 timore

351 1010 402 1057 et
431 1006 638 1073 gaudio
668 1020 885 1071 magno,
922 1010 1202 1058 currentes
1234 1008 1500 1059 nuntiare
1529 1006 1814 1072 discipulis
1835 1009 1951 1073 ejus

348 1094 419 1148 Et
453 1110 581 1157 ecce,
605 1108 894 1147 occurrens
917 1095 1032 1146 illis
1053 1095 1195 1146 dixit
1222 1114 1238 1147 :
1270 1096 1426 1148 Aeole
1452 1113 1466 1147 :
1500 1098 1563 1148 ut
1591 1093 1949 1147 maledictum

351 1183 500 1248 Evae,
528 1183 675 1236 sicut
701 1182 854 1253 prius
879 1181 936 1235 in
956 1181 1225 1252 singulari
1243 1183 1489 1253 Virgine,
1513 1199 1615 1253 per
1635 1199 1696 1237 os
1717 1182 1951 1236 Gabrie-

350 1272 446 1337 lis,
469 1272 547 1326 sic
565 1288 713 1325 nunc
735 1272 1043 1326 solveretur
1063 1272 1122 1326 in
1143 1273 1352 1337 Mariis,
1378 1288 1477 1343 per
1492 1289 1553 1326 os
1572 1272 1747 1342 ipsius
1768 1272 1952 1326 Salva-

352 1361 515 1415 toris.
548 1362 678 1430 Ipsa
715 1367 898 1414 autem
946 1368 1304 1423 accesserunt,
1360 1368 1406 1415 et
1457 1367 1752 1415 tenuerunt
1799 1364 1951 1429 pedes

350 1453 491 1518 ejus,
522 1467 661 1520 quos
688 1450 844 1520 prius
874 1451 969 1504 uni
1000 1468 1213 1518 earum,
1238 1451 1371 1521 quia
1389 1451 1640 1505 nondum
1668 1450 1948 1519 credebat,

344 1544 520 1607 tange
569 1544 825 1594 vetuerat
874 1540 932 1607 b;
975 1546 1021 1593 et
1063 1542 1435 1594 adoraverunt
1490 1557 1633 1605 eum,
1689 1546 1763 1605 et,
1809 1539 1955 1594 sicut

342 1627 681 1683 universalis
705 1629 968 1694 Ecclesia,
1006 1630 1266 1683 osculatus
1290 1634 1423 1682 sunt
1449 1628 1672 1682 Domini
1694 1628 1947 1699 vestigia.

2034 562 2117 611 .rit
2151 579 2165 611 :
2193 561 2309 612 Par
2339 562 2504 611 vobis.
2556 560 2625 613 Et
2656 561 2771 613 haec
2801 567 2932 616 sunt
2980 563 3226 633 quinque
3260 564 3637 634 apparitiones

2034 647 2256 700 Domini
2279 648 2601 715 Salvatoris,
2621 650 2842 719 quibus.
2858 651 2913 704 in
2936 651 3025 705 die
3042 653 3465 706 resurrectionis
3495 671 3629 717 suae,

2034 737 2307 790 consolari
2339 738 2509 791 voluit
2551 755 2690 807 quos
2719 739 3002 809 diligebat,
3036 748 3092 794 et
3119 742 3293 794 videri
3319 741 3489 795 voluit
3519 743 3633 796 suis

2033 824 2393 881 dilectoribus
2426 827 2611 880 nimis.
2652 830 2717 881 Et
2772 835 2885 896 post
2936 831 3047 882 dies
3092 836 3221 895 octo,
3255 831 3515 900 apparuit
3556 830 3634 885 eis

2033 920 2186 967 sexto
2213 932 2224 981 ;
2248 915 2585 985 Thomseque
2605 918 2858 987 apostolo
2876 918 3022 971 latus
3042 919 3380 989 palpandum
3398 920 3635 989 praebuit

2037 1005 2213 1064 (Joan.
2232 1020 2324 1068 xx,
2349 1003 2460 1071 26).
2480 1006 2729 1075 Septimo
2754 1007 3015 1077 apparuit
3030 1007 3371 1077 piscantibus
3384 1010 3459 1061 ad
3482 1026 3632 1063 mare

2033 1090 2345 1146 Tiberiadis
2381 1096 2581 1159 (Joan.
2611 1110 2715 1159 xxx,
2761 1094 2827 1161 ι).
2872 1096 3075 1149 Octavo
3107 1097 3369 1167 apparuit
3419 1097 3516 1161 eis,
3570 1104 3634 1152 ut

2036 1181 2399 1235 mandaverat
2426 1199 2526 1252 per
2541 1184 2776 1237 Mariam
2791 1183 3197 1253 Magdalenam,
3216 1185 3272 1238 in
3296 1190 3484 1240 monte
3517 1186 3629 1241 Ga-

2034 1267 2192 1323 lilmze
2209 1269 2247 1322 ἲ.

2038 1376 2174 1429 CAP.
2205 1379 2398 1433 XXIX.
2435 1410 2500 1420 —-
2532 1382 2927 1447 Recapitulatio
2960 1400 2974 1434 :
3007 1398 3168 1449 quam
3226 1389 3388 1448 grata
3415 1385 3630 1450 fuerint

2109 1450 2323 1504 Christo
2362 1453 2611 1518 obsequia
2652 1453 2858 1514 JIarize,
2894 1458 2940 1503 rt
2984 1455 3046 1503 in
3073 1458 3329 1519 pra’senti
3373 1471 3629 1508 remune-

2116 1528 2261 1576 rata.

2105 1635 2218 1687 Nec
2254 1629 2817 1703 praetermittendum,
2852 1630 2997 1699 quod
3022 1646 3133 1683 non
3163 1630 3445 1684 immerito
3469 1633 3632 1687 multi

351 1718 508 1771 Tune
534 1720 687 1772 Jesus
718 1721 932 1772 loeutus
980 1723 1053 1771 est
1092 1721 1165 1771 eis
1214 1717 1439 1771 dicens:
1488 1720 1665 1773 Nolite
1716 1701 2326 1782 timere;Bmirantur,
2364 1718 2499 1789 quin
2524 1718 2711 1788 potius
2747 1718 3113 1787 repetendum
3168 1718 3355 1777 altius.
3404 1724 3461 1772 et
3505 1736 3632 1774 cum

344 1809 444 1871 ite,
470 1809 727 1861 nuntiate
747 1808 1025 1874 fratribus
1048 1808 1199 1870 meis,
1229 1810 1288 1858 ut
1319 1812 1445 1860 eant
1463 1809 1519 1859 in
1544 1807 1849 1871 Galita'am,
1873 1808 1950 1860 ibi

346 1912 433 1949 me
462 1897 749 1949 uidebunt.
786 1897 963 1950 Lucas
997 1896 1311 1963 (Luc.xmv,
1339 1896 1392 1964 9)
1421 1914 1432 1948 :
1468 1896 1531 1949 Et
1547 1911 1821 1963 agressa‘a
1844 1912 1951 1948 mo-

346 1990 635 2046 numento,
668 1987 1071 2038 nuntiaverunt
1104 1985 1212 2037 haec
1239 1986 1432 2037 omnia
1466 1986 1579 2037 illis
1600 1985 1876 2046 undecim,
1901 1988 1949 2037 et

346 2076 554 2128 caeteris
584 2075 858 2126 omnibus.
892 2073 1073 2126 Erant
1104 2079 1288 2126 autem
1309 2075 1494 2128 Maria
1522 2074 1870 2140 Magdalena,
1901 2078 1947 2125 et

342 2164 586 2226 Joanna,
621 2167 669 2214 et
687 2163 872 2215 Maria
904 2165 1110 2225 Jacobi,
1146 2168 1191 2215 et
1235 2168 1454 2221 cetera.
1500 2179 1616 2230 qua:
1664 2179 1791 2215 cum
1834 2164 1946 2215 illis

347 2256 513 2303 erant
543 2261 586 2312 ο,
616 2267 734 2319 (μω
764 2252 1014 2305 dicebant
1046 2252 1120 2304 ad
1150 2255 1411 2319 apostolos
1440 2252 1565 2303 haec.
1598 2252 1663 2305 Et
1678 2253 1793 2304 visa
1816 2255 1948 2303 sunt

344 2344 479 2393 ante
499 2342 637 2405 illos,
664 2342 806 2393 sicut
825 2342 1277 2403 detiramentum,
1298 2341 1459 2391 verba
1484 2343 1585 2392 ista
1610 2358 1626 2403 ;
1649 2345 1695 2392 ct
1719 2357 1829 2393 non
1840 2356 1950 2392 cre-

345 2429 547 2481 debant
579 2431 710 2481 illis.
734 2431 929 2482 Petrus
955 2434 1141 2481 autem
1170 2444 1418 2496 surgens.
1451 2431 1702 2481 cucurr-it
1737 2430 1809 2481 ad
1840 2445 1950 2481 mo-

346 2522 703 2583 numentum,
737 2523 782 2569 et
810 2518 1172 2585 procumbens
1202 2519 1340 2569 vidit
1372 2519 1705 2570 linteamina
1729 2522 1843 2570 sola
1861 2534 1949 2585 po-

343 2607 490 2668 sita;
513 2608 561 2657 et
580 2606 719 2658 abiit
738 2622 917 2659 secum
939 2608 1161 2658 mirans
1182 2607 1327 2673 quod
1346 2606 1557 2671 factum
1574 2607 1778 2671 fuerat.
1794 2606 1947 2660 Tunc

343 2694 614 2764 apparuit
642 2694 896 2747 Salvator
933 2695 985 2747 ei
1011 2712 1022 2746 :
1059 2694 1228 2748 tertio
1256 2694 1407 2747 enim
1435 2698 1699 2763 apparuit
1727 2694 1947 2749 Simoni

342 2782 537 2836 Petro.
576 2783 799 2836 Marcus
845 2784 1041 2850 (Mare.
1083 2800 1191 2848 xv1,
1242 2781 1365 2852 12):
1423 2785 1541 2836 Post
1588 2785 1693 2835 tusc
1736 2789 1938 2848 autem,

342 2873 557 2925 duobus
575 2874 993 2925 ambulantibus
1015 2878 1257 2925 ostensus
1276 2877 1352 2925 est
1376 2875 1438 2925 in
1454 2876 1572 2926 alia
1587 2874 1781 2939 efﬁgie,
1806 2889 1944 2926 eun-

346 2962 494 3013 tibus
510 2964 570 3014 in
598 2964 793 3014 villam
812 2978 935 3031 qua;
951 2978 1101 3015 nunc
1123 2968 1209 3015 est
1232 2961 1534 3032 Nicopolis,
1560 2961 1852 3016 Palestime
1872 2962 1945 3015 ci-

2032 1809 2209 1862 multa
2223 1806 2517 1860 dulcedine
2538 1805 2767 1874 spiritus
2784 1805 3139 1858 recolendum
3158 1806 3503 1875 diligentius,
3525 1808 3635 1861 sin-

2029 1898 2161 1967 gula
2192 1894 2458 1965 obsequia
2477 1911 2599 1964 qum
2630 1892 2883 1946 dilectori
2914 1909 3035 1957 suo,
3075 1894 3311 1948 Domino
3336 1896 3631 1962 Salvatori,

2031 1985 2282 2040 exhibuit
2305 1984 2481 2038 Maria
2511 1982 2860 2052 Magdalena,
2896 1998 3007 2035 non
3038 1989 3102 2035 ut
3128 1983 3370 2037 aliorum
3408 1990 3633 2039 sancto-

2030 2091 2156 2128 rum
2188 2075 2385 2135 solent,
2423 2072 2588 2126 tacite
2625 2076 2870 2141 accepta,
2903 2076 2959 2125 et
2997 2077 3218 2126 aeternae
3250 2074 3494 2127 mercedi
3544 2091 3633 2127 se-

2029 2164 2198 2218 cretis
2216 2166 2501 2217 reservata
2514 2178 2634 2214 esse
2651 2160 2801 2231 apud
2826 2162 3047 2214 Patrem
3061 2164 3365 2225 luminum,
3382 2166 3481 2229 qui
3490 2165 3633 2216 videt

2028 2256 2090 2305 in
2111 2254 2421 2306 abscondito
2453 2252 2651 2318 (Jacob.
2685 2264 2723 2313 Ι,
2760 2249 2815 2301 17
2840 2268 2851 2313 ;
2879 2250 3076 2302 Matth.
3101 2264 3174 2311 VI,
3210 2248 3288 2315 4),
3322 2250 3632 2305 retribuen-

2034 2342 2124 2405 da,
2150 2358 2341 2393 verum
2363 2338 2750 2403 incontinenti,
2784 2337 2965 2408 ipsius
2995 2339 3107 2390 oris
3156 2339 3457 2392 Salvatoris
3504 2357 3630 2410 pro-

2033 2431 2240 2501 palata,
2268 2428 2495 2483 laudata
2513 2433 2569 2482 et
2599 2427 2985 2496 magniﬁcata;
3011 2433 3065 2481 et
3094 2428 3140 2480 si
3162 2427 3302 2480 forte
3335 2428 3632 2498 quisquam

2034 2536 2102 2573 ea
2129 2519 2453 2589 depravare,
2486 2518 2570 2569 vel
2599 2533 2859 2570 accusare
2889 2517 3328 2586 prmsumpserit,
3360 2518 3507 2571 illico
3538 2536 3631 2571 ex—

2032 2614 2226 2662 cusata
2257 2606 2583 2677 [reseruata]
2604 2618 2650 2669 ς,
2686 2612 2742 2658 et
2769 2604 3105 2676 approbata;
3130 2603 3207 2657 ita
3230 2612 3311 2669 ut,
3321 2607 3631 2674 juxtaillud

2029 2697 2201 2751 Marci
2231 2695 2583 2766 evangelista;
2611 2697 2887 2763 (.ltarax,
2934 2692 3020 2760 30)
3076 2712 3086 2746 :
3142 2695 3402 2764 centuplo
3430 2694 3521 2748 hic
3575 2695 3631 2748 in

2030 2785 2288 2855 praesenti
2313 2783 2585 2853 Ieceperit
2606 2782 2849 2853 gratiam
2882 2800 2982 2853 pro
3012 2781 3204 2851 gratia
3233 2785 3410 2849 (Joan.
3446 2798 3483 2848 Ι,
3517 2782 3629 2853 16),

2029 2874 2206 2927 donec
2236 2873 2293 2926 in
2314 2871 2631 2926 cmlestlbus
2647 2871 2934 2924 frueretur
2948 2871 3292 2941 sempiterna
3314 2870 3630 2941 gloria.Im-

2029 2963 2340 3033 meritoque
2362 2961 2718 3016 sanctissima
2747 2978 2937 3014 sorore
2990 2962 3112 3030 ejus
3147 2961 3215 3013 de
3271 2978 3339 3014 ea
3385 2977 3630 3031 conque-

341 3046 492 3101 vitas
519 3048 753 3118 insignis
783 3046 830 3115 ἀ,
884 3049 1177 3119 sexaginta
1212 3049 1410 3102 stadiis
1454 3048 1525 3102 ab
1560 3049 1940 3120 Jerosolymis,
1967 3046 2008 3062 ’³
2028 3057 2206 3115 rente,
2242 3054 2342 3105 sub
2373 3052 2572 3103 umbra
2586 3052 2933 3117 illius,quem
2954 3048 3240 3117 diligebat,
3275 3050 3428 3111 sedit,
3449 3055 3497 3102 et
3508 3052 3605 3116 fru
3624 3078 3635 3089 ο

341 3136 500 3206 quod
527 3142 613 3190 est
641 3142 857 3208 septem
888 3138 1185 3201 milliariis,
1215 3143 1272 3191 et
1298 3138 1487 3192 semis.
1521 3139 1586 3191 Et
1628 3141 1718 3193 illi
1737 3144 1940 3203 euntes,

346 3228 755 3279 nuntiaverunt
781 3231 1001 3293 caeteris,
1048 3245 1142 3280 nec
1173 3230 1288 3280 illis
1335 3227 1710 3281 crediderunt.
1770 3228 1945 3282 Lucas

346 3315 499 3379 (Luc.
532 3331 674 3380 xxw,
725 3313 847 3382 33):
900 3317 967 3370 Et
1012 3318 1345 3369 invenerunt
1391 3322 1737 3383 congregatos
1771 3318 1946 3369 unde-

342 3404 479 3468 cim,
512 3407 560 3455 et
588 3420 669 3457 eos
701 3407 800 3473 qui
827 3422 953 3458 cum
981 3408 1057 3458 eis
1078 3410 1259 3467 erant,
1289 3406 1525 3458 dicentes
1544 3406 1724 3472 quod:
1748 3405 1947 3459 Surre-

344 3494 433 3543 xit
461 3493 729 3546 Dominus
757 3509 897 3559 vere,
929 3500 979 3547 et
1004 3497 1269 3562 apparuit
1289 3492 1508 3547 Simoni
1537 3493 1724 3545 Petro.
1757 3492 1945 3547 Primo

2028 3147 2145 3195 ctus
2176 3144 2288 3193 oris
2309 3144 2423 3208 ejus
2465 3140 2645 3192 dulces
2672 3140 2895 3205 gutturi
2931 3140 3224 3204 suotb‘ant.
3250 3155 3303 3202 η,
3341 3136 3413 3206 3),
3473 3138 3629 3192 colli-

2025 3245 2187 3299 gens,
2220 3230 2484 3291 Gustavit,
2548 3233 2595 3279 et
2634 3228 2774 3279 vidit
2828 3242 2995 3294 quam
3022 3229 3207 3278 suavis
3259 3231 3331 3278 est
3364 3228 3633 3279 Dominus

2031 3319 2190 3382 (Psal.
2256 3316 2469 3386 xxxiii).
2529 3314 2807 3369 Hauriens
2862 3315 3129 3383 praeclara
3158 3313 3422 3366 aviditate
3468 3330 3632 3369 venas

2027 3409 2151 3459 vita:
2183 3407 2359 3476 (Prov.
2396 3421 2450 3471 Χ,
2492 3407 2595 3471 H),
2630 3419 2695 3456 ex
2726 3403 2876 3454 fonte
2908 3402 3148 3472 pectoris
3187 3404 3326 3471 ejus,
3363 3403 3458 3471 qui
3490 3406 3632 3456 mut-

2030 3496 2307 3561 tiplicavit
2340 3495 2667 3559 locupletare
2696 3507 2813 3543 eam
2836 3489 3044 3542 divitiis
3064 3489 3469 3559 spiritualibus,
3488 3494 3629 3544 rivos

1296 3605 1471 3650 NOTE
1520 3605 1880 3649 POTISSIMUM
1927 3608 2006 3658 Ex
2048 3606 2291 3651 RABANO
2335 3602 2692 3648 DESUMPTE.

345 3710 450 3766 cus
482 3701 566 3747 est
590 3696 815 3765 prOprie
850 3704 1222 3761 mortuorum,
1276 3713 1526 3766 quaerere
1570 3712 1699 3749 eum
1738 3696 1834 3765 qui
1880 3697 1951 3751 ad

343 3765 522 3818 vitam
546 3767 667 3835 jam
706 3767 948 3821 surrexit
976 3784 1011 3820 a
1041 3765 1309 3820 mortuis.’
1334 3770 1519 3821 Haban
1553 3810 1563 3829 ,
1597 3767 1732 3819 ibid.

424 3845 448 3874 ³
461 3838 694 3890 Recorda
702 3840 847 3891 mini
865 3843 1105 3907 qualiter
1127 3843 1340 3892 loeutus
1353 3843 1425 3889 est
1448 3839 1612 3901 vobis,
1633 3853 1760 3890 eum
1771 3839 1951 3891 adhuc

352 3910 418 3959 in
440 3907 662 3962 Galilaa
682 3914 829 3962 esset.
854 3908 1125 3962 Dominus
1141 3908 1598 3978 interdiscipulos
1609 3907 1757 3961 viros
1779 3908 1950 3962 etiam

344 3978 574 4051 feminis
606 3996 728 4049 quae
757 3996 887 4033 eum
918 3979 1286 4051 sequebantui
1328 3978 1600 4051 praedixit.
1630 3981 1768 4031 Ibid.

425 4049 452 4086 δ
477 4048 798 4104 ΕοεεΞἹθΒιλε
828 4048 1074 4105 occurrit
1101 4050 1208 4103 illis
1237 4050 1426 4103 dicens
1452 4068 1461 4101 :
1516 4048 1692 4115 Aucte,
1737 4054 1800 4103 ut
1828 4064 1950 4102 ma-

344 4118 617 4173 ledictum
651 4121 773 4175 Eva:
794 4122 1043 4175 mulieris
1069 4122 1125 4174 in
1157 4121 1951 4175 mulieribussolveretur.Illae

348 4197 545 4243 autem
572 4199 932 4257 accesserunt,
957 4198 1006 4245 et
1036 4197 1333 4245 tenuerunt
1352 4194 1506 4259 pedes
1526 4196 1659 4258 ejus,
1686 4197 1734 4244 et
1756 4194 1953 4245 adora-

352 4269 554 4333 verunt
569 4280 714 4315 eum.
739 4264 865 4317 Istae
894 4264 1166 4317 accedunt
1183 4268 1239 4316 et
1258 4268 1455 4315 tenent
1476 4261 1645 4332 pedes
1662 4263 1710 4331 ej
1720 4279 1804 4327 us,
1822 4262 1955 4333 quia

351 4331 731 4386 adoraverunt
749 4351 895 4388 cum.
922 4337 1197 4389 Caeterum
1220 4333 1315 4386 illa
1337 4351 1459 4403 quae
1478 4331 1764 4403 quaerebat
1775 4331 1955 4386 viven-

348 4409 471 4456 tem
501 4421 625 4457 cum
657 4406 910 4469 mortuis,
936 4413 993 4459 et
1020 4404 1300 4459 nesciebat
1318 4405 1500 4458 adhuc
1522 4403 1722 4457 Filium
1745 4405 1843 4458 Dei
1866 4421 1954 4457 re-

2034 3695 2365 3765 Magdalena
2384 3694 2455 3745 ad
2476 3697 2922 3765 monumentum,
2956 3692 3178 3765 quando
3206 3692 3255 3744 ei
3288 3690 3629 3745 desideranti

2032 3763 2202 3836 pedes
2242 3767 2363 3836 ejus
2388 3763 2677 3836 amplecti”
2702 3763 2909 3836 dictum
2948 3768 3034 3815 est
3062 3781 3071 3814 :
3102 3763 3229 3816 Noli
3261 3780 3340 3815 me
3385 3768 3623 3828 tangere.

2034 3832 2249 3891 Deinde
2269 3832 2448 3889 eidem
2486 3832 2551 3887 et
2589 3833 2682 3886 alii
2712 3832 2901 3886 Mariae
2931 3848 2964 3885 a
2992 3839 3357 3887 monumento
3397 3848 3628 3885 curren-

2032 3908 2285 3961 rentibus
2302 3904 2925 3974 nuntiatumdiscipulis
2948 3920 3069 3972 quze
3100 3904 3168 3956 ab
3198 3903 3410 3973 angelis
3423 3904 3490 3956 de
3509 3919 3631 3974 per-

2034 3984 2159 4032 acta
2189 3980 2308 4049 ejus
2330 3976 2741 4030 resurrectione
2779 3974 3126 4040 didicerant;
3159 3975 3227 4029 de
3260 3974 3461 4049 quibus
3491 3975 3628 4029 scri—

2034 4056 2190 4120 ptum
2206 4047 2291 4102 est
2320 4050 2496 4115 :Quia
2526 4053 2884 4120 accesserunt,
2901 4052 2962 4120 et
2984 4047 3287 4120 tenuerunt
3306 4047 3475 4120 pedes
3490 4049 3625 4120 ejus,

2034 4117 2082 4173 et
2102 4123 2473 4174 adorarerunt
2495 4136 2639 4171 mm.
2666 4117 2943 4188 Apparuit
2967 4124 3153 4170 autem
3189 4124 3244 4172 et
3274 4118 3395 4188 ipso
3424 4117 3513 4171 die
3538 4117 3633 4171 ad-

2033 4197 2453 4262 vesperascente
2465 4188 2682 4243 duobus
2694 4190 2955 4262 euntibus
2967 4189 3025 4241 in
3040 4190 3328 4243 castellum
3344 4189 3440 4242 Em
3449 4204 3626 4262 maus.

2034 4259 2310 4332 Apparuit
2354 4267 2408 4315 et
2432 4261 2649 4332 Petro“,
2677 4261 2980 4332 statimque
3011 4261 3259 4314 annectit
3286 4259 3632 4329 evangelista

2037 4331 2287 4403 quintam
2319 4334 2440 4402 ejus
2461 4331 2869 4403 apparitionem
2898 4350 2909 4382 :
2942 4334 3082 4384 [lum
3114 4334 3222 4385 hac
3240 4335 3423 4383 autem
3448 4335 3630 4398 loque-

2038 4409 2254 4465 rentur,
2270 4409 2380 4471 ipse
2398 4408 2549 4456 Jesu.:
2573 4406 2717 4454 stetit
2736 4406 2798 4455 in
2839 4404 3014 4455 medio
3056 4418 3267 4467 eorum,
3292 4406 3339 4453 et
3367 4403 3501 4453 dicit
3514 4404 3590 4453 eis
3614 4421 3627 4453 :
3654 4412 3671 4419 ‘

350 4475 680 4535 surrexisse,
714 4450 915 4531 meritd
944 4478 1156 4531 audivit
1183 4495 1194 4528 :
1229 4478 1312 4529 Ne
1342 4492 1431 4528 me
1452 4481 1670 4545 tangas,
1705 4450 2018 4529 nondumD
2038 4476 2151 4528 Pam
2170 4450 2333 4527 robiis.
2358 4476 2573 4529 Rabani
2605 4476 2665 4524 in
2706 4473 2922 4539 Matth,
2952 4474 3044 4527 lib.
3089 4486 3204 4538 VIII,
3254 4450 3377 4541 cap.
3411 4472 3499 4526 28.
3553 4471 3630 4525 Ex

351 4546 507 4597 enim
524 4546 828 4601 ascendiad
847 4549 1071 4601 Patrem
1090 4563 1296 4600 meum.
1312 4548 1525 4601 Rabani
1548 4551 1605 4599 in
1622 4548 1818 4600 Matth.
1840 4547 1950 4600 cod.

355 4617 496 4668 Bibl.
524 4618 644 4683 Reg.
678 4621 881 4671 Ilomil.
909 4621 997 4687 fer
1024 4642 1029 4648 -
1058 4635 1111 4671 vx
1139 4621 1317 4672 Octav.
1348 4618 1575 4671 Pascha.

426 4699 451 4729 θ
484 4687 613 4742 Hac
643 4690 819 4742 Maria
849 4686 1317 4757 Magdalenaipsa
1334 4694 1419 4742 est
1437 4704 1597 4742 soror
1616 4686 1809 4740 Lazari
1833 4702 1955 4756 quae

530 4758 1179 4837 Dominumuunguentq;
1204 4757 1421 4837 Joanna
1438 4776 1579 4813 uxor
1598 4759 1804 4837 Cbuza,
1826 4774 1953 4837 pro-

350 4830 631 4883 curatoris
655 4831 917 4897 Herodis;
937 4827 1115 4885 Maria
1139 4831 1329 4886 Jacobi
1357 4838 1538 4884 mater
1567 4835 1623 4883 et
1651 4827 1838 4882 Jacobi
1856 4829 1950 4897 ju-

351 4899 530 4954 nioris
552 4906 609 4954 et
635 4903 861 4972 Joseph,
885 4919 1043 4957 soror
1072 4902 1267 4957 matris
1296 4902 1539 4956 Domini.
1582 4900 1797 4955 Rabani
1842 4901 1950 4953 Ho-

355 4973 477 5042 mil.
510 4974 665 5026 Dom.
702 4974 723 5026 1
759 4981 873 5042 post
906 4975 1083 5028 Octav.
1115 4976 1353 5028 Pass/ue.

430 5040 456 5082 ἀ
482 5040 812 5098 Εωιῃθιιεξ..
846 5046 961 5099 huic
1000 5051 1086 5098 est
1110 5061 1257 5098 nunc
1278 5042 1576 5113 Nicopolis,
1604 5042 1841 5111 insignis
1871 5041 1950 5094 ci-

352 5111 501 5167 vitas
528 5114 840 5171 Palestina}.
874 5119 1090 5172 Rabani
1116 5119 1178 5169 de
1213 5111 1489 5179 Universo,
1531 5114 1626 5166 lib.
1661 5130 1777 5177 XIV,
1828 5128 1948 5183 cap.

354 5185 411 5236 1.
446 5186 521 5239 Ex
550 5188 687 5240 Beda
710 5190 772 5240 in
801 5190 1021 5253 Lucam,
1058 5187 1151 5240 lib.
1183 5204 1250 5250 vn,
1287 5202 1407 5255 cap.
1444 5185 1530 5239 ‘24.
1554 5185 1687 5248 Quae
1721 5183 1951 5253 (civitas)

353 5262 485 5339 post
508 5258 975 5339 expugnationem
1005 5259 1226 5339 Judmae,
1258 5256 1361 5309 sub
1382 5257 1566 5339 Marco
1596 5256 1953 5339 AurelioAn-

354 5328 554 5382 tonino
587 5327 838 5399 principe
859 5336 1190 5394 restaurata,
1214 5344 1341 5382 cum
1359 5333 1508 5381 statu
1531 5327 1767 5381 mutavit
1788 5333 1845 5380 et
1863 5343 1960 5379 no-

354 5414 509 5451 nem.
545 5401 691 5453 Beda;
722 5403 920 5455 Homit.
953 5404 1038 5468 fer
1098 5418 1131 5455 ιι
1159 5401 1385 5453 Pascha).

432 5482 456 5542 ὲ
488 5470 753 5542 Omnium
786 5488 918 5541 ergo
950 5473 1191 5527 virorum
1234 5472 1416 5542 primo
1466 5468 1740 5542 Dominus
1786 5484 1960 5542 appa-

356 5540 543 5613 ruisse
560 5540 912 5613 intelligitur
934 5544 1115 5597 Petro.
1138 5540 1276 5597 Beda
1296 5545 1358 5596 in
1375 5542 1595 5608 Lucam,
1631 5540 1670 5593 l.
1697 5556 1768 5605 vr,
1793 5556 1839 5613 c.
1869 5540 1957 5613 '24.

2038 4547 2177 4599 Beda
2209 4548 2410 4599 Homil.
2436 4546 2590 4611 feria
2613 4560 2666 4597 Ill
2696 4544 2922 4597 Pascha}.

2109 4618 2233 4697 Ipso
2254 4615 2679 4697 resurrectionis
2704 4632 2816 4668 suae
2860 4614 3275 4697 die‘quinquies
3304 4614 3629 4697 apparuisse

2037 4686 2260 4757 legitur.
2291 4686 2567 4756 Apparuit
2594 4692 2767 4740 sexto.
2800 4692 2925 4756 post
2942 4687 3061 4740 dies
3091 4694 3234 4747 octo,
3260 4686 3482 4756 quando
3508 4690 3631 4738 erat

2037 4764 2094 4810 et
2121 4774 2247 4811 cum
2274 4758 2354 4810 eis
2374 4757 2634 4811 Thomas.
2697 4757 2948 4827 Septimo
2995 4757 3336 4827 piscantibus
3372 4757 3440 4809 ad
3474 4770 3627 4809 mare

2033 4828 2360 4895 Tiberiadis,
2378 4833 2568 4881 octavo
2585 4827 2641 4881 in
2665 4834 2855 4882 monte
2868 4827 3126 4883 Galilaeam
3142 4829 3304 4899 Apud
3325 4831 3627 4880 Alt-uinum

2034 4902 2093 4952 in
2122 4903 2281 4953 Joan.

2104 4971 2263 5024 Nono
2286 4967 2740 5024 recumbentibus
2762 4970 2872 5024 illis
2900 4971 3159 5024 undecim
3201 4967 3481 5040 apparuit,
3514 4967 3630 5040 Adie

2036 5058 2143 5111 quo
2164 5042 2413 5095 ascendit
2436 5041 2494 5093 in
2513 5042 2733 5094 coelum.
2766 5042 2992 5095 Decimo
3040 5038 3299 5095 viderunt
3342 5055 3468 5093 eum
3510 5038 3633 5108 ipsa

2035 5113 2123 5166 die
2146 5130 2255 5165 non
2278 5114 2396 5183 jam
2429 5113 2485 5164 in
2514 5119 2663 5165 terra
2681 5114 2941 5183 positum,
2965 5114 3061 5168 sed
3093 5114 3369 5183 elevatum
3401 5111 3625 5183 inaera,

2037 5181 2312 5253 coelosque
2334 5189 2638 5254 petentem.
2662 5181 2975 5238 dicentibus
3001 5184 3103 5238 sibi
3152 5182 3393 5253 angelis:
3425 5181 3516 5254 Sic
3544 5197 3634 5234 ve-

2041 5252 2637 5326 nietquemadmodum
2668 5255 2884 5309 vidistis
2914 5273 3040 5309 eum
3071 5252 3298 5309 euntem
3320 5254 3375 5306 in
3406 5252 3627 5326 coelum.

2041 5325 2269 5391 Raban.,
2306 5328 2437 5379 ibid.
2452 5328 2527 5378 De
2539 5328 2747 5379 duobus
2759 5331 3046 5394 postremis
3064 5326 3509 5396 apparitionibus
3526 5325 3632 5378 Ra-

2045 5401 2217 5452 banus
2249 5400 2497 5464 loquitur
2528 5399 2705 5461 infra,
2738 5413 2859 5467 cap.
2896 5414 3044 5451 XXXI.

2112 5481 2142 5521 Β
2170 5469 2341 5522 Uoden:
2368 5468 2541 5532 habet,
2577 5469 2875 5535 enceriata,
2912 5485 2974 5522 ac
3008 5469 3441 5522 amanuensium
3472 5468 3635 5519 incu-

2047 5544 2153 5593 ria.
2196 5539 2349 5591 Forte
2371 5539 2657 5605 legendum
2703 5545 3008 5607 recensata,
3043 5558 3067 5594 ρ
3112 5542 3269 5594 verbo
3320 5552 3634 5603 recensere,

431 5610 458 5652 Υ
479 5612 608 5682 (Illo
636 5614 748 5684 die)
766 5610 933 5669 'visus
961 5620 1048 5670 est
1073 5612 1346 5671 Dominus
1371 5632 1381 5669 :
1426 5613 1673 5685 primum
1705 5626 1738 5665 a
1783 5611 1963 5669 Maria
2043 5612 2104 5667 id
2130 5616 2203 5665 est
2223 5624 2575 5664 enumerare.
