4018 6168
300 373 450 437 1485
1340 377 1431 437 DE
1469 382 1638 437 VITA
1676 384 1738 437 B.
1781 382 1906 437 MA]

1989 383 2031 436 Ε
2070 383 2552 440 ΜΛΘΒΑΙιΕΝέΕ.
3457 382 3583 440 1486

296 505 530 559 dentem
584 504 744 576 quasi
793 505 970 574 digito
1017 496 1430 575 demonstrans,
1472 508 1897 568 demonstravit,
1922 514 1962 569 Λ
1983 508 2378 564 dilectabiliter
2400 516 2455 564 et
2478 511 2761 579 jucunde:
2801 527 2928 563 cum
2960 510 3179 570 absunt,
3216 508 3586 579 lacrymabili-

299 595 572 665 Baptistae
597 594 830 649 Joannis
850 593 1027 647 instar
1047 604 1091 657 α,
1116 596 1415 667 plusquam
1436 598 1805 668 prophetissa.
1831 598 1907 650 Ex
1986 602 2077 649 ter
2094 603 2151 651 et
2180 600 2433 652 moleste.
2464 598 2905 652 Iu'uncnsitatcm
2938 598 3144 651 amoris
3175 614 3305 667 erg-:1
3328 599 3586 651 receden-

296 683 620 737 admirabili
643 683 1005 736 conversione
1037 684 1106 736 ad
1140 685 1444 751 Christum,
1474 693 1532 739 et
1562 686 1906 757 incompara-
1988 694 2101 739 tem
2126 688 2438 741 metiuntur
2460 687 3080 758 lacrymzercmancntis
3108 706 3118 739 :
3156 693 3398 756 quantus
3419 688 3586 741 fuerit

294 770 400 825 bili
412 772 793 826 familiaritate
814 772 881 825 ad
908 771 1212 837 Christum,
1228 775 1381 828 omni
1406 776 1614 829 mundo
1635 775 1900 840 celebris;
1988 791 2148 829 amor
2161 776 2789 847 praesentium,scntitur
2810 794 2875 830 ex
2896 777 3580 845 molestiascparatorum.

302 861 454 915 sicut
493 861 590 914 ille
636 861 1058 916 conversatione
1087 862 1143 915 in
1188 880 1396 927 eremo,
1423 870 1480 918 et
1507 866 1806 918 sanctitate
1832 864 1903 918 ab
1988 864 2118 919 Sola
2148 868 2338 919 tamen
2354 866 2530 919 Maria
2550 865 2872 935 patiebatur
2884 866 3031 935 quod
3052 866 3166 936 pati
3195 867 3377 919 solent
3397 882 3586 919 aman-

298 954 485 1015 utero,
513 950 721 1003 sanctis
742 949 1002 1004 omnibus
1022 950 1491 1021 incomparabilis.
1518 954 1762 1007 Joannes
1782 970 1901 1006 cor-
1984 959 2090 1017 tes,
2107 969 2234 1006 cum
2268 970 2328 1007 se
2369 954 2657 1019 amittunt,
2684 971 2812 1008 cum
2844 971 2943 1007 nec
2965 955 3221 1009 amiserit
3253 962 3582 1017 amatorem,

300 1041 513 1107 rigiam
555 1042 910 1093 calceamenti
939 1044 1055 1107 ejus
1097 1044 1299 1094 solvere
1342 1058 1401 1094 se
1447 1041 1581 1095 dicit
1607 1042 1902 1112 indignum

304 1128 456 1195 (Luc.
486 1144 558 1193 In,
596 1127 718 1195 16):
746 1143 871 1181 ecce
904 1145 1109 1198 magna
1122 1129 1412 1184 humilitas
1443 1129 1504 1195 b;
1536 1131 1716 1185 Maria
1735 1132 1906 1201 pedes

302 1216 731 1288 ejusjacrymis,
756 1217 1037 1281 manibus,
1065 1218 1330 1285 crinibus,
1360 1219 1554 1285 oculis,
1578 1221 1902 1290 unguentis,

303 1304 530 1376 rigavit,
578 1305 729 1366 lavit,
754 1306 1001 1371 siccavit,
1025 1307 1177 1373 fovit,
1203 1307 1447 1379 perfudit
1471 1328 1482 1362 :
1520 1324 1644 1362 ecce
1674 1308 1906 1362 mirabi-

303 1394 374 1447 lis
395 1394 768 1448 familiaritas.
790 1396 890 1448 llle
921 1396 1207 1450 Christum
1230 1396 1519 1468 baptizans
1547 1397 1902 1463 contremuit,

307 1498 413 1537 nec
442 1488 529 1537 est
542 1498 713 1537 ausus
733 1490 966 1554 tangere
987 1491 1244 1539 sanctum
1266 1487 1368 1540 Dei
1384 1487 1651 1541 verticem
1685 1488 1902 1554 (Matth.

306 1586 388 1637 in,
434 1572 522 1637 14)
550 1582 573 1611 α
605 1591 616 1625 :
651 1573 770 1625 haec
807 1590 979 1644 super
1007 1573 1193 1644 ipsum
1224 1575 1417 1628 mundi
1444 1575 1707 1646 pretium,
1740 1581 1908 1646 caput

302 1660 529 1714 Domini
564 1661 1055 1731 pretiosissimum,
1089 1663 1248 1716 valde
1272 1664 1599 1733 pretiosum,
1627 1664 1747 1734 ipsa
1777 1680 1905 1735 pre-

303 1749 522 1815 tiosior,
553 1748 698 1803 fudit
738 1757 1094 1819 unguentum
1143 1749 1189 1804 ἀ.
1241 1752 1428 1817 Istius,
1472 1753 1616 1807 sicut
1642 1760 1700 1807 et
1734 1754 1902 1820 illius,

1985 1042 2081 1095 sed
2098 1042 2521 1112 praemiserit,ut
2534 1043 2639 1097 sibi
2666 1049 3005 1114 praepararet
3032 1044 3399 1098 mansionem.
3420 1046 3587 1099 Deni-

1988 1147 2094 1200 que
2117 1131 2266 1184 inter
2289 1133 2699 1202 prandendum,
2716 1133 2863 1185 inter
2884 1134 3150 1197 eundum,
3181 1134 3331 1187 inter
3354 1135 3587 1204 loquen—

1988 1220 2141 1290 dum,
2166 1236 2333 1290 quam
2350 1220 2606 1283 dulciter.
2631 1239 2799 1291 quam
2823 1222 3228 1276 delectabiliter
3242 1223 3585 1276 Salvatorem

1990 1308 2253 1373 audierit,
2286 1326 2453 1378 quam
2485 1310 2903 1364 irreverberatis
2936 1311 3238 1365 luminibus
3258 1312 3432 1365 tilium
3464 1312 3589 1364 Vir--

1989 1397 2138 1467 ginis
2177 1398 2457 1467 aspexerit
2485 1399 2645 1469 cujus
2692 1400 2850 1453 vultu
2881 1400 3143 1453 exsatiari
3186 1400 3450 1471 nequivit,
3489 1404 3587 1469 qui

1989 1491 2063 1539 est
2077 1490 2340 1553 speciosus
2356 1489 2539 1553 forma
2556 1503 2668 1554 prae
2682 1490 2740 1553 ﬁl
2748 1491 2815 1539 iis
2836 1490 3125 1541 hominum
3151 1491 3313 1553 (Psal.
3343 1504 3486 1553 XLIV,
3507 1488 3586 1556 3),

1990 1574 2115 1644 quis
2127 1574 2333 1629 audeat
2347 1576 2665 1629 aestimare?
2687 1575 2837 1645 quid,
2872 1582 2998 1646 post
3020 1576 3278 1629 ultimum
3293 1578 3411 1630 vale
3430 1596 3441 1641 ;
3464 1582 3588 1647 post

1988 1662 2394 1717 benedictionis
2418 1664 2585 1717 verba
2617 1664 2907 1729 solemnia,
2940 1669 3158 1718 elevatis
3188 1664 3373 1718 subito
3398 1669 3583 1718 mani-

1992 1755 2107 1817 bus,
2143 1755 2427 1819 ferebatur
2453 1754 2508 1806 in
2533 1754 2701 1807 aera?
2733 1755 2886 1823 quid,
2912 1771 3040 1807 cum
3069 1755 3249 1807 lactea
3277 1753 3425 1807 nube
3459 1771 3583 1808 sus-

301 1844 465 1909 gesta
503 1844 745 1909 quatuor
780 1839 1031 1894 scribunt
1078 1841 1448 1910 evangelista,
1483 1842 1540 1895 in
1580 1842 1780 1913 quibus
1812 1843 1966 1904 illeB
1990 1846 2234 1911 ceptn'n,
2259 1842 2768 1896 aztherisinteriora
2787 1848 3191 1913 penetrantem,
3213 1844 3587 1914 irrepercussa

304 1927 440 1998 quia
468 1927 644 1998 patris
673 1944 863 1983 vocem
895 1929 1124 1991 audivit,
1163 1930 1297 2000 quia
1341 1930 1611 2000 Spiritum
1650 1936 1907 1984 sanctum

301 2016 535 2084 viderit;
584 2018 713 2083 ista,
746 2018 894 2088 quod
928 2019 1042 2071 filio
1070 2019 1324 2089 Virginis
1354 2019 1568 2083 matris,
1606 2020 1751 2073 mira
1779 2019 1909 2073 alle-

299 2105 507 2171 ctione,
529 2105 598 2160 de
618 2107 735 2161 suis
754 2107 1114 2162 facultatibus
1130 2108 1351 2162 assidue
1361 2108 1731 2175 ministravit;
1759 2109 1907 2179 quod

301 2195 586 2260 cruciﬁxo,
614 2200 671 2251 et
701 2197 1012 2251 condienda
1032 2198 1306 2264 astiterit;
1342 2198 1491 2269 quod
1518 2202 1906 2268 resurgentem

301 2301 340 2337 a
372 2284 611 2337 mortuis
635 2285 821 2355 prima
852 2286 1070 2351 viderit,
1096 2292 1153 2339 et
1170 2288 1433 2351 tenuerit,
1458 2287 1902 2341 commendatur.

302 2373 472 2426 Illum
492 2374 747 2428 Christus
768 2375 1160 2444 magniﬁcavit,
1187 2382 1243 2429 et
1258 2376 1430 2431 vitam
1452 2378 1574 2446 ejus
1595 2377 1905 2446 angelicam

303 2463 724 2517 commendavit
762 2465 957 2529 (Matth
1021 2480 1095 2517 xr.
1143 2466 1192 2531 7,
1229 2466 1354 2533 10);
1402 2465 1588 2530 istam,
1628 2467 1907 2520 Pharisaeo

306 2558 718 2615 murmurante,
752 2552 1035 2606 defendit:
1067 2554 1289 2608 Martha
1313 2560 1709 2625 conquerente,
1742 2571 1906 2609 excu-

304 2639 453 2693 savit
474 2658 487 2705 ;
511 2641 539 2693 J
546 2640 659 2694 uda
680 2640 972 2702 fremente,
997 2642 1265 2705 laudavit,
1290 2648 1459 2713 atque
1485 2644 1752 2714 apostolis
1772 2641 1908 2714 ipsis

307 2730 621 2799 apostolam
642 2729 962 2785 destinavit.
991 2733 1230 2799 Baptista
1255 2734 1404 2785 inter
1425 2738 1579 2785 natos
1604 2736 1905 2786 mulierum

309 2819 479 2883 (Ibid.
511 2835 563 2885 ν,
598 2817 849 2890 ll),post
868 2835 1059 2890 regem
1088 2820 1231 2887 coeli,
1247 2821 1631 2892 superioribus
1653 2821 1902 2891 aequalis,

304 2906 395 2960 vel
426 2907 640 2961 cunctis
686 2910 943 2979 superior
971 2922 1031 2962 οε
1070 2910 1402 2980 Magdalena
1444 2910 1592 2964 inter
1628 2911 1773 2964 ﬁlias
1804 2912 1907 2965 ho-

308 2995 549 3062 minum,
583 3001 710 3067 post
729 2998 853 3052 celi
880 2999 1137 3069 reginam
1171 2998 1207 3066 ί,
1242 2999 1625 3070 superioribus
1655 2999 1903 3071 aequalis,

312 3085 457 3139 nulli
481 3085 730 3142 inferior.

312 3281 447 3335 ΟΑΡ.
472 3281 724 3336 XXXIII.
762 3312 825 3322 —
860 3284 1108 3349 Qualiter
1135 3286 1319 3337 amica
1363 3285 1571 3339 Chr-isti
1607 3258 1745 3353 aegre
1776 3287 1906 3339 tulit

866 3371 1173 3425 absentiam
1194 3375 1328 3441 ejus.

386 3529 613 3595 Verum,
640 3527 791 3584 inter
806 3532 925 3583 tam
954 3530 1200 3585 celebres
1220 3531 1654 3602 glorificationes
1675 3533 1905 3597 Christi,

311 3616 495 3674 Maria
511 3618 843 3689 Magdalena
861 3618 1157 3674 laetabatur
1176 3620 1403 3691 quidem
1421 3623 1707 3701 pr0palam
1720 3622 1911 3677 ineffa-

310 3708 501 3762 biliter
519 3708 589 3762 de
609 3707 833 3762 Domini
854 3714 911 3761 et
937 3709 1324 3779 Redemptoris
1344 3710 1429 3764 sui
1447 3711 1628 3780 gloria
1652 3730 1664 3779 ;
1689 3711 1915 3766 dolebat

308 3802 507 3851 tamen
536 3796 773 3851 interius
822 3796 1288 3852 intestimabiliter
1316 3799 1384 3852 de
1412 3799 1600 3854 dilecti
1629 3801 1911 3855 dilectoris

315 3886 410 3940 sui
430 3885 705 3957 corporali
733 3885 1003 3940 absentia.
1021 3887 1292 3941 Naturale
1320 3893 1406 3942 est
1430 3889 1598 3955 enim,
1630 3890 1907 3956 naturale,

315 3975 573 4044 inquam,
608 3980 666 4027 et
692 3990 919 4029 necesse
950 3991 1086 4045 erga
1111 3975 1321 4030 amicos
1346 3976 1509 4042 afﬁci,
1536 3994 1663 4031 cum
1684 3978 1907 4043 adsunt,

1922 3164 1966 3225 Ο

1990 1930 2107 1983 acie
2138 1936 2468 2001 sequeretur
2499 1932 2822 1985 oculorum?
2845 1932 2994 2001 quid,
3041 1948 3167 1985 cum
3196 1933 3410 2002 patenti
3449 1933 3587 1986 coelo

1991 2025 2247 2089 receptus
2274 2019 2449 2072 videri
2478 2019 2629 2072 ultra
2644 2036 2755 2073 non
2778 2006 2994 2089 potuit?
3024 2021 3173 2089 (Luc.
3200 2023 3446 2085 xx1v,50,
3474 2022 3584 2089 51.)

1992 2107 2223 2161 Stetisse
2253 2124 2379 2161 eam
2407 2108 2638 2173 diutius,
2670 2109 2752 2161 vel
2776 2108 2882 2171 vix,
2908 2109 2992 2161 vel
3016 2109 3247 2162 minime
3275 2110 3470 2173 credo;
3496 2110 3587 2163 de-

1988 2196 2184 2250 fecisse
2212 2198 2415 2267 potius,
2452 2202 2507 2250 et
2538 2198 2738 2251 anhelo
2778 2197 2981 2268 spiritu
3011 2198 3353 2257 concidisse;
3388 2214 3586 2267 conge-

1990 2285 2230 2357 latisque
2269 2286 2554 2351 membris,
2580 2287 2953 2358 appalluisse;
2995 2304 3331 2357 iursumque
3374 2289 3585 2342 recale-

1990 2382 2179 2429 scente
2217 2382 2459 2446 pectore,
2490 2376 2700 2429 obortis
2731 2373 3011 2447 lacrymis,
3037 2375 3319 2430 uberrime
3346 2377 3580 2431 ﬂevisse.

1990 2466 2275 2529 Possetne,
2311 2482 2516 2536 quaeso,
2549 2466 2725 2519 Maria
2744 2465 3065 2519 meminisse
3087 2464 3273 2518 dilecti
3301 2465 3583 2520 dilectoris

1990 2554 2095 2617 sui,
2120 2554 2343 2608 Domini
2373 2556 2524 2619 Jesu,
2552 2555 2673 2607 sine
2704 2571 2960 2617 maerore,
2978 2555 3098 2608 sine
3123 2555 3420 2624 lacrymis‘?
3449 2555 3584 2608 Pos-

1991 2648 2166 2707 setne,
2202 2660 2269 2697 ex
2312 2649 2464 2708 tunc,
2490 2649 2713 2713 tempus
2730 2659 2852 2696 esse
2868 2643 2988 2695 sine
3012 2643 3222 2708 dolore,
3238 2649 3587 2696 momentum

1990 2732 2111 2786 sine
2130 2748 2308 2793 mora,
2334 2733 2474 2785 hora
2497 2732 2616 2785 sine
2648 2732 2802 2791 fletu,
2820 2747 3140 2801 quanquam
3164 2731 3332 2784 sciret
3348 2731 3452 2784 sibi
3475 2747 3584 2784 non

1988 2838 2112 2874 esse
2139 2820 2464 2886 dolendum,
2504 2820 2815 2891 praesertim
2854 2836 2981 2873 cum
3031 2820 3416 2890 promissionis
3465 2821 3587 2889 ejus

1989 2910 2383 2963 recordaretur
2412 2929 2422 2962 :
2457 2910 2669 2964 iturum
2697 2925 2757 2962 se
2776 2925 2979 2977 parare
3008 2908 3126 2962 suis
3149 2913 3347 2973 locum,
3378 2909 3588 2962 reditu-

1990 3016 2113 3053 rum
2137 3016 2195 3053 se
2227 3004 2291 3053 ut
2313 3002 2573 3066 acciperet
2603 3000 2685 3052 eos
2711 3000 2786 3051 ad
2809 3002 3065 3067 seipsum,
3100 3002 3159 3050 ut
3186 2999 3284 3051 ubi
3303 3000 3376 3050 sit
3406 3001 3517 3065 ipse
3541 3003 3585 3050 et

1990 3091 2097 3156 ipsi
2123 3092 2238 3142 sint
2266 3088 2489 3142 secum?
2524 3090 2703 3155 (Joan.
2738 3104 2824 3151 xv,
2866 3086 2932 3152 l.)
2976 3088 3096 3140 Haec
3126 3089 3363 3140 recolens
3395 3102 3586 3140 secum

1988 3180 2051 3231 in
2098 3179 2255 3231 corde
2297 3193 2400 3231 suo
2438 3179 2665 3245 (Thren.
2700 3189 2779 3235 IlI,
2822 3174 2932 3241 21),
2963 3176 3180 3229 luctum
3224 3180 3489 3229 convertit
3524 3179 3583 3228 in

1986 3268 2259 3333 gaudium
2289 3269 2468 3332 (Joan.
2494 3280 2607 3329 xv1,
2630 3264 2721 3333 ‘20)
2746 3283 2756 3329 ;
2784 3264 2917 3317 dum
2934 3282 3034 3334 per
3057 3264 3588 3334 contemplationem

1987 3355 2271 3409 assiduam
2299 3354 2400 3408 Dei
2423 3354 2628 3407 Filium
2656 3352 2762 3406 sibi
2786 3358 3097 3420 prasentem
3124 3368 3357 3406 cernens
3385 3352 3443 3405 in
3474 3355 3587 3420 spi-

1988 3447 2107 3496 ritu
2142 3445 2195 3510 (Ι
2221 3444 2341 3497 θον.
2374 3459 2425 3509 v,
2460 3442 2537 3510 3),
2573 3440 2882 3511 praesentiae
2913 3441 3218 3510 corporalis
3247 3440 3587 3495 desiderium

1990 3529 2359 3602 temperabat,
2393 3530 2452 3583 in
2498 3528 2772 3582 memoria
2820 3528 2941 3597 ejus
2993 3529 3194 3581 mellea
3234 3528 3588 3598 requiescens

1993 3621 2239 3675 suaviter
2263 3638 2275 3686 ;
2310 3619 2485 3672 donec
2514 3624 2640 3688 post
2666 3616 2842 3669 multa
2870 3615 3130 3686 suspiria,
3164 3623 3290 3688 post
3311 3617 3476 3685 longa
3498 3616 3590 3670 de-

1995 3710 2218 3773 sideria,
2253 3714 2379 3779 post.
2405 3706 2679 3761 diutinam
2707 3705 3040 3759 felicissimae
3069 3705 3293 3760 visionis
3323 3705 3587 3772 esuriem,

1993 3799 2148 3853 vultu
2178 3796 2367 3851 dilecti
2396 3796 2484 3848 sui
2516 3794 2738 3860 satiata,
2766 3794 2823 3847 in
2843 3799 3067 3847 acterna:
3102 3795 3588 3866 contemplationis

1992 3888 2156 3941 thoro
2198 3884 2540 3939 suavissimis
2577 3900 2640 3937 ac
2693 3883 3028 3937 dulcissimis
3074 3884 3196 3953 ejus
3241 3884 3589 3956 amplexibus

1995 3976 2136 4031 colla
2158 3976 2413 4029 donaret.

1272 4091 1443 4136 NOTE
1490 4092 1848 4138 POTISSIMUM
1894 4094 1968 4137 EX
2012 4090 2250 4136 RABANO
2294 4090 2643 4136 DESUMPTE.

309 4177 595 4253 generalis
622 4176 795 4253 fuisse
842 4180 1178 4253 resurrectio
1208 4196 1331 4251 quae
1364 4180 1620 4235 omnibus
1651 4187 1902 4253 apparet,

311 4246 414 4303 sed
435 4249 690 4323 specialis
719 4249 789 4302 ad
820 4246 1111 4320 plurimos,
1145 4259 1209 4306 ut
1226 4246 1285 4305 hi
1321 4253 1574 4307 viderent
1595 4246 1910 4323 qui'cerne-

315 4337 379 4374 re
409 4321 788 4395 merebantur.
820 4323 1043 4395 [labani
1064 4324 1348 4395 iii.llutlh.
1384 4324 1477 4377 lib.
1516 4321 1631 4389 vni,
1662 4341 1783 4395 cap.
1818 4324 1905 4378 27.

390 4402 413 4431 ι
443 4391 507 4445 In
520 4408 594 4465 eo
619 4393 863 4465 Joannes
890 4393 1178 4462 prophetis
1201 4395 1413 4448 caeteris
1442 4396 1622 4465 major
1650 4391 1908 4465 est,quod

314 4479 486 4534 quem
515 4463 595 4515 illi
623 4462 1061 4533 praedicaverant
1089 4481 1210 4519 esse
1238 4462 1552 4529 venturum,
1588 4466 1675 4519 hic
1696 4462 1910 4520 venisse

312 4534 494 4604 digito
522 4534 943 4661 dqqionstravit.
968 4536 1185 4591 Rabani
1208 4538 1487 4590 Comment
1508 4540 1569 4591 in
1599 4539 1791 4591 Matth.
1812 4536 1905 4590 lib.

315 4622 388 4661 IV.
417 4621 540 4661 can.
649 4644 663 4658 .

315 4622 388 4669 iv,
417 4621 540 4675 cap.
583 4621 663 4661 ll.

389 4676 415 4714 δ
447 4676 601 4729 Nihil
635 4682 822 4732 autem
852 4677 1097 4732 intendit
1132 4677 1377 4733 Joannes
1414 4679 1483 4733 de
1522 4678 1913 4733 calceamentis

312 4747 541 4801 Domini
570 4748 822 4819 loquens,
845 4749 953 4803 nisi
983 4748 1366 4804 excellentiam
1395 4750 1517 4819 ejus
1543 4756 1599 4804 et
1628 4750 1910 4804 humilita-

314 4823 431 4872 tem
448 4834 641 4891 suam.
676 4822 890 4875 Rabam‘
920 4822 1199 4891 comment
1220 4823 1281 4874 in.
1304 4822 1495 4874 Matth.
1525 4821 1667 4886 lll).l,
1698 4837 1819 4891 cap.
1854 4820 1903 4874 3.

388 4899 411 4927 ο
442 4889 674 4959 Expavit
688 4892 932 4946 Joannes
948 4888 1250 4963 Christum
1270 4892 1339 4945 ad
1362 4909 1420 4945 se
1442 4892 1628 4945 venire
1651 4898 1713 4945 ut
1732 4888 1910 4963 bapti-

312 4965 542 5034 garetur
562 4977 727 5034 aqua.
760 4963 787 5015 J
796 4979 893 5017 ure
914 4962 1126 5027 timuit,
1148 4963 1314 5017 homo
1341 4962 1591 5034 quamvis
1616 4962 1907 5017 sanctus...

310 5031 598 5102 baptizare
614 5031 949 5089 Dominum.
968 5035 1185 5088 Rabani
1204 5031 1483 5088 Conuizent
1508 5039 1566 5088 in
1588 5035 1761 5088 Matth.
1814 5034 1908 5087 lib.

313 5116 351 5168 ι,
385 5120 508 5168 cap.
540 5102 593 5158 3.

387 5120 631 5247 ﬂagellis
660 5176 818 5230 valde
849 5175 944 5247 qui
975 5176 1183 5231 Christi
1212 5181 1381 5247 caput
1407 5181 1691 5230 mereatur
1715 5177 1911 5247 pistica

315 5245 493 5318 nardo
520 5245 1022 5316 perungere—Cum
1055 5254 1112 5301 et
1140 5248 1231 5301 ille
1256 5245 1496 5315 magnus
1525 5245 1831 5318 fueritfqui
1853 5266 1911 5302 se

312 5316 611 5389 indignum
635 5318 855 5373 dicebat
883 5320 1004 5389 ejus
1033 5320 1412 5374 calceamenta
1442 5325 1682 5389 portare.
1710 5316 1911 5387 Magna

313 5394 370 5442 et
400 5388 497 5441 illa
526 5404 649 5458 quae
681 5406 890 5459 ungere
918 5388 1090 5461 pedes
1119 5391 1259 5460 ejus,
1294 5397 1349 5444 et
1393 5388 1610 5460 capillis
1648 5390 1764 5444 suis
1797 5399 1909 5443 ter-

309 5461 807 5532 gerepromeruit.
843 5463 965 5515 Ibid
993 5502 1006 5529 ,
1041 5462 1134 5515 lib.
1164 5476 1235 5527 III,
1272 5477 1392 5532 cap.
1427 5462 1480 5515 9.

386 5540 411 5571 ε
440 5531 597 5603 [nter
628 5536 951 5603 mulierum,
984 5533 1186 5603 inquit,
1225 5531 1394 5586 natos.
1414 5533 1511 5586 His
1527 5548 1659 5602 ergo
1682 5531 1911 5603 pracfer-

308 5606 409 5655 tur
439 5600 760 5677 hominibus
803 5602 897 5677 qui
928 5604 997 5656 de
1026 5600 1354 5677 mulieribus
1402 5605 1518 5658 nati
1558 5600 1709 5677 sunt,
1741 5610 1809 5677 et
1842 5604 1909 5656 de

314 5672 615 5746 concubitu
636 5672 833 5739 viri,et
860 5690 972 5727 non
1001 5676 1051 5728 ei
1076 5675 1170 5746 qui
1202 5682 1287 5729 est
1317 5681 1482 5729 natus
1504 5693 1568 5729 cx
1602 5674 1828 5745 Virgine
1857 5682 1911 5728 et

316 5742 531 5814 Spiritu
564 5751 775 5800 sancto.
807 5742 1138 5818 Quanquam
1169 5746 1226 5803 in
1272 5764 1337 5801 eo
1381 5747 1529 5820 quod
1566 5742 1747 5801 dixit':
1789 5747 1906 5802 Non

1924 4429 1972 4485 D

1990 4184 2236 4235 surrexit
2252 4183 2397 4234 inter
2412 4186 2565 4233 natos
2584 4196 2632 4231 τη
2646 4182 2702 4232 ul
2710 4182 2882 4231 ierim:
2912 4179 3237 4245 majorJoan
3248 4194 3311 4230 ne
3324 4179 3583 4246 Baptista,

1991 4268 2103 4306 non
2128 4252 2341 4306 caeteris
2371 4250 2675 4322 prophetis,
2693 4249 3045 4321 patriarchis,
3065 4250 3388 4322 cunctisque
3412 4250 3587 4303 homi-

1992 4323 2153 4376 nibus
2210 4321 2489 4376 Joannem
2542 4322 2802 4392 praetulit,
2854 4322 2951 4392 sed
2996 4321 3207 4392 Joanni
3227 4328 3456 4392 caeteros
3501 4338 3587 4373 ex-

1991 4394 2246 4464 mquavit.
2270 4395 2392 4447 Non
2415 4389 2565 4446 enim
2586 4393 2774 4446 statim
2794 4391 3147 4464 scquitur._ut
3168 4390 3211 4441 si
3234 4389 3327 4441 alii
3346 4392 3586 4464 majores

1992 4460 2075 4518 eo—
2096 4482 2204 4518 non
2237 4472 2387 4529 sunt,
2418 4464 2509 4516 ille
2548 4465 2729 4532 major
2758 4462 2993 4514 aliorum
3035 4461 3112 4532 sit
3148 4467 3497 4521 cunctorum,
3530 4460 3589 4515 at

1992 4536 2370 4607 aequalitatem
2400 4552 2525 4588 cum
2555 4530 2769 4607 cmteris
2790 4530 3247 4607 s_anctis_habeat_.
3284 4534 3496 4607 Italiam
3527 4536 3587 4586 in

1994 4603 2187 4661 Matth.
2245 4606 2336 4659 lib.
2376 4620 2446 4667 Iv,
2484 4620 2605 4674 cap.
2659 4603 2735 4659 11.
2792 4603 2868 4655 Ex
2915 4604 3052 4656 Beda
3096 4606 3158 4655 in.
3210 4604 3334 4656 Luc.
3382 4603 3474 4655 lib.
3524 4619 3579 4670 II,

1994 4694 2115 4748 cap.
2153 4679 2201 4731 7.
2250 4678 2567 4731 Notandum
2602 4681 2783 4728 tamen
2825 4675 3107 4729 Rabanum
3144 4677 3203 4726 in
3248 4675 3482 4728 humilia
3524 4677 3585 4728 de

1992 4753 2179 4803 sancto
2192 4751 2405 4801 Joanne
2420 4748 2661 4814 Baptista
2684 4749 2969 4811 vulgarem
2984 4748 3215 4797 tenuisse
3226 4762 3315 4798 sm
3326 4753 3409 4798 ten
3420 4749 3557 4798 tiam
3568 4786 3580 4808 ,

1992 4836 2157 4888 quam
2183 4821 2322 4886 forte
2352 4824 2528 4886 postea
2548 4818 2853 4888 eine/uiam
2871 4819 2933 4868 in
2955 4818 3361 4888 Uommrntario
3388 4833 3494 4869 suo
3524 4819 3583 4869 in

1992 4886 2328 4945 illati/imum.
2359 4891 2482 4945 Non
2508 4888 2749 4943 surrexit
2780 4887 2927 4940 inter
2953 4892 3114 4939 natos
3140 4886 3440 4939 mulierum
3470 4902 3584 4939 ma-

1987 4963 2079 5032 jor
2106 4963 2321 5016 Joanne
2352 4961 2621 5033 Baptista.
2657 4959 2930 5013 Przeccllit
2960 4957 3107 5009 enim
3137 4957 3347 5033 cunctis
3379 4964 3435 5010 et
3456 4958 3582 5033 uni-

1996 5028 2185 5100 versis,
2221 5028 2499 5087 antecedit
2539 5033 2857 5102 prophetas,
2891 5028 3582 5102 supergrediturpatriar-

1950 5151 1957 5157 .
1993 5107 2151 5171 chus;
2201 5112 2258 5157 ct
2299 5099 2555 5175 quisquis
2578 5099 2909 5175 muliere
2935 5102 3100 5153 natus
3129 5106 3212 5151 est
3244 5099 3472 5175 inferior
3501 5107 3584 5153 est

1992 5178 2225 5229 Joanne.
2258 5172 2363 5238 Qui
2399 5182 2587 5226 autem
2616 5172 2683 5224 de
2714 5172 2925 5240 virgine
2975 5179 3141 5223 natus
3170 5175 3256 5223 est
3290 5172 3473 5240 major
3498 5178 3581 5224 est

1992 5247 2264 5300 illo.Sanc
2295 5244 2843 5297 animazlrcrtendum
2870 5244 3012 5310 quod
3044 5246 3101 5293 in
3150 5243 3259 5293 I’zla
3291 5241 3345 5295 S.
3391 5243 3582 5295 Mariae

1994 5320 2328 5386 .llagdalcna'
2348 5321 2553 5367 asserta
2573 5317 2755 5382 priori
2778 5315 3065 5377 sententia,
3083 5314 3387 5365 deJoaunis
3404 5330 3556 5381 aqua
3576 5349 3581 5353 ‹

1995 5393 2146 5443 litate
2173 5393 2359 5439 sa’trm
2396 5403 2519 5439 (tum.
2561 5388 2761 5437 (νέρωνί-[κ
2799 5387 3022 5445 salictis,
3069 5386 3301 5449 (June/cun
3345 5387 3440 5437 Joa
3472 5388 3579 5437 mis

1989 5462 2418 5529 przeccllrnlium
2448 5473 2610 5523 super
2652 5471 2833 5529 (mines
2864 5472 3030 5521 neque:
3066 5458 3373 5529 affirm/irit
3410 5474 3580 5524 .N'tjl'!‘

1994 5524 2225 5598 urg/urit,
2266 5533 2446 5582 ilice/is
2482 5545 2491 5579 :
2526 5524 2916 5597 Superioribus
2957 5527 3204 5595 inqualis,
3239 5527 3320 5579 vel
3366 5528 3581 5580 cunctis

1992 5601 2264 5655 superior.

2108 5672 2286 5725 Maria
2310 5669 2462 5739 virgo
2483 5674 2663 5722 mater
2680 5667 2901 5721 Domini
2933 5667 3081 5720 inter
3110 5682 3303 5721 omnes
3320 5668 3581 5721 mulieres

1992 5743 2365 5815 principatum
2396 5746 2566 5794 tenet.
2596 5743 2807 5796 Rabanz‘
2837 5740 3039 5793 Humil.
3076 5742 3137 5792 in
3164 5741 3251 5791 die
3279 5741 3507 5792 Pasclw.
