4018 6168
381 193 528 250 1489
698 189 705 194 ’
1425 190 1515 244 ΒΕ
1559 191 1722 244 Vl'l'A
1763 190 1824 244 Β.
1863 189 2115 244 ΜΑΒΙΑΕ
2147 191 2638 248 MAGDALENzE.
3531 198 3664 256 [190

365 318 630 376 illustres
656 323 946 373 matronas
963 317 1103 386 (Aet.
1122 321 1262 387 νιιι).
1287 315 1466 373 Maria
1483 331 1612 370 vero
1641 314 1974 385 Magdalena
1994 317 2045 376 A
2065 315 2210 370 riam
2239 316 2310 370 ad
2338 319 2703 374 asserendum
2749 325 3146 390 argumentum
3194 320 3393 376 divinae
3430 322 3661 378 misera-

366 407 641 479 gloriosze
669 407 888 477 Virgini
910 407 1100 462 Mariae
1128 411 1193 462 ut
1217 407 1342 461 caeli
1375 405 1601 476 reginae,
1619 409 1677 458 et
1706 403 1874 458 matri
1901 421 1987 458 re-
2064 405 2263 473 tionis;
2285 411 2351 461 ut
2367 407 2437 460 de
2449 424 2516 461 ea
2532 409 2957 478 gratularentur
2979 424 3191 464 omnes.
3208 409 3661 483 Sororisquoque

365 497 468 567 gis
495 497 710 563 aeterni,
757 493 1026 550 ineffabili
1056 494 1348 549 devotione
1376 491 1727 559 adhaerebat;
1782 491 1981 547 minis-

367 589 540 640 trans
553 585 626 652 ei,
645 591 712 640 ut
721 584 1049 656 pedisequa,
1069 583 1362 638 affectione
1381 581 1646 647 mirabili,
1660 587 1718 636 et
1727 597 1982 653 superna:

370 674 838 746 contemplationi
869 678 994 728 cum
1021 673 1364 728 illavacans:
1393 671 1658 743 angelicis
1676 669 1982 726 visionibus

371 770 438 818 et
462 762 898 828 visitationibus,
933 761 1136 834 quibus
1167 762 1266 816 illa
1309 761 1532 816 assidue
1575 759 1886 827 fruebatur,
1917 765 1983 815 ut

371 853 648 936 domina;
682 851 800 906 haec
835 851 1162 922 frequenter
1206 851 1397 917 foveri,
1430 849 1728 905 refocillari
1750 849 1976 915 meruit,

370 947 435 996 et
463 943 586 1012 ejus
615 941 838 1006 ancilla,
877 945 936 994 et
963 939 1091 995 Filii
1121 941 1263 1010 ejus,
1297 940 1400 994 Dei
1436 945 1494 994 et
1527 939 1751 996 Domini
1778 938 1974 1004 nostri,

369 1031 510 1085 Jcsu
539 1029 764 1095 Christi,
811 1029 1069 1102 specialis
1119 1030 1302 1084 amica
1335 1048 1347 1096 ;
1395 1045 1635 1100 quorum
1674 1027 1886 1082 visione
1923 1033 1981 1080 et

375 1119 631 1191 alloquio
660 1118 910 1174 crebrius
938 1119 1203 1183 revelata,
1237 1119 1402 1173 solito
1439 1134 1616 1182 more,
1650 1119 1978 1171 memoriam

373 1210 740 1264 abundantis,v
761 1211 1057 1262 suaiitatis
1088 1207 1296 1262 Christi
1312 1208 1478 1280 (Psat.
1494 1221 1672 1271 cxuv,
1691 1204 1765 1272 7),
1789 1204 1978 1260 dilecti

371 1297 662 1352 dilectoris
682 1297 788 1364 sui,
825 1297 1173 1352 incessanter
1198 1295 1523 1352 ruminabat
1547 1315 1559 1364 ;
1593 1302 1641 1350 et
1661 1299 1724 1350 in
1746 1297 1974 1349 medita-

371 1389 522 1441 tione
551 1387 674 1458 ejus
705 1388 1078 1442 exardescebat
1104 1389 1255 1454 ignis
1296 1388 1505 1440 amoris
1549 1386 1714 1454 (Psal.
1739 1398 1971 1450 xxxvm,

369 1474 451 1544 4),
503 1475 650 1547 ignis
690 1475 1130 1546 inextinguibilis
1163 1491 1274 1547 quo
1301 1473 1695 1529 concremabat
1732 1475 1976 1546 seipsam

2065 494 2185 564 ejus
2212 495 2576 550 sanctissime
2604 497 2836 551 Marthae
2857 497 3210 552 devotionem
3237 497 3660 571 ininvestigabi-

2061 581 2173 637 lem
2193 601 2329 655 erga
2339 584 2516 640 sancti
2539 585 2842 640 Salvatoris
2861 585 3149 657 obsequia,
3172 592 3230 641 et
3255 603 3386 642 suas
3405 604 3659 659 ipsorum

2061 673 2439 739 necessitates,
2474 679 2533 729 et
2555 674 2810 729 animum
2838 673 3014 730 totius
3041 674 3396 731 liberalitatis
3425 683 3483 732 et
3508 677 3660 733 beni-

2059 761 2294 831 gnitatis
2318 762 2503 833 gratia
2521 763 2770 835 plenum,
2800 763 3254 834 frequentissime
3268 766 3659 822 memorabant

2063 851 2321 921 apostoli,
2355 851 2576 923 publice
2603 852 2827 924 populis
2879 853 3265 924 praedicantes,
3299 871 3468 926 quam
3499 855 3658 910 fami-

2059 938 2248 1003 liares,
2283 957 2452 1011 quam
2500 941 2784 1012 gratiosaa,
2817 957 2986 1014 quam
3033 942 3400 1014 acceptabiles
3446 943 3659 999 fuerint

2062 1028 2201 1083 Filio
2228 1029 2347 1095 Dei,
2381 1047 2495 1101 pm
2523 1031 2736 1084 cunctis
2763 1030 3114 1098 mulieribus,
3154 1033 3239 1086 ha:
3275 1033 3400 1087 dua:
3445 1033 3656 1088 devotae

2061 1135 2309 1185 sorores;
2335 1135 2503 1190 quam
2527 1119 2730 1174 intimo
2753 1136 2948 1175 amore
2975 1137 3104 1176 eum
3135 1119 3450 1189 dilexerint,
3481 1139 3653 1193 quam

2061 1206 2300 1261 dulciter
2328 1224 2364 1262 a
2393 1208 2510 1262 Deo
2529 1209 2746 1263 dilecta:
2775 1209 3007 1277 fuerint,
3024 1225 3192 1280 quam
3211 1209 3448 1281 benigne
3460 1227 3654 1264 earum

2055 1295 2298 1367 hospitia
2316 1297 2772 1368 frequentaverit,
2795 1314 2964 1370 quam
2983 1299 3284 1353 affectuose
3303 1297 3410 1353 sibi
3428 1298 3656 1378 suisque

2058 1385 2129 1438 ad
2165 1385 2354 1439 omnia
2381 1385 2700 1440 necessaria
2729 1387 2799 1440 de
2827 1385 2944 1440 suis
2970 1385 3330 1440 facultatibus
3371 1386 3657 1442 ministra-
3741 1391 3744 1397 '

2056 1474 2268 1542 verint;
2293 1491 2462 1546 quam
2489 1475 2836 1530 confidenter
2863 1475 2915 1530 ei
2953 1492 2989 1529 a
3017 1473 3192 1530 fratre
3217 1491 3320 1530 suo
3348 1475 3652 1530 mandave-

369 1565 626 1639 quotidie
664 1565 724 1621 in
753 1565 1164 1632 holocaustum,
1191 1563 1470 1619 desiderio
1520 1562 1843 1635 inexplebili
1886 1563 1974 1618 sui
1999 1634 2032 1639 _
2056 1562 2198 1617 rint:
2231 1563 2359 1618 Ecce
2388 1580 2549 1633 quem
2566 1580 2725 1619 amas
2746 1567 3080 1632 inﬁrmatur
3094 1583 3111 1630 ;
3146 1579 3316 1635 quam
3337 1563 3654 1618 amabiliter

371 1654 785 1727 Redemptoris.

272 1823 284 1835 '
368 1800 505 1856 CAP.
547 1800 764 1855 XXXV.
796 1831 860 1840 —
893 1801 1288 1868 Recapitulatio
1312 1819 1328 1852 :
1371 1814 1540 1868 quam
1587 1803 1752 1866 grata
1799 1797 1974 1864 fuerit

462 1875 649 1926 amica
677 1872 885 1926 Christi
901 1872 1117 1938 Regina
1143 1874 1261 1926 cali
1287 1872 1595 1938 sanctisque
1623 1871 1897 1937 apostolis.

441 1979 578 2034 Erat
605 1984 796 2033 autem
821 1979 936 2032 haec
964 1984 1161 2032 sancta
1186 1977 1379 2047 virago
1398 1975 1658 2046 gloriosae
1686 1974 1788 2029 Dei
1815 1974 1970 2044 geni-

358 2067 513 2134 trici,
547 2073 605 2122 et
623 2067 832 2122 sanctis
859 2067 1147 2138 apostolis,
1176 2068 1357 2120 amori
1386 2065 1602 2137 pariter
1634 2068 1694 2118 et
1720 2063 1922 2118 honori
1951 2081 1963 2116 :

360 2163 598 2229 propter
620 2155 1034 2222 multimodam,
1077 2160 1136 2210 et
1163 2154 1542 2225 magnificam,
1576 2157 1634 2207 et
1663 2151 1969 2208 inaestima-

360 2247 556 2314 bilem,
584 2263 754 2318 quam
775 2263 903 2301 cum
915 2245 1156 2300 Domitio
1180 2245 1468 2299 Salvatore
1488 2242 1782 2308 habuerat,
1813 2241 1972 2296 fami-

364 2336 691 2391 liaritatem.
711 2334 1142 2406 Diligebantque
1169 2351 1295 2388 eam
1321 2333 1644 2397 ferventius,
1669 2347 1839 2402 quam
1865 2331 1966 2386 Dei

1991 1634 2176 1724 Bipse
2203 1652 2394 1708 fratris
2420 1669 2616 1708 earum
2645 1653 2861 1708 obitum
2899 1652 3016 1708 suis
3052 1634 3307 1707 revelans
3335 1653 3600 1724 apostolis
3635 1675 3646 1708 :

2060 1743 2321 1807 Lazarus,
2345 1741 2442 1808 ait,
2459 1745 2678 1797 amicus
2697 1747 2882 1796 noster
2891 1743 3130 1805 dormit;
3153 1757 3324 1813 quam
3343 1741 3653 1796 misericor-

2054 1830 2220 1896 diter,
2253 1834 2439 1900 ﬂentes
2467 1847 2562 1884 eas
2599 1829 2812 1896 videns,
2841 1833 3082 1900 ﬂeverit;
3107 1835 3164 1884 et
3192 1847 3321 1902 cum
3341 1830 3652 1901 lacryman-

2051 1918 2201 1974 tibus
2227 1919 2572 1992 lacrymatus
2615 1919 2689 1974 sit
2718 1943 2733 1976 :
2763 1919 2847 1974 ita
2875 1924 2941 1973 ut
2983 1918 3161 1973 Judaei
3201 1918 3456 1974 dicerent
3489 1919 3653 1974 :Ecce

2051 2010 2318 2077 quomodo
2343 2009 2568 2062 amabat
2599 2023 2744 2072 eam,
2777 2005 3158 2078 adstipulante
3194 2007 3253 2060 in
3300 2007 3408 2061 hoc
3461 2006 3650 2077 ipsum

2050 2099 2320 2167 discipulo
2335 2113 2496 2166 quem
2515 2112 2630 2167 prae
2645 2095 2860 2150 caeteris
2877 2097 3139 2163 diligebat
3156 2096 3310 2149 Iesus
3333 2113 3350 2149 :
3378 2095 3648 2163 Ditigebat

2053 2187 2326 2241 Dominus
2351 2188 2505 2240 Jesus
2531 2186 2834 2250 Mar-thum,
2853 2189 2903 2238 et
2929 2187 3311 2252 sororemejas
3340 2184 3585 2237 Mariam
3601 2190 3650 2236 et

2054 2277 2330 2330 Lazarum
2358 2277 2538 2343 (Joan.
2566 2288 2688 2339 xm,
2721 2270 2810 2338 23,
2834 2287 2952 2337 xx1,
2977 2269 3028 2337 7,
3065 2270 3154 2338 20,
3195 2285 3270 2338 xI,
3297 2271 3370 2340 5).
3403 2272 3478 2324 At
3506 2271 3649 2324 hanc

2051 2380 2271 2436 quoque
2300 2363 2533 2418 domum
2562 2361 2871 2416 amicorum
2899 2359 3129 2426 Christi,
3155 2359 3349 2414 Lazari
3369 2357 3644 2424 videlicet,

361 2423 865 2526 Filium’,9ivi'}um
895 2429 953 2479 et
983 2422 1318 2526 magisth
1349 2439 1534 2522 suun,”
1560 2420 1968 2526 dileXiSSiSCie‘
2048 2420 2240 2508 Mariae
2283 2458 2341 2506 et
2383 2451 2640 2519 Marthae,
2673 2451 2900 2505 domum
2933 2420 3203 2504 orationis
3238 2449 3432 2516 (Marc.
3463 2461 3542 2515 x1,
3567 2420 3648 2517 1),

362 2509 504 2569 bant
515 2512 864 2611 evidenti?“
898 2511 1252 2611 honorabant
1269 2511 1591 2611 i_'_‘§mntius’
1613 2527 1782 2582 quam
1803 2510 1970 2611 Great
2051 2541 2173 2596 fieri
2199 2546 2522 2610 statuerunt
2557 2509 2832 2611 apostoli:
2864 2539 2926 2594 in
2955 2554 3068 2610 qua
3094 2537 3198 2592 Dei
3225 2509 3646 2608 omnipotentis;

361 2610 548 2658 torem
577 2609 636 2657 et
659 2603 1091 2674 Redemptorem
1121 2601 1317 2656 mundi
1344 2601 1649 2655 honorasse
1699 2604 1971 2654 noverant

363 2693 748 2747 circumlatius
773 2710 784 2760 ;
811 2690 1246 2746 consolabantur
1272 2689 1560 2756 attentius,
1586 2704 1756 2760 quam
1793 2689 1968 2742 Deum

371 2786 544 2836 totius
593 2783 982 2836 consolationis
1029 2786 1079 2836 et
1125 2783 1317 2835 solatii
1349 2780 1426 2848 (Il
1479 2779 1600 2834 Cor.
1634 2791 1674 2844 ι,
1708 2776 1772 2843 3;
1813 2779 1964 2833 Rom.

366 2884 464 2938 xv,
501 2870 572 2939 5),
597 2873 656 2926 et
681 2887 783 2943 per
801 2869 1032 2941 angelos
1053 2875 1110 2924 et
1139 2885 1239 2941 per
1263 2863 1510 2940 seipsum
1538 2866 1814 2922 consolari
1833 2882 1968 2920 con-

2051 2637 2109 2686 et
2133 2630 2384 2702 Virginis
2411 2629 2607 2684 Matris
2629 2629 2855 2695 Filium,
2887 2625 3343 2699 frequentissime
3373 2624 3648 2681 deambu-

2051 2721 2216 2786 lasse,
2249 2719 2479 2782 sedisse,
2528 2717 2870 2782 recubuisse,
2915 2715 3232 2782 dormiisse,
3265 2720 3646 2786 pernoctasse,

2051 2825 2241 2864 orasse
2264 2813 2324 2863 et
2349 2807 2531 2862 multa
2546 2806 2822 2861 miracula
2847 2805 3064 2871 fecisse,
3082 2799 3430 2870 recalebant;
3455 2819 3651 2874 quam-

2051 2915 2159 2970 que
2185 2914 2288 2952 sua
2316 2903 2510 2952 sancta
2528 2894 2956 2961 inhabitatione,
2987 2892 3280 2948 mansione
3311 2897 3370 2946 et
3387 2890 3650 2964 perendi-

367 2960 878 3062 suetumpiderant
906 2958 1222 3062 amabilius.
1262 2955 1607 3062 ‘Recolebpjnt
1649 2955 1876 3062 assidue;
1913 2951 2029 3056 ⁸ξο
2049 2951 2296 3052 natione,
2312 2951 2567 3042 Salvator
2585 2985 2704 3056 ipse
2733 2951 3181 3039 sanctificaverat
3199 2986 3257 3036 et
3272 2951 3647 3036 dedicaverat.

363 3049 997 3150 Ρηθρίθθδδξηξωξωιίδ
1020 3048 1363 3150 θίῙιᾷθῙξίθΨ
1391 3047 1636 3149 quam"
1653 3063 1686 3100 a
1715 3045 1968 3150 “fu'ﬁ’f‘i
2049 3045 2356 3150 Ipsumque
2381 3045 2639 3130 sanctum
2667 3075 2961 3137 Lazarum,
2993 3076 3276 3137 crescente
3313 3085 3552 3126 numero
3580 3069 3650 3124 ﬁ-
3710 3053 3722 3062 χ

365 3142 618 3196 vanitate
637 3142 716 3233 δά,
737 3140 1135 3233 ἀίδθίῐῗυιδωω
1154 3137 1464 3233 βδινίῗίοτίδ
1481 3153 1746 3233 θοηνβΐῖἶί
1775 3135 1962 3202 fuem’
2049 3135 2282 3233 denum:
2311 3165 2370 3219 in
2399 3164 2597 3218 eadem
2615 3161 2844 3217 basilica
2863 3161 2888 3200 ι)
2909 3135 3309 3214 ordinaverunt
3326 3157 3651 3229 episcopum

365 3236 426 3286 et
453 3229 840 3302 proponebant
867 3231 990 3300 ejus
1021 3227 1408 3300 paenitentiam
1439 3224 1843 3298 peccatoribus,
1865 3241 1967 3297 pro

2057 3255 2290 3328 propria
2318 3253 2578 3308 civitatis.
2595 3251 2703 3317 Qui
2726 3249 3084 3323 postmodum
3107 3248 3366 3303 saeviente
3393 3261 3654 3317 persecu-
3697 3303 3704 3311 ,

367 3320 575 3392 quibus
605 3319 864 3414 Christus
898 3319 1044 3373 mori
1079 3317 1270 3380 voluit,
1309 3316 1625 3414 exemplum
1661 3316 1970 3414 conversio-
2049 3316 2202 3400 hon‘e
2227 3343 2480 3408 ,πηδαίωῖ
2514 3316 2824 3414 Ρηάίοέηε
2873 3337 3105 3392 vel.me
3161 3335 3370 3391 Christi
3395 3316 3649 3406 Cyprum

365 3427 475 3482 nis,
523 3415 590 3464 ut
643 3409 1035 3480 resipiscerent
1085 3411 1423 3478 peccatores.
1475 3405 1543 3458 Et
1587 3403 1720 3474 quia
1755 3403 1803 3458 si
1841 3419 1969 3474 spes

368 3498 547 3553 veniae
572 3498 736 3564 desit,
759 3498 1107 3552 infructuosa
1131 3500 1189 3549 et
1214 3493 1596 3567 perfunctoria
1618 3493 1732 3546 imo
1762 3497 1821 3546 et
1855 3491 1968 3562 ple-

368 3587 580 3642 ctibilis
611 3593 698 3642 est
725 3585 1074 3658 poenitentia,
1106 3582 1450 3639 adhibebant
1495 3581 1687 3636 Mariae
1715 3580 1884 3634 fidem
1912 3585 1970 3634 et

369 3676 637 3731 ﬁduciam
658 3677 729 3730 ad
749 3674 1099 3747 probandum
1119 3690 1276 3746 spem
1297 3677 1509 3727 certam
1528 3668 1890 3734 remissionis,
1908 3674 1975 3724 ut

369 3765 720 3836 respirarent
747 3765 1105 3837 paenitentes.
1131 3763 1362 3828 Verum,
1388 3761 1521 3833 quia
1549 3776 1662 3814 non
1690 3759 1828 3813 satis
1856 3759 1972 3812 Deo

374 3855 582 3908 charus
612 3860 714 3920 est,
745 3855 840 3926 qui
871 3857 1161 3909 declinata
1191 3855 1356 3918 malo,
1389 3851 1498 3904 nisi
1523 3853 1770 3921 apponat
1797 3849 1974 3916 facere

379 3947 584 3998 bon-um
618 3945 781 4011 (Psat.
820 3957 1010 4010 xxxvr,
1043 3941 1156 4007 27),
1182 3939 1531 4013 exponebant
1567 3937 1854 4010 speculum
1883 3942 1972 3990 to-

373 4033 490 4087 tius
509 4033 890 4087 sanctimoniaa
909 4032 1079 4086 vitam
1099 4030 1308 4096 Mariae,
1331 4031 1405 4084 ad
1417 4028 1664 4082 dandam
1683 4029 1971 4080 scientiam
1987 4065 2038 4125 Β

377 4125 526 4190 (Luc.
581 4137 620 4188 ι,
669 4120 778 4192 77),
823 4127 880 4176 et
931 4121 1170 4184 formam
1212 4119 1371 4174 bonae
1423 4115 1881 4181 conversationis,
1909 4120 1975 4168 ut

375 4215 440 4264 in
468 4212 687 4264 odorem
716 4215 1134 4278 unguentorum
1145 4212 1262 4278 ejus
1289 4211 1576 4262 currerent
1593 4202 1896 4273 (0ant.1,3)
1919 4207 1977 4257 et

373 4305 738 4354 mutarentur
765 4299 959 4354 fideles
979 4309 1025 4353 ι.
1067 4298 1176 4352 Sed
1207 4295 1341 4368 quia
1384 4294 1640 4367 perfecta:
1685 4308 1975 4347 conversa-

369 4389 543 4443 tionis
558 4406 706 4462 spes,
729 4396 787 4444 et
807 4389 912 4460 piae
925 4384 1362 4442 conversationis
1381 4384 1595 4438 fructus
1617 4388 1704 4437 est
1730 4397 1976 4452 superna

369 4479 700 4552 propitiatio
730 4483 788 4533 et
814 4477 1039 4548 copiosa
1056 4473 1456 4538 remuneratio,
1472 4470 1838 4526 assumebant
1852 4470 1973 4524 Ma-

2050 3433 2190 3487 abiit
2213 3451 2226 3498 ;
2256 3430 2446 3501 ibique
2476 3429 2692 3500 primus
2712 3425 2960 3498 pontifex
2983 3424 3146 3490 sedit,
3177 3423 3425 3493 vixitque
3453 3422 3648 3493 viginti

2053 3525 2296 3592 quatuor
2322 3517 2484 3572 annis
2513 3521 2642 3588 post
2667 3531 2827 3570 suam
2847 3511 3336 3567 resurrectionem.
3353 3511 3488 3581 Ejus
3508 3525 3651 3580 quo-

2053 3625 2162 3680 que
2176 3613 2234 3662 et
2259 3623 2515 3662 sororum
2547 3605 2669 3675 ejus
2697 3601 2987 3668 memoria,
3021 3617 3112 3656 xvx
3137 3599 3422 3654 Kalendas
3440 3599 3650 3670 janua-

2055 3699 2144 3765 rii,
2179 3696 2329 3769 apud
2360 3693 2715 3760 Bethaniam,
2745 3707 2925 3762 usque
2947 3690 3006 3744 in
3036 3705 3300 3761 praesens,
3321 3685 3653 3743 venerabili-

2053 3793 2142 3842 ter
2169 3785 2455 3840 recolitur.

2055 3916 2186 3968 CAP.
2213 3910 2460 3966 XXXVI.
2487 3937 2551 3948 —-
2568 3907 2777 3961 Divisio
2805 3907 3268 3975 apostolorum,“
3295 3902 3502 3975 uiginti
3518 3916 3652 3970 qua-

2304 3988 2432 4035 tuor
2455 3981 2738 4034 seniorum
2767 3982 2815 4031 et
2838 3973 3159 4030 amicorum
3181 3973 3406 4028 Christi.

2126 4111 2196 4166 Et
2210 4112 2338 4180 post
2355 4103 2688 4177 martyrium
2705 4102 2857 4157 beati
2893 4097 3182 4171 Stephani,
3199 4094 3648 4170 protomartyris,

2057 4201 2125 4256 ad
2151 4198 2326 4255 ﬁdem
2347 4196 2417 4250 de
2442 4195 2580 4248 coelo
2609 4198 2839 4247 vocatus
2865 4195 2952 4246 est
2995 4187 3200 4244 Saulus
3229 4188 3361 4257 (Act.
3381 4185 3498 4255 Ix);
3539 4199 3652 4238 non

2057 4297 2248 4345 tamen
2275 4291 2408 4341 ante
2431 4299 2608 4339 annos
2639 4279 2932 4336 duodecim
2953 4278 3136 4332 dictus
3165 4280 3254 4330 est
3273 4274 3482 4329 Paulus
3506 4283 3550 4326 ο.
3582 4273 3652 4327 Et

2055 4381 2156 4449 qui
2181 4377 2416 4446 dispersi
2457 4375 2619 4428 erant
2656 4387 2784 4424 cum
2828 4367 3106 4438 Philippo,
3133 4369 3193 4418 et
3246 4362 3460 4417 caeteris
3487 4360 3651 4416 sociis

2056 4466 2236 4524 sancti
2265 4461 2556 4535 Stephani,
2584 4457 2915 4523 circuibant,
2938 4452 3384 4525 evangelizantes
3409 4465 3648 4520 regnum

1321 4588 1494 4634 ΝΟΤΕ
1538 4586 1896 4631 ΡΟΤΙΞΒΙΜΗΠ
1941 4585 2020 4628 EX
2067 4579 2302 4629 RABANO
2345 4574 2694 4624 DESUHPTE.

375 4687 652 4760 potuisset
700 4689 765 4739 ut
793 4683 1108 4760 acciperent
1135 4680 1407 4760 Spiritum
1443 4681 1721 4760 sanctum.
1756 4674 1972 4760 ξας)αηί

372 4746 578 4814 llomit.
591 4759 698 4826 fer.
727 4770 790 4810 ιιι
816 4746 934 4826 post
949 4757 1126 4819 Pent.,
1141 4746 1199 4807 et
1213 4753 1422 4807 Homit.
1443 4750 1546 4817 fer.
1567 4764 1614 4799 v.
1652 4746 1730 4800 Ex
1750 4746 1888 4799 Beda
1907 4747 1966 4798 in

367 4834 487 4885 Act.
519 4833 690 4897 apost.
725 4843 844 4898 cap.
869 4825 924 4879 8.
987 4896 1001 4899 _
1153 4894 1181 4899 ω
1229 4893 1240 4899 _
1281 4893 1292 4899 _
1563 4889 1595 4899 _.
1699 4893 1708 4899 .
1743 4886 1753 4897 .

443 4911 468 4939 ι
498 4886 608 4953 Per
643 4886 933 4966 unguenta
971 4896 1120 4950 dona
1148 4893 1392 4964 Spiritus
1419 4889 1620 4954 sancti,
1653 4893 1718 4966 ut
1740 4886 1799 4941 in
1828 4886 1974 4941 Can-

369 4971 484 5024 tico
523 4989 534 5024 :
572 4964 873 5025 Dur-remus
901 4971 961 5021 in
991 4969 1208 5020 odorem
1238 4967 1654 5030 unguentorum
1696 4964 1922 5012 tuorum
1955 4976 1970 5010 :

369 5042 430 5095 id
461 5047 549 5096 est
575 5041 718 5095 bene
739 5041 991 5094 vivamus
1019 5037 1078 5092 in
1107 5035 1375 5096 exemplis
1419 5033 1694 5086 virtutum
1721 5035 1970 5084 tuarum.

372 5115 588 5167 Καὶ)πηὶ
612 5114 900 5179 Attegoriae
915 5113 980 5164 in
1006 5123 1227 5179 sacram
1255 5107 1626 5179 Scripturam.

447 5181 475 5223 ³³
507 5170 755 5238 Basilica;
785 5181 952 5238 regite
983 5170 1392 5232 habitationes:
1411 5175 1571 5228 Nunc
1607 5178 1795 5226 autem
1847 5170 1975 5224 ideo

372 5255 565 5309 divina
595 5255 806 5325 templa
847 5241 1104 5306 basilicae
1160 5246 1542 5325 nominantpr.
1581 5243 1714 5325 quia
1745 5241 1823 5325 ibi
1847 5241 1972 5325 regi

373 5326 630 5380 omnium
659 5313 773 5380 Deo
797 5325 980 5378 cultus
1008 5330 1066 5376 et
1091 5318 1367 5374 sacrificia
1402 5316 1726 5369 offerantur.
1761 5313 1977 5368 Rabani

369 5399 438 5452 (lc
473 5399 749 5460 Universo,
789 5396 885 5450 lib.
919 5411 1022 5456 xiv,
1056 5409 1176 5464 cap.
1207 5389 1297 5446 21-
1357 5459 1371 5466 _
1467 5457 1483 5466 _
1557 5455 1567 5466 ,
1697 5454 1734 5466 ,,

448 5479 473 5509 ε
507 5469 630 5524 Non
684 5454 874 5534 tamen
921 5454 1052 5522 ante
1106 5454 1284 5520 annos
1339 5455 1631 5520 duodecim
1681 5454 1866 5518 dictus
1892 5457 1980 5508 est

2052 4669 2282 4733 Paulus,
2305 4667 2509 4721 scilicet
2553 4679 2617 4717 ea:
2639 4661 2964 4733 proconsule
2991 4659 3076 4733 ad
3093 4658 3253 4733 ﬁdem
3273 4670 3560 4733 converso,
3591 4658 3654 4707 ut

2053 4724 2321 4810 opinatur
2341 4738 2618 4810 Rabanus.
2639 4724 2725 4788 'Ut
2750 4730 2902 4784 enim
2931 4724 3137 4810 Scipio,
3152 4725 3418 4810 subjecta
3443 4724 3648 4810 Africa,

2057 4796 2304 4866 Africani
2348 4806 2455 4862 sibi
2503 4819 2708 4859 nomen
2755 4796 3080 4871 assumpsit.
3113 4805 3171 4854 et
3199 4796 3457 4871 Metellus
3486 4796 3655 4850 Creta

2056 4882 2244 4938 insula
2266 4878 2570 4950 subjugata
2599 4873 2820 4944 insigne
2849 4867 3054 4926 Cretici
3072 4886 3188 4950 suae
3215 4867 3442 4950 familiae
3461 4881 3656 4950 repor-

2054 4937 2212 5016 tavit,
2247 4957 2304 5006 et
2333 4937 2884 5020 imp'eratores'nunc
2912 4958 3090 5020 usque
3115 4938 3355 5020 ξοπιωῇ
3377 4954 3442 5020 ex
3461 4937 3652 5020 subje-

2055 5007 2163 5080 ctis
2175 5007 2439 5096 gentibus
2453 5021 2901 5096 nuncupatum",
2922 5007 3018 5068 ita'
3033 5018 3092 5094 et
3119 5011 3324 5096 Saulus

2057 5078 2333 5150 (tationem
2361 5090 2618 5163 gentium
2642 5078 2849 5163 inissus
2883 5078 2945 5163 Lar
2971 5083 3153 5163 primo
3195 5078 3462 5163 Ecclesiae,
3478 5078 3656 5150 spolio

2057 5149 2398 5239 proconsul;
2401 5160 2613 5239 Sergio
2641 5159 2819 5239 Paulo
2845 5149 3092 5239 victoriae
3141 5169 3256 5239 sua:
3302 5149 3660 5239 trophmja‘re-

2057 5222 2206 5302 iulit,
2267 5222 2555 5304 erexitque
2596 5229 2858 5304 vexillum
2895 5233 2980 5304 Aut
3033 5225 3244 5304 Paulus
3298 5222 3582 5277 diceretur
3623 5237 3659 5276 a

2059 5297 2246 5364 Saulo.
2281 5297 2494 5362 Καὶ)αηῖ
2522 5306 2586 5356 in
2607 5304 2766 5356 Paul.
2801 5301 2970 5368 Epist.
3001 5299 3081 5368 ad,
3107 5297 3478 5368 Philemonem

2124 5363 2362 5434 Videtur
2389 5373 2772 5443 Saulus,juxta
2799 5363 3054 5431 ordinem
3072 5366 3338 5443 historiae,
3363 5364 3534 5443 tertio
3557 5363 3658 5417 de-

2058 5451 2204 5508 cimo
2221 5453 2350 5520 post
2366 5443 2592 5508 Domini
2610 5437 2927 5517 passionem
2935 5455 3106 5504 anno,
3125 5437 3503 5510 apostolatum
3529 5449 3658 5491 cum
