4018 6168
421 255 550 313 1491

1012 255 1072 310 Β.
1117 255 1386 308 RABANI
1427 255 1656 309 MAURI
1694 251 2031 308 ARCHIEP.
2072 254 2396 310 MOGUNT.
2439 250 2735 311 OPERUM
2772 255 2954 312 PARS
2993 255 3100 310 ΙΙΙ..

3553 253 3690 312 M9!

418 381 540 446 Dei,
589 381 764 434 donec
811 385 1086 433 venerunt
1133 379 1486 432 Antiochiam
1516 399 1526 445 _:
1563 379 1635 433 ibi
1676 381 2077 449 congregataA
2095 386 2220 452 post
2246 382 2527 452 apostolos
2556 379 2886 434 Christianae
2934 378 3149 434 militia
3175 374 3427 451 signifer,
3463 380 3692 452 praele-

419 477 506 526 est
533 469 775 524 Ecclesia
801 485 1001 536 magna.
1033 467 1430 539 discipulorum
1455 472 1590 524 (.lc-t.
1627 475 1726 537 xl).
1755 469 1836 522 Ihi
1869 469 2014 540 cepit

419 560 693 630 originem
746 575 948 611 nomen
997 557 1482 619 Christianorum;
1533 557 1610 611 ibi
1659 557 1822 612 beato
1849 559 2013 612 Petro

419 649 602 720 posita
623 653 708 701 est
736 647 1004 701 cathedra
1030 645 1461 716 patriarchatus,
1501 646 1557 698 in
1601 663 1731 716 qua,
1761 651 2011 716 postmo-

419 739 571 799 dum,
609 737 866 791 ordinato
896 736 1100 790 Evodio
1141 735 1458 806 patriarcha
1475 746 1518 800 δ,
1547 735 1714 789 rediit
1729 735 2011 807 Jerosoly-

419 843 569 892 mam
600 827 666 879 ad
699 826 1066 896 coapostolos,
1101 825 1196 895 qui
1249 842 1315 878 ex
1361 829 1638 896 praecepto
1685 823 2007 889 Salvatoris,

418 916 712 970 duodecim
742 914 1019 967 continuis
1057 914 1237 968 annis.
1272 917 1330 966 in
1376 919 1525 966 terra
1574 916 2012 981 iv’pronu'ssiom's

423 1006 604 1072 (lle/nn
637 1013 734 1072 χι),
786 1004 913 1056 solis
957 1003 1250 1056 duodecim
1287 1002 1542 1056 tribubus
1567 1003 1944 1072 praedicabant
1963 1001 2010 1054 ι).

421 1094 490 1148 Et
517 1110 664 1146 anno
691 1093 1074 1146 tertiodecimo
1101 1091 1459 1148 ascensionis.
1495 1092 1709 1145 occisus
1740 1097 1827 1145 est
1852 1093 2013 1146 Jaco-

421 1182 734 1242 bus,frater
753 1182 1000 1243 Joannis,
1029 1181 1216 1250 gladio
1244 1201 1254 1234 :
1289 1187 1345 1234 et
1366 1181 1567 1234 Petrus
1594 1182 1970 1234 incarceratus
1997 1199 2008 1245 ;

422 1277 477 1324 et
507 1272 725 1335 Saulus,
762 1288 794 1324 a
842 1270 1052 1341 Spiritu
1085 1277 1296 1333 sancto,
1333 1270 1706 1340 apostolatum
1737 1270 2009 1340 gentium,

420 1367 476 1413 et
505 1360 663 1414 Pauli
694 1377 899 1414 nomen
923 1361 1172 1412 sortitus.
1207 1359 1368 1411 Anno
1412 1375 1541 1411 vero
1572 1365 1771 1428 quarto
1800 1359 2016 1411 decimo

419 1449 564 1502 facta
593 1456 676 1502 est
698 1449 896 1500 divisio
932 1448 1312 1518 apostolorum
1341 1447 1481 1514 (Act.
1525 1461 1620 1502 x11.
1640 1445 1676 1498 '2
1698 1465 1710 1510 ;
1733 1460 1856 1509 xm,
1876 1446 1929 1513 ‘2)
1954 1455 2012 1513 ος

2095 477 2236 534 ctus,
2273 466 2293 511 ἲ
2319 472 2680 524 Mammium.
2715 473 2896 540 Hujus
2924 472 3190 538 religioni
3216 473 3377 538 atque
3403 473 3690 523 sanctitati

2097 561 2249 614 beata
2273 561 2456 614 Maria
2476 559 2803 628 Magdalena
2823 559 3114 613 charitatis
3135 562 3356 613 vinculo
3372 576 3426 612 se
3453 562 3691 627 conjun-

2095 652 2182 703 xit
2205 669 2220 702 :
2252 654 2311 701 ut
2333 665 2656 718 quocunque
2677 649 2946 702 Dominus
2972 664 3097 702 eum
3127 654 3358 713 vocaret,
3378 649 3448 701 ab
3466 651 3584 716 ejus
3601 664 3690 702 eo-

2093 739 2316 803 mitatu,
2349 754 2443 791 seu
2477 737 2852 802 contubernio,
2869 751 2982 791 non
2998 741 3370 806 separaretur.
3388 737 3515 790 Jam
3541 738 3690 791 enim

2093 827 2215 880 coeli
2241 827 2443 896 regina
2464 831 2756 897 assumpta
2782 831 2905 880 erat
2931 826 2989 880 in
3027 826 3250 890 caelum,
3283 825 3342 880 in
3377 825 3691 880 ministerio

2095 917 2274 986 cujus,
2323 915 2782 986 contemplationi
2814 929 3036 978 vacans,
3069 915 3314 986 paradisi
3357 911 3575 970 deliciis
3602 916 3690 970 in-

2094 1005 2398 1066 terfuerat;
2428 1006 2549 1074 jam
2581 1003 2771 1058 decem
2805 1005 3186 1076 apostolorum
3224 1003 3373 1058 facta
3401 1009 3524 1058 erat
3559 1004 3694 1059 divi-

2097 1093 2200 1149 sio.
2233 1109 2360 1146 eum
2391 1092 2594 1164 quibus
2617 1097 2735 1146 tam
2776 1092 2872 1146 diu
2913 1092 3005 1164 pia
3033 1093 3327 1147 devotione
3363 1109 3692 1164 permanse-

2095 1191 2241 1246 rant,
2272 1182 2466 1246 donec,
2514 1180 2723 1234 invidia
2748 1182 3068 1236 Judmorum
3093 1182 3150 1234 in
3176 1181 3422 1236 Ecclesia
3442 1197 3694 1252 persecu-

2097 1269 2307 1324 tionem
2338 1271 2672 1336 concitante,
2698 1269 2968 1324 Jacobum
2991 1270 3309 1341 apostolum
3336 1269 3586 1324 Herodes
3601 1271 3694 1326 de-

2097 1359 2347 1426 collaret,
2389 1359 2732 1430 Petrumque
2787 1358 3194 1426 incarceraret;
3237 1365 3297 1413 et
3332 1359 3624 1414 credentes
3659 1377 3694 1414 ει

2100 1447 2304 1502 finibus
2324 1447 2440 1501 suis
2462 1448 2818 1522 propelleret.
2837 1449 2989 1502 “Iac
3001 1464 3134 1518 ergo
3153 1451 3548 1517 persecutionis
3561 1465 3694 1518 pro-

419 1537 620 1591 Oriens
649 1537 812 1589 cessit
835 1537 1060 1589 Thomm
1092 1543 1148 1588 et
1179 1535 1612 1601 Bartholommo;
1644 1535 1902 1588 Meridies
1929 1534 2018 1588 Si-
2101 1540 2235 1589 cella
2252 1523 2516 1602 szevienté,
2532 1537 2766 1604 dispersi
2785 1537 2982 1604 ﬁdeles,
3003 1537 3222 1590 diversa
3251 1541 3690 1603 terrarumtoea,

419 1627 572 1679 moni
604 1633 659 1678 et
679 1627 968 1690 Matthzeo;
1002 1625 1204 1694 Aquilo
1237 1624 1492 1694 Philippo
1513 1631 1570 1676 et
1591 1623 1832 1678 Thadzeo
1855 1643 1867 1690 ;
1904 1640 2016 1676 me-
2033 1619 2076 1680 Β
2095 1627 2203 1678 sibi
2232 1641 2267 1677 α
2296 1626 2528 1678 Domino
2555 1626 2818 1692 delegata,
2844 1627 3146 1694 petierunt,
3168 1631 3228 1678 ut
3251 1627 3481 1678 rerbum
3499 1627 3695 1679 salutis

419 1715 573 1768 dium
602 1715 794 1768 mundi
825 1714 1048 1767 Mathiae
1081 1720 1136 1766 et
1155 1713 1360 1766 Jacobo
1385 1731 1395 1778 ;
1428 1712 1821 1766 Mediterranei
1845 1711 2017 1766 maris
2065 1727 2072 1733 ”
2096 1715 2349 1780 gentibus
2378 1713 2660 1766 Christum
2680 1714 3068 1779 ignorantibus
3095 1719 3410 1767 constanter
3425 1715 3696 1782 pradica-

419 1803 716 1874 provincim
738 1802 938 1856 Joanni
977 1809 1032 1856 et
1061 1802 1298 1856 Andrea:
1323 1821 1334 1868 ;
1365 1802 1680 1856 Occidentis
1711 1818 1885 1872 regna
1911 1802 2016 1855 Pe-

419 1901 508 1947 tro
549 1898 604 1946 et
629 1893 822 1945 Paulo.
857 1895 1064 1945 Paulus
1087 1891 1256 1956 enim,
1289 1908 1391 1961 per
1418 1891 1564 1944 idem
1595 1898 1837 1962 tempus,
1870 1894 2019 1944 venit

418 1985 811 2046 .lerosolymam
847 1982 1025 2044 ridere
1056 1982 1279 2032 Petrum
1311 1981 1449 2034 lGal.
1483 1995 1521 2045 I,
1547 1979 1650 2046 18;
1685 1980 1802 2035 Gal.
1837 1993 1898 2043 II,
1930 1979 2015 2047 9);

421 2072 746 2138 (lowtmsqur
791 2073 1064 2122 societatis
1099 2069 1415 2140 apostolicae
1445 2069 1618 2134 dedit,
1659 2074 1714 2122 et
1743 2069 1956 2140 accepit
1987 2085 2020 2122 a

421 2158 642 2220 Jacobo,
676 2164 732 2211 et
761 2159 976 2211 Joanne
1013 2163 1069 2210 et
1090 2157 1255 2210 Petro
1281 2177 1292 2222 ;
1340 2157 1601 2227 indeque,
1659 2173 1786 2211 cum
1815 2173 2018 2228 coapo-

421 2247 563 2300 stolo
591 2263 692 2300 suo
718 2245 994 2311 Barnaba,
1012 2245 1069 2299 in
1100 2246 1320 2316 Syriam
1352 2251 1410 2298 et
1437 2245 1740 2317 Illyricum,
1773 2252 1837 2300 ut
1851 2263 2019 2300 evan-

420 2336 702 2405 gelizaret.
734 2336 1014 2406 perrexit;
1051 2341 1107 2388 et
1135 2335 1336 2388 Petrus
1367 2335 1653 2388 Orientem
1700 2335 2014 2400 relicturus,

424 2425 768 2494 Romamque
785 2424 985 2486 iturus,
1012 2422 1328 2492 designavit
1353 2422 1676 2492 regionibus
1705 2423 2020 2478 Occidentis

423 2530 560 2584 quas
589 2514 710 2584 ipse
735 2512 890 2565 adire
923 2528 1034 2564 non
1080 2516 1318 2581 poterat,
1357 2511 1642 2580 Evangelii
1690 2512 2021 2581 praedicato-

423 2620 529 2668 res,
555 2603 622 2656 de
654 2599 1020 2656 nobilioribus
1051 2601 1108 2654 in
1135 2601 1374 2660 Christo.
1403 2607 1459 2654 et
1486 2599 1895 2672 antiquioribus
1916 2601 2023 2654 dis-

422 2691 620 2762 cipulis
651 2689 857 2744 Christi
883 2709 893 2748 ;
918 2690 974 2742 in
1000 2689 1287 2759 regionem
1319 2689 1648 2755 Galliarum,
1681 2689 1840 2760 cujus
1891 2695 2024 2744 sunt

423 2779 718 2850 provinciae
743 2779 932 2832 decem
969 2784 1028 2832 et
1055 2785 1290 2849 septem,
1340 2785 1396 2832 et
1426 2777 1663 2832 totidem
1699 2779 2018 2849 pontiﬁces;

2099 1807 2243 1855 rent.
2275 1799 2488 1864 Quibus
2514 1800 2868 1867 abeuntibus,
2902 1801 3363 1856 consociaverant
3385 1818 3450 1856 se
3481 1801 3696 1864 nobiles

2101 1896 2371 1944 matrona:
2400 1896 2455 1944 et
2501 1891 2681 1944 viduae
2705 1907 2828 1961 quae
2873 1891 3236 1962 Jerosolymis
3278 1897 3337 1945 et
3375 1889 3437 1945 in
3467 1891 3694 1946 Oriente

2101 1980 2182 2034 eis
2211 1979 2688 2046 ministraverant,
2723 1996 2827 2034 nec
2856 1979 3099 2034 ferentes
3127 1997 3164 2033 a
3189 1981 3472 2034 consortio
3490 1981 3696 2054 specia-

2103 2068 2171 2125 lis
2201 2068 2394 2122 amica:
2431 2068 2655 2122 Domini
2686 2067 3010 2136 Salvatoris,
3040 2073 3099 2122 et
3126 2069 3380 2124 omnium
3411 2069 3698 2124 ministra-

2102 2173 2228 2211 rum
2261 2158 2383 2228 ejus
2437 2157 2788 2228 primiceriae,
2817 2156 3039 2228 longius
3077 2157 3348 2229 separari.
3381 2158 3540 2212 Inter
3565 2175 3703 2234 quas

2101 2245 2436 2300 venerabilis
2469 2245 2714 2317 hospitia
2741 2245 2866 2300 Filii
2881 2245 2982 2300 Dei
3011 2246 3233 2300 Martha
3253 2246 3596 2314 beatissima,
3613 2265 3704 2302 re-

2103 2333 2500 2400 verendissimo
2529 2334 2702 2388 fratre
2724 2335 2846 2404 ejus
2873 2335 3083 2389 Lazaro
3112 2341 3248 2390 tunc
3276 2337 3429 2408 apud
3458 2337 3706 2408 Cyprum

2101 2425 2485 2495 pontiﬁcante,
2519 2424 2727 2478 sororis
2753 2441 2865 2478 sum
2897 2423 3132 2496 vestigia.
3156 2433 3349 2480 secuta
3397 2431 3511 2493 est;
3542 2417 3712 2480 simul

2103 2518 2162 2567 et
2183 2512 2350 2566 beata
2379 2513 2659 2580 Marcella,
2680 2513 2885 2566 mulier
2909 2529 3129 2584 magnae
3159 2514 3472 2568 devotionis
3485 2521 3542 2568 et
3561 2514 3710 2579 ﬁdei,

2107 2601 2282 2656 beata:
2326 2603 2559 2656 Marthae
2589 2601 2914 2674 pedisequa,
2947 2619 3070 2674 qua:
3116 2602 3418 2660 Dominum
3459 2605 3710 2658 salutans

2104 2691 2350 2746 dixerat:
2377 2694 2571 2746 Beatus
2593 2697 2780 2746 venter
2809 2695 2909 2760 qui
2937 2697 2983 2746 te
3023 2695 3266 2764 portavit
3293 2693 3446 2763 (Luc.
3493 2707 3570 2760 xI,
3598 2692 3708 2762 27).

2102 2779 2315 2834 Aderat
2343 2787 2400 2834 et
2429 2785 2657 2836 sanctus
2689 2781 3016 2848 Parmenas,
3054 2781 3321 2835 diaconus
3346 2785 3546 2850 plenus
3577 2781 3703 2846 ﬁde,

425 2869 480 2924 in
529 2869 814 2937 regionem
872 2867 1290 2938 Hispaniarum,
1339 2869 1500 2938 cujus
1555 2873 1687 2920 sunt
1729 2867 2022 2938 provinciae
2059 2874 2162 2940 get
2187 2872 2375 2937 gratia
2434 2869 2535 2924 Dei
2582 2872 2826 2937 (Act.v1,
2865 2869 2942 2939 8),
2968 2871 3128 2940 cujus
3165 2869 3430 2924 custodiae
3473 2877 3534 2924 et
3561 2886 3708 2924 cum

426 2963 658 3028 septem,
685 2957 939 3010 doctores
955 2937 1187 3010 totidem
1209 2955 1252 3008 ά.
1279 2969 1302 2998 e
1321 2937 1532 3010 Iiorum
1557 2937 1753 3025 viginti
1785 2961 2027 3026 quatuor
2045 2937 2090 2998 θ
2109 2974 2231 3010 sese
2275 2957 2688 3012 commendavit
2729 2957 2788 3012 in
2835 2937 3058 3012 Christo
3103 2958 3326 3012 Martha
3361 2955 3705 3022 beatissima,

427 3047 729 3111 seniorum,
763 3041 976 3118 primus
1006 3050 1124 3099 erat
1155 3051 1212 3099 et
1250 3045 1621 3116 primicerius,
1668 3045 1737 3098 de
1789 3061 2023 3100 numero
2109 3046 2259 3101 sicut
2287 3053 2344 3100 et
2374 3052 2566 3101 sancto
2615 3045 2920 3102 Maximino
2977 3047 3228 3118 pontiﬁci
3276 3053 3473 3101 sancta
3511 3047 3706 3107 Maria.

425 3138 772 3206 septuaginta
801 3137 1200 3202 discipulorum
1234 3134 1459 3188 Domini
1485 3133 1807 3198 Salvatoris,
1831 3134 2024 3189 doctor
2104 3135 2439 3190 Admirabili
2491 3153 2625 3208 ergo
2669 3135 2869 3190 divinae
2907 3135 3287 3208 dispositionis
3314 3137 3570 3199 consilio,
3605 3136 3711 3190 iter

427 3223 702 3294 egregius,
739 3222 1137 3276 miraculorum
1163 3223 1413 3278 omnium
1459 3223 1645 3293 gratia
1678 3223 1931 3291 illustris,
1965 3230 2024 3278 et
2103 3225 2176 3279 ad
2205 3223 2574 3281 occidentales
2605 3224 2757 3279 orbis
2791 3225 2985 3299 plagas
3023 3224 3276 3298 dirigunt
3304 3244 3315 3278 :
3349 3229 3414 3280 ut
3449 3225 3710 3280 videlicet

1366 3337 1540 3384 ΝΟΤΕ
1585 3337 1952 3382 POTISSIMUM
1999 3340 2080 3383 EX
2120 3337 2360 3384 RABANO
2404 3339 2752 3386 DESUMPTE.

429 3427 686 3482 Barnaba
714 3428 984 3499 Paulique
1005 3429 1282 3500 accepisse
1301 3425 1803 3483 vocabulumJleda
1825 3427 1887 3478 in
1905 3428 2020 3482 Act.
2107 3427 2307 3497 virgini
2360 3427 2838 3482 commendavit...
2899 3444 3025 3483 eam
3073 3428 3366 3500 reliquisse
3402 3429 3605 3492 solam,
3644 3446 3706 3484 ac

427 3505 620 3568 opust,
654 3517 774 3570 cap.
806 3501 895 3552 13.
1945 3569 1948 3570 ν
2105 3504 2265 3554 tanto
2309 3504 2561 3570 tempore
2619 3500 2916 3570 dejectam.
2968 3501 3128 3568 Beda,
3188 3500 3429 3556 Retract.
3465 3501 3526 3554 in
3585 3503 3701 3555 Act.

497 3580 521 3609 ⁸
565 3569 1022 3637 νει-υςᾌπανιῃνοὶ,
1049 3576 1210 3637 vulgo
1241 3573 1449 3624 dictum
1469 3585 1722 3640 parvum.
1746 3569 1906 3640 Rom.
1929 3569 2018 3622 11.

430 3643 571 3696 Non.
625 3644 762 3695 Maii
792 3661 806 3694 :
843 3643 1031 3695 Evodii
1091 3643 1364 3713 Episcopi,
1398 3639 1495 3712 qui
1552 3641 1768 3712 primus
1794 3639 1864 3694 ab
1894 3656 2024 3710 apo-

429 3713 584 3766 stolis
604 3713 912 3768 Antiochiaa
943 3713 1232 3766 ordinatus
1263 3719 1366 3766 est.

501 3784 526 3822 ι)
559 3783 713 3838 Sicut
739 3784 908 3838 .lacob
937 3785 1228 3838 duodecim
1254 3785 1396 3837 ﬁlios
1424 3782 1622 3852 genuit
1641 3783 1711 3836 ad
1741 3782 2024 3852 possiden-

429 3855 558 3908 dam
581 3855 1032 3926 repromissionis
1059 3861 1268 3926 terram
1296 3873 1306 3907 :
1344 3855 1424 3907 ita
1452 3854 1708 3926 Christus
1729 3854 2024 3926 duodecim

429 3925 598 3996 elegit
623 3925 922 3996 apostolos,
954 3925 1158 3996 quibus
1205 3932 1415 3979 terram
1470 3925 1938 3996 repromissionis,
1966 3925 2022 3978 id

429 3995 532 4050 est"
559 3995 715 4064 regni
765 3995 1005 4050 caelestis
1055 3996 1496 4050 benedictionem
1529 3995 1778 4049 tradidit.
1811 3999 2026 4049 ltubani

427 4071 490 4120 de
521 4069 797 4148 Uniz'verso,
829 4068 922 4120 lib.
970 4082 1046 4131 1v,
1075 4084 1210 4150 .cap.
1327 4069 1594 4150 Caesareae
1625 4067 1876 4120 civitates
1903 4067 2025 4150 duae

427 4143 560 4190 sunt
589 4139 646 4190 in
673 4144 827 4190 terra
847 4137 1314 4207 repromissionis,
1353 4141 1510 4202 ibid.,
1540 4137 1636 4191 lib.
1668 4153 1782 4205 x1v,
1815 4154 1936 4208 cap.
1974 4139 2021 4190 1.

427 4211 630 4263 Homit.
666 4212 770 4275 fer.
808 4225 839 4261 v
865 4211 1096 4263 Pass/ur.

497 4290 520 4318 ο
549 4279 762 4362 Quarto
789 4280 1028 4362 .decim'o
1061 4286 1252 4362 autem
1283 4297 1450 4362 anno,
1493 4281 1658 4362 juxta
1709 4278 2027 4360 condictum

425 4349 635 4422 Jacobi,
671 4351 872 4422 Cephaz
901 4361 957 4404 et
975 4351 1227 4422 Joannis,
1261 4351 1330 4422 ad
1359 4349 1612 4422 gentium
1635 4349 2026 4420 magisterium

424 4421 874 4492 profectum'est.
911 4423 1024 4476 Nec
1080 4421 1313 4476 historia
1351 4421 1724 4476 ecclesiastica
1751 4426 2028 4492 repugnat

423 4491 614 4546 dicens
635 4494 902 4564 apostolis
927 4494 1100 4549 fuisse
1114 4499 1450 4565 princeptum
1473 4500 1537 4550 ut
1555 4491 1844 4548 duodecim
1859 4491 2024 4565 annis

425 4563 794 4633 praedicarent
812 4565 1092 4618 inJudzea.
1115 4563 1259 4618 Beda
1295 4563 1356 4618 in
1401 4569 1516 4620 Act.
1551 4569 1743 4633 etpost,
1776 4580 1896 4634 cap.
1935 4563 2017 4634 137i.

426 4635 861 4706 —7Mendacium
891 4637 1112 4706 scripsit
1141 4636 1235 4689 ille
1267 4637 1360 4706 qui
1379 4653 1444 4688 ex
1471 4651 1710 4706 persona
1741 4633 2021 4706 Melitonis

425 4705 668 4777 episcopi
690 4705 1048 4760 Asizelibrum
1061 4705 1342 4777 exponens
1363 4707 1432 4760 de
1462 4705 1615 4760 obitu
1648 4705 2020 4777 beataeGeni-

423 4775 578 4849 tricis
625 4775 755 4849 Dei,
791 4777 924 4830 dicit
976 4775 1147 4849 quod‘
1173 4778 1416 4849 secundo
1465 4783 1592 4848 post
1633 4775 2019 4849 ascensionem

421 4846 644 4918 Domini
675 4863 824 4902 anno
855 4846 1092 4918 apostoli
1142 4848 1354 4902 fuerint
1399 4846 1592 4902 omnes
1630 4853 1748 4902 toto
1777 4847 1911 4901 orbe
1947 4848 2020 4902 ad

421 4917 839 4990 praedicandum
869 4917 926 4973 in
974 4937 1133 4974 suam
1168 4920 1403 4990 quisque
1442 4919 1781 4989 provinciam
1814 4918 1977 4990 divisi
2005 4937 2014 4971 :

423 4989 516 5062 qui
554 4990 816 5062 universi,
832 4989 1319 5062 appropinquante
1339 4990 1494 5062 obitu
1518 4990 1690 5062 beatae
1709 4989 1920 5062 Mariae,
1949 4990 2019 5062 de

420 5060 646 5133 locisin
671 5060 882 5133 quibus
907 5060 1284 5133 praedicabant
1318 5061 1548 5115 verbum
1579 5061 1680 5114 Dei
1727 5060 1926 5133 elevati
1956 5061 2016 5114 in

421 5132 664 5186 nubibus
686 5131 850 5204 'rapti
897 5131 1029 5186 sunt
1057 5133 1482 5204 Jerosolymam.
1513 5149 1578 5185 ac
1617 5131 1855 5202 depositi
1886 5137 2016 5204 ante

422 5205 625 5276 ostium
657 5203 858 5258 domus
886 5206 1096 5276 ejus...
1143 5220 1264 5274 quae
1293 5203 1580 5276 Scriptura
1593 5204 1781 5276 etiam
1809 5203 2019 5272 specia-

419 5275 550 5346 liter
578 5277 647 5327 de
676 5277 889 5329 Joanne
921 5274 1184 5346 apostolo
1243 5275 1429 5336 refert,
1465 5274 1621 5346 quod
1651 5291 1716 5346 eo
1764 5279 2016 5346 tempore

423 5345 620 5413 Ephesi
645 5345 1053 5413 praedii-merit:
1092 5364 1214 5416 quae
1248 5351 1446 5399 cuncta
1479 5345 1658 5398 verbis
1679 5345 1826 5397 beati
1857 5346 2017 5398 Lucae

419 5417 822 5487 contradicunt.
851 5419 1049 5487 quibus
1076 5415 1269 5471 narrat
1297 5417 1575 5487 apostolos
1595 5415 1808 5469 caeteris
1840 5416 2017 5468 ﬁdeli-

419 5483 619 5560 busab
663 5483 1022 5558 .lerosolymis
1053 5483 1347 5560 propulsis'
1375 5489 1711 5542 remansisse
1739 5487 2009 5540 ibidem...

419 5555 582 5609 Absit
604 5563 790 5611 autem
827 5555 893 5611 ut
914 5555 1206 5614 credamus
1237 5561 1462 5614 beatum
1491 5561 1762 5613 Joannem
1793 5563 2012 5628 aposto«

407 5634 536 5686 lum
555 5628 646 5685 cui
675 5629 946 5686 Dominus
974 5631 1033 5686 in
1062 5648 1226 5688 cruce
1250 5637 1494 5687 matrem
1530 5647 1692 5688 suam
1719 5629 2010 5702 Virginem

2046 4389 2092 4446 D
2110 4351 2416 4418 Lusitania,

2108 4423 2149 4446 ΓΙ
2160 4423 2274 4446 -ll...
2285 4423 2324 4446 ηε
2334 4439 2360 4446 ..ι

2105 3575 2274 3624 anost.

2136 3589 2348 3695 pgﬂsub
2376 3641 2634 3714 praefecto
2649 3641 2925 3714 praetorio
2951 3641 3281 3706 Galliarum,
3305 3651 3522 3714 septem
3543 3650 3702 3697 erant

2107 3713 2399 3784 provinciae
2429 3713 2730 3784 Hispaniae,
2757 3718 2815 3766 et
2842 3713 3033 3766 decem
3064 3718 3122 3766 et
3149 3713 3612 3784 septem’Gallie,
3643 3715 3699 3769 in

2107 3783 2307 3858 notitia
2351 3783 2572 3858 imperii
2624 3785 2773 3841 ultra
2817 3783 3042 3858 Arcadii
3066 3783 3419 3858 Honoriique
3446 3793 3698 3858 tempora

2106 3855 2329 3980 :cqipta,
2357 3862 2414 3908 ut
2443 3855 2627 3910 videre
2657 3861 2742 3910 est
2765 3855 2916 3928 apud
2944 3854 3201 3926 Pagium,
3232 3854 3442 3924 anf37,
3473 3871 3552 3925 Iv,
3567 3854 3696 3922 'vm,

2318 4033 2612 4102 Hispania.
3143 4035 3481 4089 Galliarum.

2963 4139 3078 4195 Sub
3111 4140 3336 4194 dioecesi
3362 4141 3694 4204 Galliarum,

3033 4211 3327 4282 provincia:
3363 4226 3474 4266 xvn
3508 4233 3520 4266 :

2961 4281 3314 4348 Viennensis,

2959 4353 3352 4425 Lugdunensis
3379 4355 3583 4425 prima,

2959 4424 3260 4496 Germania
3284 4424 3485 4496 prima,

2957 4495 3263 4550 Germania
3287 4495 3556 4562 secunda,

2957 4566 3180 4638 Belgica
3209 4561 3412 4638 prima,

2959 4637 3181 4708 Belgica
3209 4637 3471 4702 Secunda,

2954 4709 3122 4779 Alpes
3143 4708 3458 4773 maritima,

2953 4777 3122 4850 Alpes
3141 4779 3407 4834 Penninae
3421 4787 3478 4834 et
3495 4777 3685 4842 Graia,

2959 4851 3214 4922 Maxima,
3231 4853 3635 4922 Sequanorum.

2954 4921 3260 4994 Aquitania
3279 4921 3484 4994 prima,

2952 4993 3260 5064 Aquitania
3281 4993 3550 5058 secunda,

2952 5064 3378 5136 Novsmpopnli.

2952 5133 3332 5207 Narbonensis
3357 5135 3556 5207 prima,

2950 5205 3331 5262 Narbonensis
3355 5205 3610 5270 secunda,

2947 5277 3342 5347 Lugdunensis
3365 5277 3618 5342 secunda,

2949 5348 3343 5417 Lugdunensis
3369 5349 3550 5410 tertia,

2950 5419 3340 5488 Lugdunensis
3367 5418 3616 5478 Senonia.

2165 5501 2194 5600 re
2213 5487 2510 5600 ﬁguli-iamne-
2529 5491 2612 5542 oie
2637 5491 2703 5543 de
2731 5491 2910 5544 sainte
2936 5487 3255 5546 illaddcine.

2159 5641 2191 5686 ε
2217 5632 2361 5687 Ibid.

2111 4137 2225 4192 Sub
2255 4138 2480 4212 dioecesi
2511 4139 2813 4212 Hispania,

2179 4210 2478 4282 provinciae
2504 4225 2578 4265 ΥΠ
2607 4210 2628 4234 ⁸

2109 4280 2341 4346 Baetica,

2107 4423 2384 4486 Gallaecia,

2105 4495 2559 4561 Tarraconensis,

2105 4565 2586 4636 Carthaginensis,

2101 4635 2436 4706 Tingitania,

2103 4708 2380 4762 Baleares.
