  <div class='ocr_page' id='page_1' title='image "/cluster/home/n/w/nwhite01/storage/ocr_20150623/112/hvd.32044054759774/752.png"; bbox 0 0 4018 6168; ppageno 0'>
   <div class='ocr_carea' id='block_1_1' title="bbox 331 268 476 328">
    <p class='ocr_par' dir='ltr' id='par_1_1' title="bbox 331 268 476 328">
     <span class='ocr_line' id='line_1_1' title="bbox 331 268 476 328; baseline 0.021 -3"><span class='ocrx_word' id='word_1_1' title='bbox 331 268 476 328; x_wconf 60' lang='grc'><strong>1498</strong></span> 
     </span>
    </p>
   </div>
   <div class='ocr_carea' id='block_1_2' title="bbox 1367 260 2576 320">
    <p class='ocr_par' dir='ltr' id='par_1_2' title="bbox 1367 260 2576 320">
     <span class='ocr_line' id='line_1_2' title="bbox 1367 260 2576 320; baseline -0.002 -2"><span class='ocrx_word' id='word_1_2' title='bbox 1367 263 1460 319; x_wconf 78' lang='lat' dir='ltr'>DE</span> <span class='ocrx_word' id='word_1_3' title='bbox 1497 264 1667 319; x_wconf 80' lang='lat' dir='ltr'>VITA</span> <span class='ocrx_word' id='word_1_4' title='bbox 1705 265 1766 320; x_wconf 85' lang='grc' dir='ltr'><strong>Β.</strong></span> <span class='ocrx_word' id='word_1_5' title='bbox 1808 260 2056 318; x_wconf 70' lang='grc' dir='ltr'>ΜΑΒΙΕ</span> <span class='ocrx_word' id='word_1_6' title='bbox 2095 262 2576 318; x_wconf 74' lang='lat' dir='ltr'>MAGDALEN/E.</span> 
     </span>
    </p>
   </div>
   <div class='ocr_carea' id='block_1_3' title="bbox 3485 262 3624 325">
    <p class='ocr_par' dir='ltr' id='par_1_3' title="bbox 3485 262 3624 325">
     <span class='ocr_line' id='line_1_3' title="bbox 3485 262 3624 325; baseline -0.014 0"><span class='ocrx_word' id='word_1_7' title='bbox 3485 262 3624 325; x_wconf 66' lang='grc'>1404</span> 
     </span>
    </p>
   </div>
   <div class='ocr_carea' id='block_1_4' title="bbox 333 386 1944 466">
    <p class='ocr_par' dir='ltr' id='par_1_4' title="bbox 333 389 1941 466">
     <span class='ocr_line' id='line_1_4' title="bbox 333 389 1941 466; baseline -0.006 -15"><span class='ocrx_word' id='word_1_8' title='bbox 333 408 454 451; x_wconf 84' lang='lat' dir='ltr'>non</span> <span class='ocrx_word' id='word_1_9' title='bbox 481 396 664 450; x_wconf 83' lang='lat' dir='ltr'>solum</span> <span class='ocrx_word' id='word_1_10' title='bbox 694 409 797 466; x_wconf 85' lang='lat' dir='ltr'>per</span> <span class='ocrx_word' id='word_1_11' title='bbox 825 392 1190 463; x_wconf 75' lang='lat' dir='ltr'>Evangelium</span> <span class='ocrx_word' id='word_1_12' title='bbox 1211 391 1386 445; x_wconf 81' lang='lat' dir='ltr'>beata</span> <span class='ocrx_word' id='word_1_13' title='bbox 1415 389 1605 444; x_wconf 85' lang='lat' dir='ltr'>Maria</span> <span class='ocrx_word' id='word_1_14' title='bbox 1620 390 1941 459; x_wconf 87' lang='lat' dir='ltr'>sororisque</span> 
     </span>
    </p>
   </div>
   <div class='ocr_carea' id='block_1_5' title="bbox 2030 386 3619 466">
    <p class='ocr_par' dir='ltr' id='par_1_5' title="bbox 2030 386 3619 460">
     <span class='ocr_line' id='line_1_5' title="bbox 2030 386 3619 460; baseline 0.003 -20"><span class='ocrx_word' id='word_1_15' title='bbox 2030 386 2338 459; x_wconf 79' lang='lat' dir='ltr'>provinciis,</span> <span class='ocrx_word' id='word_1_16' title='bbox 2407 387 2502 440; x_wconf 88' lang='lat' dir='ltr'>sed</span> <span class='ocrx_word' id='word_1_17' title='bbox 2563 393 2777 458; x_wconf 85' lang='lat' dir='ltr'>septem</span> <span class='ocrx_word' id='word_1_18' title='bbox 2825 389 3142 442; x_wconf 73' lang='lat' dir='ltr'>civitatibus</span> <span class='ocrx_word' id='word_1_19' title='bbox 3187 391 3619 460; x_wconf 80' lang='lat' dir='ltr'>provinciarum,</span> 
     </span>
    </p>
   </div>
   <div class='ocr_carea' id='block_1_6' title="bbox 331 481 1943 557">
    <p class='ocr_par' dir='ltr' id='par_1_6' title="bbox 331 481 1943 557">
     <span class='ocr_line' id='line_1_6' title="bbox 331 481 1943 557; baseline -0.006 -16"><span class='ocrx_word' id='word_1_20' title='bbox 331 488 463 557; x_wconf 71' lang='lat' dir='ltr'>ejus</span> <span class='ocrx_word' id='word_1_21' title='bbox 481 486 606 540; x_wconf 87' lang='lat' dir='ltr'>laus</span> <span class='ocrx_word' id='word_1_22' title='bbox 631 491 688 540; x_wconf 88' lang='lat' dir='ltr'>et</span> <span class='ocrx_word' id='word_1_23' title='bbox 707 483 984 538; x_wconf 82' lang='lat' dir='ltr'>memoria</span> <span class='ocrx_word' id='word_1_24' title='bbox 1013 483 1132 536; x_wconf 82' lang='lat' dir='ltr'>toto</span> <span class='ocrx_word' id='word_1_25' title='bbox 1163 481 1286 534; x_wconf 90' lang='lat' dir='ltr'>orbi</span> <span class='ocrx_word' id='word_1_26' title='bbox 1319 481 1692 534; x_wconf 85' lang='lat' dir='ltr'>innotesceret</span> <span class='ocrx_word' id='word_1_27' title='bbox 1713 498 1725 545; x_wconf 88' lang='lat'><strong>;</strong></span> <span class='ocrx_word' id='word_1_28' title='bbox 1750 495 1943 532; x_wconf 86' lang='lat' dir='ltr'>verum</span> 
     </span>
    </p>
   </div>
   <div class='ocr_carea' id='block_1_7' title="bbox 333 567 1944 640">
    <p class='ocr_par' dir='ltr' id='par_1_7' title="bbox 333 567 1944 640">
     <span class='ocr_line' id='line_1_7' title="bbox 333 567 1944 640; baseline -0.006 -10"><span class='ocrx_word' id='word_1_29' title='bbox 333 575 533 640; x_wconf 80' lang='lat' dir='ltr'>etiam,</span> <span class='ocrx_word' id='word_1_30' title='bbox 565 574 714 629; x_wconf 81' lang='lat' dir='ltr'><strong>sicut</strong></span> <span class='ocrx_word' id='word_1_31' title='bbox 738 573 940 630; x_wconf 79' lang='lat' dir='ltr'>Oriens</span> <span class='ocrx_word' id='word_1_32' title='bbox 969 571 1224 640; x_wconf 86' lang='lat' dir='ltr'>exemplo</span> <span class='ocrx_word' id='word_1_33' title='bbox 1253 570 1464 623; x_wconf 86' lang='lat' dir='ltr'>devota</span> <span class='ocrx_word' id='word_1_34' title='bbox 1503 567 1944 622; x_wconf 79' lang='lat' dir='ltr'>conversationis</span> 
     </span>
    </p>
   </div>
   <div class='ocr_carea' id='block_1_8' title="bbox 333 656 1942 732">
    <p class='ocr_par' dir='ltr' id='par_1_8' title="bbox 333 656 1942 732">
     <span class='ocr_line' id='line_1_8' title="bbox 333 656 1942 732; baseline -0.007 -13"><span class='ocrx_word' id='word_1_35' title='bbox 333 679 538 719; x_wconf 85' lang='lat' dir='ltr'>earum</span> <span class='ocrx_word' id='word_1_36' title='bbox 567 663 696 718; x_wconf 83' lang='lat' dir='ltr'>felix</span> <span class='ocrx_word' id='word_1_37' title='bbox 723 662 955 727; x_wconf 79' lang='lat' dir='ltr'>exstitit,</span> <span class='ocrx_word' id='word_1_38' title='bbox 988 660 1068 714; x_wconf 90' lang='lat' dir='ltr'>sic</span> <span class='ocrx_word' id='word_1_39' title='bbox 1089 660 1253 732; x_wconf 85' lang='lat' dir='ltr'>plaga</span> <span class='ocrx_word' id='word_1_40' title='bbox 1281 657 1641 712; x_wconf 82' lang='lat' dir='ltr'>occidentalis</span> <span class='ocrx_word' id='word_1_41' title='bbox 1669 656 1942 726; x_wconf 82' lang='lat' dir='ltr'>corporali</span> 
     </span>
    </p>
   </div>
   <div class='ocr_carea' id='block_1_9' title="bbox 336 744 1944 825">
    <p class='ocr_par' dir='ltr' id='par_1_9' title="bbox 336 744 1944 825">
     <span class='ocr_line' id='line_1_9' title="bbox 336 744 1944 825; baseline -0.007 -16"><span class='ocrx_word' id='word_1_42' title='bbox 336 769 537 808; x_wconf 79' lang='lat' dir='ltr'>earum</span> <span class='ocrx_word' id='word_1_43' title='bbox 585 751 887 825; x_wconf 82' lang='lat' dir='ltr'>prasentia</span> <span class='ocrx_word' id='word_1_44' title='bbox 931 756 990 804; x_wconf 85' lang='lat' dir='ltr'>et</span> <span class='ocrx_word' id='word_1_45' title='bbox 1035 748 1406 804; x_wconf 79' lang='lat' dir='ltr'>sacrosanctis</span> <span class='ocrx_word' id='word_1_46' title='bbox 1451 763 1645 801; x_wconf 90' lang='lat' dir='ltr'>earum</span> <span class='ocrx_word' id='word_1_47' title='bbox 1689 744 1944 816; x_wconf 90' lang='lat' dir='ltr'>reliquiis</span> 
     </span>
    </p>
   </div>
   <div class='ocr_carea' id='block_1_10' title="bbox 335 843 742 898">
    <p class='ocr_par' dir='ltr' id='par_1_10' title="bbox 335 843 742 898">
     <span class='ocr_line' id='line_1_10' title="bbox 335 843 742 898; baseline -0.01 0"><span class='ocrx_word' id='word_1_48' title='bbox 335 843 742 898; x_wconf 75' lang='lat' dir='ltr'>illustraretur.</span> 
     </span>
    </p>
   </div>
   <div class='ocr_carea' id='block_1_11' title="bbox 337 949 1943 1050">
    <p class='ocr_par' dir='ltr' id='par_1_11' title="bbox 337 949 1943 1050">
     <span class='ocr_line' id='line_1_11' title="bbox 337 949 1943 1050; baseline -0.004 -8"><span class='ocrx_word' id='word_1_49' title='bbox 337 987 471 1042; x_wconf 73' lang='lat' dir='ltr'>CAP.</span> <span class='ocrx_word' id='word_1_50' title='bbox 507 985 781 1042; x_wconf 84' lang='lat' dir='ltr'>XXXVII.</span> <span class='ocrx_word' id='word_1_51' title='bbox 814 1014 880 1025; x_wconf 86' lang='lat'>-—</span> <span class='ocrx_word' id='word_1_52' title='bbox 913 949 1162 1050; x_wconf 68' lang='lat' dir='ltr'>Qualiter</span> <span class='ocrx_word' id='word_1_53' title='bbox 1194 983 1400 1048; x_wconf 66' lang='lat' dir='ltr'>viginti</span> <span class='ocrx_word' id='word_1_54' title='bbox 1423 986 1664 1049; x_wconf 77' lang='lat' dir='ltr'>quatuor</span> <span class='ocrx_word' id='word_1_55' title='bbox 1706 984 1943 1036; x_wconf 75' lang='lat' dir='ltr'>seniores</span> 
     </span>
    </p>
   </div>
   <div class='ocr_carea' id='block_1_12' title="bbox 640 1054 1644 1123">
    <p class='ocr_par' dir='ltr' id='par_1_12' title="bbox 640 1054 1644 1123">
     <span class='ocr_line' id='line_1_12' title="bbox 640 1054 1644 1123; baseline -0.007 -12"><span class='ocrx_word' id='word_1_56' title='bbox 640 1057 849 1112; x_wconf 76' lang='lat' dir='ltr'>Gallias</span> <span class='ocrx_word' id='word_1_57' title='bbox 877 1059 924 1108; x_wconf 85' lang='lat' dir='ltr'>et</span> <span class='ocrx_word' id='word_1_58' title='bbox 953 1055 1252 1123; x_wconf 78' lang='lat' dir='ltr'>Hispanias</span> <span class='ocrx_word' id='word_1_59' title='bbox 1281 1054 1470 1105; x_wconf 86' lang='lat' dir='ltr'>sortiti</span> <span class='ocrx_word' id='word_1_60' title='bbox 1493 1058 1644 1106; x_wconf 84' lang='lat' dir='ltr'>sunt.</span> 
     </span>
    </p>
   </div>
   <div class='ocr_carea' id='block_1_13' title="bbox 411 1177 1944 1253">
    <p class='ocr_par' dir='ltr' id='par_1_13' title="bbox 411 1177 1944 1253">
     <span class='ocr_line' id='line_1_13' title="bbox 411 1177 1944 1253; baseline -0.003 -16"><span class='ocrx_word' id='word_1_61' title='bbox 411 1183 595 1253; x_wconf 80' lang='lat' dir='ltr'>Igitur</span> <span class='ocrx_word' id='word_1_62' title='bbox 621 1180 862 1252; x_wconf 84' lang='lat' dir='ltr'>aquoris</span> <span class='ocrx_word' id='word_1_63' title='bbox 889 1179 1070 1234; x_wconf 89' lang='lat' dir='ltr'>undas</span> <span class='ocrx_word' id='word_1_64' title='bbox 1091 1178 1350 1248; x_wconf 83' lang='lat' dir='ltr'>ingressi,</span> <span class='ocrx_word' id='word_1_65' title='bbox 1382 1193 1511 1232; x_wconf 89' lang='lat' dir='ltr'>cum</span> <span class='ocrx_word' id='word_1_66' title='bbox 1531 1177 1778 1247; x_wconf 88' lang='lat' dir='ltr'>gloriosa</span> <span class='ocrx_word' id='word_1_67' title='bbox 1799 1178 1900 1232; x_wconf 85' lang='lat' dir='ltr'>Dei</span> <span class='ocrx_word' id='word_1_68' title='bbox 1920 1189 1944 1218; x_wconf 74' lang='grc' dir='ltr'>ι</span> 
     </span>
    </p>
   </div>
   <div class='ocr_carea' id='block_1_14' title="bbox 337 1265 1941 1341">
    <p class='ocr_par' dir='ltr' id='par_1_14' title="bbox 337 1265 1941 1341">
     <span class='ocr_line' id='line_1_14' title="bbox 337 1265 1941 1341; baseline -0.006 -11"><span class='ocrx_word' id='word_1_69' title='bbox 337 1273 522 1330; x_wconf 67' lang='lat' dir='ltr'>Maria</span> <span class='ocrx_word' id='word_1_70' title='bbox 541 1271 891 1341; x_wconf 79' lang='lat' dir='ltr'>Magdalena,</span> <span class='ocrx_word' id='word_1_71' title='bbox 919 1285 984 1323; x_wconf 86' lang='lat' dir='ltr'>ac</span> <span class='ocrx_word' id='word_1_72' title='bbox 1003 1283 1194 1322; x_wconf 82' lang='lat' dir='ltr'>sorore</span> <span class='ocrx_word' id='word_1_73' title='bbox 1215 1268 1339 1338; x_wconf 84' lang='lat' dir='ltr'>ejus</span> <span class='ocrx_word' id='word_1_74' title='bbox 1359 1266 1582 1322; x_wconf 80' lang='lat' dir='ltr'>Martha</span> <span class='ocrx_word' id='word_1_75' title='bbox 1597 1265 1941 1332; x_wconf 87' lang='lat' dir='ltr'>beatissima,</span> 
     </span>
    </p>
   </div>
   <div class='ocr_carea' id='block_1_15' title="bbox 339 1355 1944 1430">
    <p class='ocr_par' dir='ltr' id='par_1_15' title="bbox 339 1355 1944 1430">
     <span class='ocr_line' id='line_1_15' title="bbox 339 1355 1944 1430; baseline -0.004 -13"><span class='ocrx_word' id='word_1_76' title='bbox 339 1365 571 1417; x_wconf 84' lang='lat' dir='ltr'>sanctus</span> <span class='ocrx_word' id='word_1_77' title='bbox 595 1358 958 1430; x_wconf 84' lang='lat' dir='ltr'>archiprasul</span> <span class='ocrx_word' id='word_1_78' title='bbox 991 1356 1348 1420; x_wconf 82' lang='lat' dir='ltr'>Maximinus,</span> <span class='ocrx_word' id='word_1_79' title='bbox 1395 1362 1452 1410; x_wconf 88' lang='lat' dir='ltr'>et</span> <span class='ocrx_word' id='word_1_80' title='bbox 1486 1355 1684 1410; x_wconf 89' lang='lat' dir='ltr'>beatus</span> <span class='ocrx_word' id='word_1_81' title='bbox 1714 1356 1944 1410; x_wconf 89' lang='lat' dir='ltr'>Parme-</span> 
     </span>
    </p>
   </div>
   <div class='ocr_carea' id='block_1_16' title="bbox 341 1445 1941 1518">
    <p class='ocr_par' dir='ltr' id='par_1_16' title="bbox 341 1445 1941 1518">
     <span class='ocr_line' id='line_1_16' title="bbox 341 1445 1941 1518; baseline -0.005 -12"><span class='ocrx_word' id='word_1_82' title='bbox 341 1467 465 1516; x_wconf 82' lang='lat' dir='ltr'>nas,</span> <span class='ocrx_word' id='word_1_83' title='bbox 519 1449 966 1514; x_wconf 78' lang='lat' dir='ltr'>archidiaconus,</span> <span class='ocrx_word' id='word_1_84' title='bbox 1017 1445 1262 1518; x_wconf 85' lang='lat' dir='ltr'>episcopi</span> <span class='ocrx_word' id='word_1_85' title='bbox 1313 1459 1537 1515; x_wconf 88' lang='lat' dir='ltr'>quoque</span> <span class='ocrx_word' id='word_1_86' title='bbox 1585 1445 1941 1516; x_wconf 85' lang='lat' dir='ltr'>Trophimus,</span> 
     </span>
    </p>
   </div>
   <div class='ocr_carea' id='block_1_17' title="bbox 341 1534 1946 1610">
    <p class='ocr_par' dir='ltr' id='par_1_17' title="bbox 341 1534 1946 1610">
     <span class='ocr_line' id='line_1_17' title="bbox 341 1534 1946 1610; baseline -0.005 -15"><span class='ocrx_word' id='word_1_87' title='bbox 341 1538 668 1610; x_wconf 87' lang='lat' dir='ltr'>Eutropius,</span> <span class='ocrx_word' id='word_1_88' title='bbox 699 1554 804 1592; x_wconf 90' lang='lat' dir='ltr'>nec</span> <span class='ocrx_word' id='word_1_89' title='bbox 817 1553 931 1592; x_wconf 91' lang='lat' dir='ltr'>non</span> <span class='ocrx_word' id='word_1_90' title='bbox 952 1542 1010 1591; x_wconf 90' lang='lat' dir='ltr'>et</span> <span class='ocrx_word' id='word_1_91' title='bbox 1030 1535 1231 1606; x_wconf 79' lang='lat' dir='ltr'>reliqui</span> <span class='ocrx_word' id='word_1_92' title='bbox 1253 1535 1423 1590; x_wconf 88' lang='lat' dir='ltr'>duces</span> <span class='ocrx_word' id='word_1_93' title='bbox 1445 1534 1776 1589; x_wconf 73' lang='lat' dir='ltr'>Christianae</span> <span class='ocrx_word' id='word_1_94' title='bbox 1800 1535 1946 1588; x_wconf 88' lang='lat' dir='ltr'>mili-</span> 
     </span>
    </p>
   </div>
   <div class='ocr_carea' id='block_1_18' title="bbox 2026 476 3623 548">
    <p class='ocr_par' dir='ltr' id='par_1_18' title="bbox 2026 476 3623 548">
     <span class='ocr_line' id='line_1_18' title="bbox 2026 476 3623 548; baseline 0.003 -18"><span class='ocrx_word' id='word_1_95' title='bbox 2026 476 2469 547; x_wconf 86' lang='lat' dir='ltr'>pradicaverunt</span> <span class='ocrx_word' id='word_1_96' title='bbox 2493 494 2503 528; x_wconf 92' lang='lat'><strong>:</strong></span> <span class='ocrx_word' id='word_1_97' title='bbox 2532 477 2830 547; x_wconf 85' lang='lat' dir='ltr'>Eutropius</span> <span class='ocrx_word' id='word_1_98' title='bbox 2855 479 3004 548; x_wconf 91' lang='lat' dir='ltr'>apud</span> <span class='ocrx_word' id='word_1_99' title='bbox 3035 479 3389 543; x_wconf 83' lang='lat' dir='ltr'>Aurasicum,</span> <span class='ocrx_word' id='word_1_100' title='bbox 3431 481 3623 534; x_wconf 87' lang='lat' dir='ltr'>civita-</span> 
     </span>
    </p>
   </div>
   <div class='ocr_carea' id='block_1_19' title="bbox 2023 565 3623 639">
    <p class='ocr_par' dir='ltr' id='par_1_19' title="bbox 2023 565 3623 639">
     <span class='ocr_line' id='line_1_19' title="bbox 2023 565 3623 639; baseline 0.002 -19"><span class='ocrx_word' id='word_1_101' title='bbox 2023 571 2139 620; x_wconf 85' lang='lat' dir='ltr'>tem</span> <span class='ocrx_word' id='word_1_102' title='bbox 2171 565 2463 636; x_wconf 75' lang='lat' dir='ltr'>provinciae</span> <span class='ocrx_word' id='word_1_103' title='bbox 2491 565 2861 632; x_wconf 85' lang='lat' dir='ltr'>Viennensis;</span> <span class='ocrx_word' id='word_1_104' title='bbox 2903 567 3204 622; x_wconf 83' lang='lat' dir='ltr'>Frontinus</span> <span class='ocrx_word' id='word_1_105' title='bbox 3239 569 3386 639; x_wconf 87' lang='lat' dir='ltr'>apud</span> <span class='ocrx_word' id='word_1_106' title='bbox 3426 570 3623 624; x_wconf 88' lang='lat' dir='ltr'>Petra-</span> 
     </span>
    </p>
   </div>
   <div class='ocr_carea' id='block_1_20' title="bbox 2022 653 3625 729">
    <p class='ocr_par' dir='ltr' id='par_1_20' title="bbox 2022 653 3625 729">
     <span class='ocr_line' id='line_1_20' title="bbox 2022 653 3625 729; baseline 0.003 -22"><span class='ocrx_word' id='word_1_107' title='bbox 2022 671 2208 723; x_wconf 82' lang='lat' dir='ltr'>goras,</span> <span class='ocrx_word' id='word_1_108' title='bbox 2239 654 2437 708; x_wconf 87' lang='lat' dir='ltr'>urbem</span> <span class='ocrx_word' id='word_1_109' title='bbox 2474 653 2791 725; x_wconf 82' lang='lat' dir='ltr'>Aquitania</span> <span class='ocrx_word' id='word_1_110' title='bbox 2827 657 3118 722; x_wconf 81' lang='lat' dir='ltr'>secunda;</span> <span class='ocrx_word' id='word_1_111' title='bbox 3163 658 3438 727; x_wconf 85' lang='lat' dir='ltr'>Georgius</span> <span class='ocrx_word' id='word_1_112' title='bbox 3475 660 3625 729; x_wconf 87' lang='lat' dir='ltr'>apud</span> 
     </span>
    </p>
   </div>
   <div class='ocr_carea' id='block_1_21' title="bbox 2025 743 3626 818">
    <p class='ocr_par' dir='ltr' id='par_1_21' title="bbox 2025 743 3626 818">
     <span class='ocr_line' id='line_1_21' title="bbox 2025 743 3626 818; baseline 0.004 -22"><span class='ocrx_word' id='word_1_113' title='bbox 2025 743 2334 808; x_wconf 85' lang='lat' dir='ltr'>Veliacum,</span> <span class='ocrx_word' id='word_1_114' title='bbox 2369 743 2568 798; x_wconf 87' lang='lat' dir='ltr'>urbem</span> <span class='ocrx_word' id='word_1_115' title='bbox 2589 745 2905 815; x_wconf 89' lang='lat' dir='ltr'>Aquitania</span> <span class='ocrx_word' id='word_1_116' title='bbox 2934 746 3158 816; x_wconf 84' lang='lat' dir='ltr'>prima;</span> <span class='ocrx_word' id='word_1_117' title='bbox 3191 747 3448 801; x_wconf 89' lang='lat' dir='ltr'>Julianus</span> <span class='ocrx_word' id='word_1_118' title='bbox 3475 749 3626 818; x_wconf 88' lang='lat' dir='ltr'>apud</span> 
     </span>
    </p>
   </div>
   <div class='ocr_carea' id='block_1_22' title="bbox 2025 833 3625 905">
    <p class='ocr_par' dir='ltr' id='par_1_22' title="bbox 2025 833 3625 905">
     <span class='ocr_line' id='line_1_22' title="bbox 2025 833 3625 905; baseline 0.003 -18"><span class='ocrx_word' id='word_1_119' title='bbox 2025 833 2432 897; x_wconf 89' lang='lat' dir='ltr'>Cenomanum,</span> <span class='ocrx_word' id='word_1_120' title='bbox 2465 833 2664 887; x_wconf 89' lang='lat' dir='ltr'>urbem</span> <span class='ocrx_word' id='word_1_121' title='bbox 2694 835 3086 905; x_wconf 84' lang='lat' dir='ltr'>Lugdunensis</span> <span class='ocrx_word' id='word_1_122' title='bbox 3107 837 3322 903; x_wconf 86' lang='lat' dir='ltr'>tertia;</span> <span class='ocrx_word' id='word_1_123' title='bbox 3353 838 3625 893; x_wconf 56' lang='lat' dir='ltr'>Martialis</span> 
     </span>
    </p>
   </div>
   <div class='ocr_carea' id='block_1_23' title="bbox 2025 922 3625 996">
    <p class='ocr_par' dir='ltr' id='par_1_23' title="bbox 2025 922 3625 996">
     <span class='ocr_line' id='line_1_23' title="bbox 2025 922 3625 996; baseline 0.003 -21"><span class='ocrx_word' id='word_1_124' title='bbox 2025 922 2174 992; x_wconf 90' lang='lat' dir='ltr'>apud</span> <span class='ocrx_word' id='word_1_125' title='bbox 2204 923 2546 990; x_wconf 78' lang='lat' dir='ltr'>Lemovices,</span> <span class='ocrx_word' id='word_1_126' title='bbox 2574 923 2772 977; x_wconf 91' lang='lat' dir='ltr'>urbem</span> <span class='ocrx_word' id='word_1_127' title='bbox 2811 923 3128 995; x_wconf 87' lang='lat' dir='ltr'>Aquitania</span> <span class='ocrx_word' id='word_1_128' title='bbox 3165 925 3392 996; x_wconf 85' lang='lat' dir='ltr'>prima;</span> <span class='ocrx_word' id='word_1_129' title='bbox 3427 928 3625 980; x_wconf 88' lang='lat' dir='ltr'>Satur-</span> 
     </span>
    </p>
   </div>
   <div class='ocr_carea' id='block_1_24' title="bbox 2026 1009 3627 1085">
    <p class='ocr_par' dir='ltr' id='par_1_24' title="bbox 2026 1009 3627 1085">
     <span class='ocr_line' id='line_1_24' title="bbox 2026 1009 3627 1085; baseline 0.003 -22"><span class='ocrx_word' id='word_1_130' title='bbox 2026 1010 2193 1064; x_wconf 87' lang='lat' dir='ltr'>ninus</span> <span class='ocrx_word' id='word_1_131' title='bbox 2216 1011 2364 1081; x_wconf 89' lang='lat' dir='ltr'>apud</span> <span class='ocrx_word' id='word_1_132' title='bbox 2392 1009 2589 1064; x_wconf 86' lang='lat' dir='ltr'>urbem</span> <span class='ocrx_word' id='word_1_133' title='bbox 2613 1013 2892 1078; x_wconf 88' lang='lat' dir='ltr'>Tolosam,</span> <span class='ocrx_word' id='word_1_134' title='bbox 2919 1013 3302 1068; x_wconf 86' lang='lat' dir='ltr'>Narbonensis</span> <span class='ocrx_word' id='word_1_135' title='bbox 3330 1015 3542 1085; x_wconf 87' lang='lat' dir='ltr'>prima,</span> <span class='ocrx_word' id='word_1_136' title='bbox 3569 1016 3627 1069; x_wconf 91' lang='lat' dir='ltr'>in</span> 
     </span>
    </p>
   </div>
   <div class='ocr_carea' id='block_1_25' title="bbox 2027 1099 3622 1174">
    <p class='ocr_par' dir='ltr' id='par_1_25' title="bbox 2027 1099 3622 1174">
     <span class='ocr_line' id='line_1_25' title="bbox 2027 1099 3622 1174; baseline 0.004 -22"><span class='ocrx_word' id='word_1_137' title='bbox 2027 1115 2140 1170; x_wconf 87' lang='lat' dir='ltr'>qua</span> <span class='ocrx_word' id='word_1_138' title='bbox 2169 1099 2551 1171; x_wconf 86' lang='lat' dir='ltr'>pracipitatus</span> <span class='ocrx_word' id='word_1_139' title='bbox 2576 1107 2663 1155; x_wconf 91' lang='lat' dir='ltr'>est</span> <span class='ocrx_word' id='word_1_140' title='bbox 2689 1102 2758 1155; x_wconf 90' lang='lat' dir='ltr'>de</span> <span class='ocrx_word' id='word_1_141' title='bbox 2788 1102 3085 1173; x_wconf 85' lang='lat' dir='ltr'>Capitolio,</span> <span class='ocrx_word' id='word_1_142' title='bbox 3109 1119 3211 1174; x_wconf 88' lang='lat' dir='ltr'>pro</span> <span class='ocrx_word' id='word_1_143' title='bbox 3239 1103 3444 1158; x_wconf 90' lang='lat' dir='ltr'>Christi</span> <span class='ocrx_word' id='word_1_144' title='bbox 3475 1105 3585 1158; x_wconf 86' lang='lat' dir='ltr'>ﬁde</span> <span class='ocrx_word' id='word_1_145' title='bbox 3610 1125 3622 1172; x_wconf 87' lang='lat'><strong>;</strong></span> 
     </span>
    </p>
   </div>
   <div class='ocr_carea' id='block_1_26' title="bbox 2029 1189 3626 1264">
    <p class='ocr_par' dir='ltr' id='par_1_26' title="bbox 2029 1189 3626 1264">
     <span class='ocr_line' id='line_1_26' title="bbox 2029 1189 3626 1264; baseline 0.003 -22"><span class='ocrx_word' id='word_1_146' title='bbox 2029 1189 2336 1242; x_wconf 83' lang='lat' dir='ltr'>Parmenas</span> <span class='ocrx_word' id='word_1_147' title='bbox 2401 1190 2550 1260; x_wconf 91' lang='lat' dir='ltr'>apud</span> <span class='ocrx_word' id='word_1_148' title='bbox 2613 1190 2809 1244; x_wconf 89' lang='lat' dir='ltr'>urbem</span> <span class='ocrx_word' id='word_1_149' title='bbox 2874 1192 3266 1254; x_wconf 85' lang='lat' dir='ltr'>Avenicorum,</span> <span class='ocrx_word' id='word_1_150' title='bbox 3331 1193 3626 1264; x_wconf 86' lang='lat' dir='ltr'>provincia</span> 
     </span>
    </p>
   </div>
   <div class='ocr_carea' id='block_1_27' title="bbox 2026 1277 3632 1342">
    <p class='ocr_par' dir='ltr' id='par_1_27' title="bbox 2026 1277 3632 1342">
     <span class='ocr_line' id='line_1_27' title="bbox 2026 1277 3632 1342; baseline 0.004 -12"><span class='ocrx_word' id='word_1_151' title='bbox 2026 1277 2384 1342; x_wconf 80' lang='lat' dir='ltr'>Viennensis,</span> <span class='ocrx_word' id='word_1_152' title='bbox 2418 1294 2546 1331; x_wconf 90' lang='lat' dir='ltr'>cum</span> <span class='ocrx_word' id='word_1_153' title='bbox 2577 1278 2879 1332; x_wconf 85' lang='lat' dir='ltr'>venerabili</span> <span class='ocrx_word' id='word_1_154' title='bbox 2901 1279 3160 1334; x_wconf 87' lang='lat' dir='ltr'>ministra</span> <span class='ocrx_word' id='word_1_155' title='bbox 3190 1281 3413 1335; x_wconf 89' lang='lat' dir='ltr'>Domini</span> <span class='ocrx_word' id='word_1_156' title='bbox 3445 1278 3632 1336; x_wconf 87' lang='lat' dir='ltr'>Salva-</span> 
     </span>
    </p>
   </div>
   <div class='ocr_carea' id='block_1_28' title="bbox 2027 1366 3629 1441">
    <p class='ocr_par' dir='ltr' id='par_1_28' title="bbox 2027 1366 3629 1441">
     <span class='ocr_line' id='line_1_28' title="bbox 2027 1366 3629 1441; baseline 0.004 -22"><span class='ocrx_word' id='word_1_157' title='bbox 2027 1366 2167 1420; x_wconf 89' lang='lat' dir='ltr'>toris</span> <span class='ocrx_word' id='word_1_158' title='bbox 2192 1367 2414 1421; x_wconf 87' lang='lat' dir='ltr'>Martha</span> <span class='ocrx_word' id='word_1_159' title='bbox 2441 1372 2653 1432; x_wconf 87' lang='lat' dir='ltr'>sancta,</span> <span class='ocrx_word' id='word_1_160' title='bbox 2685 1368 2896 1421; x_wconf 89' lang='lat' dir='ltr'>recedit</span> <span class='ocrx_word' id='word_1_161' title='bbox 2921 1387 2934 1435; x_wconf 87' lang='lat'><strong>;</strong></span> <span class='ocrx_word' id='word_1_162' title='bbox 2975 1370 3240 1424; x_wconf 88' lang='lat' dir='ltr'>Marcella</span> <span class='ocrx_word' id='word_1_163' title='bbox 3267 1386 3490 1441; x_wconf 91' lang='lat' dir='ltr'>quoque</span> <span class='ocrx_word' id='word_1_164' title='bbox 3522 1371 3629 1424; x_wconf 85' lang='lat' dir='ltr'>mi-</span> 
     </span>
    </p>
   </div>
   <div class='ocr_carea' id='block_1_29' title="bbox 2028 1455 3631 1526">
    <p class='ocr_par' dir='ltr' id='par_1_29' title="bbox 2028 1455 3631 1526">
     <span class='ocr_line' id='line_1_29' title="bbox 2028 1455 3631 1526; baseline 0.004 -18"><span class='ocrx_word' id='word_1_165' title='bbox 2028 1455 2210 1510; x_wconf 89' lang='lat' dir='ltr'>nistra</span> <span class='ocrx_word' id='word_1_166' title='bbox 2239 1457 2379 1526; x_wconf 88' lang='lat' dir='ltr'>ejus.</span> <span class='ocrx_word' id='word_1_167' title='bbox 2425 1457 2713 1526; x_wconf 86' lang='lat' dir='ltr'>Epaphras</span> <span class='ocrx_word' id='word_1_168' title='bbox 2757 1463 2816 1510; x_wconf 91' lang='lat' dir='ltr'>et</span> <span class='ocrx_word' id='word_1_169' title='bbox 2851 1457 3170 1519; x_wconf 85' lang='lat' dir='ltr'>Sosthenes,</span> <span class='ocrx_word' id='word_1_170' title='bbox 3212 1459 3528 1514; x_wconf 88' lang='lat' dir='ltr'>Germanus</span> <span class='ocrx_word' id='word_1_171' title='bbox 3573 1467 3631 1514; x_wconf 90' lang='lat' dir='ltr'>et</span> 
     </span>
    </p>
   </div>
   <div class='ocr_carea' id='block_1_30' title="bbox 2029 1545 3628 1619">
    <p class='ocr_par' dir='ltr' id='par_1_30' title="bbox 2029 1545 3628 1619">
     <span class='ocr_line' id='line_1_30' title="bbox 2029 1545 3628 1619; baseline 0.003 -20"><span class='ocrx_word' id='word_1_172' title='bbox 2029 1545 2332 1604; x_wconf 83' lang='lat' dir='ltr'>Euchodia,</span> <span class='ocrx_word' id='word_1_173' title='bbox 2357 1550 2414 1598; x_wconf 90' lang='lat' dir='ltr'>et</span> <span class='ocrx_word' id='word_1_174' title='bbox 2443 1545 2670 1616; x_wconf 87' lang='lat' dir='ltr'>Syntex.</span> <span class='ocrx_word' id='word_1_175' title='bbox 2702 1545 3104 1616; x_wconf 84' lang='lat' dir='ltr'>Rothomagus,</span> <span class='ocrx_word' id='word_1_176' title='bbox 3131 1565 3256 1602; x_wconf 90' lang='lat' dir='ltr'>cum</span> <span class='ocrx_word' id='word_1_177' title='bbox 3274 1565 3377 1601; x_wconf 90' lang='lat' dir='ltr'>sua</span> <span class='ocrx_word' id='word_1_178' title='bbox 3405 1550 3628 1619; x_wconf 90' lang='lat' dir='ltr'>provin-</span> 
     </span>
    </p>
   </div>
   <div class='ocr_carea' id='block_1_31' title="bbox 341 1623 3626 1704">
    <p class='ocr_par' dir='ltr' id='par_1_31' title="bbox 341 1623 3626 1704">
     <span class='ocr_line' id='line_1_31' title="bbox 341 1623 3626 1704; baseline -0.001 -10"><span class='ocrx_word' id='word_1_179' title='bbox 341 1629 456 1694; x_wconf 61' lang='grc' dir='ltr'><strong>*υἱῶν</strong></span> <span class='ocrx_word' id='word_1_180' title='bbox 489 1629 660 1682; x_wconf 64' lang='lat' dir='ltr'>“ante</span> <span class='ocrx_word' id='word_1_181' title='bbox 691 1628 858 1692; x_wconf 67' lang='grc' dir='ltr'>Ευΐο,</span> <span class='ocrx_word' id='word_1_182' title='bbox 905 1625 1098 1680; x_wconf 51' lang='lat' dir='ltr'>“iam</span> <span class='ocrx_word' id='word_1_183' title='bbox 1143 1624 1544 1694; x_wconf 58' lang='lat' dir='ltr'>relinquentes,</span> <span class='ocrx_word' id='word_1_184' title='bbox 1593 1623 1743 1678; x_wconf 67' lang='lat' dir='ltr'>inter</span> <span class='ocrx_word' id='word_1_185' title='bbox 1770 1625 1946 1678; x_wconf 73' lang='grc' dir='ltr'>Ειπο-</span> <span class='ocrx_word' id='word_1_186' title='bbox 1971 1691 2009 1704; x_wconf 51' lang='grc' dir='ltr'>η</span> <span class='ocrx_word' id='word_1_187' title='bbox 2029 1633 2116 1686; x_wconf 87' lang='lat' dir='ltr'>cia</span> <span class='ocrx_word' id='word_1_188' title='bbox 2140 1634 2500 1702; x_wconf 86' lang='lat' dir='ltr'>Lugdunensi</span> <span class='ocrx_word' id='word_1_189' title='bbox 2526 1635 2790 1700; x_wconf 81' lang='lat' dir='ltr'>secunda,</span> <span class='ocrx_word' id='word_1_190' title='bbox 2824 1651 2947 1704; x_wconf 88' lang='lat' dir='ltr'>qua</span> <span class='ocrx_word' id='word_1_191' title='bbox 2969 1652 3116 1689; x_wconf 92' lang='lat' dir='ltr'>nunc</span> <span class='ocrx_word' id='word_1_192' title='bbox 3145 1641 3231 1690; x_wconf 91' lang='lat' dir='ltr'>est</span> <span class='ocrx_word' id='word_1_193' title='bbox 3252 1639 3626 1692; x_wconf 87' lang='lat' dir='ltr'>Normannia:</span> 
     </span>
    </p>
   </div>
   <div class='ocr_carea' id='block_1_32' title="bbox 341 1691 3627 1796">
    <p class='ocr_par' dir='ltr' id='par_1_32' title="bbox 341 1691 3627 1796">
     <span class='ocr_line' id='line_1_32' title="bbox 341 1691 3627 1796; baseline 0 -16"><span class='ocrx_word' id='word_1_194' title='bbox 341 1733 476 1790; x_wconf 65' lang='lat' dir='ltr'>pum</span> <span class='ocrx_word' id='word_1_195' title='bbox 502 1723 563 1772; x_wconf 73' lang='lat' dir='ltr'>et</span> <span class='ocrx_word' id='word_1_196' title='bbox 589 1716 857 1782; x_wconf 68' lang='lat' dir='ltr'>Africam,</span> <span class='ocrx_word' id='word_1_197' title='bbox 891 1731 994 1786; x_wconf 74' lang='lat' dir='ltr'>P6P</span> <span class='ocrx_word' id='word_1_198' title='bbox 1023 1731 1180 1768; x_wconf 68' lang='lat' dir='ltr'>mare</span> <span class='ocrx_word' id='word_1_199' title='bbox 1209 1714 1585 1784; x_wconf 74' lang='lat' dir='ltr'>Tyrrhenum.</span> <span class='ocrx_word' id='word_1_200' title='bbox 1638 1719 1696 1768; x_wconf 67' lang='lat' dir='ltr'>et</span> <span class='ocrx_word' id='word_1_201' title='bbox 1737 1691 2340 1792; x_wconf 70' lang='lat' dir='ltr'>CircumBMaguntia.</span> <span class='ocrx_word' id='word_1_202' title='bbox 2385 1739 2512 1776; x_wconf 92' lang='lat' dir='ltr'>cum</span> <span class='ocrx_word' id='word_1_203' title='bbox 2562 1739 2665 1777; x_wconf 91' lang='lat' dir='ltr'>sua</span> <span class='ocrx_word' id='word_1_204' title='bbox 2706 1724 3008 1793; x_wconf 83' lang='lat' dir='ltr'>provincia,</span> <span class='ocrx_word' id='word_1_205' title='bbox 3061 1725 3366 1779; x_wconf 89' lang='lat' dir='ltr'>Germania</span> <span class='ocrx_word' id='word_1_206' title='bbox 3409 1727 3627 1796; x_wconf 85' lang='lat' dir='ltr'>prima;</span> 
     </span>
    </p>
   </div>
   <div class='ocr_carea' id='block_1_33' title="bbox 342 1803 1946 1879">
    <p class='ocr_par' dir='ltr' id='par_1_33' title="bbox 342 1803 1946 1879">
     <span class='ocr_line' id='line_1_33' title="bbox 342 1803 1946 1879; baseline -0.002 -18"><span class='ocrx_word' id='word_1_207' title='bbox 342 1823 538 1864; x_wconf 87' lang='lat' dir='ltr'>versus</span> <span class='ocrx_word' id='word_1_208' title='bbox 565 1805 986 1870; x_wconf 84' lang='lat' dir='ltr'>descendentes,</span> <span class='ocrx_word' id='word_1_209' title='bbox 1015 1803 1224 1879; x_wconf 36' lang='lat' dir='ltr'>urbem,</span> <span class='ocrx_word' id='word_1_210' title='bbox 1242 1803 1477 1858; x_wconf 86' lang='lat' dir='ltr'>Romam</span> <span class='ocrx_word' id='word_1_211' title='bbox 1511 1807 1802 1874; x_wconf 87' lang='lat' dir='ltr'>totamque</span> <span class='ocrx_word' id='word_1_212' title='bbox 1833 1805 1946 1857; x_wconf 86' lang='lat' dir='ltr'>Ita-</span> 
     </span>
    </p>
   </div>
   <div class='ocr_carea' id='block_1_34' title="bbox 341 1893 1944 1964">
    <p class='ocr_par' dir='ltr' id='par_1_34' title="bbox 341 1893 1944 1964">
     <span class='ocr_line' id='line_1_34' title="bbox 341 1893 1944 1964; baseline -0.005 -10"><span class='ocrx_word' id='word_1_213' title='bbox 341 1896 480 1954; x_wconf 82' lang='lat' dir='ltr'>liam</span> <span class='ocrx_word' id='word_1_214' title='bbox 506 1913 542 1950; x_wconf 91' lang='lat' dir='ltr'>a</span> <span class='ocrx_word' id='word_1_215' title='bbox 570 1895 780 1950; x_wconf 82' lang='lat' dir='ltr'>dextris</span> <span class='ocrx_word' id='word_1_216' title='bbox 811 1893 1212 1964; x_wconf 86' lang='lat' dir='ltr'>relinquentes,</span> <span class='ocrx_word' id='word_1_217' title='bbox 1245 1908 1346 1946; x_wconf 91' lang='lat' dir='ltr'>nec</span> <span class='ocrx_word' id='word_1_218' title='bbox 1375 1909 1488 1948; x_wconf 91' lang='lat' dir='ltr'>non</span> <span class='ocrx_word' id='word_1_219' title='bbox 1517 1898 1574 1946; x_wconf 90' lang='lat' dir='ltr'>et</span> <span class='ocrx_word' id='word_1_220' title='bbox 1591 1893 1780 1963; x_wconf 88' lang='lat' dir='ltr'>Alpes,</span> <span class='ocrx_word' id='word_1_221' title='bbox 1801 1908 1944 1963; x_wconf 86' lang='lat' dir='ltr'>qua,</span> 
     </span>
    </p>
   </div>
   <div class='ocr_carea' id='block_1_35' title="bbox 339 1981 1946 2056">
    <p class='ocr_par' dir='ltr' id='par_1_35' title="bbox 339 1981 1946 2056">
     <span class='ocr_line' id='line_1_35' title="bbox 339 1981 1946 2056; baseline -0.004 -15"><span class='ocrx_word' id='word_1_222' title='bbox 339 2004 376 2042; x_wconf 85' lang='lat' dir='ltr'>a</span> <span class='ocrx_word' id='word_1_223' title='bbox 393 1984 679 2056; x_wconf 83' lang='lat' dir='ltr'>Ligustico</span> <span class='ocrx_word' id='word_1_224' title='bbox 707 1983 836 2039; x_wconf 89' lang='lat' dir='ltr'>sinu</span> <span class='ocrx_word' id='word_1_225' title='bbox 861 1989 919 2038; x_wconf 89' lang='lat' dir='ltr'>et</span> <span class='ocrx_word' id='word_1_226' title='bbox 939 1982 1082 2037; x_wconf 89' lang='lat' dir='ltr'>mari</span> <span class='ocrx_word' id='word_1_227' title='bbox 1103 1981 1318 2036; x_wconf 88' lang='lat' dir='ltr'>Gallico</span> <span class='ocrx_word' id='word_1_228' title='bbox 1348 1988 1729 2052; x_wconf 75' lang='lat' dir='ltr'>exsurgentes,</span> <span class='ocrx_word' id='word_1_229' title='bbox 1761 1981 1946 2035; x_wconf 86' lang='lat' dir='ltr'>orien-</span> 
     </span>
    </p>
   </div>
   <div class='ocr_carea' id='block_1_36' title="bbox 338 2070 1947 2143">
    <p class='ocr_par' dir='ltr' id='par_1_36' title="bbox 338 2070 1947 2143">
     <span class='ocr_line' id='line_1_36' title="bbox 338 2070 1947 2143; baseline -0.004 -13"><span class='ocrx_word' id='word_1_230' title='bbox 338 2081 456 2130; x_wconf 86' lang='lat' dir='ltr'>tem</span> <span class='ocrx_word' id='word_1_231' title='bbox 497 2089 690 2128; x_wconf 86' lang='lat' dir='ltr'>versus</span> <span class='ocrx_word' id='word_1_232' title='bbox 730 2073 862 2128; x_wconf 84' lang='lat' dir='ltr'>sinu</span> <span class='ocrx_word' id='word_1_233' title='bbox 899 2071 1183 2143; x_wconf 84' lang='lat' dir='ltr'>Ligustico</span> <span class='ocrx_word' id='word_1_234' title='bbox 1223 2071 1250 2111; x_wconf 71' lang='grc' dir='ltr'>δ</span> <span class='ocrx_word' id='word_1_235' title='bbox 1290 2070 1670 2126; x_wconf 86' lang='lat' dir='ltr'>terminantur</span> <span class='ocrx_word' id='word_1_236' title='bbox 1705 2070 1766 2125; x_wconf 93' lang='lat' dir='ltr'>in</span> <span class='ocrx_word' id='word_1_237' title='bbox 1805 2070 1947 2124; x_wconf 89' lang='lat' dir='ltr'>mari</span> 
     </span>
    </p>
   </div>
   <div class='ocr_carea' id='block_1_37' title="bbox 337 2160 1943 2232">
    <p class='ocr_par' dir='ltr' id='par_1_37' title="bbox 337 2160 1943 2232">
     <span class='ocr_line' id='line_1_37' title="bbox 337 2160 1943 2232; baseline -0.004 -12"><span class='ocrx_word' id='word_1_238' title='bbox 337 2162 646 2228; x_wconf 81' lang='lat' dir='ltr'>Adriatico,</span> <span class='ocrx_word' id='word_1_239' title='bbox 681 2173 704 2204; x_wconf 76' lang='grc' dir='ltr'><strong>ο</strong></span> <span class='ocrx_word' id='word_1_240' title='bbox 727 2177 986 2232; x_wconf 83' lang='lat' dir='ltr'>prospero</span> <span class='ocrx_word' id='word_1_241' title='bbox 1011 2177 1181 2216; x_wconf 82' lang='lat' dir='ltr'>cursu</span> <span class='ocrx_word' id='word_1_242' title='bbox 1223 2164 1615 2229; x_wconf 80' lang='lat' dir='ltr'>applicuerunt</span> <span class='ocrx_word' id='word_1_243' title='bbox 1644 2175 1679 2214; x_wconf 92' lang='lat' dir='ltr'>a</span> <span class='ocrx_word' id='word_1_244' title='bbox 1715 2160 1943 2225; x_wconf 83' lang='lat' dir='ltr'>dextris,</span> 
     </span>
    </p>
   </div>
   <div class='ocr_carea' id='block_1_38' title="bbox 339 2249 1945 2325">
    <p class='ocr_par' dir='ltr' id='par_1_38' title="bbox 339 2249 1945 2325">
     <span class='ocr_line' id='line_1_38' title="bbox 339 2249 1945 2325; baseline -0.002 -17"><span class='ocrx_word' id='word_1_245' title='bbox 339 2255 401 2309; x_wconf 89' lang='lat' dir='ltr'>in</span> <span class='ocrx_word' id='word_1_246' title='bbox 431 2251 718 2325; x_wconf 84' lang='lat' dir='ltr'>provincia</span> <span class='ocrx_word' id='word_1_247' title='bbox 745 2251 1058 2307; x_wconf 86' lang='lat' dir='ltr'>Galliarum</span> <span class='ocrx_word' id='word_1_248' title='bbox 1097 2249 1420 2314; x_wconf 86' lang='lat' dir='ltr'>Viennensi,</span> <span class='ocrx_word' id='word_1_249' title='bbox 1467 2249 1617 2321; x_wconf 91' lang='lat' dir='ltr'>apud</span> <span class='ocrx_word' id='word_1_250' title='bbox 1661 2249 1945 2304; x_wconf 87' lang='lat' dir='ltr'>civitatem</span> 
     </span>
    </p>
   </div>
   <div class='ocr_carea' id='block_1_39' title="bbox 341 2338 1940 2410">
    <p class='ocr_par' dir='ltr' id='par_1_39' title="bbox 341 2338 1940 2410">
     <span class='ocr_line' id='line_1_39' title="bbox 341 2338 1940 2410; baseline -0.004 -12"><span class='ocrx_word' id='word_1_251' title='bbox 341 2345 674 2407; x_wconf 51' lang='lat' dir='ltr'>Massiliam,</span> <span class='ocrx_word' id='word_1_252' title='bbox 725 2340 821 2396; x_wconf 91' lang='lat' dir='ltr'>ubi</span> <span class='ocrx_word' id='word_1_253' title='bbox 868 2340 1014 2394; x_wconf 89' lang='lat' dir='ltr'>mari</span> <span class='ocrx_word' id='word_1_254' title='bbox 1057 2339 1271 2394; x_wconf 86' lang='lat' dir='ltr'>Gallico</span> <span class='ocrx_word' id='word_1_255' title='bbox 1311 2338 1616 2394; x_wconf 86' lang='lat' dir='ltr'>Rhodanus</span> <span class='ocrx_word' id='word_1_256' title='bbox 1655 2339 1940 2410; x_wconf 91' lang='lat' dir='ltr'>recipitur.</span> 
     </span>
    </p>
   </div>
   <div class='ocr_carea' id='block_1_40' title="bbox 343 2429 1940 2498">
    <p class='ocr_par' dir='ltr' id='par_1_40' title="bbox 343 2429 1940 2498">
     <span class='ocr_line' id='line_1_40' title="bbox 343 2429 1940 2498; baseline -0.003 -12"><span class='ocrx_word' id='word_1_257' title='bbox 343 2431 447 2497; x_wconf 87' lang='lat' dir='ltr'>Ibi,</span> <span class='ocrx_word' id='word_1_258' title='bbox 470 2435 721 2485; x_wconf 79' lang='lat' dir='ltr'>invocato</span> <span class='ocrx_word' id='word_1_259' title='bbox 743 2443 945 2498; x_wconf 77' lang='lat' dir='ltr'>magno</span> <span class='ocrx_word' id='word_1_260' title='bbox 985 2431 1188 2484; x_wconf 78' lang='lat' dir='ltr'>mundi</span> <span class='ocrx_word' id='word_1_261' title='bbox 1219 2430 1472 2496; x_wconf 79' lang='lat' dir='ltr'>principe</span> <span class='ocrx_word' id='word_1_262' title='bbox 1511 2430 1611 2482; x_wconf 82' lang='lat' dir='ltr'>Deo</span> <span class='ocrx_word' id='word_1_263' title='bbox 1661 2430 1738 2493; x_wconf 91' lang='grc' dir='ltr'>(ΙΙ</span> <span class='ocrx_word' id='word_1_264' title='bbox 1769 2429 1940 2482; x_wconf 75' lang='lat' dir='ltr'>Maeli.</span> 
     </span>
    </p>
   </div>
   <div class='ocr_carea' id='block_1_41' title="bbox 340 2516 1949 2591">
    <p class='ocr_par' dir='ltr' id='par_1_41' title="bbox 340 2516 1949 2591">
     <span class='ocr_line' id='line_1_41' title="bbox 340 2516 1949 2591; baseline -0.003 -15"><span class='ocrx_word' id='word_1_265' title='bbox 340 2534 440 2586; x_wconf 78' lang='lat' dir='ltr'>xu,</span> <span class='ocrx_word' id='word_1_266' title='bbox 475 2519 589 2586; x_wconf 80' lang='lat'>‘25),</span> <span class='ocrx_word' id='word_1_267' title='bbox 617 2519 928 2591; x_wconf 86' lang='lat' dir='ltr'>provincias</span> <span class='ocrx_word' id='word_1_268' title='bbox 973 2517 1219 2588; x_wconf 80' lang='lat' dir='ltr'>regionis</span> <span class='ocrx_word' id='word_1_269' title='bbox 1254 2517 1324 2570; x_wconf 89' lang='lat' dir='ltr'>ad</span> <span class='ocrx_word' id='word_1_270' title='bbox 1367 2533 1537 2586; x_wconf 92' lang='lat' dir='ltr'>quam</span> <span class='ocrx_word' id='word_1_271' title='bbox 1573 2533 1668 2570; x_wconf 89' lang='lat' dir='ltr'>eos</span> <span class='ocrx_word' id='word_1_272' title='bbox 1709 2516 1949 2588; x_wconf 88' lang='lat' dir='ltr'>Spiritus</span> 
     </span>
    </p>
   </div>
   <div class='ocr_carea' id='block_1_42' title="bbox 343 2605 1944 2683">
    <p class='ocr_par' dir='ltr' id='par_1_42' title="bbox 343 2605 1944 2683">
     <span class='ocr_line' id='line_1_42' title="bbox 343 2605 1944 2683; baseline -0.003 -18"><span class='ocrx_word' id='word_1_273' title='bbox 343 2611 644 2683; x_wconf 87' lang='lat' dir='ltr'>appulerat</span> <span class='ocrx_word' id='word_1_274' title='bbox 678 2609 828 2664; x_wconf 86' lang='lat' dir='ltr'>inter</span> <span class='ocrx_word' id='word_1_275' title='bbox 857 2626 936 2676; x_wconf 90' lang='lat' dir='ltr'>se,</span> <span class='ocrx_word' id='word_1_276' title='bbox 970 2608 1167 2663; x_wconf 90' lang='lat' dir='ltr'>eodem</span> <span class='ocrx_word' id='word_1_277' title='bbox 1198 2607 1528 2678; x_wconf 66' lang='lat' dir='ltr'>inspirante,</span> <span class='ocrx_word' id='word_1_278' title='bbox 1564 2605 1757 2678; x_wconf 87' lang='lat' dir='ltr'>partiti</span> <span class='ocrx_word' id='word_1_279' title='bbox 1785 2613 1944 2673; x_wconf 87' lang='lat' dir='ltr'>sunt;</span> 
     </span>
    </p>
   </div>
   <div class='ocr_carea' id='block_1_43' title="bbox 342 2696 1952 2772">
    <p class='ocr_par' dir='ltr' id='par_1_43' title="bbox 342 2696 1952 2772">
     <span class='ocr_line' id='line_1_43' title="bbox 342 2696 1952 2772; baseline -0.003 -17"><span class='ocrx_word' id='word_1_280' title='bbox 342 2715 588 2772; x_wconf 81' lang='lat' dir='ltr'>moxque</span> <span class='ocrx_word' id='word_1_281' title='bbox 615 2701 850 2768; x_wconf 81' lang='lat' dir='ltr'>profecti</span> <span class='ocrx_word' id='word_1_282' title='bbox 873 2700 1316 2767; x_wconf 55' lang='lat' dir='ltr'>praedicaverunt</span> <span class='ocrx_word' id='word_1_283' title='bbox 1347 2699 1565 2765; x_wconf 83' lang='lat' dir='ltr'>ubique,</span> <span class='ocrx_word' id='word_1_284' title='bbox 1599 2696 1837 2751; x_wconf 90' lang='lat' dir='ltr'>Domino</span> <span class='ocrx_word' id='word_1_285' title='bbox 1870 2714 1952 2750; x_wconf 88' lang='lat' dir='ltr'>co-</span> 
     </span>
    </p>
   </div>
   <div class='ocr_carea' id='block_1_44' title="bbox 343 2787 1949 2859">
    <p class='ocr_par' dir='ltr' id='par_1_44' title="bbox 343 2787 1949 2859">
     <span class='ocr_line' id='line_1_44' title="bbox 343 2787 1949 2859; baseline -0.002 -16"><span class='ocrx_word' id='word_1_286' title='bbox 343 2795 605 2859; x_wconf 78' lang='lat' dir='ltr'>operante</span> <span class='ocrx_word' id='word_1_287' title='bbox 623 2793 672 2842; x_wconf 87' lang='lat' dir='ltr'>et</span> <span class='ocrx_word' id='word_1_288' title='bbox 691 2804 997 2842; x_wconf 75' lang='lat' dir='ltr'>sermonem</span> <span class='ocrx_word' id='word_1_289' title='bbox 1009 2789 1389 2854; x_wconf 78' lang='lat' dir='ltr'>eonﬁrmanle,</span> <span class='ocrx_word' id='word_1_290' title='bbox 1410 2787 1758 2854; x_wconf 73' lang='lat' dir='ltr'>sequentibus</span> <span class='ocrx_word' id='word_1_291' title='bbox 1773 2788 1949 2852; x_wconf 80' lang='lat' dir='ltr'>signis</span> 
     </span>
    </p>
   </div>
   <div class='ocr_carea' id='block_1_45' title="bbox 344 2875 1950 2946">
    <p class='ocr_par' dir='ltr' id='par_1_45' title="bbox 344 2875 1950 2946">
     <span class='ocr_line' id='line_1_45' title="bbox 344 2875 1950 2946; baseline -0.003 -12"><span class='ocrx_word' id='word_1_292' title='bbox 344 2880 545 2944; x_wconf 68' lang='lat' dir='ltr'>(Mare.</span> <span class='ocrx_word' id='word_1_293' title='bbox 571 2891 682 2942; x_wconf 73' lang='lat' dir='ltr'>xw,</span> <span class='ocrx_word' id='word_1_294' title='bbox 709 2875 817 2946; x_wconf 76' lang='lat'>20).</span> <span class='ocrx_word' id='word_1_295' title='bbox 833 2877 940 2932; x_wconf 86' lang='lat' dir='ltr'>Sed</span> <span class='ocrx_word' id='word_1_296' title='bbox 959 2875 1109 2930; x_wconf 90' lang='lat' dir='ltr'>enim</span> <span class='ocrx_word' id='word_1_297' title='bbox 1133 2891 1235 2929; x_wconf 80' lang='lat' dir='ltr'>rea:</span> <span class='ocrx_word' id='word_1_298' title='bbox 1250 2877 1529 2928; x_wconf 76' lang='lat' dir='ltr'>virtutum</span> <span class='ocrx_word' id='word_1_299' title='bbox 1547 2876 1737 2928; x_wconf 78' lang='lat' dir='ltr'>dilecti</span> <span class='ocrx_word' id='word_1_300' title='bbox 1761 2876 1950 2929; x_wconf 86' lang='lat' dir='ltr'>dilecti</span> 
     </span>
    </p>
   </div>
   <div class='ocr_carea' id='block_1_46' title="bbox 341 2966 1948 3033">
    <p class='ocr_par' dir='ltr' id='par_1_46' title="bbox 341 2966 1948 3033">
     <span class='ocr_line' id='line_1_46' title="bbox 341 2966 1948 3033; baseline -0.003 -12"><span class='ocrx_word' id='word_1_301' title='bbox 341 2969 492 3022; x_wconf 80' lang='lat' dir='ltr'>dedit</span> <span class='ocrx_word' id='word_1_302' title='bbox 512 2967 737 3022; x_wconf 79' lang='lat' dir='ltr'>verbum</span> <span class='ocrx_word' id='word_1_303' title='bbox 759 2966 1269 3033; x_wconf 73' lang='lat' dir='ltr'>wangelisantibus</span> <span class='ocrx_word' id='word_1_304' title='bbox 1281 2967 1485 3018; x_wconf 85' lang='lat' dir='ltr'>virtute</span> <span class='ocrx_word' id='word_1_305' title='bbox 1501 2967 1700 3028; x_wconf 84' lang='lat' dir='ltr'>multa,</span> <span class='ocrx_word' id='word_1_306' title='bbox 1723 2966 1822 3032; x_wconf 87' lang='lat' dir='ltr'>qui</span> <span class='ocrx_word' id='word_1_307' title='bbox 1837 2979 1948 3032; x_wconf 81' lang='lat' dir='ltr'>spe-</span> 
     </span>
    </p>
   </div>
   <div class='ocr_carea' id='block_1_47' title="bbox 343 3051 1944 3121">
    <p class='ocr_par' dir='ltr' id='par_1_47' title="bbox 343 3051 1944 3121">
     <span class='ocr_line' id='line_1_47' title="bbox 343 3051 1944 3121; baseline -0.003 -10"><span class='ocrx_word' id='word_1_308' title='bbox 343 3059 452 3111; x_wconf 84' lang='lat' dir='ltr'>ciei</span> <span class='ocrx_word' id='word_1_309' title='bbox 476 3058 673 3110; x_wconf 85' lang='lat' dir='ltr'>domus</span> <span class='ocrx_word' id='word_1_310' title='bbox 709 3057 807 3110; x_wconf 84' lang='lat' dir='ltr'>Dei</span> <span class='ocrx_word' id='word_1_311' title='bbox 847 3055 995 3109; x_wconf 81' lang='lat' dir='ltr'>dedit</span> <span class='ocrx_word' id='word_1_312' title='bbox 1031 3055 1276 3108; x_wconf 80' lang='lat' dir='ltr'>dividere</span> <span class='ocrx_word' id='word_1_313' title='bbox 1324 3056 1498 3121; x_wconf 87' lang='lat' dir='ltr'>spolia</span> <span class='ocrx_word' id='word_1_314' title='bbox 1538 3051 1699 3107; x_wconf 87' lang='lat' dir='ltr'>fortis</span> <span class='ocrx_word' id='word_1_315' title='bbox 1740 3052 1944 3106; x_wconf 88' lang='lat' dir='ltr'>armati</span> 
     </span>
    </p>
   </div>
   <div class='ocr_carea' id='block_1_48' title="bbox 347 3141 1946 3214">
    <p class='ocr_par' dir='ltr' id='par_1_48' title="bbox 347 3141 1946 3214">
     <span class='ocr_line' id='line_1_48' title="bbox 347 3141 1946 3214; baseline -0.003 -14"><span class='ocrx_word' id='word_1_316' title='bbox 347 3148 510 3214; x_wconf 74' lang='lat' dir='ltr'>[PsaL</span> <span class='ocrx_word' id='word_1_317' title='bbox 536 3159 700 3210; x_wconf 83' lang='lat' dir='ltr'>van,</span> <span class='ocrx_word' id='word_1_318' title='bbox 734 3143 818 3210; x_wconf 75' lang='lat'>12,</span> <span class='ocrx_word' id='word_1_319' title='bbox 865 3142 972 3211; x_wconf 86' lang='grc'><strong>13).</strong></span> <span class='ocrx_word' id='word_1_320' title='bbox 1007 3141 1251 3196; x_wconf 89' lang='lat' dir='ltr'>Sortitus</span> <span class='ocrx_word' id='word_1_321' title='bbox 1276 3147 1363 3195; x_wconf 89' lang='lat' dir='ltr'>est</span> <span class='ocrx_word' id='word_1_322' title='bbox 1389 3146 1616 3198; x_wconf 87' lang='lat' dir='ltr'>sanctus</span> <span class='ocrx_word' id='word_1_323' title='bbox 1644 3141 1946 3213; x_wconf 86' lang='lat' dir='ltr'>archipra-</span> 
     </span>
    </p>
   </div>
   <div class='ocr_carea' id='block_1_49' title="bbox 341 3231 1947 3303">
    <p class='ocr_par' dir='ltr' id='par_1_49' title="bbox 341 3231 1947 3303">
     <span class='ocr_line' id='line_1_49' title="bbox 341 3231 1947 3303; baseline -0.001 -16"><span class='ocrx_word' id='word_1_324' title='bbox 341 3233 429 3290; x_wconf 83' lang='lat' dir='ltr'>sul</span> <span class='ocrx_word' id='word_1_325' title='bbox 469 3234 808 3289; x_wconf 80' lang='lat' dir='ltr'>Maximinus</span> <span class='ocrx_word' id='word_1_326' title='bbox 853 3235 1193 3303; x_wconf 88' lang='lat' dir='ltr'>Aquensem,</span> <span class='ocrx_word' id='word_1_327' title='bbox 1251 3231 1607 3302; x_wconf 90' lang='lat' dir='ltr'>metropolim</span> <span class='ocrx_word' id='word_1_328' title='bbox 1652 3231 1947 3302; x_wconf 80' lang='lat' dir='ltr'>provincia</span> 
     </span>
    </p>
   </div>
   <div class='ocr_carea' id='block_1_50' title="bbox 345 3319 1948 3391">
    <p class='ocr_par' dir='ltr' id='par_1_50' title="bbox 345 3319 1948 3391">
     <span class='ocr_line' id='line_1_50' title="bbox 345 3319 1948 3391; baseline -0.003 -13"><span class='ocrx_word' id='word_1_329' title='bbox 345 3322 730 3378; x_wconf 86' lang='lat' dir='ltr'>Narbonensis</span> <span class='ocrx_word' id='word_1_330' title='bbox 746 3322 1022 3386; x_wconf 85' lang='lat' dir='ltr'>secunda,</span> <span class='ocrx_word' id='word_1_331' title='bbox 1039 3321 1096 3374; x_wconf 91' lang='lat' dir='ltr'>in</span> <span class='ocrx_word' id='word_1_332' title='bbox 1115 3319 1401 3391; x_wconf 90' lang='lat' dir='ltr'>quabeata</span> <span class='ocrx_word' id='word_1_333' title='bbox 1419 3321 1598 3374; x_wconf 87' lang='lat' dir='ltr'>Maria</span> <span class='ocrx_word' id='word_1_334' title='bbox 1616 3320 1948 3389; x_wconf 85' lang='lat' dir='ltr'>Magdalena</span> 
     </span>
    </p>
   </div>
   <div class='ocr_carea' id='block_1_51' title="bbox 343 3409 1948 3483">
    <p class='ocr_par' dir='ltr' id='par_1_51' title="bbox 343 3409 1948 3483">
     <span class='ocr_line' id='line_1_51' title="bbox 343 3409 1948 3483; baseline -0.002 -17"><span class='ocrx_word' id='word_1_335' title='bbox 343 3413 648 3483; x_wconf 86' lang='lat' dir='ltr'>complevit</span> <span class='ocrx_word' id='word_1_336' title='bbox 673 3427 898 3466; x_wconf 89' lang='lat' dir='ltr'>cursum</span> <span class='ocrx_word' id='word_1_337' title='bbox 917 3409 1388 3482; x_wconf 81' lang='lat' dir='ltr'>peregrinationis</span> <span class='ocrx_word' id='word_1_338' title='bbox 1407 3426 1550 3475; x_wconf 82' lang='lat' dir='ltr'>sua;</span> <span class='ocrx_word' id='word_1_339' title='bbox 1571 3409 1778 3463; x_wconf 89' lang='lat' dir='ltr'>Paulus</span> <span class='ocrx_word' id='word_1_340' title='bbox 1800 3410 1948 3463; x_wconf 86' lang='lat' dir='ltr'>Nar-</span> 
     </span>
    </p>
   </div>
   <div class='ocr_carea' id='block_1_52' title="bbox 347 3497 1944 3572">
    <p class='ocr_par' dir='ltr' id='par_1_52' title="bbox 347 3497 1944 3572">
     <span class='ocr_line' id='line_1_52' title="bbox 347 3497 1944 3572; baseline -0.003 -16"><span class='ocrx_word' id='word_1_341' title='bbox 347 3500 573 3568; x_wconf 88' lang='lat' dir='ltr'>bonam,</span> <span class='ocrx_word' id='word_1_342' title='bbox 607 3500 961 3572; x_wconf 87' lang='lat' dir='ltr'>metropolim</span> <span class='ocrx_word' id='word_1_343' title='bbox 989 3499 1288 3571; x_wconf 89' lang='lat' dir='ltr'>provincia</span> <span class='ocrx_word' id='word_1_344' title='bbox 1306 3497 1688 3552; x_wconf 88' lang='lat' dir='ltr'>Narbonensis</span> <span class='ocrx_word' id='word_1_345' title='bbox 1713 3497 1908 3568; x_wconf 82' lang='lat' dir='ltr'>prima</span> <span class='ocrx_word' id='word_1_346' title='bbox 1931 3517 1944 3564; x_wconf 91' lang='lat'><strong>;</strong></span> 
     </span>
    </p>
   </div>
   <div class='ocr_carea' id='block_1_53' title="bbox 345 3587 1948 3661">
    <p class='ocr_par' dir='ltr' id='par_1_53' title="bbox 345 3587 1948 3661">
     <span class='ocr_line' id='line_1_53' title="bbox 345 3587 1948 3661; baseline -0.004 -15"><span class='ocrx_word' id='word_1_347' title='bbox 345 3590 754 3661; x_wconf 83' lang='lat' dir='ltr'>Austregisilus</span> <span class='ocrx_word' id='word_1_348' title='bbox 773 3590 1104 3655; x_wconf 89' lang='lat' dir='ltr'>Bituricam,</span> <span class='ocrx_word' id='word_1_349' title='bbox 1119 3588 1476 3658; x_wconf 88' lang='lat' dir='ltr'>metropolim</span> <span class='ocrx_word' id='word_1_350' title='bbox 1494 3587 1812 3657; x_wconf 87' lang='lat' dir='ltr'>Aquitania</span> <span class='ocrx_word' id='word_1_351' title='bbox 1832 3587 1948 3658; x_wconf 85' lang='lat' dir='ltr'>pri-</span> 
     </span>
    </p>
   </div>
   <div class='ocr_carea' id='block_1_54' title="bbox 347 3676 1951 3750">
    <p class='ocr_par' dir='ltr' id='par_1_54' title="bbox 347 3676 1951 3750">
     <span class='ocr_line' id='line_1_54' title="bbox 347 3676 1951 3750; baseline -0.002 -16"><span class='ocrx_word' id='word_1_352' title='bbox 347 3697 485 3748; x_wconf 83' lang='lat' dir='ltr'>ma;</span> <span class='ocrx_word' id='word_1_353' title='bbox 517 3680 810 3736; x_wconf 80' lang='lat' dir='ltr'>Hirenaus</span> <span class='ocrx_word' id='word_1_354' title='bbox 837 3678 1197 3750; x_wconf 85' lang='lat' dir='ltr'>Lugdunum,</span> <span class='ocrx_word' id='word_1_355' title='bbox 1229 3677 1587 3748; x_wconf 86' lang='lat' dir='ltr'>metropolim</span> <span class='ocrx_word' id='word_1_356' title='bbox 1614 3676 1951 3747; x_wconf 82' lang='lat' dir='ltr'>Lugdunen-</span> 
     </span>
    </p>
   </div>
   <div class='ocr_carea' id='block_1_55' title="bbox 343 3766 1946 3838">
    <p class='ocr_par' dir='ltr' id='par_1_55' title="bbox 343 3766 1946 3838">
     <span class='ocr_line' id='line_1_55' title="bbox 343 3766 1946 3838; baseline -0.003 -15"><span class='ocrx_word' id='word_1_357' title='bbox 343 3769 424 3824; x_wconf 86' lang='lat' dir='ltr'>sis</span> <span class='ocrx_word' id='word_1_358' title='bbox 453 3771 698 3838; x_wconf 69' lang='lat' dir='ltr'>(prium;</span> <span class='ocrx_word' id='word_1_359' title='bbox 728 3769 999 3824; x_wconf 85' lang='lat' dir='ltr'>Gatianus</span> <span class='ocrx_word' id='word_1_360' title='bbox 1035 3769 1327 3832; x_wconf 86' lang='lat' dir='ltr'>Turonem,</span> <span class='ocrx_word' id='word_1_361' title='bbox 1361 3769 1704 3834; x_wconf 85' lang='lat' dir='ltr'>metropolim</span> <span class='ocrx_word' id='word_1_362' title='bbox 1730 3766 1946 3832; x_wconf 88' lang='lat' dir='ltr'>Lugdu-</span> 
     </span>
    </p>
   </div>
   <div class='ocr_carea' id='block_1_56' title="bbox 340 3854 1940 3927">
    <p class='ocr_par' dir='ltr' id='par_1_56' title="bbox 340 3854 1940 3927">
     <span class='ocr_line' id='line_1_56' title="bbox 340 3854 1940 3927; baseline -0.004 -13"><span class='ocrx_word' id='word_1_363' title='bbox 340 3861 546 3927; x_wconf 84' lang='lat' dir='ltr'>nensis)</span> <span class='ocrx_word' id='word_1_364' title='bbox 577 3856 605 3899; x_wconf 77' lang='grc' dir='ltr'>ά</span> <span class='ocrx_word' id='word_1_365' title='bbox 634 3857 848 3913; x_wconf 83' lang='lat' dir='ltr'>tertia:</span> <span class='ocrx_word' id='word_1_366' title='bbox 882 3857 1124 3912; x_wconf 86' lang='lat' dir='ltr'>Sabinus</span> <span class='ocrx_word' id='word_1_367' title='bbox 1165 3860 1224 3910; x_wconf 88' lang='lat' dir='ltr'>et</span> <span class='ocrx_word' id='word_1_368' title='bbox 1261 3855 1632 3911; x_wconf 89' lang='lat' dir='ltr'>Potentianus</span> <span class='ocrx_word' id='word_1_369' title='bbox 1669 3854 1940 3919; x_wconf 87' lang='lat' dir='ltr'>Senonas,</span> 
     </span>
    </p>
   </div>
   <div class='ocr_carea' id='block_1_57' title="bbox 339 3944 1944 4020">
    <p class='ocr_par' dir='ltr' id='par_1_57' title="bbox 339 3944 1944 4020">
     <span class='ocr_line' id='line_1_57' title="bbox 339 3944 1944 4020; baseline -0.002 -18"><span class='ocrx_word' id='word_1_370' title='bbox 339 3947 698 4020; x_wconf 85' lang='lat' dir='ltr'>metropolim</span> <span class='ocrx_word' id='word_1_371' title='bbox 727 3947 1121 4017; x_wconf 79' lang='lat' dir='ltr'>Lugdunensis</span> <span class='ocrx_word' id='word_1_372' title='bbox 1150 3951 1402 4018; x_wconf 81' lang='lat' dir='ltr'>quartae:</span> <span class='ocrx_word' id='word_1_373' title='bbox 1448 3944 1704 3998; x_wconf 88' lang='lat' dir='ltr'>Valerius</span> <span class='ocrx_word' id='word_1_374' title='bbox 1739 3945 1944 3998; x_wconf 90' lang='lat' dir='ltr'>Treve-</span> 
     </span>
    </p>
   </div>
   <div class='ocr_carea' id='block_1_58' title="bbox 337 4033 1947 4109">
    <p class='ocr_par' dir='ltr' id='par_1_58' title="bbox 337 4033 1947 4109">
     <span class='ocr_line' id='line_1_58' title="bbox 337 4033 1947 4109; baseline -0.003 -17"><span class='ocrx_word' id='word_1_375' title='bbox 337 4038 470 4104; x_wconf 88' lang='lat' dir='ltr'>rim,</span> <span class='ocrx_word' id='word_1_376' title='bbox 495 4037 850 4109; x_wconf 88' lang='lat' dir='ltr'>metropolim</span> <span class='ocrx_word' id='word_1_377' title='bbox 874 4037 1110 4107; x_wconf 86' lang='lat' dir='ltr'>Belgica</span> <span class='ocrx_word' id='word_1_378' title='bbox 1137 4035 1334 4106; x_wconf 85' lang='lat' dir='ltr'>prima</span> <span class='ocrx_word' id='word_1_379' title='bbox 1359 4053 1372 4100; x_wconf 90' lang='lat'><strong>;</strong></span> <span class='ocrx_word' id='word_1_380' title='bbox 1412 4034 1713 4088; x_wconf 88' lang='lat' dir='ltr'>Feroncius</span> <span class='ocrx_word' id='word_1_381' title='bbox 1749 4033 1947 4088; x_wconf 85' lang='lat' dir='ltr'>Bisun-</span> 
     </span>
    </p>
   </div>
   <div class='ocr_carea' id='block_1_59' title="bbox 338 4123 1940 4197">
    <p class='ocr_par' dir='ltr' id='par_1_59' title="bbox 338 4123 1940 4197">
     <span class='ocr_line' id='line_1_59' title="bbox 338 4123 1940 4197; baseline -0.004 -16"><span class='ocrx_word' id='word_1_382' title='bbox 338 4127 504 4191; x_wconf 80' lang='lat' dir='ltr'>tium,</span> <span class='ocrx_word' id='word_1_383' title='bbox 539 4125 896 4197; x_wconf 88' lang='lat' dir='ltr'>metropolim</span> <span class='ocrx_word' id='word_1_384' title='bbox 926 4125 1224 4197; x_wconf 85' lang='lat' dir='ltr'>provincia</span> <span class='ocrx_word' id='word_1_385' title='bbox 1253 4123 1509 4178; x_wconf 85' lang='lat' dir='ltr'>maxima</span> <span class='ocrx_word' id='word_1_386' title='bbox 1531 4123 1940 4193; x_wconf 81' lang='lat' dir='ltr'>Sequanorum;</span> 
     </span>
    </p>
   </div>
   <div class='ocr_carea' id='block_1_60' title="bbox 338 4211 1940 4286">
    <p class='ocr_par' dir='ltr' id='par_1_60' title="bbox 338 4211 1940 4286">
     <span class='ocr_line' id='line_1_60' title="bbox 338 4211 1940 4286; baseline -0.004 -16"><span class='ocrx_word' id='word_1_387' title='bbox 338 4215 644 4286; x_wconf 89' lang='lat' dir='ltr'>Eutropius</span> <span class='ocrx_word' id='word_1_388' title='bbox 693 4216 1020 4280; x_wconf 88' lang='lat' dir='ltr'>Sanctonas,</span> <span class='ocrx_word' id='word_1_389' title='bbox 1075 4213 1273 4268; x_wconf 85' lang='lat' dir='ltr'>urbem</span> <span class='ocrx_word' id='word_1_390' title='bbox 1314 4211 1630 4283; x_wconf 86' lang='lat' dir='ltr'>Aquitania</span> <span class='ocrx_word' id='word_1_391' title='bbox 1663 4211 1940 4278; x_wconf 89' lang='lat' dir='ltr'>secunda,</span> 
     </span>
    </p>
   </div>
   <div class='ocr_carea' id='block_1_61' title="bbox 337 4301 1944 4376">
    <p class='ocr_par' dir='ltr' id='par_1_61' title="bbox 337 4301 1944 4376">
     <span class='ocr_line' id='line_1_61' title="bbox 337 4301 1944 4376; baseline -0.002 -16"><span class='ocrx_word' id='word_1_392' title='bbox 337 4306 502 4376; x_wconf 83' lang='lat' dir='ltr'>cujus</span> <span class='ocrx_word' id='word_1_393' title='bbox 538 4321 688 4360; x_wconf 90' lang='lat' dir='ltr'>nunc</span> <span class='ocrx_word' id='word_1_394' title='bbox 715 4305 1041 4376; x_wconf 84' lang='lat' dir='ltr'>metropolis</span> <span class='ocrx_word' id='word_1_395' title='bbox 1071 4311 1157 4358; x_wconf 90' lang='lat' dir='ltr'>est</span> <span class='ocrx_word' id='word_1_396' title='bbox 1197 4302 1562 4372; x_wconf 82' lang='lat' dir='ltr'>Burdegalis;</span> <span class='ocrx_word' id='word_1_397' title='bbox 1605 4301 1944 4372; x_wconf 84' lang='lat' dir='ltr'>Trephimus</span> 
     </span>
    </p>
   </div>
   <div class='ocr_carea' id='block_1_62' title="bbox 335 4391 1941 4465">
    <p class='ocr_par' dir='ltr' id='par_1_62' title="bbox 335 4391 1941 4465">
     <span class='ocr_line' id='line_1_62' title="bbox 335 4391 1941 4465; baseline -0.003 -16"><span class='ocrx_word' id='word_1_398' title='bbox 335 4395 647 4461; x_wconf 85' lang='lat' dir='ltr'>Arelatem,</span> <span class='ocrx_word' id='word_1_399' title='bbox 677 4401 812 4450; x_wconf 90' lang='lat' dir='ltr'>tunc</span> <span class='ocrx_word' id='word_1_400' title='bbox 851 4394 1206 4465; x_wconf 84' lang='lat' dir='ltr'>metrOpolim</span> <span class='ocrx_word' id='word_1_401' title='bbox 1251 4391 1547 4463; x_wconf 90' lang='lat' dir='ltr'>provincia</span> <span class='ocrx_word' id='word_1_402' title='bbox 1589 4391 1941 4446; x_wconf 89' lang='lat' dir='ltr'>Viennensis.</span> 
     </span>
    </p>
   </div>
   <div class='ocr_carea' id='block_1_63' title="bbox 339 4479 1947 4555">
    <p class='ocr_par' dir='ltr' id='par_1_63' title="bbox 339 4479 1947 4555">
     <span class='ocr_line' id='line_1_63' title="bbox 339 4479 1947 4555; baseline -0.002 -17"><span class='ocrx_word' id='word_1_403' title='bbox 339 4484 442 4539; x_wconf 84' lang='lat' dir='ltr'>Ha</span> <span class='ocrx_word' id='word_1_404' title='bbox 469 4484 664 4539; x_wconf 87' lang='lat' dir='ltr'>decem</span> <span class='ocrx_word' id='word_1_405' title='bbox 700 4483 997 4555; x_wconf 88' lang='lat' dir='ltr'>provincia</span> <span class='ocrx_word' id='word_1_406' title='bbox 1035 4483 1347 4538; x_wconf 86' lang='lat' dir='ltr'>Galliarum</span> <span class='ocrx_word' id='word_1_407' title='bbox 1396 4480 1467 4535; x_wconf 89' lang='lat' dir='ltr'>iis</span> <span class='ocrx_word' id='word_1_408' title='bbox 1515 4479 1947 4551; x_wconf 87' lang='lat' dir='ltr'>pradicantibus</span> 
     </span>
    </p>
   </div>
   <div class='ocr_carea' id='block_1_64' title="bbox 337 4570 1946 4642">
    <p class='ocr_par' dir='ltr' id='par_1_64' title="bbox 337 4570 1946 4642">
     <span class='ocr_line' id='line_1_64' title="bbox 337 4570 1946 4642; baseline -0.002 -14"><span class='ocrx_word' id='word_1_409' title='bbox 337 4573 720 4628; x_wconf 89' lang='lat' dir='ltr'>crediderunt.</span> <span class='ocrx_word' id='word_1_410' title='bbox 753 4573 954 4629; x_wconf 85' lang='lat' dir='ltr'>Cateri</span> <span class='ocrx_word' id='word_1_411' title='bbox 979 4572 1255 4640; x_wconf 88' lang='lat' dir='ltr'>doctores,</span> <span class='ocrx_word' id='word_1_412' title='bbox 1303 4587 1417 4624; x_wconf 91' lang='lat' dir='ltr'>non</span> <span class='ocrx_word' id='word_1_413' title='bbox 1461 4570 1695 4641; x_wconf 84' lang='lat' dir='ltr'>reliquis</span> <span class='ocrx_word' id='word_1_414' title='bbox 1730 4576 1946 4642; x_wconf 87' lang='lat' dir='ltr'>septem</span> 
     </span>
    </p>
   </div>
   <div class='ocr_carea' id='block_1_65' title="bbox 2033 1811 3627 1882">
    <p class='ocr_par' dir='ltr' id='par_1_65' title="bbox 2033 1811 3627 1882">
     <span class='ocr_line' id='line_1_65' title="bbox 2033 1811 3627 1882; baseline 0.003 -17"><span class='ocrx_word' id='word_1_415' title='bbox 2033 1811 2284 1876; x_wconf 87' lang='lat' dir='ltr'>Colonia,</span> <span class='ocrx_word' id='word_1_416' title='bbox 2337 1827 2464 1866; x_wconf 88' lang='lat' dir='ltr'>cum</span> <span class='ocrx_word' id='word_1_417' title='bbox 2509 1828 2612 1865; x_wconf 85' lang='lat' dir='ltr'>sua</span> <span class='ocrx_word' id='word_1_418' title='bbox 2658 1813 2960 1882; x_wconf 84' lang='lat' dir='ltr'>provincia,</span> <span class='ocrx_word' id='word_1_419' title='bbox 3005 1814 3309 1868; x_wconf 88' lang='lat' dir='ltr'>Germania</span> <span class='ocrx_word' id='word_1_420' title='bbox 3347 1817 3627 1882; x_wconf 89' lang='lat' dir='ltr'>secunda;</span> 
     </span>
    </p>
   </div>
   <div class='ocr_carea' id='block_1_66' title="bbox 2032 1901 3634 1973">
    <p class='ocr_par' dir='ltr' id='par_1_66' title="bbox 2032 1901 3634 1973">
     <span class='ocr_line' id='line_1_66' title="bbox 2032 1901 3634 1973; baseline 0.003 -19"><span class='ocrx_word' id='word_1_421' title='bbox 2032 1901 2348 1955; x_wconf 90' lang='lat' dir='ltr'>Octodurus</span> <span class='ocrx_word' id='word_1_422' title='bbox 2377 1917 2505 1955; x_wconf 88' lang='lat' dir='ltr'>cum</span> <span class='ocrx_word' id='word_1_423' title='bbox 2535 1917 2638 1954; x_wconf 90' lang='lat' dir='ltr'>sua</span> <span class='ocrx_word' id='word_1_424' title='bbox 2662 1901 2964 1972; x_wconf 85' lang='lat' dir='ltr'>provincia,</span> <span class='ocrx_word' id='word_1_425' title='bbox 2995 1904 3222 1973; x_wconf 90' lang='lat' dir='ltr'>Alpium</span> <span class='ocrx_word' id='word_1_426' title='bbox 3247 1903 3544 1959; x_wconf 88' lang='lat' dir='ltr'>Graiarum</span> <span class='ocrx_word' id='word_1_427' title='bbox 3577 1911 3634 1958; x_wconf 91' lang='lat' dir='ltr'>et</span> 
     </span>
    </p>
   </div>
   <div class='ocr_carea' id='block_1_67' title="bbox 2032 1990 3629 2064">
    <p class='ocr_par' dir='ltr' id='par_1_67' title="bbox 2032 1990 3629 2064">
     <span class='ocr_line' id='line_1_67' title="bbox 2032 1990 3629 2064; baseline 0.003 -22"><span class='ocrx_word' id='word_1_428' title='bbox 2032 1990 2412 2044; x_wconf 85' lang='lat' dir='ltr'>Penninarum</span> <span class='ocrx_word' id='word_1_429' title='bbox 2438 2008 2450 2056; x_wconf 90' lang='lat'><strong>;</strong></span> <span class='ocrx_word' id='word_1_430' title='bbox 2483 1990 2765 2044; x_wconf 84' lang='lat' dir='ltr'>Auxitana</span> <span class='ocrx_word' id='word_1_431' title='bbox 2786 1991 3111 2062; x_wconf 83' lang='lat' dir='ltr'>metrOpolis</span> <span class='ocrx_word' id='word_1_432' title='bbox 3131 2009 3256 2046; x_wconf 84' lang='lat' dir='ltr'>cum</span> <span class='ocrx_word' id='word_1_433' title='bbox 3287 1993 3629 2064; x_wconf 83' lang='lat' dir='ltr'>suaprovin-</span> 
     </span>
    </p>
   </div>
   <div class='ocr_carea' id='block_1_68' title="bbox 2030 2079 3632 2152">
    <p class='ocr_par' dir='ltr' id='par_1_68' title="bbox 2030 2079 3632 2152">
     <span class='ocr_line' id='line_1_68' title="bbox 2030 2079 3632 2152; baseline 0.003 -21"><span class='ocrx_word' id='word_1_434' title='bbox 2030 2079 2112 2131; x_wconf 89' lang='lat' dir='ltr'>cia</span> <span class='ocrx_word' id='word_1_435' title='bbox 2152 2079 2703 2150; x_wconf 87' lang='lat' dir='ltr'>Novempopulania;</span> <span class='ocrx_word' id='word_1_436' title='bbox 2750 2079 3088 2134; x_wconf 90' lang='lat' dir='ltr'>Hebreduna</span> <span class='ocrx_word' id='word_1_437' title='bbox 3135 2082 3458 2152; x_wconf 90' lang='lat' dir='ltr'>metropolis</span> <span class='ocrx_word' id='word_1_438' title='bbox 3503 2099 3632 2136; x_wconf 90' lang='lat' dir='ltr'>cum</span> 
     </span>
    </p>
   </div>
   <div class='ocr_carea' id='block_1_69' title="bbox 2029 2168 3632 2242">
    <p class='ocr_par' dir='ltr' id='par_1_69' title="bbox 2029 2168 3632 2242">
     <span class='ocr_line' id='line_1_69' title="bbox 2029 2168 3632 2242; baseline 0.001 -20"><span class='ocrx_word' id='word_1_439' title='bbox 2029 2183 2133 2222; x_wconf 88' lang='lat' dir='ltr'>sua</span> <span class='ocrx_word' id='word_1_440' title='bbox 2151 2168 2437 2238; x_wconf 89' lang='lat' dir='ltr'>provincia</span> <span class='ocrx_word' id='word_1_441' title='bbox 2454 2168 2680 2239; x_wconf 89' lang='lat' dir='ltr'>Alpium</span> <span class='ocrx_word' id='word_1_442' title='bbox 2699 2168 3112 2223; x_wconf 89' lang='lat' dir='ltr'>maritimarum</span> <span class='ocrx_word' id='word_1_443' title='bbox 3137 2186 3150 2224; x_wconf 90' lang='lat'>:</span> <span class='ocrx_word' id='word_1_444' title='bbox 3174 2171 3332 2225; x_wconf 84' lang='lat' dir='ltr'>Remi</span> <span class='ocrx_word' id='word_1_445' title='bbox 3353 2177 3632 2242; x_wconf 86' lang='lat' dir='ltr'>metropo-</span> 
     </span>
    </p>
   </div>
   <div class='ocr_carea' id='block_1_70' title="bbox 2026 2256 3630 2329">
    <p class='ocr_par' dir='ltr' id='par_1_70' title="bbox 2026 2256 3630 2329">
     <span class='ocr_line' id='line_1_70' title="bbox 2026 2256 3630 2329; baseline 0.002 -19"><span class='ocrx_word' id='word_1_446' title='bbox 2026 2256 2112 2322; x_wconf 90' lang='lat' dir='ltr'>lis,</span> <span class='ocrx_word' id='word_1_447' title='bbox 2144 2273 2271 2311; x_wconf 90' lang='lat' dir='ltr'>cum</span> <span class='ocrx_word' id='word_1_448' title='bbox 2301 2273 2404 2311; x_wconf 90' lang='lat' dir='ltr'>sua</span> <span class='ocrx_word' id='word_1_449' title='bbox 2430 2257 2716 2328; x_wconf 89' lang='lat' dir='ltr'>provincia</span> <span class='ocrx_word' id='word_1_450' title='bbox 2746 2258 2969 2329; x_wconf 82' lang='lat' dir='ltr'>Belgica</span> <span class='ocrx_word' id='word_1_451' title='bbox 2997 2260 3258 2322; x_wconf 90' lang='lat' dir='ltr'>secunda,</span> <span class='ocrx_word' id='word_1_452' title='bbox 3297 2259 3422 2313; x_wconf 88' lang='lat' dir='ltr'>aliis</span> <span class='ocrx_word' id='word_1_453' title='bbox 3442 2260 3630 2314; x_wconf 87' lang='lat' dir='ltr'>docto-</span> 
     </span>
    </p>
   </div>
   <div class='ocr_carea' id='block_1_71' title="bbox 2027 2345 3631 2419">
    <p class='ocr_par' dir='ltr' id='par_1_71' title="bbox 2027 2345 3631 2419">
     <span class='ocr_line' id='line_1_71' title="bbox 2027 2345 3631 2419; baseline 0.003 -21"><span class='ocrx_word' id='word_1_454' title='bbox 2027 2345 2182 2400; x_wconf 90' lang='lat' dir='ltr'>ribus</span> <span class='ocrx_word' id='word_1_455' title='bbox 2208 2352 2502 2401; x_wconf 86' lang='lat' dir='ltr'>reservata</span> <span class='ocrx_word' id='word_1_456' title='bbox 2532 2353 2682 2400; x_wconf 89' lang='lat' dir='ltr'>sunt.</span> <span class='ocrx_word' id='word_1_457' title='bbox 2708 2347 2914 2401; x_wconf 89' lang='lat' dir='ltr'>Eorum</span> <span class='ocrx_word' id='word_1_458' title='bbox 2947 2364 3075 2401; x_wconf 89' lang='lat' dir='ltr'>vero</span> <span class='ocrx_word' id='word_1_459' title='bbox 3107 2348 3201 2418; x_wconf 90' lang='lat' dir='ltr'>qui</span> <span class='ocrx_word' id='word_1_460' title='bbox 3230 2349 3301 2402; x_wconf 87' lang='lat' dir='ltr'>ad</span> <span class='ocrx_word' id='word_1_461' title='bbox 3332 2349 3631 2419; x_wconf 85' lang='lat' dir='ltr'>Hispanias</span> 
     </span>
    </p>
   </div>
   <div class='ocr_carea' id='block_1_72' title="bbox 2031 2434 3629 2505">
    <p class='ocr_par' dir='ltr' id='par_1_72' title="bbox 2031 2434 3629 2505">
     <span class='ocr_line' id='line_1_72' title="bbox 2031 2434 3629 2505; baseline 0.003 -17"><span class='ocrx_word' id='word_1_462' title='bbox 2031 2434 2102 2489; x_wconf 87' lang='lat' dir='ltr'>ab</span> <span class='ocrx_word' id='word_1_463' title='bbox 2130 2436 2397 2505; x_wconf 89' lang='lat' dir='ltr'>apostolis</span> <span class='ocrx_word' id='word_1_464' title='bbox 2425 2435 2693 2489; x_wconf 88' lang='lat' dir='ltr'>destinati</span> <span class='ocrx_word' id='word_1_465' title='bbox 2720 2442 2854 2489; x_wconf 91' lang='lat' dir='ltr'>sunt</span> <span class='ocrx_word' id='word_1_466' title='bbox 2880 2437 2996 2490; x_wconf 84' lang='lat' dir='ltr'>hac</span> <span class='ocrx_word' id='word_1_467' title='bbox 3025 2443 3158 2491; x_wconf 90' lang='lat' dir='ltr'>sunt</span> <span class='ocrx_word' id='word_1_468' title='bbox 3186 2437 3417 2491; x_wconf 87' lang='lat' dir='ltr'>nomina</span> <span class='ocrx_word' id='word_1_469' title='bbox 3449 2455 3459 2494; x_wconf 95' lang='lat'>:</span> <span class='ocrx_word' id='word_1_470' title='bbox 3489 2439 3629 2492; x_wconf 90' lang='lat' dir='ltr'>Tor-</span> 
     </span>
    </p>
   </div>
   <div class='ocr_carea' id='block_1_73' title="bbox 2033 2525 3629 2597">
    <p class='ocr_par' dir='ltr' id='par_1_73' title="bbox 2033 2525 3629 2597">
     <span class='ocr_line' id='line_1_73' title="bbox 2033 2525 3629 2597; baseline 0.002 -18"><span class='ocrx_word' id='word_1_471' title='bbox 2033 2532 2257 2597; x_wconf 89' lang='lat' dir='ltr'>quatus,</span> <span class='ocrx_word' id='word_1_472' title='bbox 2307 2525 2672 2596; x_wconf 86' lang='lat' dir='ltr'>Thesiphum,</span> <span class='ocrx_word' id='word_1_473' title='bbox 2717 2525 3024 2589; x_wconf 91' lang='lat' dir='ltr'>Secundus,</span> <span class='ocrx_word' id='word_1_474' title='bbox 3072 2527 3402 2590; x_wconf 90' lang='lat' dir='ltr'>Indalecius,</span> <span class='ocrx_word' id='word_1_475' title='bbox 3457 2528 3629 2582; x_wconf 88' lang='lat' dir='ltr'>Caci-</span> 
     </span>
    </p>
   </div>
   <div class='ocr_carea' id='block_1_74' title="bbox 2033 2613 3628 2686">
    <p class='ocr_par' dir='ltr' id='par_1_74' title="bbox 2033 2613 3628 2686">
     <span class='ocr_line' id='line_1_74' title="bbox 2033 2613 3628 2686; baseline 0.002 -18"><span class='ocrx_word' id='word_1_476' title='bbox 2033 2615 2160 2680; x_wconf 90' lang='lat' dir='ltr'>lius,</span> <span class='ocrx_word' id='word_1_477' title='bbox 2199 2613 2429 2674; x_wconf 85' lang='lat' dir='ltr'>Esicius,</span> <span class='ocrx_word' id='word_1_478' title='bbox 2469 2613 2830 2684; x_wconf 87' lang='lat' dir='ltr'>Euphrasius.</span> <span class='ocrx_word' id='word_1_479' title='bbox 2879 2615 2924 2668; x_wconf 94' lang='lat' dir='ltr'>Ii</span> <span class='ocrx_word' id='word_1_480' title='bbox 2971 2621 3183 2685; x_wconf 88' lang='lat' dir='ltr'>septem</span> <span class='ocrx_word' id='word_1_481' title='bbox 3226 2616 3628 2686; x_wconf 86' lang='lat' dir='ltr'>Hispaniarum</span> 
     </span>
    </p>
   </div>
   <div class='ocr_carea' id='block_1_75' title="bbox 2034 2703 3577 2776">
    <p class='ocr_par' dir='ltr' id='par_1_75' title="bbox 2034 2703 3577 2776">
     <span class='ocr_line' id='line_1_75' title="bbox 2034 2703 3577 2776; baseline 0.001 -18"><span class='ocrx_word' id='word_1_482' title='bbox 2034 2703 2346 2776; x_wconf 85' lang='lat' dir='ltr'>provincias</span> <span class='ocrx_word' id='word_1_483' title='bbox 2383 2709 2597 2774; x_wconf 90' lang='lat' dir='ltr'>septem</span> <span class='ocrx_word' id='word_1_484' title='bbox 2628 2703 2960 2758; x_wconf 87' lang='lat' dir='ltr'>Christiana</span> <span class='ocrx_word' id='word_1_485' title='bbox 2992 2703 3120 2758; x_wconf 81' lang='lat' dir='ltr'>ﬁdei</span> <span class='ocrx_word' id='word_1_486' title='bbox 3148 2705 3577 2775; x_wconf 85' lang='lat' dir='ltr'>conjunxerunt.</span> 
     </span>
    </p>
   </div>
   <div class='ocr_carea' id='block_1_76' title="bbox 2030 2863 3626 2934">
    <p class='ocr_par' dir='ltr' id='par_1_76' title="bbox 2030 2863 3626 2934">
     <span class='ocr_line' id='line_1_76' title="bbox 2030 2863 3626 2934; baseline 0.002 -17"><span class='ocrx_word' id='word_1_487' title='bbox 2030 2863 2160 2917; x_wconf 83' lang='lat' dir='ltr'>CAP.</span> <span class='ocrx_word' id='word_1_488' title='bbox 2192 2863 2492 2916; x_wconf 84' lang='lat' dir='ltr'>XXXVIII.</span> <span class='ocrx_word' id='word_1_489' title='bbox 2509 2891 2554 2898; x_wconf 91' lang='lat'><strong>—</strong></span> <span class='ocrx_word' id='word_1_490' title='bbox 2586 2865 2836 2930; x_wconf 76' lang='lat' dir='ltr'>Qualiter</span> <span class='ocrx_word' id='word_1_491' title='bbox 2867 2865 3020 2918; x_wconf 86' lang='lat' dir='ltr'>beata</span> <span class='ocrx_word' id='word_1_492' title='bbox 3038 2865 3222 2919; x_wconf 77' lang='lat' dir='ltr'>Maria</span> <span class='ocrx_word' id='word_1_493' title='bbox 3245 2867 3395 2933; x_wconf 85' lang='lat' dir='ltr'>apud</span> <span class='ocrx_word' id='word_1_494' title='bbox 3411 2868 3626 2934; x_wconf 81' lang='lat' dir='ltr'>Aquen-</span> 
     </span>
    </p>
   </div>
   <div class='ocr_carea' id='block_1_77' title="bbox 2099 2935 3628 3006">
    <p class='ocr_par' dir='ltr' id='par_1_77' title="bbox 2099 2935 3628 3006">
     <span class='ocr_line' id='line_1_77' title="bbox 2099 2935 3628 3006; baseline 0.004 -19"><span class='ocrx_word' id='word_1_495' title='bbox 2099 2950 2209 2987; x_wconf 87' lang='lat' dir='ltr'>sem</span> <span class='ocrx_word' id='word_1_496' title='bbox 2224 2937 2587 3002; x_wconf 78' lang='lat' dir='ltr'>metropolim,</span> <span class='ocrx_word' id='word_1_497' title='bbox 2607 2939 2662 2987; x_wconf 89' lang='lat' dir='ltr'>tu</span> <span class='ocrx_word' id='word_1_498' title='bbox 2673 2951 2725 2987; x_wconf 79' lang='lat' dir='ltr'>in</span> <span class='ocrx_word' id='word_1_499' title='bbox 2735 2935 3144 3004; x_wconf 66' lang='lat' dir='ltr'>pradicationi,</span> <span class='ocrx_word' id='word_1_500' title='bbox 3165 2941 3284 2990; x_wconf 85' lang='lat' dir='ltr'>tum</span> <span class='ocrx_word' id='word_1_501' title='bbox 3297 2941 3628 3006; x_wconf 84' lang='lat' dir='ltr'>contempla-</span> 
     </span>
    </p>
   </div>
   <div class='ocr_carea' id='block_1_78' title="bbox 1929 3008 2558 3076">
    <p class='ocr_par' dir='ltr' id='par_1_78' title="bbox 1929 3008 2558 3076">
     <span class='ocr_line' id='line_1_78' title="bbox 1929 3008 2558 3076; baseline -0.005 -17"><span class='ocrx_word' id='word_1_502' title='bbox 1929 3052 1941 3076; x_wconf 57' lang='lat'>:</span> <span class='ocrx_word' id='word_1_503' title='bbox 1967 3015 2010 3076; x_wconf 73' lang='grc' dir='ltr'>ο</span> <span class='ocrx_word' id='word_1_504' title='bbox 2101 3008 2243 3058; x_wconf 78' lang='lat' dir='ltr'>lieni</span> <span class='ocrx_word' id='word_1_505' title='bbox 2266 3008 2558 3059; x_wconf 72' lang='lat' dir='ltr'>vacaverit.</span> 
     </span>
    </p>
   </div>
   <div class='ocr_carea' id='block_1_79' title="bbox 2101 3147 3628 3222">
    <p class='ocr_par' dir='ltr' id='par_1_79' title="bbox 2101 3147 3628 3222">
     <span class='ocr_line' id='line_1_79' title="bbox 2101 3147 3628 3222; baseline 0.004 -22"><span class='ocrx_word' id='word_1_506' title='bbox 2101 3148 2306 3202; x_wconf 89' lang='lat' dir='ltr'>Beatus</span> <span class='ocrx_word' id='word_1_507' title='bbox 2335 3147 2510 3218; x_wconf 84' lang='lat' dir='ltr'>igitur</span> <span class='ocrx_word' id='word_1_508' title='bbox 2538 3148 2875 3202; x_wconf 86' lang='lat' dir='ltr'>Maximinus</span> <span class='ocrx_word' id='word_1_509' title='bbox 2911 3151 3231 3220; x_wconf 90' lang='lat' dir='ltr'>Aquensem</span> <span class='ocrx_word' id='word_1_510' title='bbox 3273 3151 3628 3222; x_wconf 88' lang='lat' dir='ltr'>metropolim</span> 
     </span>
    </p>
   </div>
   <div class='ocr_carea' id='block_1_80' title="bbox 2027 3236 3633 3309">
    <p class='ocr_par' dir='ltr' id='par_1_80' title="bbox 2027 3236 3633 3309">
     <span class='ocr_line' id='line_1_80' title="bbox 2027 3236 3633 3309; baseline 0.004 -20"><span class='ocrx_word' id='word_1_511' title='bbox 2027 3236 2334 3306; x_wconf 89' lang='lat' dir='ltr'>ingressus,</span> <span class='ocrx_word' id='word_1_512' title='bbox 2357 3237 2624 3291; x_wconf 85' lang='lat' dir='ltr'>doctrina</span> <span class='ocrx_word' id='word_1_513' title='bbox 2645 3237 2886 3292; x_wconf 83' lang='lat' dir='ltr'>calestis</span> <span class='ocrx_word' id='word_1_514' title='bbox 2903 3238 3119 3292; x_wconf 88' lang='lat' dir='ltr'>semina</span> <span class='ocrx_word' id='word_1_515' title='bbox 3135 3239 3433 3309; x_wconf 84' lang='lat' dir='ltr'>gentilium</span> <span class='ocrx_word' id='word_1_516' title='bbox 3454 3242 3633 3295; x_wconf 88' lang='lat' dir='ltr'>cordi-</span> 
     </span>
    </p>
   </div>
   <div class='ocr_carea' id='block_1_81' title="bbox 2029 3324 3631 3396">
    <p class='ocr_par' dir='ltr' id='par_1_81' title="bbox 2029 3324 3631 3396">
     <span class='ocr_line' id='line_1_81' title="bbox 2029 3324 3631 3396; baseline 0.002 -17"><span class='ocrx_word' id='word_1_517' title='bbox 2029 3324 2134 3379; x_wconf 90' lang='lat' dir='ltr'>bus</span> <span class='ocrx_word' id='word_1_518' title='bbox 2179 3325 2557 3396; x_wconf 86' lang='lat' dir='ltr'>inspargebat,</span> <span class='ocrx_word' id='word_1_519' title='bbox 2609 3340 2632 3369; x_wconf 78' lang='grc' dir='ltr'><strong>ο</strong></span> <span class='ocrx_word' id='word_1_520' title='bbox 2687 3329 2774 3380; x_wconf 85' lang='lat' dir='ltr'>die</span> <span class='ocrx_word' id='word_1_521' title='bbox 2822 3333 3106 3396; x_wconf 84' lang='lat' dir='ltr'>noctuque,</span> <span class='ocrx_word' id='word_1_522' title='bbox 3151 3331 3541 3396; x_wconf 67' lang='lat' dir='ltr'>pradicationi</span> <span class='ocrx_word' id='word_1_523' title='bbox 3583 3335 3631 3383; x_wconf 92' lang='lat' dir='ltr'>et</span> 
     </span>
    </p>
   </div>
   <div class='ocr_carea' id='block_1_82' title="bbox 2030 3417 3632 3485">
    <p class='ocr_par' dir='ltr' id='par_1_82' title="bbox 2030 3417 3632 3485">
     <span class='ocr_line' id='line_1_82' title="bbox 2030 3417 3632 3485; baseline 0.002 -17"><span class='ocrx_word' id='word_1_524' title='bbox 2030 3417 2275 3468; x_wconf 87' lang='lat' dir='ltr'>orationi</span> <span class='ocrx_word' id='word_1_525' title='bbox 2302 3419 2352 3468; x_wconf 89' lang='lat' dir='ltr'>et</span> <span class='ocrx_word' id='word_1_526' title='bbox 2369 3418 2590 3482; x_wconf 84' lang='lat' dir='ltr'>jejunio</span> <span class='ocrx_word' id='word_1_527' title='bbox 2607 3418 2884 3479; x_wconf 81' lang='lat' dir='ltr'>insistens,</span> <span class='ocrx_word' id='word_1_528' title='bbox 2907 3422 2968 3468; x_wconf 88' lang='lat' dir='ltr'>ut</span> <span class='ocrx_word' id='word_1_529' title='bbox 2981 3419 3249 3484; x_wconf 86' lang='lat' dir='ltr'>populum</span> <span class='ocrx_word' id='word_1_530' title='bbox 3271 3420 3444 3484; x_wconf 75' lang='lat' dir='ltr'>ipsius</span> <span class='ocrx_word' id='word_1_531' title='bbox 3461 3421 3632 3485; x_wconf 84' lang='lat' dir='ltr'>regio-</span> 
     </span>
    </p>
   </div>
   <div class='ocr_carea' id='block_1_83' title="bbox 2031 3502 3667 3573">
    <p class='ocr_par' dir='ltr' id='par_1_83' title="bbox 2031 3502 3667 3573">
     <span class='ocr_line' id='line_1_83' title="bbox 2031 3502 3667 3573; baseline 0.001 -17"><span class='ocrx_word' id='word_1_532' title='bbox 2031 3506 2120 3556; x_wconf 85' lang='lat' dir='ltr'>nis</span> <span class='ocrx_word' id='word_1_533' title='bbox 2141 3503 2494 3556; x_wconf 85' lang='lat' dir='ltr'>ineredulum</span> <span class='ocrx_word' id='word_1_534' title='bbox 2514 3505 2589 3555; x_wconf 89' lang='lat' dir='ltr'>ad</span> <span class='ocrx_word' id='word_1_535' title='bbox 2607 3506 2948 3571; x_wconf 85' lang='lat' dir='ltr'>agnitionem</span> <span class='ocrx_word' id='word_1_536' title='bbox 2966 3509 3014 3555; x_wconf 85' lang='lat' dir='ltr'>et</span> <span class='ocrx_word' id='word_1_537' title='bbox 3035 3508 3250 3557; x_wconf 86' lang='lat' dir='ltr'>cultum</span> <span class='ocrx_word' id='word_1_538' title='bbox 3273 3507 3372 3558; x_wconf 87' lang='lat' dir='ltr'>Dei</span> <span class='ocrx_word' id='word_1_539' title='bbox 3385 3521 3470 3557; x_wconf 89' lang='lat' dir='ltr'>om</span> <span class='ocrx_word' id='word_1_540' title='bbox 3480 3509 3632 3573; x_wconf 86' lang='lat' dir='ltr'>nipo-</span> <span class='ocrx_word' id='word_1_541' title='bbox 3659 3502 3667 3510; x_wconf 80' lang='grc'><strong>’</strong></span> 
     </span>
    </p>
   </div>
   <div class='ocr_carea' id='block_1_84' title="bbox 2033 3589 3629 3662">
    <p class='ocr_par' dir='ltr' id='par_1_84' title="bbox 2033 3589 3629 3662">
     <span class='ocr_line' id='line_1_84' title="bbox 2033 3589 3629 3662; baseline 0.002 -18"><span class='ocrx_word' id='word_1_542' title='bbox 2033 3595 2194 3644; x_wconf 76' lang='lat' dir='ltr'>tentis</span> <span class='ocrx_word' id='word_1_543' title='bbox 2246 3593 2585 3659; x_wconf 82' lang='lat' dir='ltr'>perduceret.</span> <span class='ocrx_word' id='word_1_544' title='bbox 2657 3592 2963 3661; x_wconf 89' lang='lat' dir='ltr'>Postquam</span> <span class='ocrx_word' id='word_1_545' title='bbox 3023 3589 3174 3657; x_wconf 76' lang='lat' dir='ltr'>vero,</span> <span class='ocrx_word' id='word_1_546' title='bbox 3235 3593 3629 3662; x_wconf 87' lang='lat' dir='ltr'>pradicatione</span> 
     </span>
    </p>
   </div>
   <div class='ocr_carea' id='block_1_85' title="bbox 2032 3679 3632 3753">
    <p class='ocr_par' dir='ltr' id='par_1_85' title="bbox 2032 3679 3632 3753">
     <span class='ocr_line' id='line_1_85' title="bbox 2032 3679 3632 3753; baseline 0.001 -19"><span class='ocrx_word' id='word_1_547' title='bbox 2032 3679 2368 3749; x_wconf 87' lang='lat' dir='ltr'>evangelica,</span> <span class='ocrx_word' id='word_1_548' title='bbox 2402 3695 2546 3732; x_wconf 90' lang='lat' dir='ltr'>nova</span> <span class='ocrx_word' id='word_1_549' title='bbox 2576 3679 2704 3732; x_wconf 84' lang='lat' dir='ltr'>ﬁdei</span> <span class='ocrx_word' id='word_1_550' title='bbox 2734 3697 2892 3749; x_wconf 85' lang='lat' dir='ltr'>seges</span> <span class='ocrx_word' id='word_1_551' title='bbox 2920 3681 3176 3744; x_wconf 83' lang='lat' dir='ltr'>excrevit,</span> <span class='ocrx_word' id='word_1_552' title='bbox 3203 3681 3400 3735; x_wconf 88' lang='lat' dir='ltr'>beatus</span> <span class='ocrx_word' id='word_1_553' title='bbox 3429 3683 3632 3753; x_wconf 89' lang='lat' dir='ltr'>prasul</span> 
     </span>
    </p>
   </div>
   <div class='ocr_carea' id='block_1_86' title="bbox 2033 3769 3633 3840">
    <p class='ocr_par' dir='ltr' id='par_1_86' title="bbox 2033 3769 3633 3840">
     <span class='ocr_line' id='line_1_86' title="bbox 2033 3769 3633 3840; baseline 0.002 -17"><span class='ocrx_word' id='word_1_554' title='bbox 2033 3769 2386 3832; x_wconf 85' lang='lat' dir='ltr'>Maximinus,</span> <span class='ocrx_word' id='word_1_555' title='bbox 2417 3769 2668 3838; x_wconf 89' lang='lat' dir='ltr'>Aquensi</span> <span class='ocrx_word' id='word_1_556' title='bbox 2695 3769 2949 3823; x_wconf 86' lang='lat' dir='ltr'>Ecclesia</span> <span class='ocrx_word' id='word_1_557' title='bbox 2978 3770 3302 3840; x_wconf 78' lang='lat' dir='ltr'>praesidens,</span> <span class='ocrx_word' id='word_1_558' title='bbox 3343 3770 3534 3824; x_wconf 87' lang='lat' dir='ltr'>multis</span> <span class='ocrx_word' id='word_1_559' title='bbox 3575 3777 3633 3826; x_wconf 93' lang='lat' dir='ltr'>et</span> 
     </span>
    </p>
   </div>
   <div class='ocr_carea' id='block_1_87' title="bbox 2027 3857 3628 3931">
    <p class='ocr_par' dir='ltr' id='par_1_87' title="bbox 2027 3857 3628 3931">
     <span class='ocr_line' id='line_1_87' title="bbox 2027 3857 3628 3931; baseline 0.002 -19"><span class='ocrx_word' id='word_1_560' title='bbox 2027 3857 2258 3912; x_wconf 89' lang='lat' dir='ltr'>diversis</span> <span class='ocrx_word' id='word_1_561' title='bbox 2290 3857 2690 3911; x_wconf 89' lang='lat' dir='ltr'>miraculorum</span> <span class='ocrx_word' id='word_1_562' title='bbox 2722 3857 3022 3912; x_wconf 87' lang='lat' dir='ltr'>virtutibus</span> <span class='ocrx_word' id='word_1_563' title='bbox 3062 3859 3290 3913; x_wconf 71' lang='lat' dir='ltr'>effulsit.</span> <span class='ocrx_word' id='word_1_564' title='bbox 3339 3860 3480 3914; x_wconf 88' lang='lat' dir='ltr'>Cum</span> <span class='ocrx_word' id='word_1_565' title='bbox 3519 3877 3628 3931; x_wconf 92' lang='lat' dir='ltr'>quo</span> 
     </span>
    </p>
   </div>
   <div class='ocr_carea' id='block_1_88' title="bbox 2025 3945 3630 4017">
    <p class='ocr_par' dir='ltr' id='par_1_88' title="bbox 2025 3945 3630 4017">
     <span class='ocr_line' id='line_1_88' title="bbox 2025 3945 3630 4017; baseline 0.002 -17"><span class='ocrx_word' id='word_1_566' title='bbox 2025 3947 2274 4017; x_wconf 89' lang='lat' dir='ltr'>gloriosa</span> <span class='ocrx_word' id='word_1_567' title='bbox 2310 3952 2367 4000; x_wconf 91' lang='lat' dir='ltr'>et</span> <span class='ocrx_word' id='word_1_568' title='bbox 2396 3945 2652 4017; x_wconf 89' lang='lat' dir='ltr'>specialis</span> <span class='ocrx_word' id='word_1_569' title='bbox 2689 3947 2913 4000; x_wconf 91' lang='lat' dir='ltr'>Domini</span> <span class='ocrx_word' id='word_1_570' title='bbox 2964 3947 3287 4013; x_wconf 87' lang='lat' dir='ltr'>Salvatoris,</span> <span class='ocrx_word' id='word_1_571' title='bbox 3330 3949 3388 4003; x_wconf 93' lang='lat' dir='ltr'>in</span> <span class='ocrx_word' id='word_1_572' title='bbox 3433 3949 3630 4004; x_wconf 89' lang='lat' dir='ltr'>eadem</span> 
     </span>
    </p>
   </div>
   <div class='ocr_carea' id='block_1_89' title="bbox 2031 4035 3631 4109">
    <p class='ocr_par' dir='ltr' id='par_1_89' title="bbox 2031 4035 3631 4109">
     <span class='ocr_line' id='line_1_89' title="bbox 2031 4035 3631 4109; baseline 0.001 -19"><span class='ocrx_word' id='word_1_573' title='bbox 2031 4035 2292 4099; x_wconf 90' lang='lat' dir='ltr'>Ecclesia,</span> <span class='ocrx_word' id='word_1_574' title='bbox 2309 4051 2564 4106; x_wconf 88' lang='lat' dir='ltr'>superna</span> <span class='ocrx_word' id='word_1_575' title='bbox 2577 4035 3038 4106; x_wconf 87' lang='lat' dir='ltr'>contemplationi</span> <span class='ocrx_word' id='word_1_576' title='bbox 3055 4053 3276 4102; x_wconf 88' lang='lat' dir='ltr'>vacans,</span> <span class='ocrx_word' id='word_1_577' title='bbox 3292 4037 3496 4108; x_wconf 90' lang='lat' dir='ltr'>quippe</span> <span class='ocrx_word' id='word_1_578' title='bbox 3509 4053 3631 4109; x_wconf 89' lang='lat' dir='ltr'>qua</span> 
     </span>
    </p>
   </div>
   <div class='ocr_carea' id='block_1_90' title="bbox 2029 4124 3630 4195">
    <p class='ocr_par' dir='ltr' id='par_1_90' title="bbox 2029 4124 3630 4195">
     <span class='ocr_line' id='line_1_90' title="bbox 2029 4124 3630 4195; baseline 0.002 -18"><span class='ocrx_word' id='word_1_579' title='bbox 2029 4141 2224 4178; x_wconf 89' lang='lat' dir='ltr'>revera</span> <span class='ocrx_word' id='word_1_580' title='bbox 2285 4128 2412 4178; x_wconf 91' lang='lat' dir='ltr'>erat</span> <span class='ocrx_word' id='word_1_581' title='bbox 2463 4124 2856 4195; x_wconf 85' lang='lat' dir='ltr'>Redemptoris</span> <span class='ocrx_word' id='word_1_582' title='bbox 2913 4125 3310 4180; x_wconf 87' lang='lat' dir='ltr'>ardentissima</span> <span class='ocrx_word' id='word_1_583' title='bbox 3357 4127 3630 4194; x_wconf 86' lang='lat' dir='ltr'>dilectrix,</span> 
     </span>
    </p>
   </div>
   <div class='ocr_carea' id='block_1_91' title="bbox 2027 4213 3631 4286">
    <p class='ocr_par' dir='ltr' id='par_1_91' title="bbox 2027 4213 3631 4286">
     <span class='ocr_line' id='line_1_91' title="bbox 2027 4213 3631 4286; baseline 0.002 -20"><span class='ocrx_word' id='word_1_584' title='bbox 2027 4213 2253 4284; x_wconf 84' lang='lat' dir='ltr'>optima</span> <span class='ocrx_word' id='word_1_585' title='bbox 2307 4213 2484 4284; x_wconf 87' lang='lat' dir='ltr'>partis</span> <span class='ocrx_word' id='word_1_586' title='bbox 2529 4213 2967 4283; x_wconf 87' lang='lat' dir='ltr'>prudentissima</span> <span class='ocrx_word' id='word_1_587' title='bbox 3010 4215 3254 4282; x_wconf 86' lang='lat' dir='ltr'>electrix,</span> <span class='ocrx_word' id='word_1_588' title='bbox 3300 4231 3442 4286; x_wconf 87' lang='lat' dir='ltr'>qua,</span> <span class='ocrx_word' id='word_1_589' title='bbox 3485 4222 3631 4270; x_wconf 89' lang='lat' dir='ltr'>teste</span> 
     </span>
    </p>
   </div>
   <div class='ocr_carea' id='block_1_92' title="bbox 2028 4301 3631 4375">
    <p class='ocr_par' dir='ltr' id='par_1_92' title="bbox 2028 4301 3631 4375">
     <span class='ocr_line' id='line_1_92' title="bbox 2028 4301 3631 4375; baseline 0.002 -19"><span class='ocrx_word' id='word_1_590' title='bbox 2028 4302 2162 4366; x_wconf 91' lang='lat' dir='ltr'>Deo,</span> <span class='ocrx_word' id='word_1_591' title='bbox 2196 4318 2485 4373; x_wconf 90' lang='lat' dir='ltr'>nunquam</span> <span class='ocrx_word' id='word_1_592' title='bbox 2511 4301 2562 4355; x_wconf 90' lang='lat' dir='ltr'>ei</span> <span class='ocrx_word' id='word_1_593' title='bbox 2591 4301 2781 4358; x_wconf 84' lang='lat' dir='ltr'>ablata</span> <span class='ocrx_word' id='word_1_594' title='bbox 2809 4309 2912 4366; x_wconf 90' lang='lat' dir='ltr'>est,</span> <span class='ocrx_word' id='word_1_595' title='bbox 2950 4321 3016 4358; x_wconf 89' lang='lat' dir='ltr'>ex</span> <span class='ocrx_word' id='word_1_596' title='bbox 3049 4321 3157 4375; x_wconf 91' lang='lat' dir='ltr'>quo</span> <span class='ocrx_word' id='word_1_597' title='bbox 3196 4321 3320 4358; x_wconf 89' lang='lat' dir='ltr'>eam</span> <span class='ocrx_word' id='word_1_598' title='bbox 3351 4305 3421 4358; x_wconf 89' lang='lat' dir='ltr'>ad</span> <span class='ocrx_word' id='word_1_599' title='bbox 3460 4305 3631 4375; x_wconf 89' lang='lat' dir='ltr'>pedes</span> 
     </span>
    </p>
   </div>
   <div class='ocr_carea' id='block_1_93' title="bbox 2030 4391 3625 4462">
    <p class='ocr_par' dir='ltr' id='par_1_93' title="bbox 2030 4391 3625 4462">
     <span class='ocr_line' id='line_1_93' title="bbox 2030 4391 3625 4462; baseline 0.002 -17"><span class='ocrx_word' id='word_1_600' title='bbox 2030 4391 2238 4446; x_wconf 88' lang='lat' dir='ltr'>Christi</span> <span class='ocrx_word' id='word_1_601' title='bbox 2269 4392 2475 4462; x_wconf 89' lang='lat' dir='ltr'>adepta</span> <span class='ocrx_word' id='word_1_602' title='bbox 2495 4396 2600 4457; x_wconf 88' lang='lat' dir='ltr'>est,</span> <span class='ocrx_word' id='word_1_603' title='bbox 2627 4393 2806 4446; x_wconf 87' lang='lat' dir='ltr'>Maria</span> <span class='ocrx_word' id='word_1_604' title='bbox 2824 4391 2992 4446; x_wconf 84' lang='lat' dir='ltr'>Verbi</span> <span class='ocrx_word' id='word_1_605' title='bbox 3015 4392 3116 4446; x_wconf 90' lang='lat' dir='ltr'>Dei</span> <span class='ocrx_word' id='word_1_606' title='bbox 3141 4393 3344 4446; x_wconf 90' lang='lat' dir='ltr'>mentis</span> <span class='ocrx_word' id='word_1_607' title='bbox 3363 4394 3625 4460; x_wconf 90' lang='lat' dir='ltr'>esuriem,</span> 
     </span>
    </p>
   </div>
   <div class='ocr_carea' id='block_1_94' title="bbox 2030 4479 3627 4546">
    <p class='ocr_par' dir='ltr' id='par_1_94' title="bbox 2030 4479 3627 4546">
     <span class='ocr_line' id='line_1_94' title="bbox 2030 4479 3627 4546; baseline 0.001 -12"><span class='ocrx_word' id='word_1_608' title='bbox 2030 4481 2173 4534; x_wconf 89' lang='lat' dir='ltr'>miro</span> <span class='ocrx_word' id='word_1_609' title='bbox 2205 4479 2390 4546; x_wconf 92' lang='lat' dir='ltr'>modo,</span> <span class='ocrx_word' id='word_1_610' title='bbox 2417 4480 2695 4534; x_wconf 87' lang='lat' dir='ltr'>excitabat</span> <span class='ocrx_word' id='word_1_611' title='bbox 2709 4487 2764 4533; x_wconf 91' lang='lat' dir='ltr'>et</span> <span class='ocrx_word' id='word_1_612' title='bbox 2777 4481 3067 4534; x_wconf 84' lang='lat' dir='ltr'>excitando</span> <span class='ocrx_word' id='word_1_613' title='bbox 3089 4482 3376 4535; x_wconf 88' lang='lat' dir='ltr'>reﬁciebat</span> <span class='ocrx_word' id='word_1_614' title='bbox 3399 4501 3411 4545; x_wconf 89' lang='lat'>;</span> <span class='ocrx_word' id='word_1_615' title='bbox 3436 4483 3627 4536; x_wconf 90' lang='lat' dir='ltr'>dilecti</span> 
     </span>
    </p>
   </div>
   <div class='ocr_carea' id='block_1_95' title="bbox 2030 4569 3629 4664">
    <p class='ocr_par' dir='ltr' id='par_1_95' title="bbox 2030 4569 3629 4664">
     <span class='ocr_line' id='line_1_95' title="bbox 2030 4569 3629 4664; baseline 0.001 -40"><span class='ocrx_word' id='word_1_616' title='bbox 2030 4569 2312 4626; x_wconf 82' lang='lat' dir='ltr'>dilectoris</span> <span class='ocrx_word' id='word_1_617' title='bbox 2341 4569 2429 4624; x_wconf 88' lang='lat' dir='ltr'>sui</span> <span class='ocrx_word' id='word_1_618' title='bbox 2460 4570 2660 4624; x_wconf 85' lang='lat' dir='ltr'>allecta</span> <span class='ocrx_word' id='word_1_619' title='bbox 2678 4570 2991 4636; x_wconf 90' lang='lat' dir='ltr'>dulcedine,</span> <span class='ocrx_word' id='word_1_620' title='bbox 3012 4570 3070 4624; x_wconf 91' lang='lat' dir='ltr'>in</span> <span class='ocrx_word' id='word_1_621' title='bbox 3090 4571 3327 4626; x_wconf 90' lang='lat' dir='ltr'>Domino</span> <span class='ocrx_word' id='word_1_622' title='bbox 3353 4571 3629 4664; x_wconf 58' lang='lat' dir='ltr'>desiderio</span> 
     </span>
    </p>
   </div>
   <div class='ocr_carea' id='block_1_96' title="bbox 1289 4687 2683 4734">
    <p class='ocr_par' dir='ltr' id='par_1_96' title="bbox 1289 4687 2683 4734">
     <span class='ocr_line' id='line_1_96' title="bbox 1289 4687 2683 4734; baseline -0.003 0"><span class='ocrx_word' id='word_1_623' title='bbox 1289 4687 1462 4734; x_wconf 73' lang='lat' dir='ltr'>NOTE</span> <span class='ocrx_word' id='word_1_624' title='bbox 1509 4687 1871 4733; x_wconf 71' lang='lat' dir='ltr'>POTlSSlHUM</span> <span class='ocrx_word' id='word_1_625' title='bbox 1917 4687 1995 4732; x_wconf 76' lang='lat' dir='ltr'>EX</span> <span class='ocrx_word' id='word_1_626' title='bbox 2041 4687 2282 4732; x_wconf 75' lang='lat' dir='ltr'>llABANO</span> <span class='ocrx_word' id='word_1_627' title='bbox 2326 4687 2683 4730; x_wconf 73' lang='lat' dir='ltr'>DESUMPTE.</span> 
     </span>
    </p>
   </div>
   <div class='ocr_carea' id='block_1_97' title="bbox 412 4778 1142 4833">
    <p class='ocr_par' dir='ltr' id='par_1_97' title="bbox 412 4778 1142 4833">
     <span class='ocr_line' id='line_1_97' title="bbox 412 4778 1142 4833; baseline -0.003 0"><span class='ocrx_word' id='word_1_628' title='bbox 412 4789 441 4820; x_wconf 76' lang='grc' dir='ltr'>ι</span> <span class='ocrx_word' id='word_1_629' title='bbox 469 4781 624 4833; x_wconf 81' lang='lat' dir='ltr'>Forte</span> <span class='ocrx_word' id='word_1_630' title='bbox 650 4781 792 4833; x_wconf 83' lang='lat' dir='ltr'>deest</span> <span class='ocrx_word' id='word_1_631' title='bbox 811 4793 918 4833; x_wconf 71' lang='lat' dir='ltr'>vos:</span> <span class='ocrx_word' id='word_1_632' title='bbox 942 4778 1142 4832; x_wconf 84' lang='lat' dir='ltr'>amica.</span> 
     </span>
    </p>
   </div>
   <div class='ocr_carea' id='block_1_98' title="bbox 413 4849 1949 4920">
    <p class='ocr_par' dir='ltr' id='par_1_98' title="bbox 413 4849 1949 4920">
     <span class='ocr_line' id='line_1_98' title="bbox 413 4849 1949 4920; baseline -0.001 -16"><span class='ocrx_word' id='word_1_633' title='bbox 413 4850 440 4890; x_wconf 68' lang='grc' dir='ltr'>δ</span> <span class='ocrx_word' id='word_1_634' title='bbox 463 4850 597 4905; x_wconf 83' lang='lat' dir='ltr'>Cod.</span> <span class='ocrx_word' id='word_1_635' title='bbox 631 4849 877 4920; x_wconf 88' lang='lat' dir='ltr'>primum</span> <span class='ocrx_word' id='word_1_636' title='bbox 916 4851 1216 4916; x_wconf 84' lang='lat' dir='ltr'>Lugiristio</span> <span class='ocrx_word' id='word_1_637' title='bbox 1246 4854 1304 4902; x_wconf 91' lang='lat' dir='ltr'>et</span> <span class='ocrx_word' id='word_1_638' title='bbox 1340 4849 1570 4903; x_wconf 89' lang='lat' dir='ltr'>demum</span> <span class='ocrx_word' id='word_1_639' title='bbox 1611 4849 1835 4920; x_wconf 81' lang='lat' dir='ltr'>Liguria</span> <span class='ocrx_word' id='word_1_640' title='bbox 1883 4865 1949 4902; x_wconf 87' lang='lat' dir='ltr'>ex</span> 
     </span>
    </p>
   </div>
   <div class='ocr_carea' id='block_1_99' title="bbox 339 4919 1950 4992">
    <p class='ocr_par' dir='ltr' id='par_1_99' title="bbox 339 4919 1950 4992">
     <span class='ocr_line' id='line_1_99' title="bbox 339 4919 1950 4992; baseline -0.001 -17"><span class='ocrx_word' id='word_1_641' title='bbox 339 4921 562 4975; x_wconf 89' lang='lat' dir='ltr'>incuria</span> <span class='ocrx_word' id='word_1_642' title='bbox 585 4919 737 4976; x_wconf 81' lang='lat' dir='ltr'>certe</span> <span class='ocrx_word' id='word_1_643' title='bbox 767 4921 1218 4976; x_wconf 89' lang='lat' dir='ltr'>amanuensium.</span> <span class='ocrx_word' id='word_1_644' title='bbox 1237 4921 1402 4992; x_wconf 88' lang='lat' dir='ltr'>Apud</span> <span class='ocrx_word' id='word_1_645' title='bbox 1422 4919 1802 4992; x_wconf 20' lang='lat' dir='ltr'>Rabanumgde</span> <span class='ocrx_word' id='word_1_646' title='bbox 1821 4921 1950 4975; x_wconf 84' lang='lat' dir='ltr'>Uni-</span> 
     </span>
    </p>
   </div>
   <div class='ocr_carea' id='block_1_100' title="bbox 336 4989 1765 5062">
    <p class='ocr_par' dir='ltr' id='par_1_100' title="bbox 336 4989 1765 5062">
     <span class='ocr_line' id='line_1_100' title="bbox 336 4989 1765 5062; baseline -0.003 -15"><span class='ocrx_word' id='word_1_647' title='bbox 336 5007 494 5047; x_wconf 75' lang='lat' dir='ltr'>verso</span> <span class='ocrx_word' id='word_1_648' title='bbox 521 4992 694 5046; x_wconf 90' lang='lat' dir='ltr'>habes</span> <span class='ocrx_word' id='word_1_649' title='bbox 727 4995 992 5060; x_wconf 85' lang='lat' dir='ltr'>Liguslici</span> <span class='ocrx_word' id='word_1_650' title='bbox 1019 4989 1402 5061; x_wconf 59' lang='lat' dir='ltr'>aquaris,&#39;lib.</span> <span class='ocrx_word' id='word_1_651' title='bbox 1433 5005 1532 5055; x_wconf 82' lang='lat' dir='ltr'>xu,</span> <span class='ocrx_word' id='word_1_652' title='bbox 1558 5007 1678 5062; x_wconf 88' lang='lat' dir='ltr'>cap.</span> <span class='ocrx_word' id='word_1_653' title='bbox 1716 4989 1765 5046; x_wconf 87' lang='grc'><strong>5.</strong></span> 
     </span>
    </p>
   </div>
   <div class='ocr_carea' id='block_1_101' title="bbox 414 5065 1503 5118">
    <p class='ocr_par' dir='ltr' id='par_1_101' title="bbox 414 5065 1503 5118">
     <span class='ocr_line' id='line_1_101' title="bbox 414 5065 1503 5118; baseline -0.003 0"><span class='ocrx_word' id='word_1_654' title='bbox 414 5071 438 5102; x_wconf 81' lang='grc' dir='ltr'><strong>ο</strong></span> <span class='ocrx_word' id='word_1_655' title='bbox 465 5067 746 5118; x_wconf 83' lang='lat' dir='ltr'>Ancienne</span> <span class='ocrx_word' id='word_1_656' title='bbox 787 5066 869 5118; x_wconf 84' lang='lat' dir='ltr'>Vie</span> <span class='ocrx_word' id='word_1_657' title='bbox 895 5065 958 5117; x_wconf 87' lang='lat' dir='ltr'>de</span> <span class='ocrx_word' id='word_1_658' title='bbox 989 5066 1166 5116; x_wconf 88' lang='lat' dir='ltr'>sainte</span> <span class='ocrx_word' id='word_1_659' title='bbox 1186 5065 1503 5116; x_wconf 78' lang='lat' dir='ltr'>Madeleinc.</span> 
     </span>
    </p>
   </div>
   <div class='ocr_carea' id='block_1_102' title="bbox 411 5133 1944 5201">
    <p class='ocr_par' dir='ltr' id='par_1_102' title="bbox 411 5133 1944 5201">
     <span class='ocr_line' id='line_1_102' title="bbox 411 5133 1944 5201; baseline -0.003 -13"><span class='ocrx_word' id='word_1_660' title='bbox 411 5133 440 5176; x_wconf 68' lang='grc' dir='ltr'><strong><em>ἀ</em></strong></span> <span class='ocrx_word' id='word_1_661' title='bbox 467 5136 706 5198; x_wconf 73' lang='lat' dir='ltr'>Primae;</span> <span class='ocrx_word' id='word_1_662' title='bbox 741 5135 1013 5191; x_wconf 82' lang='lat' dir='ltr'>Gatianus</span> <span class='ocrx_word' id='word_1_663' title='bbox 1054 5136 1322 5188; x_wconf 83' lang='lat' dir='ltr'>Turonem</span> <span class='ocrx_word' id='word_1_664' title='bbox 1357 5136 1700 5201; x_wconf 83' lang='lat' dir='ltr'>metropolim</span> <span class='ocrx_word' id='word_1_665' title='bbox 1733 5133 1944 5198; x_wconf 85' lang='lat' dir='ltr'>Lugdu-</span> 
     </span>
    </p>
   </div>
   <div class='ocr_carea' id='block_1_103' title="bbox 342 5201 1943 5271">
    <p class='ocr_par' dir='ltr' id='par_1_103' title="bbox 342 5201 1943 5271">
     <span class='ocr_line' id='line_1_103' title="bbox 342 5201 1943 5271; baseline -0.001 -12"><span class='ocrx_word' id='word_1_666' title='bbox 342 5209 547 5271; x_wconf 79' lang='lat' dir='ltr'>nensis,</span> <span class='ocrx_word' id='word_1_667' title='bbox 599 5207 716 5260; x_wconf 85' lang='lat' dir='ltr'>hac</span> <span class='ocrx_word' id='word_1_668' title='bbox 756 5207 973 5260; x_wconf 83' lang='lat' dir='ltr'>desunt</span> <span class='ocrx_word' id='word_1_669' title='bbox 1020 5205 1080 5258; x_wconf 88' lang='lat' dir='ltr'>in</span> <span class='ocrx_word' id='word_1_670' title='bbox 1130 5204 1317 5259; x_wconf 90' lang='lat' dir='ltr'>codice</span> <span class='ocrx_word' id='word_1_671' title='bbox 1361 5219 1426 5257; x_wconf 84' lang='lat' dir='ltr'>ex</span> <span class='ocrx_word' id='word_1_672' title='bbox 1473 5203 1689 5258; x_wconf 89' lang='lat' dir='ltr'>incuria</span> <span class='ocrx_word' id='word_1_673' title='bbox 1731 5201 1943 5257; x_wconf 84' lang='lat' dir='ltr'>librarii</span> 
     </span>
    </p>
   </div>
   <div class='ocr_carea' id='block_1_104' title="bbox 339 5275 1939 5348">
    <p class='ocr_par' dir='ltr' id='par_1_104' title="bbox 339 5275 1939 5348">
     <span class='ocr_line' id='line_1_104' title="bbox 339 5275 1939 5348; baseline -0.002 -18"><span class='ocrx_word' id='word_1_674' title='bbox 339 5283 502 5348; x_wconf 15' lang='grc' dir='ltr'>(ἕδνων</span> <span class='ocrx_word' id='word_1_675' title='bbox 523 5277 592 5330; x_wconf 84' lang='lat' dir='ltr'>ob</span> <span class='ocrx_word' id='word_1_676' title='bbox 621 5277 908 5348; x_wconf 79' lang='lat' dir='ltr'>duplicata</span> <span class='ocrx_word' id='word_1_677' title='bbox 943 5276 1112 5331; x_wconf 89' lang='lat' dir='ltr'>verba</span> <span class='ocrx_word' id='word_1_678' title='bbox 1148 5277 1491 5348; x_wconf 81' lang='lat' dir='ltr'>metropolim</span> <span class='ocrx_word' id='word_1_679' title='bbox 1542 5275 1939 5348; x_wconf 67' lang='lat' dir='ltr'>Lugdunensis.</span> 
     </span>
    </p>
   </div>
   <div class='ocr_carea' id='block_1_105' title="bbox 343 5345 1946 5416">
    <p class='ocr_par' dir='ltr' id='par_1_105' title="bbox 343 5345 1946 5416">
     <span class='ocr_line' id='line_1_105' title="bbox 343 5345 1946 5416; baseline -0.001 -14"><span class='ocrx_word' id='word_1_680' title='bbox 343 5347 570 5402; x_wconf 86' lang='lat' dir='ltr'>Etenim</span> <span class='ocrx_word' id='word_1_681' title='bbox 603 5367 614 5401; x_wconf 90' lang='lat'>:</span> <span class='ocrx_word' id='word_1_682' title='bbox 655 5345 994 5403; x_wconf 53' lang='lat' dir='ltr'>lJRabanus</span> <span class='ocrx_word' id='word_1_683' title='bbox 1011 5348 1333 5402; x_wconf 86' lang='lat' dir='ltr'>nullatenus</span> <span class='ocrx_word' id='word_1_684' title='bbox 1352 5346 1580 5400; x_wconf 85' lang='lat' dir='ltr'>dixisset</span> <span class='ocrx_word' id='word_1_685' title='bbox 1609 5345 1946 5416; x_wconf 87' lang='lat' dir='ltr'>Lugdunum</span> 
     </span>
    </p>
   </div>
   <div class='ocr_carea' id='block_1_106' title="bbox 341 5417 1944 5491">
    <p class='ocr_par' dir='ltr' id='par_1_106' title="bbox 341 5417 1944 5491">
     <span class='ocr_line' id='line_1_106' title="bbox 341 5417 1944 5491; baseline 0.001 -19"><span class='ocrx_word' id='word_1_686' title='bbox 341 5432 466 5473; x_wconf 83' lang='lat' dir='ltr'>esse</span> <span class='ocrx_word' id='word_1_687' title='bbox 497 5420 852 5491; x_wconf 84' lang='lat' dir='ltr'>metropolim</span> <span class='ocrx_word' id='word_1_688' title='bbox 880 5419 1178 5491; x_wconf 81' lang='lat' dir='ltr'>provincia</span> <span class='ocrx_word' id='word_1_689' title='bbox 1194 5417 1596 5491; x_wconf 79' lang='lat' dir='ltr'>Lugdunensis</span> <span class='ocrx_word' id='word_1_690' title='bbox 1617 5418 1796 5472; x_wconf 83' lang='lat' dir='ltr'>tertia</span> <span class='ocrx_word' id='word_1_691' title='bbox 1819 5434 1944 5491; x_wconf 84' lang='lat' dir='ltr'>cum</span> 
     </span>
    </p>
   </div>
   <div class='ocr_carea' id='block_1_107' title="bbox 344 5488 1943 5560">
    <p class='ocr_par' dir='ltr' id='par_1_107' title="bbox 344 5488 1943 5560">
     <span class='ocr_line' id='line_1_107' title="bbox 344 5488 1943 5560; baseline -0.001 -16"><span class='ocrx_word' id='word_1_692' title='bbox 344 5491 588 5560; x_wconf 85' lang='lat' dir='ltr'>ipsemet</span> <span class='ocrx_word' id='word_1_693' title='bbox 611 5488 846 5546; x_wconf 75' lang='lat' dir='ltr'>inferius</span> <span class='ocrx_word' id='word_1_694' title='bbox 881 5488 1332 5560; x_wconf 59' lang='lat' dir='ltr'>animadvertat,</span> <span class='ocrx_word' id='word_1_695' title='bbox 1357 5495 1414 5541; x_wconf 88' lang='lat' dir='ltr'>et</span> <span class='ocrx_word' id='word_1_696' title='bbox 1453 5489 1696 5560; x_wconf 88' lang='lat' dir='ltr'>quidem</span> <span class='ocrx_word' id='word_1_697' title='bbox 1723 5488 1943 5560; x_wconf 83' lang='lat' dir='ltr'>merito,</span> 
     </span>
    </p>
   </div>
   <div class='ocr_carea' id='block_1_108' title="bbox 393 5559 1948 5632">
    <p class='ocr_par' dir='ltr' id='par_1_108' title="bbox 393 5559 1948 5632">
     <span class='ocr_line' id='line_1_108' title="bbox 393 5559 1948 5632; baseline -0.001 -16"><span class='ocrx_word' id='word_1_698' title='bbox 393 5572 735 5618; x_wconf 79' lang='lat' dir='ltr'>enomanum</span> <span class='ocrx_word' id='word_1_699' title='bbox 763 5562 936 5618; x_wconf 86' lang='lat' dir='ltr'>situm</span> <span class='ocrx_word' id='word_1_700' title='bbox 957 5562 1157 5618; x_wconf 86' lang='lat' dir='ltr'>essein</span> <span class='ocrx_word' id='word_1_701' title='bbox 1183 5559 1546 5632; x_wconf 79' lang='lat' dir='ltr'>Lugdunensl</span> <span class='ocrx_word' id='word_1_702' title='bbox 1571 5559 1758 5617; x_wconf 76' lang='lat' dir='ltr'>tertia.</span> <span class='ocrx_word' id='word_1_703' title='bbox 1783 5559 1842 5616; x_wconf 75' lang='lat'>2°</span> <span class='ocrx_word' id='word_1_704' title='bbox 1858 5559 1948 5615; x_wconf 70' lang='lat' dir='ltr'>Hae</span> 
     </span>
    </p>
   </div>
   <div class='ocr_carea' id='block_1_109' title="bbox 1970 4775 3630 4847">
    <p class='ocr_par' dir='ltr' id='par_1_109' title="bbox 1970 4775 3630 4847">
     <span class='ocr_line' id='line_1_109' title="bbox 1970 4775 3630 4847; baseline -0.001 -16"><span class='ocrx_word' id='word_1_705' title='bbox 1970 4783 2020 4840; x_wconf 93' lang='lat' dir='ltr'>D</span> <span class='ocrx_word' id='word_1_706' title='bbox 2034 4780 2212 4831; x_wconf 78' lang='lat' dir='ltr'>decem</span> <span class='ocrx_word' id='word_1_707' title='bbox 2232 4778 2530 4845; x_wconf 69' lang='lat' dir='ltr'>provincia</span> <span class='ocrx_word' id='word_1_708' title='bbox 2550 4775 2884 4838; x_wconf 84' lang='lat' dir='ltr'>Galliarum,</span> <span class='ocrx_word' id='word_1_709' title='bbox 2910 4777 2995 4830; x_wconf 82' lang='lat' dir='ltr'>his</span> <span class='ocrx_word' id='word_1_710' title='bbox 3009 4779 3438 4847; x_wconf 71' lang='lat' dir='ltr'>praedicantibus</span> <span class='ocrx_word' id='word_1_711' title='bbox 3459 4779 3630 4831; x_wconf 78' lang='lat' dir='ltr'>credi&quot;</span> 
     </span>
    </p>
   </div>
   <div class='ocr_carea' id='block_1_110' title="bbox 2031 4849 3629 4918">
    <p class='ocr_par' dir='ltr' id='par_1_110' title="bbox 2031 4849 3629 4918">
     <span class='ocr_line' id='line_1_110' title="bbox 2031 4849 3629 4918; baseline 0 -16"><span class='ocrx_word' id='word_1_712' title='bbox 2031 4850 2255 4902; x_wconf 84' lang='lat' dir='ltr'>derunt.</span> <span class='ocrx_word' id='word_1_713' title='bbox 2279 4849 2470 4901; x_wconf 65' lang='lat' dir='ltr'>(lateri</span> <span class='ocrx_word' id='word_1_714' title='bbox 2489 4849 2744 4918; x_wconf 79' lang='lat' dir='ltr'>doctores,</span> <span class='ocrx_word' id='word_1_715' title='bbox 2772 4864 2877 4900; x_wconf 89' lang='lat' dir='ltr'>non</span> <span class='ocrx_word' id='word_1_716' title='bbox 2906 4852 3154 4918; x_wconf 84' lang='lat' dir='ltr'>reliquis,</span> <span class='ocrx_word' id='word_1_717' title='bbox 3185 4856 3378 4918; x_wconf 77' lang='lat' dir='ltr'>septem</span> <span class='ocrx_word' id='word_1_718' title='bbox 3406 4852 3629 4916; x_wconf 81' lang='lat' dir='ltr'>provin‘</span> 
     </span>
    </p>
   </div>
   <div class='ocr_carea' id='block_1_111' title="bbox 2030 4915 3628 4989">
    <p class='ocr_par' dir='ltr' id='par_1_111' title="bbox 2030 4915 3628 4989">
     <span class='ocr_line' id='line_1_111' title="bbox 2030 4915 3628 4989; baseline -0.001 -16"><span class='ocrx_word' id='word_1_719' title='bbox 2030 4922 2149 4984; x_wconf 79' lang='lat' dir='ltr'>ciis,</span> <span class='ocrx_word' id='word_1_720' title='bbox 2180 4925 2305 4982; x_wconf 90' lang='lat' dir='ltr'>etc.,</span> <span class='ocrx_word' id='word_1_721' title='bbox 2343 4937 2409 4972; x_wconf 86' lang='lat' dir='ltr'>ex</span> <span class='ocrx_word' id='word_1_722' title='bbox 2436 4915 2637 4989; x_wconf 84' lang='lat' dir='ltr'>quibus</span> <span class='ocrx_word' id='word_1_723' title='bbox 2668 4919 2922 4989; x_wconf 80' lang='lat' dir='ltr'>sequitur</span> <span class='ocrx_word' id='word_1_724' title='bbox 2958 4915 3251 4974; x_wconf 80' lang='lat' dir='ltr'>Rabanum</span> <span class='ocrx_word' id='word_1_725' title='bbox 3293 4915 3628 4974; x_wconf 86' lang='lat' dir='ltr'>nominatim</span> 
     </span>
    </p>
   </div>
   <div class='ocr_carea' id='block_1_112' title="bbox 2030 4988 3629 5062">
    <p class='ocr_par' dir='ltr' id='par_1_112' title="bbox 2030 4988 3629 5062">
     <span class='ocr_line' id='line_1_112' title="bbox 2030 4988 3629 5062; baseline 0 -19"><span class='ocrx_word' id='word_1_726' title='bbox 2030 4989 2222 5044; x_wconf 88' lang='lat' dir='ltr'>decem</span> <span class='ocrx_word' id='word_1_727' title='bbox 2261 4991 2380 5062; x_wconf 88' lang='lat' dir='ltr'>jam</span> <span class='ocrx_word' id='word_1_728' title='bbox 2433 4988 2764 5062; x_wconf 78' lang='lat' dir='ltr'>designasse</span> <span class='ocrx_word' id='word_1_729' title='bbox 2803 4991 3132 5062; x_wconf 83' lang='lat' dir='ltr'>provincias.</span> <span class='ocrx_word' id='word_1_730' title='bbox 3178 4992 3384 5045; x_wconf 88' lang='lat' dir='ltr'>Verum</span> <span class='ocrx_word' id='word_1_731' title='bbox 3423 5007 3629 5062; x_wconf 75' lang='lat' dir='ltr'>novem</span> 
     </span>
    </p>
   </div>
   <div class='ocr_carea' id='block_1_113' title="bbox 2028 5060 3627 5131">
    <p class='ocr_par' dir='ltr' id='par_1_113' title="bbox 2028 5060 3627 5131">
     <span class='ocr_line' id='line_1_113' title="bbox 2028 5060 3627 5131; baseline 0.001 -16"><span class='ocrx_word' id='word_1_732' title='bbox 2028 5060 2690 5115; x_wconf 24' lang='lat' dir='ltr'>tantum‘enumerantur</span> <span class='ocrx_word' id='word_1_733' title='bbox 2718 5061 2774 5115; x_wconf 90' lang='lat' dir='ltr'>in</span> <span class='ocrx_word' id='word_1_734' title='bbox 2802 5060 3010 5116; x_wconf 79' lang='lat' dir='ltr'>codice.</span> <span class='ocrx_word' id='word_1_735' title='bbox 3044 5064 3224 5118; x_wconf 79' lang='lat' dir='ltr'>Unam</span> <span class='ocrx_word' id='word_1_736' title='bbox 3254 5078 3388 5131; x_wconf 83' lang='lat' dir='ltr'>ergo</span> <span class='ocrx_word' id='word_1_737' title='bbox 3420 5060 3627 5116; x_wconf 85' lang='lat' dir='ltr'>ibidem</span> 
     </span>
    </p>
   </div>
   <div class='ocr_carea' id='block_1_114' title="bbox 2027 5132 3620 5203">
    <p class='ocr_par' dir='ltr' id='par_1_114' title="bbox 2027 5132 3620 5203">
     <span class='ocr_line' id='line_1_114' title="bbox 2027 5132 3620 5203; baseline 0 -17"><span class='ocrx_word' id='word_1_738' title='bbox 2027 5133 2291 5186; x_wconf 88' lang='lat' dir='ltr'>omissam</span> <span class='ocrx_word' id='word_1_739' title='bbox 2317 5133 2487 5186; x_wconf 88' lang='lat' dir='ltr'>fuisse</span> <span class='ocrx_word' id='word_1_740' title='bbox 2519 5147 2742 5203; x_wconf 85' lang='lat' dir='ltr'>necesse</span> <span class='ocrx_word' id='word_1_741' title='bbox 2765 5139 2878 5203; x_wconf 89' lang='lat' dir='ltr'>est;</span> <span class='ocrx_word' id='word_1_742' title='bbox 2905 5151 3027 5203; x_wconf 84' lang='lat' dir='ltr'>qua</span> <span class='ocrx_word' id='word_1_743' title='bbox 3047 5141 3236 5187; x_wconf 87' lang='lat' dir='ltr'>autem</span> <span class='ocrx_word' id='word_1_744' title='bbox 3267 5132 3476 5187; x_wconf 88' lang='lat' dir='ltr'>omissa</span> <span class='ocrx_word' id='word_1_745' title='bbox 3497 5132 3620 5194; x_wconf 85' lang='lat' dir='ltr'>fuit,</span> 
     </span>
    </p>
   </div>
   <div class='ocr_carea' id='block_1_115' title="bbox 2025 5201 3628 5276">
    <p class='ocr_par' dir='ltr' id='par_1_115' title="bbox 2025 5201 3628 5276">
     <span class='ocr_line' id='line_1_115' title="bbox 2025 5201 3628 5276; baseline -0.001 -19"><span class='ocrx_word' id='word_1_746' title='bbox 2025 5204 2368 5276; x_wconf 73' lang='lat' dir='ltr'>Turonensis</span> <span class='ocrx_word' id='word_1_747' title='bbox 2397 5201 2983 5276; x_wconf 10' lang='lat' dir='ltr'>estHEteniquece—m</span> <span class='ocrx_word' id='word_1_748' title='bbox 3025 5209 3081 5258; x_wconf 90' lang='lat' dir='ltr'>et</span> <span class='ocrx_word' id='word_1_749' title='bbox 3127 5211 3337 5276; x_wconf 88' lang='lat' dir='ltr'>septem</span> <span class='ocrx_word' id='word_1_750' title='bbox 3378 5203 3628 5276; x_wconf 87' lang='lat' dir='ltr'>admittit</span> 
     </span>
    </p>
   </div>
   <div class='ocr_carea' id='block_1_116' title="bbox 2029 5273 3624 5346">
    <p class='ocr_par' dir='ltr' id='par_1_116' title="bbox 2029 5273 3624 5346">
     <span class='ocr_line' id='line_1_116' title="bbox 2029 5273 3624 5346; baseline 0.001 -17"><span class='ocrx_word' id='word_1_751' title='bbox 2029 5274 2291 5329; x_wconf 88' lang='lat' dir='ltr'>Rabanus</span> <span class='ocrx_word' id='word_1_752' title='bbox 2323 5274 2380 5328; x_wconf 90' lang='lat' dir='ltr'>in</span> <span class='ocrx_word' id='word_1_753' title='bbox 2413 5273 2607 5326; x_wconf 88' lang='lat' dir='ltr'>Galliis</span> <span class='ocrx_word' id='word_1_754' title='bbox 2630 5274 2968 5346; x_wconf 84' lang='lat' dir='ltr'>provincias:</span> <span class='ocrx_word' id='word_1_755' title='bbox 2993 5292 3159 5346; x_wconf 90' lang='lat' dir='ltr'>porro</span> <span class='ocrx_word' id='word_1_756' title='bbox 3188 5273 3464 5329; x_wconf 79' lang='lat' dir='ltr'>sexdecim</span> <span class='ocrx_word' id='word_1_757' title='bbox 3497 5281 3624 5330; x_wconf 88' lang='lat' dir='ltr'>tan-</span> 
     </span>
    </p>
   </div>
   <div class='ocr_carea' id='block_1_117' title="bbox 2027 5344 3626 5418">
    <p class='ocr_par' dir='ltr' id='par_1_117' title="bbox 2027 5344 3626 5418">
     <span class='ocr_line' id='line_1_117' title="bbox 2027 5344 3626 5418; baseline 0.001 -18"><span class='ocrx_word' id='word_1_758' title='bbox 2027 5353 2150 5400; x_wconf 90' lang='lat' dir='ltr'>tum</span> <span class='ocrx_word' id='word_1_759' title='bbox 2177 5350 2610 5418; x_wconf 78' lang='lat' dir='ltr'>enumerantur</span> <span class='ocrx_word' id='word_1_760' title='bbox 2665 5344 2723 5398; x_wconf 91' lang='lat' dir='ltr'>in</span> <span class='ocrx_word' id='word_1_761' title='bbox 2778 5344 3010 5418; x_wconf 51' lang='lat' dir='ltr'>codicef</span> <span class='ocrx_word' id='word_1_762' title='bbox 3037 5348 3414 5418; x_wconf 71' lang='lat' dir='ltr'>praetermissa</span> <span class='ocrx_word' id='word_1_763' title='bbox 3451 5346 3626 5401; x_wconf 89' lang='lat' dir='ltr'>Turo-</span> 
     </span>
    </p>
   </div>
   <div class='ocr_carea' id='block_1_118' title="bbox 2031 5415 3626 5487">
    <p class='ocr_par' dir='ltr' id='par_1_118' title="bbox 2031 5415 3626 5487">
     <span class='ocr_line' id='line_1_118' title="bbox 2031 5415 3626 5487; baseline 0.001 -16"><span class='ocrx_word' id='word_1_764' title='bbox 2031 5417 2208 5471; x_wconf 88' lang='lat' dir='ltr'>nensi.</span> <span class='ocrx_word' id='word_1_765' title='bbox 2240 5417 2624 5471; x_wconf 89' lang='lat' dir='ltr'>Turonensem</span> <span class='ocrx_word' id='word_1_766' title='bbox 2653 5433 2785 5487; x_wconf 86' lang='lat' dir='ltr'>ergo</span> <span class='ocrx_word' id='word_1_767' title='bbox 2808 5415 3073 5472; x_wconf 82' lang='lat' dir='ltr'>omissam</span> <span class='ocrx_word' id='word_1_768' title='bbox 3101 5417 3269 5475; x_wconf 85' lang='lat' dir='ltr'>fuisse</span> <span class='ocrx_word' id='word_1_769' title='bbox 3301 5419 3626 5475; x_wconf 88' lang='lat' dir='ltr'>inconcusse</span> 
     </span>
    </p>
   </div>
   <div class='ocr_carea' id='block_1_119' title="bbox 2030 5489 2304 5559">
    <p class='ocr_par' dir='ltr' id='par_1_119' title="bbox 2030 5489 2304 5559">
     <span class='ocr_line' id='line_1_119' title="bbox 2030 5489 2304 5559; baseline -0.007 -17"><span class='ocrx_word' id='word_1_770' title='bbox 2030 5489 2304 5559; x_wconf 88' lang='lat' dir='ltr'>sequitur.</span> 
     </span>
    </p>
   </div>
   <div class='ocr_carea' id='block_1_120' title="bbox 2101 5559 3192 5616">
    <p class='ocr_par' dir='ltr' id='par_1_120' title="bbox 2101 5559 3192 5616">
     <span class='ocr_line' id='line_1_120' title="bbox 2101 5559 3192 5616; baseline -0.002 0"><span class='ocrx_word' id='word_1_771' title='bbox 2101 5573 2124 5601; x_wconf 78' lang='grc' dir='ltr'><strong>ο</strong></span> <span class='ocrx_word' id='word_1_772' title='bbox 2156 5561 2434 5616; x_wconf 80' lang='lat' dir='ltr'>Anciennc</span> <span class='ocrx_word' id='word_1_773' title='bbox 2473 5561 2555 5612; x_wconf 86' lang='lat' dir='ltr'>Vie</span> <span class='ocrx_word' id='word_1_774' title='bbox 2577 5559 2640 5612; x_wconf 84' lang='lat' dir='ltr'>de</span> <span class='ocrx_word' id='word_1_775' title='bbox 2667 5561 2844 5613; x_wconf 82' lang='lat' dir='ltr'>sainte</span> <span class='ocrx_word' id='word_1_776' title='bbox 2874 5561 3192 5616; x_wconf 84' lang='lat' dir='ltr'>Madeleine.</span> 
     </span>
    </p>
   </div>
  </div>
