4018 6168
436 272 571 339 1496

429 398 617 469 poculi
669 397 885 454 ebriata
938 411 984 465 ι,

430 485 654 558 erigens
675 503 736 543 se
762 503 934 560 super
959 503 1043 554 se,
1071 485 1372 541 castissimi
1391 484 1601 540 umoris
1618 483 1805 538 calore
1823 483 2026 551 soluta,

429 573 656 633 interna
677 575 890 648 gaudia
915 574 1285 647 degustabat;
1317 575 1378 630 in
1413 574 1583 630 terris
1611 573 1799 629 adhuc
1824 571 2026 646 posita,

428 663 686 720 mthereis
711 665 1008 737 spatiando
1045 665 1073 706 δ
1121 664 1327 732 choris,
1375 663 1526 719 inter
1568 663 1801 734 angelos
1840 666 2031 717 mente

428 753 818 811 deambulans.
861 754 993 811 Hec
1030 770 1240 810 secum.
1287 754 1368 810 De
1397 752 1778 826 proximorum
1807 767 2032 824 quoque

429 842 610 898 salute
664 843 919 911 sollicita,
974 849 1208 916 propter
1258 859 1400 915 quos
1455 841 1828 897 occidentales
1881 839 2032 896 orbis

430 932 570 987 ﬁnes
581 932 819 1000 adierat,
831 931 1319 1004 contemplationis
1327 931 1684 986 dulcedinem
1694 930 2031 1002 quandoque

429 1037 726 1093 seponens,
748 1021 1054 1077 incredulis
1073 1021 1302 1076 interim
1321 1017 1683 1094 praedicabat,
1705 1019 1791 1074 vel
1804 1019 2034 1075 creden-

428 1115 514 1166 tes
528 1110 588 1166 in
610 1111 722 1166 fine
741 1109 1093 1166 confortabat
1110 1109 1385 1165 melliﬁua
1404 1115 1614 1175 mente,
1631 1107 1850 1164 mellita
1862 1107 2032 1164 verba

425 1199 750 1256 auditorum
788 1199 992 1255 animis
1025 1199 1323 1256 instillans.
1365 1199 1515 1254 Nam
1566 1214 1632 1253 ea:
1674 1199 2027 1252 abundantia

425 1290 606 1344 cordis
633 1305 690 1344 os
706 1288 1044 1361 loquebatur
1076 1288 1292 1360 (Matth.
1338 1302 1442 1355 xu,
1492 1285 1607 1357 24),
1657 1286 1809 1341 unde
1857 1285 2028 1342 etiam

425 1377 611 1433 omnis
634 1377 785 1433 illius
813 1377 1136 1449 predicatio
1161 1393 1292 1432 vere
1313 1376 1502 1431 divina
1530 1380 1655 1430 erat
1681 1375 2028 1446 contempla-

424 1465 524 1520 tio.
582 1465 655 1521 Se
719 1466 901 1538 ipsam
964 1481 1188 1537 semper
1239 1463 1590 1536 proponebat
1645 1462 2030 1536 peccatoribus

424 1555 742 1626 exemplum
770 1554 1166 1620 conversionis,
1199 1552 1600 1626 paenitentibus
1628 1569 1787 1624 spem
1816 1556 2029 1607 certam

424 1643 790 1710 remissionis,
818 1643 1076 1699 ﬁdelibus
1100 1642 1342 1698 formam
1369 1642 1767 1707 miserationis,
1791 1648 1849 1697 et
1874 1643 2027 1697 omni

1020 276 1079 328 Β.
1123 272 1392 328 ΠΛΒΑΝἹ
1433 271 1663 329 MAURI
1704 268 2041 326 ARCHIEP.
2081 270 2409 327 MOGUNT.
2446 269 2746 326 OPERUM
2789 268 2974 324 PARS
3013 268 3113 325 III.

1044 415 1104 452 se
1163 403 1343 452 totam
1385 412 1574 451 secum
1620 395 1908 465 colligens,
1970 394 2411 457 etAvirtutibus
2435 393 2792 467 praedicabat,
2824 394 3069 467 propriis
3089 391 3705 449 miraculisastmebat.

3572 267 3705 326 1496

2110 483 2324 539 Aderat
2365 485 2438 550 ei,
2487 500 2616 539 cum
2662 483 3053 556 opportunitas
3093 481 3370 554 exigebat,
3417 481 3714 554 praeka

2111 572 2386 640 oratione,
2409 577 2470 627 et
2495 572 2657 645 signo
2676 577 2888 628 sanctae
2913 571 3095 627 crucis
3120 570 3295 637 edito,
3322 574 3515 640 gratia
3544 586 3715 626 wra-

2113 664 2331 717 tionum
2360 659 2406 734 (1
2433 661 2556 718 Cor.
2589 675 2684 728 xu,
2716 659 2830 733 30),
2870 661 3122 734 leprosos
3162 659 3495 726 mandandi,
3545 676 3715 731 para-

2111 750 2312 823 lyticos
2338 749 2593 818 curandi,
2624 754 2880 807 mortuos
2910 749 3238 816 suscitandi,
3288 749 3468 816 cacis,
3516 748 3715 816 mntis,

2112 839 2318 907 surdis,
2347 839 2583 908 claudis,
2614 838 2891 895 debilibus
2917 843 2976 895 et
3005 837 3229 911 aegrotis
3258 837 3535 897 beneﬁcia
3569 855 3715 911 pra-

2112 928 2318 983 standi.
2351 929 2482 984 Haec
2510 928 2754 987 Martha.
2788 927 2970 985 Simili
2995 927 3182 996 modo,
3220 927 3403 983 Maria
3442 925 3714 983 ineﬁ‘abili

2109 1017 2379 1072 facilitate
2432 1017 2704 1073 miracula
2757 1016 3016 1084 faciebat,
3074 1017 3147 1072 ad
3203 1017 3375 1072 ﬁdem
3432 1016 3711 1072 dictorum

2111 1107 2475 1162 astruendam
2503 1111 2563 1162 et
2589 1107 2760 1161 ﬁdem
2780 1107 3104 1162 auditorum
3123 1105 3555 1178 provocandam.
3576 1106 3715 1161 Erat

2108 1200 2299 1250 autem
2314 1196 2374 1250 in
2392 1196 2688 1267 utriusque
2700 1212 2897 1251 earum
2916 1195 3079 1250 vultu
3090 1195 3413 1250 veneranda
3424 1200 3707 1259 venustas,

2110 1284 2378 1340 honestas
2404 1285 2466 1340 in
2489 1283 2760 1352 moribus,
2781 1284 2842 1340 in
2870 1283 3055 1340 verbis
3080 1284 3502 1356 promptissima
3525 1284 3713 1356 gratia

2109 1374 2181 1428 ad
2235 1373 2607 1429 suadendum.
2666 1373 2792 1439 Vix,
2834 1375 2924 1428 vel
2973 1389 3285 1445 nunquam,
3319 1372 3713 1429 inveniebatur

2109 1462 2334 1534 aliquis,
2366 1463 2464 1534 qui
2481 1462 2554 1518 ab
2572 1478 2769 1519 earum
2785 1462 3185 1535 praedicatione
3207 1461 3532 1518 incredulus
3558 1478 3713 1517 rece-

2109 1551 2288 1617 deret,
2310 1553 2398 1607 vel
2417 1551 2539 1607 sine
2558 1553 2724 1620 tletu;
2756 1551 2854 1624 qui
2873 1567 2987 1606 non
3005 1550 3078 1606 ab
3096 1567 3290 1606 earum
3317 1551 3461 1606 facie
3486 1551 3713 1606 inﬂam-

2109 1646 2364 1696 maretur
2378 1640 2604 1696 Domini
2622 1640 2927 1696 Salvatoris
2947 1656 3159 1708 amore,
3180 1640 3266 1696 vel
3286 1640 3527 1712 propria:
3544 1641 3714 1696 mise-

425 1733 632 1805 populo
649 1732 972 1788 Christiano
984 1736 1386 1804 argumentum
1405 1731 1606 1786 divinae
1614 1731 1994 1786 miserationis
2009 1749 2020 1785 :
2041 1711 2090 1773 Β
2108 1728 2205 1785 riae
2220 1729 2666 1785 consideratione
2687 1730 3117 1800 lacrymaretur.
3130 1730 3266 1785 Erat
3278 1711 3338 1785 in
3354 1711 3711 1785 earumvictu

424 1822 615 1877 oculos
641 1821 962 1889 ostendens,
999 1837 1239 1893 quorum
1281 1820 1508 1876 ﬂuentis
1547 1819 1754 1876 Christi
1792 1819 2028 1891 vestigia

424 1909 645 1981 rigavit,
679 1908 882 1983 quibus
911 1910 1082 1965 etiam
1105 1910 1392 1966 Christum
1413 1914 1802 1979 resurgentem
1821 1925 1859 1962 a
1879 1923 2026 1962 mor-

420 2000 536 2057 tuis
562 1999 745 2073 prima
768 1998 936 2067 vidit;
963 1999 1195 2072 capillos
1213 2016 1437 2072 quoque
1457 1998 1662 2071 quibus
1681 1999 1828 2054 lotos
1847 1998 2026 2069 lacry-

422 2087 532 2143 mis
583 2088 703 2144 suis
745 2088 918 2160 pedes
959 2087 1143 2159 primo
1188 2087 1434 2154 siccavit,
1482 2086 1730 2143 secundo
1767 2085 1827 2140 in
1864 2101 2024 2139 coena

420 2176 599 2232 nardo
622 2176 869 2249 pretioso
887 2181 1191 2249 perunctos
1209 2176 1474 2244 extersit;
1505 2193 1569 2230 os
1588 2175 1757 2230 simul
1777 2180 1836 2230 et
1851 2172 2019 2240 labia,

421 2264 626 2338 quibus
635 2281 750 2321 non
762 2266 948 2321 solum
957 2265 1208 2331 viventis,
1225 2265 1325 2320 sed
1343 2270 1403 2320 et
1413 2264 1640 2332 mortui,
1656 2270 1715 2320 et
1733 2280 1770 2318 a
1787 2262 2026 2318 mortuis

420 2354 791 2426 resurgentis,
820 2353 1025 2410 millies
1051 2360 1112 2410 et
1131 2353 1337 2410 millies
1360 2353 1612 2409 osculata
1635 2357 1724 2408 est
1749 2351 2023 2422 vestigia;

422 2458 626 2499 manus
678 2449 738 2498 et
777 2442 985 2514 digitos
1021 2442 1227 2516 quibus
1262 2442 1367 2498 Dei
1409 2439 1811 2514 omnipotentis
1856 2439 2028 2512 pedes

422 2530 604 2604 primo
631 2531 835 2598 tenuit,
867 2536 927 2587 et
952 2531 1104 2598 lavit,
1138 2537 1310 2604 atque
1351 2531 1649 2604 perunxit;
1698 2529 1802 2585 hos
1842 2528 2028 2585 denuo

421 2619 623 2692 pistico
663 2620 842 2676 nardo
889 2620 1157 2693 perfudit,
1207 2619 1609 2692 residuumque
1652 2618 1817 2674 nardi
1858 2633 2030 2689 super

422 2708 690 2765 verticem
868 2709 973 2765 Dei
995 2709 1211 2766 effudit.
1243 2708 1393 2775 Quid
1422 2707 1648 2780 singula
1678 2706 2028 2762 memorem?

432 2797 560 2869 quis
578 2795 1054 2870 evangelistarum
1065 2799 1254 2854 Mariae
1271 2798 1616 2869 Magdalenae
1636 2795 1842 2852 merita
1859 2800 2027 2865 tacet;

422 2885 550 2957 quis
571 2887 956 2959 apostolorum
988 2886 1230 2943 Domino
1248 2886 1583 2942 familiarius
1604 2885 1843 2941 adhaesit
1858 2885 1884 2939 Ἰ
1902 2884 2030 2956 quis

2107 1818 2474 1891 parsimonia,
2499 1820 2560 1874 in
2581 1818 2780 1875 habitu
2797 1836 2926 1876 cum
2950 1819 3244 1875 honestate
3270 1818 3503 1891 religio;
3532 1834 3716 1891 quan-

2106 1923 2276 1978 quam
2291 1907 2472 1963 Maria
2481 1907 2553 1962 de
2563 1907 2834 1963 alimento
2848 1912 2910 1963 et
2922 1906 3185 1963 vestiario
3197 1923 3395 1980 parum
3404 1907 3711 1975 curaverit,

2107 2001 2407 2068 postquam
2445 1996 2675 2052 Domini
2716 1995 3029 2052 Salvatoris
3072 1995 3427 2068 prmaentiam
3462 1995 3715 2068 perdidit

2103 2086 2469 2158 corporalem,
2487 2101 2619 2140 cum
2634 2091 2829 2141 tamen
2848 2085 2901 2141 ei
2920 2085 3136 2140 aﬂ’atim
3154 2085 3505 2158 providentes
3516 2102 3715 2140 neces-

2103 2174 2290 2242 sariis,
2313 2191 2436 2246 quin
2454 2190 2583 2230 cum
2602 2191 2672 2231 ea
2689 2180 2856 2230 erant
2869 2175 3035 2247 eique
3049 2175 3715 2231 adhaerebantmiraall’e-

2109 2264 2293 2319 ctione
2303 2263 2737 2320 matronaeJnde
2746 2263 2919 2319 etiam
2930 2263 3073 2320 illud
3087 2263 3318 2319 inolevit
3323 2264 3715 2337 apoeryphum

2108 2352 2156 2408 si
2184 2356 2375 2408 tamen
2397 2369 2463 2408 ex
2480 2358 2601 2408 toto
2619 2353 3001 2426 apocryphum
3023 2371 3036 2407 :
3064 2369 3194 2409 cum
3216 2369 3339 2408 mos
3356 2352 3433 2408 sit
3446 2353 3718 2409 veneﬁcis

2108 2441 2349 2497 miscere
2373 2440 2754 2498 abundantius
2774 2442 2907 2509 mel,
2930 2447 2997 2498 ut
3011 2441 3315 2514 propinent
3332 2441 3602 2497 latentius
3618 2442 3715 2510 ﬁl;

2108 2530 2259 2616 inde,
2286 2530 2542 2602 inquam,
2564 2530 2709 2587 forte
2728 2530 2962 2587 inolevit
2973 2531 3112 2588 illud
3139 2531 3539 2603 apocryphum,
3562 2531 3720 2603 quod

2110 2619 2366 2692 quotidie
2392 2619 2464 2675 ab
2491 2620 2709 2692 angelis
2724 2619 2786 2675 in
2803 2621 3016 2676 aethera
3036 2620 3451 2687 sustolleretur,
3471 2620 3630 2692 quod
3648 2620 3721 2676 ab

2109 2708 2326 2780 angelis
2353 2709 2540 2765 denuo
2569 2709 2968 2780 deponeretur,
2991 2708 3141 2780 quod
3155 2708 3298 2764 cibis
3310 2710 3721 2781 superemlesh'o

2112 2795 2247 2864 bus;
2281 2814 2422 2869 quos
2465 2797 2651 2870 angeli
2690 2797 3099 2865 ministrarent,
3129 2797 3473 2853 reﬁceretur.
3506 2798 3635 2853 Hoc
3670 2799 3719 2854 si

2110 2886 2349 2951 mystice
2393 2887 2762 2958 intelligatur,
2808 2903 2923 2942 non
2968 2886 3198 2942 omnino
3238 2885 3564 2942 incredibile
3606 2893 3717 2944 est.

386 3024 399 3037 ,
424 2990 622 3030 eorum
676 2975 946 3032 doctrina:
998 2975 1176 3048 ipsius
1234 2977 1451 3031 ﬂuenta
1502 2974 1720 3030 avidius
1774 2973 1964 3029 hausit
2007 2976 2088 3049 2η
2112 2975 2324 3032 Revera
2351 2976 2524 3044 enim,
2556 2981 2616 3032 et
2630 2975 2755 3032 sine
2786 2975 2976 3044 dubio,
3008 2976 3340 3048 angelorum
3370 2975 3720 3049 frequentis-

423 3025 662 3135 ὸῧέἷει
681 3025 980 3136 nisi;
998 3025 1174 3119 ’ἕίῐεῖἱ
1199 3025 1478 3120 ngas“...
1503 3025 1726 3119 653;.
1769 3025 2024 3136 ἔιζεῖεξῶιά
2043 3025 2090 3088 ο
2107 3025 3721 3137 aliis;{eEJJéBLtHrELJcE}'éeiél’aiiiifoﬁiii};

421 3151 702 3208 destinata
729 3157 820 3209 est
850 3153 925 3208 ad
951 3153 1252 3225 apostolos,
1285 3158 1344 3208 et
1369 3151 1711 3209 ascensionis
1738 3151 1861 3223 ejus
1887 3167 2020 3224 pro-

422 3240 691 3313 phetissa,
747 3241 828 3296 sic
881 3247 941 3297 et
994 3241 1347 3296 credentium
1397 3241 1458 3296 in
1503 3246 1621 3296 toto
1671 3238 1806 3295 orbe
1856 3240 2020 3295 ﬁeret

424 3329 787 3401 evangelista.
820 3331 940 3387 Hoc
966 3335 1202 3386 noverat
1235 3329 1349 3396 ille,
1385 3329 1482 3402 qui
1507 3330 1651 3401 ejus,
1671 3328 1732 3384 in
1760 3329 2024 3386 unctione

422 3418 622 3490 capitis
666 3419 774 3485 sui,
829 3436 1065 3475 cernens
1120 3424 1178 3474 et
1231 3417 1548 3491 approbans
1605 3418 1957 3473 devotionem
2007 3436 2020 3471 :

423 3509 638 3564 Bonum
666 3524 802 3578 opus
829 3513 1054 3579 operata
1095 3513 1170 3564 cst
1216 3511 1281 3563 in
1327 3525 1440 3574 me;
1485 3502 1650 3562 amen
1695 3508 1816 3561 dico
1857 3509 2022 3574 vobis,

425 3598 743 3667 ubicunque
753 3599 1122 3668 pradicatum
1134 3598 1309 3666 fuerit
1322 3597 1422 3653 hoc
1431 3597 1816 3666 Evangelium,
1839 3597 1905 3650 in
1920 3599 2028 3650 toto

423 3687 651 3753 mundo,
685 3691 736 3741 et
763 3702 882 3756 qua
909 3687 1019 3743 hac
1043 3687 1195 3755 fecit,
1219 3687 1560 3742 narrabitur
1588 3687 1654 3741 in
1690 3686 2022 3740 memoriam

421 3777 540 3844 ejus
565 3775 780 3840 (Matth.
806 3789 957 3843 xxvx,
994 3775 1082 3843 10,
1117 3773 1213 3843 13;
1246 3776 1419 3831 Marc.
1441 3788 1555 3843 xxv,
1578 3771 1649 3841 9).

422 3870 554 3927 (λιι).
575 3871 825 3927 XXXIX.
862 3903 931 3915 --
971 3873 1072 3928 Ubi
1099 3874 1254 3928 beata
1284 3873 1504 3928 Martha
1531 3873 1938 3942 praedicauerit,
1977 3876 2027 3926 ct

741 3943 806 3998 de
823 3946 1123 3999 miraculis
1149 3947 1447 4013 utriusque
1472 3945 1700 3998 sororis.

493 4040 668 4094 Beata
715 4055 938 4111 quoque
984 4041 1227 4107 Martha,
1277 4057 1408 4095 cum
1457 4040 1623 4096 sociis
1679 4041 1818 4108 suis,
1875 4041 2026 4112 apud

422 4127 622 4183 urbem
646 4127 1023 4184 Avenicorum
1051 4133 1111 4184 et
1133 4128 1570 4198 Arelatensium,
1617 4135 1677 4185 et
1719 4145 1844 4201 qua:
1878 4129 2028 4184 circa

422 4215 765 4272 Rhodanum
805 4223 971 4272 erant
1013 4216 1193 4285 villas,
1243 4223 1303 4273 et
1350 4217 1576 4290 oppida,
1636 4218 1696 4273 in
1742 4217 2029 4290 provincia

427 4303 749 4372 Viennensi,
779 4304 1197 4379 evangelizabat
1210 4307 1433 4379 populis
1449 4308 1755 4364 Dominum
1778 4307 2027 4364 Salvato-

426 4410 568 4462 rem,
595 4409 718 4466 quae
737 4394 888 4450 circa
908 4395 1096 4468 ipsum
1120 4395 1357 4465 viderat,
1386 4412 1621 4469 quaeque
1657 4395 1730 4451 ab
1767 4397 1892 4468 ejus
1927 4413 2026 4452 ore

427 4482 718 4551 didicerat,
747 4483 968 4557 publice
1016 4490 1369 4554 contestans;
1412 4485 1674 4558 quodque
1708 4485 1780 4541 de
1821 4485 2025 4541 divinis

2102 3153 2459 3210 mulcebatur
2485 3153 2768 3226 alloquiis.
2804 3153 3009 3210 Decuit
3034 3154 3206 3221 enim,
3233 3159 3293 3210 et
3326 3159 3481 3210 certe
3504 3154 3717 3219 decuit,

2104 3247 2172 3298 ut
2197 3242 2342 3298 miro
2365 3243 2533 3299 modo
2563 3248 2622 3299 et
2642 3259 2678 3298 a
2690 3242 2911 3300 seculis
2934 3242 3189 3299 inaudito
3206 3243 3446 3299 Mariam
3466 3245 3720 3300 consola-

2105 3335 2268 3386 retur
2294 3333 2437 3387 Dcus
2458 3335 2626 3387 totius
2643 3334 3035 3388 consolationis
3055 3334 3139 3401 (ll
3159 3333 3282 3389 θον.
3313 3347 3353 3399 1,
3383 3331 3463 3401 8),
3486 3333 3579 3388 cui
3597 3333 3719 3406 ipa

2109 3420 2310 3486 Maria,
2333 3421 2482 3477 mira
2508 3427 2568 3476 et
2596 3439 2633 3476 a
2659 3421 2862 3477 saculo
2891 3421 3148 3477 inaudita
3179 3421 3423 3494 praebuit
3444 3421 3718 3494 obsequia

2108 3509 2424 3565 devotionis
2453 3510 2514 3565 in
2533 3510 2725 3566 terris.
2758 3510 3061 3576 Caeterum,
3087 3511 3237 3582 quod
3268 3517 3397 3582 post
3413 3511 3718 3568 Salvatoris

2108 3615 2274 3654 ascen
2279 3598 2516 3664 sionem,
2531 3599 2722 3655 statim
2733 3599 2793 3655 in
2805 3615 3059 3655 eremum
3079 3598 3300 3654 Arabiae
3310 3599 3541 3671 fugerit,
3564 3602 3715 3673 quod

2106 3686 2166 3744 in
2228 3704 2400 3761 specu
2447 3689 2572 3744 sine
2629 3684 2783 3744 veste
2825 3688 3096 3757 latuerit;
3150 3688 3432 3761 quodque,
3499 3696 3709 3762 postea,

2109 3777 2290 3833 virum
2318 3793 2610 3850 nunquam
2640 3778 2870 3847 viderit;
2896 3778 3048 3850 quod
3075 3794 3112 3834 a
3136 3777 3487 3850 presbytero,
3526 3781 3712 3835 nescio

2108 3883 2240 3939 quo,
2263 3866 2510 3931 visitata,
2539 3871 2752 3923 vestem
2780 3867 3028 3940 petierit,
3058 3872 3120 3922 et
3135 3871 3340 3922 caetera
3364 3868 3706 3939 hujusmodi,

2105 3955 2409 4011 falsissima
2435 3962 2588 4024 sunt,
2622 3961 2682 4012 et
2709 3973 2746 4012 a
2762 3956 3054 4013 ﬁctoribus
3079 3955 3418 4024 fabularum,
3447 3957 3520 4012 de
3537 3956 3709 4029 gestis

2106 4043 2431 4116 ptanitentis
2456 4045 2817 4117 Egyptiam,
2862 4050 3140 4101 mutuata.
3183 4045 3350 4112 Quin,
3395 4050 3455 4101 et
3484 4046 3614 4118 ipsi,
3650 4047 3705 4101 in

2111 4130 2272 4186 initio
2293 4131 2496 4187 fabulae
2544 4149 2680 4200 sum,
2724 4131 3005 4188 mendacii
3032 4148 3094 4188 se
3120 4137 3406 4199 accusant,
3441 4133 3702 4206 Josepho,

2107 4219 2429 4276 doctissimo
2506 4220 2960 4293 historiographo
2975 4261 2991 4289 ,
3074 4222 3460 4278 uenationem
3546 4239 3703 4278 suam

2109 4308 2474 4387 ascribentes,
2499 4326 2629 4364 cum
2649 4309 2946 4381 Iosephus,
2972 4309 3033 4364 in
3055 4308 3215 4366 libris
3242 4310 3381 4378 suis,
3414 4328 3702 4385 nunquam

2107 4397 2300 4453 Mariae
2352 4399 2702 4470 Magdalente
2748 4399 3074 4455 meminerit
3120 4411 3165 4454 ε.
3217 4401 3288 4456 Et
3344 4400 3418 4455 de
3472 4401 3547 4457 iis
3588 4401 3703 4458 hac

2106 4485 2406 4542 sufﬁciant.
2425 4488 2609 4557 Nunc,
2629 4488 2702 4543 ad
2720 4487 3326 4546 narrationisordinem
3333 4498 3696 4559 revertamur,

1360 4601 1536 4649 NOTE
1582 4600 1948 4649 ιιοτιεειιωί
1990 4600 2068 4647 EX
2111 4600 2358 4650 BABANO
2401 4603 2759 4650 DBSUIPTB.

495 4690 782 4776 fEbrictas
794 4691 1159 4776 estgaudium
1170 4708 1427 4776 supernis
1437 4693 1655 4776 gratim,
1672 4694 1823 4776 quod
1849 4689 2437 4776 charifDapgelomin
2486 4694 2672 4776 choris
2691 4695 3008 4776 linteresse,
3049 4696 3355 4776 admisceri
3385 4697 3697 4776 coelestibus

419 4764 541 4844 tate
567 4761 1068 4844 erunt‘plenissimi
1096 4761 1280 4844 electi,
1305 4761 1530 4844 quando
1559 4761 1746 4844 carnis
1773 4764 1945 4844 simul
1969 4770 2028 4820 et

423 4831 629 4906 anima
680 4830 946 4888 felicitate
999 4830 1361 4906 perfruentur
1389 4875 1405 4906 .
1458 4836 1709 4890 Ebrietas
1729 4875 1745 4901 ,
1804 4835 2027 4891 interna

418 4901 657 4978 satietas
683 4901 1027 4978 sanctorum,
1057 4910 1122 4978 ut
1138 4905 1198 4960 in
1211 4905 1443 4978 psalmis
1463 4923 1476 4960 :
1502 4907 1944 4978 Incbriabuntur
1956 4908 2026 4961 ab

421 4976 671 5049 ubertate
681 4975 882 5049 domus
904 4981 1036 5049 tua,
1065 4975 1122 5030 id
1149 4975 1238 5049 est
1265 4977 1335 5032 de
1370 4992 1629 5049 supernae
1648 4977 1869 5049 domus
1913 4982 2024 5034 tua:

343 5076 355 5083 ι
418 5044 791 5172 plenitudine,
818 5051 878 5102 et
895 5045 994 5132 hic
1012 5048 1348 5120 quandoque
1373 5044 1552 5135 sancti
1578 5047 1664 5104 tui
1691 5053 2017 5120 pascuntur.
2052 5106 2062 5113 ,

463 5119 634 5171 abam
659 5119 948 5172 Atteaorw
965 5135 1028 5171 in
1047 5134 1266 5172 sacram
1287 5119 1638 5172 Scrwturam
1650 5160 1663 5172 .

463 5119 638 5190 abani
659 5119 948 5190 ᾼιιερονίσυ
965 5120 1028 5171 in
1047 5119 1267 5190 sacram
1287 5119 1638 5190 Scriptura":
1650 5160 1663 5173 .

493 5186 545 5263 ιζ
558 5188 740 5263 Maria
776 5187 1128 5263 demonstrat
1167 5189 1341 5263 vitam
1377 5186 1868 5263 contemplativam
1908 5207 2020 5262 qua

419 5259 481 5334 in
508 5257 611 5334 Dei
640 5275 833 5334 amor_e
866 5259 1241 5334 suspiramus.
1300 5257 1748 5334 Contemplativa
1783 5261 1899 5317 vita
1923 5257 2019 5334 'est

417 5327 752 5415 chai'itatem
779 5331 898 5415 Dei.
911 5327 1158 5415 et'prqxi
1159 5332 1237 5388 mi
1245 5337 1369 5387 tota
1382 5327 1572 5415 mente
1586 5333 1849 5415 retinere.
1861 5374 1873 5387 .
1884 5333 2017 5415 ._soli

415 5397 693 5470 desiderio
737 5397 1044 5458 conditoris
1081 5402 1376 5470 inhaerere,
1424 5409 1554 5460 ut...
1595 5405 1670 5460 ad
1718 5404 2016 5459 videndam

415 5468 627 5552 faciem.
646 5472 927 5552 Creatoris
953 5475 1040 5530 sui
1069 5474 1294 5552 animus
1316 5468 1651 5552 inardescat,
1686 5477 1768 5531 ita
1799 5480 1867 5531 ut
1894 5476 2012 5546 jam

416 5543 638 5618 noverit
674 5543 862 5618 carnis
914 5545 1292 5618 corruptibilis
1338 5547 1559 5618 pondus
1597 5563 1728 5604 cum
1774 5543 2015 5618 mcerore

416 5562 638 5596 novem
674 5562 862 5626 carnis
914 5562 1292 5671 οοιυωὲιιοιιιε
1338 5562 1559 5618 pondus
1597 5563 1728 5604 cum
1774 5562 2015 5601 maerore

413 5615 660 5686 portare,
686 5617 938 5686 totisque
950 5615 1070 5671 desi
1109 5615 1244 5672 eriis
1259 5624 1524 5690 appetere
1541 5618 1654 5675 illis
1678 5617 2015 5691 hymnidicis

2108 4763 2340 4842 civibus,
2363 4764 2454 4842 de_
2470 4766 2778 4842 aeternajn
2805 4771 3107 4842 conspectu
3143 4767 3247 4822 Dei
3281 4767 3696 4842 incorruptione

2181 4784 2340 4890 usus,
2363 4784 2434 4819 ue
2470 4784 2687 4852 acterna
2717 4784 2778 4821 ιιι
2805 4784 3107 4894 conslpr
3143 4784 3247 4822 uel
3281 4784 3691 4854 incorruptione

2181 4852 2379 4967 gilii-gi
2409 4837 2872 4967 1:3sz.
2942 4856 2983 4895 η
3016 4840 3296 4908 Assumpt.
3335 4839 3417 4894 Ex
3454 4843 3597 4897 Beda
3635 4856 3691 4894 in

2147 4921 2379 4980 uc.,_un.
2409 4921 2494 4976 n1,
2524 4925 2646 4980 cap.
2680 4921 2766 4967 iU.

2176 4987 2201 5017 ο
2230 4978 2533 5033 Notissima
2560 4978 2713 5035 enim
2733 4986 2896 5037 erant
2928 4982 3151 5038 Rabano
3187 4984 3371 5038 Flavii
3400 4985 3627 5052 καίρια,
3659 4999 3691 5035 a

2102 5064 2209 5116 quo
2237 5053 2286 5103 et
2318 5052 2595 5105 multatis:
2620 5053 2892 5107 citantur.
2933 5055 3001 5108 In
3036 5053 3338 5109 Comment.
3379 5056 3446 5108 in
3484 5054 3687 5118 lauta,

2103 5121 2199 5174 lib.
2242 5133 2460 5197 I,__cap._
2496 5120 2547 5177 2.
2602 5152 2670 5197 _-
2703 5123 2961 5197 ΔΙςεθεὶτλις
3006 5123 3068 5197 i_n
3122 5123 3369 5197 Josepho
3418 5124 3701 5180 Eandem-

2101 5191 2402 5254 nonnullos
2427 5191 2498 5246 de
2537 5191 2884 5266 principibus
2924 5191 3275 5251 Iudaeorum'
3288 5200 3423 5250 ante
3457 5202 3691 5251 mortem

2101 5278 2262 5339 suam
2283 5278 2531 5339 necasse.
2566 5264 2739 5339 lbi_d.,'
2760 5264 2857 5339 lib.
2889 5280 2941 5319 v.
2973 5266 3202 5339 —_Nec
3242 5266 3687 5339 pratereundnm

2100 5332 2247 5406 quod
2262 5339 2458 5388 narrat
2474 5335 2770 5406 Iosephus,
2782 5337 3030 5392 vinctum
3040 5332 3316 5393 Joannem
3330 5338 3390 5392 in
3402 5337 3687 5393 castellum

2098 5402 2464 5490 hdacherunta
2483 5402 2807 5490 abductum,
2838 5406 3032 5490 ibique
3051 5413 3370 5490 truncatum
3407 5407 3680 5490 Ibid.,.lib.

2097 5489 2212 5529 vni.
2245 5504 2324 5551 _-:-
2367 5476 2644 5551 Josephus
2679 5494 2901 5551 quoque
2934 5476 3112 5534 refert
3143 5479 3380 5537 virtutes
3409 5479 3679 5551 angelim

3043 5546 3673 5626 MWW‘

2143 5614 2472 5676 ranseanfus
2496 5617 2569 5675 ab
2595 5619 2686 5689 his
2705 5614 2950 5678 sedibus.
