4018 6168
355 256 496 314 149⁸7

1389 257 1480 313 DE
1519 257 1689 314 VITA
1727 258 1789 312 B.
1833 255 2082 314 MARle
2119 256 2605 315 MAGDALENAE.

3505 257 3641 321 H98

351 393 414 442 et
431 387 678 459 seposita
695 385 924 441 interim
958 383 1434 456 contemplatione
1461 383 1672 448 Mariae,
1695 389 1855 439 actus
1901 385 2018 444 etA
2039 385 2172 439 CAP.
2203 384 2346 439 XLI.
2377 415 2443 427 -
2469 387 2725 454 Qualiter
2762 389 2915 440 beata
2946 389 3169 442 Martha
3197 391 3348 458 apud
3375 391 3636 445 Tarasco-

351 474 626 530 miracula
649 473 859 529 sororis
887 474 1010 545 ejus
1037 474 1272 529 Marthae
1291 472 1630 528 beatissime
1653 489 1958 545 prosequa-

351 580 500 620 mur.

352 706 487 762 CAP.
528 707 642 763 XL.
685 737 751 749 —
805 707 904 761 Ubi
959 709 1113 760 beata
1153 706 1376 760 Martha
1431 707 1782 761 Viennensem
1827 722 1957 777 pro-

726 779 972 834 vinciam
999 793 1035 830 a
1069 779 1298 834 Tarasco
1328 778 1586 832 liberavit

427 921 582 975 Inter
606 921 896 975 Aretatem
925 925 984 974 et
1009 918 1716 986 Avennicum,Viennnesis
1737 921 1956 992 provin-

355 1009 456 1064 ciae
483 1008 754 1074 civitates,
777 1009 927 1063 circa
953 1007 1211 1063 Rhodani
1237 1008 1410 1079 ripas,
1429 1009 1578 1063 inter
1607 1009 1956 1066 infructuosa

357 1097 570 1152 fruteta
613 1103 672 1153 et
711 1099 934 1170 glareas
970 1096 1238 1164 ﬂuminis,
1281 1097 1527 1152 ferarum
1554 1099 1954 1170 reptiliumque

351 1187 762 1242 virulentorum
777 1203 1000 1242 eremus
1018 1191 1158 1241 erat.
1181 1185 1265 1240 Ibi
1294 1185 1444 1240 inter
1453 1191 1658 1242 caetera
1675 1204 1955 1242 venenosa

350 1275 684 1342 animantia,
715 1276 882 1330 draco
939 1274 1206 1330 terribilis
1247 1273 1562 1342 oberrabat,
1610 1276 1954 1332 incredibilis

351 1364 720 1436 longitudinis
759 1370 818 1419 et
853 1381 1072 1436 magnae
1110 1363 1274 1418 molis
1307 1383 1319 1431 ;
1349 1362 1568 1418 fumum
1625 1365 1952 1436 pestiferum

351 1453 513 1520 ﬂatu,
547 1453 819 1508 scintillas
841 1453 1177 1524 sulphureas
1221 1452 1622 1517 oculis,sibilos
1650 1453 1953 1510 stridentes

351 1558 470 1603 ore,
554 1543 884 1613 rugitusque
961 1541 1259 1596 horribiles
1318 1541 1612 1596 aduncatis
1666 1541 1945 1609 dentibus,

352 1630 642 1701 proferens
673 1643 696 1668 ει
731 1649 742 1698 ;
778 1630 1050 1702 quidquid
1073 1629 1361 1684 incidisset
1390 1630 1448 1684 in
1486 1647 1615 1684 eum
1642 1630 1868 1701 ungulis
1894 1638 1953 1686 et

2553 473 2689 513 nam
2713 463 3031 513 conversata
3041 461 3094 513 si
3095 463 3134 513 ι.

2107 560 2410 634 Proﬁigata
2457 564 2720 636 denique,
2756 565 2858 620 Dei
2895 564 3121 632 virtute,
3159 566 3230 620 ab
3264 583 3454 623 eremo
3497 569 3643 624 Tha-

2037 667 2288 706 rascona.
2311 653 2466 707 omni
2493 653 2781 726 reptilium
2810 653 3130 721 virulentia,
3152 656 3323 726 elegit
3339 655 3445 712 sibi
3477 675 3641 714 man-

2036 739 2251 796 sionem
2266 741 2326 796 in
2345 757 2413 796 ea
2449 742 2678 798 Martha
2715 743 3098 812 sanctissima;
3131 745 3316 800 locum
3334 747 3489 818 prius
3517 748 3641 803 odi-

2035 827 2206 884 bilem
2237 835 2297 886 et
2323 831 2736 900 detestabilem,
2781 831 3144 887 habitabilem
3173 834 3434 902 reddens,
3468 852 3642 892 amoe-

2038 934 2174 973 num
2213 925 2271 974 et
2298 919 2620 976 amabilem.
2663 921 2946 993 Factaque
2985 927 3072 976 est
3091 922 3200 977 sibi
3229 924 3287 978 in
3325 941 3393 979 ea
3434 927 3642 982 Domus

2037 1011 2306 1062 orationis
2324 1011 2523 1080 (Marc.
2560 1027 2634 1075 x1,
2669 1011 2776 1075 l7),
2804 1027 2971 1082 quam
3003 1011 3304 1068 virtutibus
3319 1020 3377 1068 et
3403 1015 3649 1070 miracu-

2036 1095 2121 1162 Iis,
2131 1097 2308 1167 magis
2327 1114 2496 1168 quam
2519 1098 2893 1154 muliebribus
2918 1100 3212 1155 inutilibus
3231 1101 3412 1157 ditare
3423 1104 3644 1160 studuit

2035 1187 2382 1266 ornamentis
2415 1203 2426 1238 :
2460 1187 2607 1241 sedit
2633 1187 2710 1242 ibi
2751 1188 3005 1243 solitaria
3033 1191 3258 1256 (Thren.
3291 1207 3370 1251 in.
3401 1191 3489 1262 28)
3517 1209 3640 1266 sep-

2032 1280 2148 1328 tem
2173 1275 2354 1328 annis.
2389 1276 2587 1330 Omnis
2615 1276 2770 1332 cibus
2801 1279 2944 1348 ejus,
2978 1284 3138 1334 tanto
3175 1285 3448 1352 tempore,
3481 1283 3636 1338 radi-

2033 1379 2124 1417 ces
2153 1364 2388 1430 olerum,
2422 1370 2480 1418 et
2508 1364 2695 1420 herbae
2733 1365 2993 1432 virentes,
3025 1367 3291 1423 arborum
3321 1369 3536 1428 fructus
3580 1378 3638 1426 et

2033 1468 2219 1523 poma.
2251 1453 2369 1506 Hoc
2392 1459 2585 1508 tamen
2625 1453 2810 1508 edulio
2845 1455 2998 1510 reﬁci
3035 1457 3332 1529 plusquam
3367 1460 3542 1514 semel
3577 1461 3638 1514 in

2033 1541 2143 1606 die,
2173 1541 2330 1595 nefas
2373 1541 2630 1608 ducebat,
2665 1543 2783 1598 haec
2809 1543 2916 1598 sibi
2949 1562 2961 1597 :
3000 1545 3071 1599 ad
3121 1547 3403 1617 proximos
3444 1553 3636 1604 autem

2031 1645 2142 1684 non
2172 1630 2270 1684 sic.
2299 1631 2382 1684 Ne
2414 1631 2566 1686 enim
2587 1633 2872 1702 jejunium
2901 1650 3070 1688 suum
3099 1635 3494 1705 quotidianum
3529 1637 3634 1692 sibi

350 1721 522 1775 dente
591 1719 869 1774 dilanians
907 1739 920 1787 ;
985 1719 1257 1792 quidquid
1325 1719 1556 1790 propius
1627 1704 2012 1775 accessissetB
2029 1725 2194 1784 esset,
2227 1719 2349 1772 sine
2379 1719 2605 1790 pietate,
2641 1721 2996 1791 supplicium,
3023 1704 3326 1794 secumque
3360 1726 3637 1780 manenti-

349 1809 635 1864 anhelitus
659 1809 745 1863 sui
769 1809 946 1863 fetore
966 1809 1332 1867 mortiﬁcans.
1347 1808 1679 1863 Incredibile
1699 1815 1786 1863 est
1813 1816 1951 1880 quot

348 1914 573 1969 pecora,
605 1903 970 1970 pastoresque
997 1898 1277 1952 voraverit
1305 1916 1318 1962 ;
1344 1903 1616 1968 quantam
1656 1898 1949 1953 hominum

347 1987 792 2052 multitudinem,
821 1987 968 2040 malo
997 1986 1168 2040 odore
1199 1985 1583 2052 moribundos,
1616 1987 1684 2040 ad
1709 1993 1950 2042 mortem

345 2075 700 2148 compulerit.
731 2077 856 2130 Una
883 2075 1124 2141 dierum,
1153 2075 1568 2146 evangelizante
1597 2075 1698 2130 Dei
1717 2075 1947 2131 verbum

347 2164 674 2219 beatissima
691 2163 872 2218 turbis
893 2181 1016 2235 quae
1027 2169 1422 2230 convenerant,
1441 2163 1638 2218 incidit
1647 2181 1831 2218 sermo
1851 2165 1946 2236 qui

345 2258 483 2308 tunc
511 2258 636 2308 erat
683 2252 863 2308 omnis
907 2253 977 2306 de
1017 2253 1278 2319 dracone,
1337 2251 1672 2324 quibusdam
1719 2253 1946 2325 quidem

347 2342 548 2396 devote
575 2341 1014 2408 obsecrantibus,
1053 2341 1387 2413 quibusdam
1424 2357 1576 2405 vero,
1608 2347 1674 2396 ut
1719 2343 1943 2410 assolet,

345 2431 638 2494 tentando,
671 2431 986 2486 dicentibus
1011 2436 1077 2485 ut
1109 2449 1122 2484 :
1153 2430 1259 2485 Hic
1289 2431 1316 2470 b
1339 2430 1386 2484 si
1419 2447 1531 2501 qua
1567 2436 1712 2485 esset
1741 2431 1952 2487 Christi

2031 1807 2134 1862 bus
2144 1824 2441 1862 onerosum
2460 1826 2471 1861 :
2488 1809 2886 1879 hospitalitatis
2900 1811 3151 1880 pristina:
3162 1829 3387 1884 semper
3397 1829 3632 1879 memor,

2029 1896 2152 1951 sine
2180 1897 2518 1968 pauperibus
2543 1915 2837 1970 nunquam
2863 1905 2987 1954 erat
3021 1919 3032 1954 :
3067 1899 3288 1970 quibus,
3332 1902 3480 1972 quod
3525 1903 3634 1958 sibi

2030 1985 2436 2053 conferebatur,
2459 1987 2827 2042 libentissime
2847 1987 3210 2058 largiebatur.
3235 1989 3470 2061 Semper
3497 2007 3632 2062 ege-

2029 2091 2132 2129 nos
2161 2092 2276 2130 suae
2302 2091 2508 2132 mensae
2535 2076 2837 2148 participes
2865 2077 3092 2142 faciens,
3113 2077 3220 2132 sibi
3250 2079 3479 2150 quidem
3499 2079 3632 2134 her-

2028 2162 2147 2230 bas,
2171 2164 2284 2218 illis
2309 2181 2440 2218 vero
2469 2165 2832 2232 necessarias,
2857 2167 2951 2237 pia
2981 2165 3357 2221 sollicitudine
3386 2174 3442 2222 et
3466 2169 3635 2224 solita

2028 2253 2256 2324 pietate,
2297 2253 2562 2308 exhibens
2593 2271 2769 2320 escas,
2805 2255 3008 2325 majori
3036 2255 3328 2310 alacritate
3358 2262 3415 2310 et
3443 2257 3629 2312 studio

2026 2341 2414 2413 frequentiori,
2455 2359 2625 2414 quam
2653 2344 2702 2396 si
2731 2342 2958 2398 sibimet
2985 2344 3151 2398 vellet
3170 2345 3376 2416 apponi
3407 2361 3631 2400 sumen-

2029 2430 2149 2496 das,
2179 2431 2542 2485 reminiscens
2563 2432 2710 2502 quod
2734 2431 2848 2498 ille,
2871 2449 3039 2502 quem
3056 2432 3188 2486 olim
3207 2433 3266 2487 in
3291 2433 3458 2488 terris
3474 2433 3632 2488 exhi-

345 2521 437 2574 sui
467 2520 644 2575 virtus
671 2520 994 2574 ostenderet
1022 2518 1188 2574 beata
1208 2519 1400 2590 virago
1431 2536 1562 2588 ;nec
1589 2519 1739 2574 enim
1760 2527 1950 2594 posset
2028 2518 2161 2574 bere
2182 2519 2418 2585 solebat,
2441 2519 2537 2590 qui
2565 2520 2764 2574 esuriit
2782 2525 2840 2574 et
2857 2520 3053 2586 sitivit,
3069 2521 3206 2592 quia
3229 2521 3448 2576 volebat
3471 2542 3482 2576 :
3512 2523 3634 2592 jam

349 2609 474 2664 ﬁeri
496 2615 561 2663 ut
587 2609 704 2664 ulla
721 2609 969 2664 humana
996 2607 1275 2662 industria
1297 2608 1463 2662 draco
1501 2609 1610 2663 iste
1653 2609 1724 2662 de
1760 2610 1946 2664 medio
2028 2625 2142 2662 non
2160 2607 2378 2678 indiget
2394 2607 2800 2679 temporalibus
2816 2608 3120 2675 beneﬁciis,
3136 2616 3201 2664 ut
3219 2609 3464 2678 solebat;
3483 2611 3635 2666 ideo-

349 2696 663 2752 tolleretur.
698 2695 912 2762 Quibus
937 2697 1072 2750 illa:
1098 2696 1178 2764 Si,
1227 2697 1430 2768 inquit,
1461 2696 1645 2769 parati
1665 2697 1800 2751 estis
1830 2713 1946 2751 cre-
2029 2713 2138 2768 que
2169 2713 2248 2762 se,
2283 2713 2451 2762 nunc,
2483 2697 2543 2752 in
2575 2697 2915 2768 pauperibus
2960 2697 3200 2752 recreari
3243 2698 3482 2752 volebat.
3516 2699 3630 2754 Me-

365 2785 522 2852 dere,
552 2789 743 2840 omnia
760 2787 1045 2855 possibilia
1068 2791 1200 2840 sunt
1219 2787 1466 2840 credenti
1487 2787 1688 2856 (Marc.
1720 2801 1794 2850 Ix,
1828 2785 1940 2859 22).
1965 2809 2008 2869 ο
2027 2785 2194 2840 minit
2212 2785 2420 2840 ancilla
2437 2785 2647 2840 Christi
2667 2787 2802 2857 quid
2823 2785 2940 2842 suis
2958 2786 3210 2841 dicturus
3237 2786 3312 2841 sit
3331 2786 3590 2842 Christus
3615 2807 3626 2841 :

341 2873 468 2928 Mox
487 2874 656 2928 ﬁdem
686 2873 1097 2945 promittentes,
1149 2875 1384 2946 populos
1417 2873 1540 2945 ipsa
1592 2875 1946 2945 gratulanter
2027 2874 2176 2946 quod
2203 2878 2314 2929 uni
2347 2891 2412 2928 ea:
2448 2877 2704 2928 minimis
2731 2876 2955 2943 fecistis,
2997 2876 3142 2928 mihi
3175 2876 3381 2942 fecistis
3411 2875 3624 2942 (Matth.

342 2963 666 3034 praecessit;
698 2963 904 3017 cubilia
929 2963 1188 3018 draconis
1234 2968 1558 3018 constanter
1579 2963 1748 3030 adiit;
1781 2965 1943 3034 signo
2025 2977 2152 3029 xxv,
2186 2964 2297 3031 40).
2335 2964 2403 3018 Et
2427 2963 2652 3030 idcirco,
2687 2969 2752 3018 ut
2777 2963 2912 3018 olim
2943 2963 3284 3042 ministravit
3323 2963 3492 3035 capiti
3525 2963 3629 3018 Ec-

339 3052 522 3106 crucis
595 3052 764 3118 edito,
821 3051 1104 3107 feritatem
1159 3053 1282 3122 ejus
1351 3052 1737 3124 compescuit;
1803 3069 1945 3108 zona
2024 3053 2226 3118 clesiae,
2270 3069 2421 3107 nunc
2474 3052 2767 3124 providere
2809 3051 3026 3108 studuit
3084 3051 3351 3106 membris
3395 3052 3626 3118 Christi,

339 3158 444 3196 sua
483 3141 715 3214 propria
740 3141 945 3196 collum
1000 3140 1258 3196 draconis
1312 3141 1506 3208 cinxit,
1568 3143 1934 3214 populosque,

340 3232 558 3302 alonge
583 3236 1023 3302 prospectantes,
1056 3231 1283 3286 intuens
1312 3249 1323 3284 :
1359 3230 1504 3296 Quid
1523 3237 1628 3297 est,
1663 3231 1761 3298 ait,
1791 3231 1940 3303 quod

339 3319 636 3392 trepidetis
664 3320 690 3372 ξ’
729 3336 854 3374 ecce
893 3326 1211 3391 serpentem
1264 3325 1450 3385 teneo,
1510 3324 1568 3374 et
1612 3336 1708 3374 vos
1757 3320 1941 3374 adhuc

336 3409 618 3464 cunctatis
637 3409 648 3462 l
687 3408 932 3462 accedite
945 3408 1167 3462 fortiter
1180 3408 1239 3462 in
1267 3409 1494 3462 nomine
1509 3408 1734 3462 Domini
1754 3409 1940 3463 Salva-

339 3497 497 3561 toris,
526 3498 781 3568 hancque
821 3497 1154 3552 virulentam
1207 3497 1450 3552 belluam
1481 3497 1540 3551 in
1569 3497 1747 3552 frusta
1803 3514 1939 3552 con-

337 3586 598 3642 scindite.
617 3586 786 3652 Dixit,
807 3586 1050 3658 hincque
1072 3585 1302 3640 draconi
1326 3603 1396 3641 ne
1412 3587 1551 3640 ﬂatu
1561 3587 1823 3657 cuiquam
1852 3587 1939 3641 vel

335 3676 508 3730 dente
551 3680 796 3742 noceret,
857 3676 1070 3747 potenti
1123 3675 1332 3730 virtute
1386 3675 1728 3730 interdicens
1760 3694 1774 3742 ;
1808 3675 1940 3730 inde

333 3764 534 3820 turbas
566 3765 791 3818 modicae
846 3766 976 3832 ﬁdei
1019 3765 1230 3833 (Matth.
1303 3779 1411 3830 VIII,
1463 3763 1554 3834 26)
1619 3764 1934 3836 increpans,

332 3859 508 3924 atque
527 3853 597 3907 ad
607 3852 920 3908 feriendum
935 3858 1259 3908 constanter
1285 3867 1612 3924 provocans,
1637 3853 1938 3908 draconem

332 3942 566 4014 quidem
594 3941 743 3996 illico
771 3941 1132 4014 compescuit,
1162 3941 1501 3996 turbasvero
1529 3941 1616 3995 vix
1646 3941 1932 3998 animavit.

331 4031 528 4086 Armis
561 4031 805 4102 denique
833 4030 1127 4085 acviribus
1163 4031 1506 4095 insistentes,
1541 4029 1777 4085 bestiam
1797 4031 1938 4086 frus-

2022 3141 2283 3196 omnibus
2298 3157 2523 3210 semper
2536 3140 2812 3207 amabilis,
2828 3140 3103 3196 universis
3128 3140 3480 3207 aﬂ‘abilis.Et,
3497 3141 3632 3212 quia

2020 3231 2260 3285 hilarem
2289 3234 2537 3285 datorem
2573 3232 2763 3298 diligit
2793 3232 2935 3284 Deus
2965 3231 3044 3296 (II
3071 3231 3193 3285 Cor.
3217 3247 3294 3297 1x,
3320 3231 3393 3298 7),
3425 3231 3632 3302 sic_an-

2021 3319 2163 3374 cillse
2189 3336 2306 3374 suae
2325 3319 2494 3374 solita
2513 3319 2876 3373 miseratione
2896 3317 3157 3389 providit,
3191 3324 3255 3373 ut
3287 3318 3412 3374 fons
3439 3321 3632 3387 inde/i-

2019 3411 2167 3462 ciens
2197 3423 2352 3462 novae
2383 3407 2747 3478 plenitudinis
2783 3409 3032 3460 oriretur
3055 3407 3242 3472 (Eccli.
3271 3422 3423 3471 xxxv,
3462 3405 3538 3473 6),
3566 3414 3623 3462 et

2019 3495 2334 3550 abundaret
2348 3495 2407 3550 in
2431 3495 2864 3560 cellariis(l)eut.
2885 3494 3150 3560 xxvm,8),
3174 3493 3504 3565 quotidiana
3518 3495 3626 3550 cle-

2022 3584 2237 3638 mentia
2252 3583 2518 3649 vacuatis,
2543 3583 2752 3654 absque
2772 3583 2925 3637 omni
2945 3599 3049 3636 sua
3072 3582 3465 3650 sollicitudine,
3489 3584 3625 3638 dum

2021 3673 2241 3728 devotio
2281 3672 2532 3726 ﬁdelium
2561 3688 2626 3726 eo
2655 3671 2836 3741 magis
2874 3671 3212 3737 conterebat,
3247 3671 3398 3742 quod
3435 3677 3624 3743 posset

2023 3763 2158 3817 dare
2182 3761 2572 3826 abundanter;
2600 3761 2734 3832 quia
2747 3760 2889 3832 ipsa,
2913 3759 3109 3814 innata
3132 3759 3238 3814 sibi
3260 3759 3618 3829 liberalitate,

2022 3850 2194 3906 dabat
2223 3850 2498 3905 hilariter.
2531 3849 2642 3905 Sed
2690 3865 2792 3904 nec
2839 3851 3034 3903 divites
3075 3851 3386 3905 dimittebat
3425 3853 3624 3906 inanes

2023 3942 2170 4008 (Luc.
2206 3954 2245 4005 Ι,
2283 3938 2394 4006 53),
2429 3955 2672 4010 quorum
2700 3937 3059 3992 conﬂuebant
3098 3938 3172 3992 ad
3214 3955 3341 3994 eam
3370 3939 3618 4011 plurimi,

2019 4029 2266 4100 corporis
2304 4028 2506 4082 animm
2547 4027 2820 4082 beneﬁcia
2864 4033 3241 4098 reportantes.
3272 4029 3460 4083 Vestis
3497 4029 3621 4099 ejus

337 4121 509 4175 tatim
548 4120 985 4192 discerpserunt.
1014 4120 1183 4174 ﬁdem
1213 4125 1271 4173 et
1292 4119 1665 4173 constantiam
1712 4121 2005 4184 MarthzeD
2021 4134 2239 4190 aspera,
2281 4134 2476 4172 saccus
2507 4125 2564 4172 et
2607 4117 2870 4184 cilicium,
2911 4123 3164 4188 tempore
3192 4118 3469 4189 septenni,
3501 4119 3623 4173 cin-

332 4209 682 4264 beatissimae
696 4209 1060 4274 admirantes,
1081 4209 1226 4280 quod
1241 4213 1362 4262 tam
1377 4207 1680 4262 immanem
1691 4209 1935 4264 belluam

336 4305 460 4352 tam
487 4299 668 4366 facile,
707 4297 918 4368 absque
947 4297 1063 4351 ullo
1117 4312 1340 4367 pavore,
1388 4311 1527 4350 zona
1580 4311 1684 4350 sua
1727 4296 1933 4367 fragili,

333 4387 476 4442 dum
517 4392 894 4452 truncaretur,
927 4390 1148 4440 teneret
1201 4385 1568 4440 immobilem.
1620 4384 1940 4440 Vocabatur

331 4477 496 4549 prius
524 4477 679 4532 locus
707 4476 800 4530 ille
821 4475 1013 4540 eremi,
1049 4474 1210 4545 niger
1223 4474 1378 4528 focus
1413 4493 1426 4542 ;
1455 4490 1522 4528 ex
1533 4480 1668 4528 tunc
1693 4475 1938 4530 Tharas-

334 4567 482 4620 cona
509 4565 692 4621 dictus
714 4571 800 4620 est
827 4565 1134 4630 adracone,
1168 4562 1265 4634 qui
1291 4563 1605 4618 Tharascus
1623 4562 1932 4618 dicebatur.

331 4657 524 4726 Atque
587 4661 686 4721 ita,
740 4655 860 4708 viso
905 4654 991 4708 vel
1047 4653 1240 4707 audito
1275 4651 1561 4718 miraculo,
1601 4651 1936 4708 Viennensis

331 4743 635 4817 provinciae
667 4743 860 4814 populi
889 4742 1252 4797 crediderunt
1285 4741 1527 4796 Domino
1557 4741 1849 4808 Salvatori,
1879 4748 1936 4797 et

331 4833 600 4904 baptizati
679 4837 812 4886 sunt
879 4831 1260 4901 gloriﬁcantes
1302 4830 1482 4884 Deum
1519 4830 1578 4884 in
1648 4831 1934 4886 miraculis

327 4922 550 4979 ancillae
581 4938 696 4977 suae
721 4941 735 4990 ;
757 4938 899 4992 quae,
935 4937 1000 4975 ex
1037 4926 1192 4986 tunc,
1221 4935 1323 4991 pro
1349 4919 1567 4974 meritis
1594 4921 1713 4975 suis
1733 4921 1930 4993 praeci-

2017 4207 2150 4278 gulo
2178 4208 2410 4274 nodoso,
2441 4207 2512 4261 de
2547 4207 2683 4262 setis
2713 4206 2950 4278 equinis,
2993 4207 3064 4262 ad
3103 4223 3330 4262 carnem
3369 4207 3617 4274 astricta,

2019 4297 2100 4352 ita
2129 4303 2195 4351 ut
2235 4299 2452 4351 vermes
2478 4313 2544 4350 ex
2571 4295 2798 4368 putrida
2831 4313 3000 4350 carne
3031 4295 3185 4350 illius
3211 4295 3526 4350 efﬂuerent.
3572 4297 3620 4350 Ο

2017 4385 2295 4458 patientia
2344 4383 2816 4457 incomparabilis,
2885 4385 3062 4450 ﬁeret,
3123 4384 3271 4455 quod
3324 4384 3514 4439 vivens
3561 4385 3621 4440 in

2017 4492 2206 4544 carne,
2257 4475 2540 4530 vermibus
2574 4490 2701 4528 esca
2739 4473 2892 4527 suis!
2935 4475 3170 4544 Semper
3223 4473 3377 4528 nuda
3427 4474 3616 4544 pedes,

2019 4565 2147 4620 alba
2174 4571 2339 4638 tyara
2356 4566 2425 4620 de
2456 4563 2584 4636 pilis
2611 4563 2811 4618 cameli
2840 4563 3022 4617 velata
3049 4567 3235 4634 caput.
3265 4563 3466 4618 Lectus
3495 4563 3620 4634 ejus

2018 4660 2230 4709 stratus
2248 4655 2367 4709 loco
2387 4653 2560 4708 ramis
2583 4651 2848 4706 arborum
2865 4657 2924 4706 et
2941 4652 3258 4718 sarmentis,
3280 4651 3406 4707 licio
3426 4669 3620 4724 super-

2016 4749 2214 4808 strato,
2249 4741 2531 4799 cervicalis
2557 4741 2742 4812 lapide
2771 4739 3122 4812 temporibus
3162 4741 3467 4796 substrato.
3503 4743 3619 4795 Has

2016 4833 2168 4887 inter
2195 4831 2440 4898 delicias,
2476 4831 2679 4884 millies
2715 4836 2950 4901 martyr,
2990 4829 3215 4884 Martha
3241 4829 3614 4896 sanctissima,

2013 4928 2203 4976 mente
2245 4922 2412 4976 caelos
2455 4919 2728 4975 inhiabat.
2784 4919 3022 4974 Animus
3061 4920 3184 4989 ejus
3232 4919 3348 4972 Deo
3395 4917 3618 4972 deditus

327 5012 479 5084 puis,
520 5011 733 5068 cunctis
781 5008 1215 5083 provincialibus
1260 5014 1318 5062 et
1385 5009 1565 5065 amori
1619 5009 1807 5064 existit
1871 5016 1929 5065 et
2010 5028 2078 5067 ex
2103 5016 2222 5066 toto
2253 5011 2310 5064 in
2343 5008 2694 5064 orationibus
2725 5009 2896 5064 sacris
2927 5013 3050 5062 erat
3080 5005 3352 5078 perditus,
3391 5011 3450 5060 et
3488 5022 3618 5076 per-

325 5101 552 5158 honori.

1277 5213 1451 5260 NOTE
1496 5213 1864 5259 POTISSIMUH
1909 5215 1990 5258 EX
2029 5211 2272 5258 BABANO
2317 5213 2668 5260 DESUMPTE.

404 5320 429 5346 ³
456 5307 584 5376 Sap.
612 5321 691 5372 x1,
721 5309 806 5362 18.
837 5309 964 5362 Non
992 5306 1142 5360 enim
1191 5303 1556 5376 impossibilis
1581 5310 1706 5358 erat
1751 5303 1935 5358 omni-

329 5375 543 5450 potens,
553 5395 754 5433 manus
785 5385 948 5432 tua...
983 5376 1291 5450 immittere
1311 5375 1442 5432 illis.

415 5447 490 5507 I9.
523 5450 666 5504 Novi
683 5451 909 5521 generis
936 5449 1023 5504 ira
1051 5449 1246 5521 plenas
1271 5446 1512 5521 ignotas
1549 5445 1776 5521 bestias,
1838 5451 1938 5500 aut

336 5537 606 5596 vaporem
621 5517 877 5596 ignitum
903 5517 1205 5596 'spirahtes,
1230 5517 1520 5596 autnfumi
1565 5517 1794 5596 odorem
1813 5533 1939 5596 pro-

327 5588 596 5659 fer'entes,
623 5588 722 5648 aut
777 5588 1086 5649 horrendas
1122 5589 1193 5650 ab
1225 5588 1401 5645 oculis
1446 5588 1718 5645 scintillas
1777 5589 1937 5645 emit-

2019 5307 2222 5356 tentes.

2092 5371 2178 5430 20.
2213 5375 2464 5439 Quarum
2491 5391 2605 5430 non
2635 5373 2816 5428 solum
2835 5375 3040 5428 laesura
3053 5375 3275 5444 poterat
3290 5371 3417 5444 illos
3439 5376 3616 5424 exter-

2019 5445 2256 5512 minare,
2289 5447 2386 5501 sed
2419 5452 2476 5501 et
2503 5450 2762 5516 aspectus
2795 5461 2896 5516 per
2921 5441 3182 5499 timorem
3213 5441 3484 5516 occidere.

2093 5517 2120 5559 δ
2181 5519 2244 5574 Ut
2299 5519 2406 5585 hic,
2463 5513 2607 5573 forte
2665 5535 2676 5569 :
2734 5513 2925 5586 utique
2973 5533 3040 5571 ex
3091 5513 3310 5570 incuria
3351 5513 3619 5568 dictantis

2019 5589 2409 5655 scribentisve;
2441 5595 2508 5645 ut
2531 5587 2790 5659 superius
2819 5592 2922 5656 qui
2959 5591 3023 5643 in
3053 5603 3154 5659 pro
3169 5587 3328 5656 quin.
3529 5591 3532 5594 ’
