4018 6168
496 254 644 312 ’1503

1091 256 1154 311 Β.
1194 254 1469 312 RABANI
1517 253 1751 311 MAURI
1784 251 2122 310 ARCHIEP.

2162 251 2489 311 MOGUNT.
2528 252 2828 311 OPEBUM
2861 252 3047 309 PARS
3082 252 3164 309 ΙΙΙ
3171 292 3184 307 .
3631 251 3767 310 1504

498 378 633 434 Car.
666 379 932 436 XLVI.-—
950 382 1050 437 (lbi
1066 382 1222 436 beata
1245 380 1466 436 lartha
1487 383 1694 436 sororis
1710 396 1824 436 suae
1841 383 2098 436 animam
2111 383 2166 443 Α
2180 381 2321 437 valle
2348 387 2493 438 vocet
2522 382 2707 450 (Joan.
2740 395 2818 448 x1,
2846 378 2936 447 28)
2963 398 2977 448 ;
3006 383 3157 435 sicut
3179 386 3241 435 et
3260 396 3370 446 me,
3401 382 3538 435 an‘te
3581 395 3767 434 meum

845 453 910 506 in
935 455 1086 508 catos
1103 453 1251 520 ferri
1275 454 1418 509 cidit
1435 453 1505 506 ab
1521 454 1755 521 angelis.

573 576 710 640 Qum
736 574 872 631 dum
887 579 1168 646 geruntur
1193 575 1342 649 apud
1369 577 1578 648 Aquas,
1601 576 1957 649 metropolim
1973 591 2101 649 pro-

500 663 696 720 vincia;
723 663 1105 720 Narbonensis
1146 665 1532 721 ecclesiasticae
1567 663 1758 740 [Adde,
1785 663 2092 740 secundae],

502 752 701 808 eadem
731 751 890 820 hora,
921 753 982 808 in
1010 753 1298 826 provincia
1321 753 1648 820 Viennensi,
1683 753 1835 826 apud
1860 754 2098 810 Theras-

500 855 719 908 conam,
752 840 1014 896 ministra
1030 840 1255 896 Domini
1285 840 1590 896 Salvatoris
1608 841 1831 897 Martha
1858 841 2094 896 sanctis-

501 929 666 996 sima,
681 928 828 984 lecto
855 928 998 984 febri
1024 929 1272 996 detenta,
1288 929 1492 985 divinis
1507 934 1700 985 tamen
1728 929 1988 986 laudibus
2013 931 2098 986 in-

500 1020 678 1084 tenta,
708 1016 844 1072 dum
883 1018 1133 1073 celestis
1176 1018 1566 1085 meditaretur,
1582 1019 1726 1074 vidit
1765 1021 2096 1091 angelorum

501 1107 700 1161 choros
727 1107 938 1162 sororis
970 1123 1086 1164 suae
1112 1107 1306 1164 Mariae
1351 1107 1696 1180 Magdalenae
1739 1109 1989 1164 animam
2036 1109 2096 1164 in

499 1194 669 1249 caelos
691 1194 957 1251 ferentes.
1007 1197 1345 1270 Vocatisque
1375 1197 1486 1264 his,
1523 1197 1619 1270 qui
1667 1197 1718 1252 ei
1749 1197 2091 1267 assidebant,

499 1282 696 1338 retth
721 1283 803 1340 eis
830 1285 965 1356 quid
984 1285 1186 1342 viderit
1207 1305 1220 1355 ;
1243 1303 1450 1358 rogans
1471 1303 1568 1342 eos
1586 1286 1693 1342 sibi
1719 1289 2098 1358 congratulari

499 1373 929 1446 exclamansque
958 1375 1145 1447 inquit
1175 1375 1256 1432 :0
1279 1376 1855 1448 pulcherrimasoror,
1869 1379 2006 1447 quid
2023 1381 2100 1432 est

497 1463 644 1531 quod
669 1465 852 1531 fecisti
865 1465 1053 1531 ?'(Gen.
1076 1478 1174 1532 ΧΠ,
1210 1464 1321 1535 18).
1354 1466 1470 1520 Cur
1488 1481 1598 1532 me,
1632 1471 1699 1520 ut
1726 1465 1864 1520 mihi
1892 1466 2100 1538 promi-

498 1566 654 1605 seras
679 1556 852 1622 atque
871 1553 1258 1620 mandaveras,
1281 1570 1395 1609 non
1414 1553 1652 1610 visitasti
1669 1554 1695 1608 ?
1724 1555 1946 1625 Ergone
1975 1555 2097 1612 sine

500 1654 593 1693 me
610 1638 817 1694 frueris
845 1640 1192 1712 amplexibus
1212 1642 1437 1698 Domini
1465 1644 1618 1710 Jesu,
1643 1644 1739 1715 qui
1757 1660 1861 1699 nos
1875 1661 1937 1699 se
1952 1644 2098 1700 mul-

2176 470 2498 537 transitum,
2529 469 2668 526 mihi
2685 485 2982 542 apparens,
3010 468 3299 524 accersivit
3318 468 3391 523 ad
3413 485 3533 524 sum
3552 468 3770 523 clm-ita-

2176 558 2252 614 tis
2272 558 2567 631 palatium.
2591 558 2736 614 Veni
2764 557 2956 630 igitur,
2985 563 3045 612 et
3073 559 3564 625 nemoreris(Psat.
3583 573 3766 623 um,

2174 646 2254 718 6).
2271 647 2427 704 Dixit
2452 665 2465 702 :
2488 646 2726 704 Domino
2760 645 3102 719 ingredienti
3120 645 3371 718 jucunde
3389 645 3656 712 occurrit,
3676 645 3771 718 qui

2178 737 2448 793 accedens
2476 737 2726 809 propius,
2757 735 3248 808 placidissimoque
3283 735 3443 791 vultu
3493 734 3772 791 Martham

2176 827 2405 882 inmens
2437 843 2450 880 :
2479 825 2585 883 Cui
2603 831 2687 892 tu,
2718 825 2924 898 inquit,
2948 825 3164 881 dudum
3189 825 3552 880 devotissime
3564 824 3637 879 de
3662 823 3773 879 tuis

2175 913 2537 971 facultatibus
2914 933 2929 982 ;
2951 913 3044 969 cui
3067 913 3393 985 gratissima
3421 912 3673 984 hospitia
3686 928 3774 966 ex-

2176 1003 2411 1058 hibuisti
2442 1022 2456 1071 ;
2500 1002 2592 1058 cui
2634 1007 2763 1074 post
2812 1000 3132 1074 passionem
3186 1016 3394 1067 meam,
3428 998 3487 1054 in
3508 997 3775 1054 membris

2178 1092 2338 1158 meis,
2359 1091 2543 1147 multa
2559 1089 2711 1146 bona
2734 1089 2932 1158 fecisti,
2969 1091 3100 1146 Ecce
3145 1091 3345 1144 adsum
3374 1089 3583 1159 (Genu.
3626 1101 3770 1146 xm.

2177 1181 2302 1250 ii);
2335 1180 2426 1236 cui
2452 1179 2591 1236 olim
2615 1184 2897 1253 prostrata
2924 1178 3141 1235 dixisti:
3163 1180 3275 1248 Ego
3301 1179 3519 1233 credidi
3546 1180 3687 1248 quia
3714 1183 3771 1231 tu

2177 1285 2230 1325 es
2245 1270 2498 1327 Christus
2516 1269 2694 1324 Filius
2713 1269 2814 1324 Dei
2838 1271 2972 1335 vivi,
3000 1271 3103 1338 q'ui
3131 1269 3195 1322 in
3222 1267 3376 1322 hunc
3402 1266 3681 1320 mundum
3696 1280 3775 1319 ce-

2181 1359 2321 1413 m’sti
2341 1358 2524 1425 (Joan.
2561 1369 2640 1423 ιιι,
2663 1355 2776 1426 27).
2823 1355 2969 1411 Veni
2994 1354 3189 1426 igitur,
3212 1353 3443 1426 hospita
3468 1368 3620 1420 mea,
3650 1348 3774 1407 veni

2177 1445 2249 1500 de
2276 1445 2472 1513 exilio;
2502 1446 3003 1511 veni,coronaberis
3014 1444 3282 1516 (Gantnv,
3297 1442 3373 1511 8).
3405 1443 3541 1497 Hoc
3560 1441 3661 1496 illa
3682 1456 3774 1496 au-

2178 1533 2357 1601 diens,
2389 1533 2605 1604 erigere
2623 1549 2705 1602 se,
2736 1538 2797 1588 et
2812 1549 3044 1604 surgere
3062 1532 3368 1599 nitebatur,
3398 1537 3462 1586 et
3478 1531 3639 1602 sequi
3661 1529 3775 1586 Sal-

2177 1628 2428 1678 vatorem
2454 1623 2847 1679 incontinenti.
2879 1622 2985 1678 Cui
3010 1623 3270 1678 Salvator
3304 1639 3318 1675 :
3369 1621 3663 1692 Exspecta,
3691 1619 3769 1675 in-

501 1734 621 1782 tum
652 1711 959 1799 diligentes
975 1730 1221 1785 multum
1262 1730 1493 1787 dilexit?
1532 1711 1747 1802 Sequar
1771 1737 1818 1787 te
1856 1750 2088 1803 quocun-

2177 1713 2319 1785 quit,
2353 1711 2488 1785 quia
2503 1714 2641 1769 vado
2663 1711 2982 1783 pararetibi
3006 1715 3208 1779 locum,
3241 1717 3292 1766 et
3312 1713 3519 1765 iterum
3535 1713 3766 1774 ueniam,

503 1832 605 1886 que
646 1819 781 1872 ieris
802 1819 950 1885 (Luc.
981 1832 1056 1886 IX,
1085 1817 1194 1891 57).
1219 1820 1306 1876 Tu
1337 1836 1488 1888 vero,
1512 1820 1760 1889 interim,
1792 1823 1944 1877 vivas
1985 1822 2101 1878 vita

502 1908 738 1973 eterna,
754 1906 1054 1979 valeasque
1072 1908 1194 1963 sine
1204 1909 1318 1964 ﬁne
1337 1909 1470 1964 felix
1487 1921 1532 1978 ι,
1557 1915 1616 1965 et
1631 1909 1835 1966 animai
1852 1915 1966 1967 tuae
1986 1928 2103 1966 me-

503 1993 696 2060 moris,
729 2009 845 2050 non
875 1995 1178 2052 immemor
1204 2014 1327 2053 esse
1353 1997 1511 2054 velis.
1543 1999 1662 2054 Hac
1680 1999 1856 2070 igitur
1881 1999 2097 2056 visione

503 2081 814 2138 exhilarata
841 2091 1200 2141 sacrosancta
1222 2086 1435 2159 virago,
1467 2088 1594 2159 plus
1645 2087 1810 2143 solito
1839 2087 2099 2161 cupiebat

501 2169 728 2225 dissolvi
753 2176 805 2226 et
821 2189 928 2227 esse
953 2189 1082 2228 cum
1097 2175 1334 2242 Christo,
1361 2191 1509 2246 aegre
1539 2175 1727 2230 ferens
1739 2176 1951 2232 diutius
1974 2193 2100 2248 per-

499 2272 728 2314 manere
741 2262 806 2315 in
825 2277 994 2317 carne
1009 2263 1173 2319 «Phil.
1214 2278 1255 2331 ι,
1286 2260 1377 2330 23,
1410 2261 1523 2333 2i),
1541 2264 1751 2320 sororis
1766 2280 1900 2331 suae,
1916 2271 1975 2321 et
1993 2282 2096 2321 an-

499 2347 758 2417 gelorum
785 2366 928 2423 quos
942 2350 1162 2407 viderat
1184 2352 1471 2430 consortio
1495 2353 2022 2427 carcre.Sciensque
2037 2373 2098 2412 se

503 2451 685 2508 nuper
706 2438 1099 2510 migratumm,
1153 2441 1446 2496 credentes
1483 2441 1769 2510 admonet,
1802 2444 1988 2500 erudit
2042 2451 2102 2501 et

501 2523 949 2584 confortat.Cum
961 2529 1154 2602 igitur,
1172 2529 1321 2585 fama
1335 2530 1552 2586 ferente
1559 2529 1916 2602 innotuisset,
1948 2535 2098 2607 quod

503 2613 720 2670 ancilla
741 2616 950 2673 Christi
975 2618 1251 2674 transitus
1276 2619 1620 2688 immineret,
1634 2625 1888 2678 convenit
1908 2626 2100 2679 multi-

505 2703 637 2756 tudo
677 2719 885 2776 magna
909 2707 1162 2764 ﬁdelium
1187 2710 1324 2777 (Act.
1358 2725 1415 2777 ιι,
1459 2707 1532 2776 6),
1555 2717 2101 2784 permanseruntque

2181 1807 2229 1856 et
2256 1805 2533 1872 accipiam
2561 1807 2609 1855 te
2634 1803 2999 1871 admeipsum
3029 1821 3048 1856 :
3074 1806 3140 1856 ut
3166 1802 3265 1855 ubi
3276 1815 3405 1855 sum
3424 1803 3618 1868 ego,tu
3641 1815 3770 1868 quo-

2180 1906 2282 1960 que
2298 1893 2373 1944 sis
2401 1892 2818 1960 mecum(Joan.
2852 1905 2966 1957 xxv,
2999 1891 3050 1958 2,
3081 1888 3133 1955 3,
3162 1890 3236 1960 4).
3265 1888 3440 1955 Dixit,
3470 1887 3771 1959 dispennit-

2181 1996 2323 2052 que:
2356 1980 2457 2035 sed
2477 1985 2536 2036 et
2562 1996 2722 2036 soror
2751 1981 2873 2052 ejus
2901 1984 3097 2036 sancta
3112 1979 3294 2035 Maria
3309 1994 3426 2033 non
3439 1978 3767 2052 compamit:

2178 2069 2274 2124 lux
2301 2075 2494 2125 tamen
2513 2070 2843 2142 permansit,
2874 2086 2998 2142 qua
3025 2086 3157 2124 cum
3179 2068 3294 2123 illis
3322 2069 3770 2140 apparuit.’l‘unc

2178 2159 2382 2216 deinde
2395 2159 2594 2231 vigiles
2604 2159 2673 2214 ad
2681 2163 3036 2225 venerunt,et
3042 2157 3362 2224 luminaria,
3369 2174 3495 2230 quae
3504 2158 3775 2213 exstincta

2178 2248 2543 2321 reliquerant,
2590 2248 2818 2306 insolito
2836 2248 3050 2306 lumine
3086 2246 3367 2304 radiantia
3390 2247 3586 2302 mirati
3621 2252 3770 2302 sum.

2181 2411 2313 2465 CAP.
2346 2409 2593 2465 XLVIII.
2637 2439 2702 2450 -
2737 2410 2854 2476 L’bi,
2883 2413 2933 2464 et
2953 2409 3193 2478 quando,
3215 2414 3266 2462 et
3293 2409 3560 2477 qualiter,
3582 2412 3631 2461 ei
3652 2408 3776 2475 qui-

2253 2483 2350 2537 bus
2384 2483 2766 2551 prasentibus,
2817 2481 2973 2535 beata
3019 2479 3241 2535 Martha
3280 2480 3550 2545 migrari!
3591 2495 3627 2532 a
3661 2492 3778 2531 cor-

2245 2567 2396 2622 pore.

2251 2695 2360 2753 Ubi
2381 2697 2503 2754 dies
2543 2698 2747 2767 illuxit,
2765 2697 2941 2770 jussit
2956 2714 3019 2752 se
3047 2702 3206 2753 extra
3232 2691 3436 2752 subdio
3453 2691 3608 2768 poni.
3638 2693 3774 2750 Om-

499 2805 628 2846 cum
655 2809 726 2848 ea
751 2794 930 2850 donec
940 2797 1294 2868 sepeliretur,
1306 2797 1551 2854 extensis
1576 2815 1676 2872 per
1695 2817 1929 2857 nemora
1945 2783 2101 2876 papi-
2181 2785 2270 2842 ηίε
2297 2786 2449 2842 enim
2476 2787 2735 2844 celeritas
2749 2787 2917 2844 tarda
2933 2785 3244 2876 νίάφδαωΐο
3270 2783 3618 2840 matutinum

500 2878 766 2950 lionibus,
785 2883 1012 2955 ignibus
1038 2886 1291 2959 undique
1311 2886 1579 2943 accensis,
1947 2873 1964 2875 ἡ
2020 2873 2037 2876 “
2180 2876 2337 2932 mille
2374 2892 2654 2934 annorum
2692 2893 2911 2933 moram
2961 2875 3190 2932 habere.
3236 2876 3586 2932 Sternuntur
3605 2873 3777 2945 palea

2178 2963 2285 3018 sub
2303 2964 2504 3021 arbore
2531 2966 2814 3034 frondosa,
2845 2982 3017 3038 super
3042 2966 3232 3039 paleas
3261 2964 3527 3030 cilicium,
3570 2963 3633 3018 in
3668 2978 3776 3035 quo

573 3025 703 3081 CAP.
986 3035 1179 3121 Tr
1197 3034 1877 3121 Christuset‘Magdatena,
1907 3039 2025 3106 ejus

2179 3053 2247 3108 iit
2273 3068 2410 3111 crux
2427 3071 2495 3110 ex
2511 3055 2722 3111 cinere.
2841 3025 2977 3112 dum
2996 3025 3083 3110 εὸι
3109 3053 3309 3121 oritur,
3339 3025 3548 3108 ancilla

758 3107 962 3170 αναίοαν
983 3111 1370 3177 meum
1399 3107 1561 3160 ’καίεο
1581 3107 1826 3164 Marum
2127 3107 2163 3112 '
2180 3107 3653 3217 εσοηιιιξέέ-ξιλίέεί’άεέροιξίιξιηίρεεςιιε
3679 3158 3767 3214 ρε-

573 3221 825 3294 Septima
837 3223 1015 3296 igitur
1041 3229 1302 3299 sequenti
1312 3228 1406 3284 die
1419 3230 1938 3303 advesperascente,
1955 3248 2096 3304 prai-
2174 3236 2350 3300 tente,
2392 3233 2641 3288 cruciﬁxi
2686 3232 2992 3289 Salvatoris
3036 3232 3222 3305 imago
3248 3236 3381 3286 ante
3409 3230 3619 3286 faciem
3649 3231 3765 3301 ejus

496 3309 651 3381 cepit
675 3309 776 3379 eis,
815 3319 882 3368 ut
922 3315 1294 3373 luminaribus
1351 3319 1599 3375 accensis
1639 3321 1817 3376 cereis
1854 3327 2090 3394 septem,
2175 3320 2430 3393 erigitur.
2458 3321 2565 3377 Ubi
2597 3321 2734 3377 dum
2762 3321 3049 3394 paulisper
3085 3320 3406 3394 quievisset,
3466 3319 3767 3391 respiciens

495 3397 791 3472 tribusque
801 3402 1156 3476 lampadibus
1180 3404 1310 3480 [llic
1319 3410 1462 3476 forte
1479 3410 1748 3478 quiddam
1775 3411 1917 3466 deest
1928 3413 1992 3466 in
2013 3428 2096 3467 co-
2175 3409 2425 3465 ﬁdelium
2436 3410 2876 3478 multitudinem,
2898 3410 3115 3482 rogavit
3140 3415 3207 3466 ut
3225 3408 3344 3464 suis
3370 3407 3637 3481 precibus
3650 3409 3768 3479 ejus

492 3487 632 3555 dice,
655 3491 810 3545 verbi
823 3495 1014 3558 gratia
1044 3511 1060 3546 :
1082 3502 1330 3563 orarent,
1352 3501 1435 3552 cet
1450 3499 1588 3568 quid
1605 3497 1840 3574 simile].
1865 3501 1936 3555 Et
1945 3501 2097 3556 circa
2174 3498 2480 3555 transitum
2504 3499 2806 3557 accelerari
2837 3505 3114 3572 peterent.
3137 3497 3353 3564 Quibus
3374 3496 3624 3553 ubertim
3639 3498 3767 3551 flen-

497 3575 678 3630 noctis
696 3578 965 3648 medium,
1001 3598 1188 3652 sopore
1213 3588 1380 3653 gravi
1408 3588 1590 3654 (Joan.
1620 3604 1656 3654 ι,
1691 3589 1744 3658 5)
1778 3589 1972 3660 vigiles
1999 3606 2096 3661 op-

501 3665 702 3736 pressi,
733 3666 1159 3727 obdormierunt
1208 3673 1478 3747 undique.
1518 3676 1663 3731 Cum
1690 3693 1817 3732 ecce
1844 3677 2088 3734 turbinis

494 3750 741 3825 impetus
765 3755 990 3814 irruens
1008 3763 1075 3815 in
1100 3764 1308 3831 spiritu
1326 3765 1632 3820 vehementi
1651 3767 1818 3833 (Psal.
1834 3765 2080 3839 xnvn,8),

489 3856 681 3899 cereos
705 3861 903 3902 omnes
930 3853 989 3904 et
1014 3849 1306 3922 lampades
1335 3852 1618 3909 exstinxit.
1633 3854 1752 3910 Hoc
1764 3854 2084 3929 intelligens

487 3931 693 3988 ancilla
718 3934 947 4005 Christi,
980 3937 1143 4009 signo
1184 3939 1365 3996 crucis
1400 3942 1571 4009 edito,
1600 3949 1799 3999 contra
1849 3944 2082 4001 insidias

485 4018 805 4077 demonum
831 4026 1028 4080 oravit.
1060 4027 1275 4083 Dehinc
1302 4031 1562 4086 custodes
1592 4031 1869 4102 excitavit,
1900 4040 1967 4090 ut
1993 4035 2081 4090 lu-

487 4108 733 4165 minaria
771 4115 1208 4171 reaccenderent
1258 4119 1498 4189 rogavit.
1531 4121 1900 4178 Currentibus
1942 4123 2073 4191 illis,

483 4193 695 4268 diuque
720 4202 1220 4263 morantibus.ecce
1237 4205 1424 4263 subito
1442 4209 1635 4264 lumen
1661 4211 2078 4269 coelitusfusum

484 4284 760 4357 radiavit;
792 4296 853 4345 et
876 4290 936 4346 in
956 4291 1080 4365 ipso
1103 4293 1317 4350 lumine
1343 4298 1599 4369 apostola
1625 4299 1834 4355 Christi
1853 4301 2079 4358 Domini

2174 3585 2346 3655 tibus,
2378 3587 2477 3644 illa
2505 3589 2730 3661 erigens
2787 3589 2976 3644 oculos
3013 3588 3085 3643 ad
3127 3588 3331 3643 malum
3386 3606 3399 3641 :
3462 3586 3533 3653 Ο,
3562 3585 3757 3658 inquit.

2168 3676 2391 3748 hospes,
2420 3694 2617 3750 quare,
2638 3678 2878 3734 Domine
2902 3677 3176 3745 Salvator,
3208 3676 3347 3748 quid
3362 3681 3452 3731 est
3480 3674 3636 3748 quod
3654 3690 3759 3729 mo-

2165 3764 2310 3821 raris
2330 3767 2468 3830 (Act.
2492 3780 2628 3834 xm,
2648 3765 2766 3838 16)?
2781 3768 3012 3836 Quando
3023 3769 3264 3833 veniam,
3281 3771 3333 3821 et
3354 3766 3755 3835 appareban

2163 3855 2367 3923 faciem
2393 3861 2550 3911 tuam
2566 3862 2592 3910 Ρ
2618 3856 2820 3926 Eaeque
2838 3856 2976 3911 mihi
2992 3854 3240 3911 diluculo
3250 3858 3465 3911 locutus
3485 3855 3751 3920 rs,am’ma

2164 3946 2870 4013 meatiquefactaesHPsat.
2893 3959 3008 4012 xu,
3037 3945 3105 4011 5;
3138 3945 3298 4000 Cant.
3319 3957 3376 4010 ν,
3401 3941 3483 4011 6).
3521 3942 3601 3998 Ex
3626 3944 3749 3996 tunc

2162 4031 2440 4088 desiderio
2449 4033 2753 4100 tui,omnia
2764 4032 3017 4089 membra
3030 4031 3471 4103 mea'rigescnnt,
3478 4029 3751 4086 net-vista.

2160 4127 2415 4192 pescunt,
2430 4139 2558 4178 ossa
2573 4121 2889 4191 tabescunt,
2911 4122 3172 4178 medulla:
3185 4121 3473 4188 fatiscunt,
3491 4126 3553 4176 et
3567 4117 3750 4174 omnia

2160 4211 2432 4267 interiora
2460 4228 2590 4267 mea
2605 4218 2888 4268 arescunt.
2904 4212 3029 4268 Non
3056 4211 3366 4280 confundas
3382 4210 3747 4277 me,Domiae.

2157 4302 2230 4354 ab
2254 4303 2645 4371 exspectatione
2668 4316 2811 4357 mea.
2841 4303 2982 4357 Deus
2998 4317 3173 4368 meus,
3198 4315 3266 4355 ne
3293 4301 3628 4367 tardaveris,
3647 4297 3751 4352 Do—

484 4372 808 4445 Salvatoris,
836 4378 1019 4436 Maria
1045 4382 1395 4454 Magdalena,
1416 4385 1596 4442 facem
1609 4386 1834 4460 igneam
1849 4389 2079 4447 dextera
2095 4441 2140 4465 η
2158 4396 2328 4460 mine,
2353 4410 2420 4449 ne
2440 4397 2674 4449 moreris
2684 4396 2855 4465 (Psal.
2893 4408 3073 4461 cxvm,
3109 4392 3235 4450 116:
3274 4394 3421 4448 Psat.
3452 4391 3745 4459 mis;

479 4477 702 4531 gerens,
733 4466 998 4540 apparuit
1025 4489 1043 4535 ;
1074 4487 1199 4543 quae
1228 4488 1358 4528 mox
1385 4480 1603 4546 septem
1632 4492 1844 4545 cereos,
1877 4484 1936 4534 et
1958 4484 2075 4535 tres

484 4548 774 4622 lampades
803 4557 1126 4620 exstinctus.
1157 4576 1260 4616 suo
1307 4563 1520 4619 scelesti
1547 4563 1762 4621 lumine
1798 4568 2072 4625 accendit.

479 4637 624 4693 Tum
651 4640 874 4713 deinde,
919 4646 1124 4704 lectulo
1151 4649 1360 4706 sororis
1397 4667 1513 4707 suae
1539 4652 1808 4709 assistens
1840 4673 1852 4708 :
1888 4655 2068 4726 Salve,

479 4727 684 4800 inquit,
735 4748 896 4788 soror
921 4742 1133 4793 sancte.
1177 4738 1251 4792 Et
1293 4755 1423 4795 mox
1443 4757 1477 4796 a
1502 4757 1694 4797 sorore
1721 4745 2030 4802 resalutata
2054 4764 2068 4800 :

478 4817 637 4887 Ecce,
665 4819 869 4894 inquit,
890 4840 957 4879 ac
976 4825 1115 4880 mihi
1144 4843 1247 4899 per
1272 4827 1502 4885 beatum
1529 4831 1854 4904 pontificem
1901 4836 2070 4892 Maxi-

477 4909 696 4968 minum
724 4914 1025 4982 mandasti,
1063 4921 1140 4978 te.
1163 4917 1299 4973 dum
1316 4919 1454 4976 vivis
1479 4920 1539 4976 in
1568 4938 1819 4994 corpore,
1864 4925 1925 4980 in
1949 4941 2068 4980 cor-

476 5010 612 5068 pore
641 5001 878 5059 visitavi.
911 5004 999 5072 Et,
1022 5021 1092 5060 en
1117 5006 1349 5062 dilectus
1387 5013 1523 5066 tuus
1550 5011 1737 5079 (Cant.
1769 5028 1834 5082 ιι,
1863 5015 1915 5082 9,
1956 5014 2062 5087 10),

475 5088 748 5147 Dominus
771 5093 1029 5150 Salvator
1065 5096 1235 5163 adest,
1278 5102 1345 5152 ut
1370 5101 1419 5152 te
1467 5098 1540 5154 ab
1564 5099 1672 5155 hac
1709 5101 2064 5160 miseriarum

2095 4441 2141 4500 D

2155 4483 2302 4538 Psal.
2336 4497 2482 4551 Lxlx,
2505 4481 2582 4554 6).
2608 4483 2947 4556 Hujusmodi
2975 4469 3293 4547 meditanti,
3321 4481 3478 4537 venit
3512 4482 3575 4537 in
3592 4498 3749 4538 men-

2156 4575 2274 4626 tem
2299 4573 2449 4644 quod
2486 4573 2621 4628 olim
2646 4573 2852 4628 viderit
2897 4571 3142 4644 qualiter
3178 4570 3438 4627 Christus
3493 4571 3555 4627 in
3589 4586 3746 4626 mica

2156 4660 2298 4716 hora
2335 4677 2486 4717 nona
2511 4662 2849 4734 expiraverit
2876 4681 2892 4732 ;
2948 4661 3210 4734 quodque
3238 4659 3445 4716 seriem
3474 4659 3745 4733 passionis

2153 4749 2382 4817 Christi,
2401 4750 2673 4807 Hebraice
2684 4751 3113 4818 editam,secum
3128 4749 3266 4804 olim
3295 4748 3367 4804 ab
3385 4749 3741 4822 Jerosolynis

2151 4839 2778 4897 attulerit.Etaccersito
2787 4846 2980 4897 sancto
2998 4841 3296 4906 Parmena,
3320 4839 3472 4894 hanc
3487 4839 3738 4911 profari,

2149 4934 2208 4984 et
2226 4945 2417 4985 coram
2454 4946 2516 4985 se
2546 4930 2772 4986 recitari
2791 4929 3011 5002 rogavit
3040 4947 3054 4982 :
3078 4933 3144 4984 ut
3169 4929 3255 4983 vel
3294 4927 3377 4983 sic
3404 4944 3525 4984 suae
3550 4945 3736 4999 exspe-

2147 5017 2408 5073 ctationis
2457 5019 2688 5074 taedium
2738 5023 3100 5090 temperaret.
3138 5016 3256 5072 Nec
3301 5031 3472 5071 secus
3521 5015 3728 5075 accidit.

2147 5121 2319 5178 quam
2345 5107 2763 5180 speravit.Dum
2776 5107 2948 5176 enim,
2977 5122 3049 5163 ea
3063 5122 3188 5179 quae
3216 5104 3433 5160 viderat
3450 5105 3583 5160 olim
3601 5104 3731 5159 dile-

1400 5212 1570 5260 NOTE
1611 5216 1979 5264 POTISSIIUH
2022 5220 2103 5264 EX
2146 5220 2386 5268 BABANO
2428 5222 2779 5269 DESUHPTE.

542 5303 570 5384 ξ
597 5296 950 5384 ξζᾳιζᾲιήειῃι
976 5299 1243 5384 [iducnse2
1284 5301 1619 5384 anui‘1550.
1655 5305 1912 5384 Ofﬁcium
1938 5323 2067 5363 san-
2145 5314 2322 5384 teres.
2348 5310 2516 5384 Vivas
2555 5327 2684 5367 cum
2712 5312 2984 5383 magistro
3029 5318 3089 5366 et
3118 5327 3247 5367 vere
3291 5311 3512 5384 hospite
3539 5316 3729 5364 nostm

471 5367 569 5451 fit:
587 5365 818 5451 yart/ia:
845 5367 1067 5451 fol.Axc,
1096 5365 1247 5451 quod
1277 5372 1548 5451 fratribus
1571 5380 1630 5430 et
1651 5365 1940 5451 sororibus
1966 5395 2064 5451 pa-
2143 5379 2204 5435 in
2229 5380 2361 5436 sedc
2380 5365 2547 5438 beata
2568 5365 2763 5438 silice
2779 5365 3051 5438 uidentur
3074 5365 3144 5437 es
3164 5365 3423 5439 idem;
3444 5365 3727 5448 idesuinpta

466 5433 656 5528 εἳὶθξὲί
677 5436 909 5528 fisa:
926 5439 988 5528 ρ
1003 5433 1561 5528 ,Ρὶέἒδιιθντὲωεξ,ίριίι
1603 5452 1841 5528 βφψφ.
1857 5433 2062 5528 aucte
2139 5433 2759 5528 imaginariae
2782 5433 2958 5510 eis;
2973 5433 3727 5523 ξέιείιῖυῑιξεῑιῑδιριςῑειέωίσει

467 5519 647 5574 soror,
676 5521 792 5563 non
827 5511 1120 5569 attendisti
1148 5514 1298 5587 quod
1328 5515 1470 5575 mihi
1497 5516 1694 5574 vovisti
1731 5524 1799 5575 ut
1817 5511 1910 5579 me
1932 5520 2060 5577 visi-
2137 5511 2414 5580 Rabarius.
