3958 6170
244 375 396 433 1505

1277 377 1371 433 DE
1407 375 1578 431 VITA
1616 376 1680 429 Β.
1722 373 1973 432 ΜΑΒΙΔΕ
2010 375 2496 432 MAGDALENE.

3387 382 3528 440 15%

244 499 424 554 ctoris
458 499 546 554 sui
568 499 847 571 supplicia
868 500 1141 566 seriatim,
1173 500 1400 574 propria
1442 501 1637 571 lingua
1653 499 1847 570 legen-
1865 499 1919 559 A
1936 505 2130 568 raptus
2178 517 2303 555 sum
2334 501 2394 554 in
2438 499 2660 572 spiritu,
2698 504 2808 556 sive
2857 505 2921 557 in
2962 519 3201 573 corpore,
3233 508 3345 560 sive
3372 513 3528 562 extra

245 593 370 641 tem
393 588 636 650 audiret,
671 587 883 644 obortis
911 607 976 644 ex
995 591 1380 662 compassione
1403 589 1684 661 lacrymis,
1701 591 1853 657 capit

241 680 412 744 ﬂere;
445 677 747 748 oblitaque,
779 678 1028 745 interim,
1061 696 1176 734 suae
1216 679 1591 750 migrationis,
1626 680 1748 732 ﬁxxt
1771 678 1856 732 in-

241 765 567 820 tentionem
605 772 785 820 totam
813 767 872 821 in
900 773 1096 822 tenore
1120 767 1416 839 passionis.
1449 767 1655 822 Audito
1677 767 1856 821 donec

245 855 405 924 quod
419 855 764 914 Christus.in
775 857 1164 912 manusPatris
1172 860 1259 927 spi
1260 859 1317 911 ri
1319 863 1437 911 tum
1447 858 1851 922 commendans,

246 946 526 1009 spiritum
554 947 736 998 emisit
755 946 885 1010 (Luc
923 961 1070 1011 xxiii,
1095 945 1184 1015 46)
1221 965 1234 1010 ;
1258 945 1562 1017 suspiravit
1585 944 1852 1015 graviter,

249 1039 316 1085 et
343 1032 635 1103 expiravit.
660 1033 936 1088 Dormivit
961 1041 1152 1089 autem
1182 1035 1241 1089 in
1260 1034 1500 1089 Domino
1524 1040 1725 1105 quarto
1755 1035 1856 1088 ka-

249 1121 456 1175 lendas
482 1128 769 1193 augustas,
800 1130 993 1178 octavo
1028 1123 1120 1177 die
1149 1129 1277 1194 post
1301 1122 1604 1178 transitum
1649 1121 1857 1177 sororis

251 1226 376 1264 suae
432 1215 638 1266 sancta:
691 1211 882 1267 Mariae
923 1213 1286 1284 Magdalenue,
1318 1217 1477 1267 sexta
1528 1212 1686 1278 feria,
1719 1213 1859 1266 hora

253 1298 374 1354 diei
400 1316 567 1364 nona,
597 1317 746 1355 anno
765 1303 1112 1372 sexagesimo
1143 1302 1339 1373 quinto
1367 1301 1549 1357 aetatis
1567 1317 1701 1356 sum.
1727 1301 1860 1355 Cor-

255 1403 369 1460 pus
393 1406 520 1443 cum
541 1389 710 1460 digno
741 1391 954 1445 honore
987 1391 1296 1450 conditum,
1348 1396 1407 1444 et
1443 1390 1774 1455 involutum,
1801 1389 1860 1443 in

257 1479 501 1532 ecclesia
527 1480 757 1550 propria
769 1478 1085 1534 intulerunt
1101 1480 1236 1534 socii
1266 1481 1408 1550 ejus,
1440 1479 1684 1550 quicum
1704 1495 1772 1534 ea
1790 1478 1860 1532 ab

261 1566 496 1622 Oriente
517 1573 813 1634 venerunt,
829 1573 886 1622 et
903 1585 1082 1640 usque
1108 1569 1167 1622 in
1187 1568 1336 1623 diem
1362 1569 1521 1623 illum
1541 1567 1591 1623 ei
1609 1584 1862 1640 perseve-

260 1662 463 1710 ranter
507 1656 865 1711 adhaeserunt
898 1675 910 1710 :
963 1663 1207 1723 sanctus,
1258 1657 1488 1720 scilicet,
1532 1658 1858 1722 Parmenas,

263 1747 586 1799 Germanus
613 1762 854 1817 quoque,
888 1747 1150 1801 Sostenes
1189 1753 1247 1800 et
1273 1747 1582 1818 Epaphras,
1606 1746 1702 1818 qui
1739 1746 1863 1800 fue-

1937 605 2152 657 corpus,
2179 593 2396 644 nescio:
2426 592 2567 644 Deus
2593 594 2694 644 scit
2737 593 2817 656 (11
2871 593 2993 645 Cor.
3027 606 3148 656 .xn,
3189 593 3242 660 2,
3275 593 3348 660 3),
3379 596 3530 651 Tha-

1938 693 2247 742 rasconam,
2281 695 2409 733 cum
2459 679 2697 733 Domino
2717 679 3028 746 Salvatore,
3058 681 3377 738 ministram
3407 686 3530 754 ejus

1937 767 2218 820 Martham
2263 767 2696 831 sanctissimam,
2737 774 2804 822 ut
2831 768 3035 824 viventi
3064 771 3344 842 pollicitus
3381 789 3528 833 sum.

1937 861 2218 910 mortuam
2238 855 2474 927 sepelire
2486 897 2500 911 .
2547 855 2752 912 Mittite
2780 857 2956 928 igitur
2973 875 3122 914 nunc
3141 861 3238 931 qui
3258 863 3533 917 annulum

1939 949 2213 1010 nostrum,
2247 951 2306 998 et
2331 945 2677 1000 chirothecas
2699 945 2909 1000 criseas
2928 948 3152 1014 referat,
3177 966 3318 1020 quas
3337 950 3394 1004 in
3417 968 3533 1006 ma-

1938 1049 2045 1087 nus
2063 1032 2312 1087 sacristae
2332 1034 2512 1104 posui,
2543 1033 2680 1089 dum
2714 1052 2916 1107 corpus
2943 1043 3200 1092 sanctum
3228 1039 3288 1093 in
3313 1056 3536 1095 mauso-

1937 1123 2026 1176 leo
2052 1123 2362 1194 composui.
2390 1122 2629 1177 Miratur
2653 1123 2771 1178 haec
2797 1124 3034 1181 audiens
3059 1127 3318 1198 populus,
3359 1129 3538 1184 mittit

1937 1210 2356 1265 Tharasconam
2382 1211 2612 1266 nuntios
2642 1217 2828 1268 tenus.
2863 1214 3198 1271 Rescribunt
3225 1217 3536 1272 Tharasco-

1939 1315 2144 1354 nenses
2173 1300 2728 1370 Petragoricensibus
2747 1302 2896 1357 diem
2923 1308 2980 1358 et
3007 1304 3204 1359 horam
3233 1307 3535 1377 sepultura:

1941 1389 2064 1459 ejus
2099 1389 2351 1458 ignotam
2374 1409 2389 1452 ;
2411 1394 2470 1443 et
2495 1389 2871 1445 venerabilem
2895 1409 3024 1446 cum
3037 1410 3233 1448 eorum
3252 1395 3533 1466 pontiﬁce,

1943 1494 2111 1548 quem
2141 1477 2282 1532 bene
2313 1484 2602 1545 noverant,
2635 1480 2913 1550 exsequiis
2933 1482 3054 1552 ejus
3070 1482 3388 1538 interfuisse
3416 1501 3539 1556 per-

1943 1583 2140 1620 sonam
2158 1585 2171 1632 ;
2195 1572 2252 1620 et
2265 1567 2334 1621 de
2348 1567 2556 1630 libello,
2572 1574 2629 1622 et
2649 1567 2815 1623 titulo
2830 1568 3024 1634 libelli,
3041 1587 3114 1624 ne
3131 1573 3274 1626 torte
3303 1573 3408 1627 hoc
3425 1573 3539 1645 epi-

1945 1671 2174 1726 scOpum
2195 1657 2481 1723 latuisset;
2506 1662 2564 1710 et
2591 1658 2864 1712 annulum
2889 1659 3038 1730 quod
3069 1666 3360 1731 receperat
3372 1661 3542 1716 sacri-

1946 1751 2035 1799 sta
2052 1745 2267 1799 remitti
2296 1745 2646 1816 alteramque
2673 1747 3085 1814 chirotliecam;
3120 1749 3368 1804 alterain
3380 1751 3540 1805 testi-

265 1839 402 1887 rant
457 1834 636 1888 sancti
687 1835 995 1906 Trophimi,
1046 1835 1391 1890 Arelatensis
1438 1835 1859 1908 archiepiscopi,
1883 1853 1930 1914 B
1949 1834 2201 1888 monium
2220 1833 2365 1888 tanti
2382 1834 2642 1889 miraculi
2667 1841 2907 1890 retenta.
2923 1836 3030 1900 Qui
3053 1843 3244 1892 autem
3265 1837 3544 1894 ministra-

264 1922 539 1990 comites;
573 1924 838 1978 Marcella
863 1941 1086 1996 quoque
1113 1924 1374 1979 ministra
1402 1925 1544 1995 ejus,
1567 1931 1624 1979 et
1645 1925 1864 1979 Eucho-
1945 1927 2144 1977 verant
2185 1923 2456 1978 ministra:
2502 1924 2825 1990 Salvatoris,
2879 1925 3109 1996 quidam
3169 1927 3458 1983 redierunt
3483 1928 3543 1983 in

264 2011 367 2064 dia
393 2016 451 2066 et
469 2012 696 2082 Syntex.
733 2012 804 2066 Hi
833 2019 1048 2083 septem
1095 2013 1388 2068 triduanas
1407 2013 1627 2084 vigilias
1647 2013 1707 2066 in
1743 2014 1866 2083 ejus

265 2100 551 2171 exsequiis
578 2107 817 2171 egerunt
843 2117 973 2156 cum
1003 2102 1363 2156 multitudine
1411 2102 1864 2157 concurrentium

267 2189 523 2260 undique
547 2191 900 2260 papulorum,
933 2190 1028 2262 qui
1054 2207 1231 2262 usque
1259 2191 1317 2245 in
1337 2191 1486 2246 diem
1505 2191 1868 2256 tertium,cir—

267 2295 336 2332 ca
373 2295 575 2350 corpus
613 2284 871 2334 sanctum
914 2279 973 2334 in
1019 2279 1122 2334 Dei
1171 2280 1431 2336 laudibus
1483 2279 1862 2347 excubabant;

269 2367 522 2422 accensis
559 2367 735 2422 cereis
763 2367 832 2422 in‘
851 2367 1103 2435 ecclesia,
1135 2369 1489 2440 lampadibus
1517 2387 1620 2441 per
1645 2369 1860 2436 domos,

266 2455 497 2526 ignibus
525 2473 627 2528 per
654 2473 904 2511 nemora.

268 2621 406 2672 CAP.
439 2619 630 2674 XLIX.
665 2648 731 2660 -
765 2620 881 2684 Ubi,
921 2625 970 2673 et
1019 2621 1258 2687 quando,
1293 2625 1340 2673 et
1380 2621 1624 2688 qualiter
1656 2622 1868 2687 sepulta

343 2694 418 2742 est
444 2707 479 2742 a
519 2691 754 2744 Domino
782 2691 1085 2756 Salratore,
1113 2695 1162 2744 et
1201 2695 1390 2744 sancto
1419 2691 1685 2744 Frontino
1713 2692 1868 2743 antl-

343 2763 484 2825 slite,
517 2764 878 2830 corporaliter
908 2766 1091 2815 tamen
1111 2763 1345 2815 absente.

345 2903 417 2958 Et
434 2902 526 2956 die
562 2901 782 2957 sabbati
805 2909 1006 2974 parata
1034 2908 1119 2958 est
1144 2902 1195 2956 ei
1214 2901 1505 2974 sepultura
1530 2901 1770 2972 insignis
1799 2901 1871 2954 ad

273 2991 563 3063 propriam
593 2992 736 3062 ejus,
766 3008 938 3063 quam
966 2992 1260 3063 pontiﬁces
1288 2991 1705 3056 dedicaverunt,
1730 2989 1874 3043 basi-

273 3082 462 3136 licam.
509 3081 613 3135 Die
657 3097 788 3135 vero
817 3080 968 3136 dicta
996 3081 1306 3145 Dominica,
1337 3080 1478 3134 hora
1515 3079 1628 3134 diei
1681 3079 1870 3145 tertia,

1949 2011 2258 2078 Orientem,
2309 2011 2752 2082 evangelizantes
2790 2029 3028 2084 regnum
3075 2015 3176 2069 Dei
3211 2033 3222 2068 :
3257 2017 3545 2088 Epaphras

1947 2101 2223 2162 videlicet,
2260 2117 2387 2154 cum
2423 2106 2619 2155 sancta
2641 2101 2922 2167 Marcella,
2959 2109 3018 2156 et
3044 2104 3328 2175 Syntyche
3358 2103 3541 2171 beata,

1949 2207 2072 2260 quae
2101 2190 2373 2261 Philippis
2392 2189 2603 2244 dormit
2626 2190 2864 2261 sepulta,
2887 2191 2957 2244 de
2978 2208 3089 2261 qua
3101 2193 3402 2263 Apostolus
3412 2193 3546 2247 scri-

1947 2278 2048 2333 bit.
2083 2279 2291 2350 Syntex
2314 2277 2480 2332 beato
2523 2279 2635 2332 ﬁne
2665 2279 2878 2350 quievit
2910 2297 2921 2331 :
2955 2281 3260 2335 Parmenas
3309 2283 3439 2348 (Act.
3463 2298 3539 2348 vx,

1949 2368 2002 2437 ὃ)
2035 2368 2234 2438 plenus
2263 2368 2392 2433 ﬁde,
2427 2373 2485 2422 et
2497 2367 2686 2439 gratia
2709 2367 2830 2435 Dei,
2866 2369 3126 2440 martyrii
3149 2369 3389 2440 gloriam
3417 2371 3546 2424 ade-

1947 2462 2110 2528 ptus;
2152 2457 2463 2512 Germanas
2490 2462 2548 2512 et
2587 2457 2873 2512 Euchodia
2899 2459 3265 2513 consolationi
3292 2459 3543 2514 ﬁdelium

1951 2563 2181 2618 operam
2201 2546 2420 2611 dantes,
2452 2545 2630 2600 beatis
2643 2545 2910 2616 apostolis
2929 2547 3134 2601 auxilio
3163 2547 3546 2613 fuerunt,cum

1951 2641 2145 2690 sancto
2195 2637 2480 2700 Clemente,
2532 2639 2580 2688 et
2627 2637 2832 2689 caeteris
2887 2637 3296 2704 coadjutoribus
3324 2651 3540 2703 eorum,

1949 2740 2191 2792 quorum
2222 2725 2456 2777 nomina
2489 2728 2620 2777 sunt
2649 2725 2712 2777 in
2744 2725 2887 2778 libro
2908 2727 3030 2778 vita
3060 2725 3284 2794 (Philip.
3307 2724 3546 2794 1v,‘2).In

1950 2810 2182 2866 basilica
2211 2828 2340 2866 vero
2359 2811 2595 2867 Martha:
2623 2811 2977 2878 beatissima),
3010 2829 3045 2866 a
3073 2813 3164 2867 die
3189 2813 3547 2869 dormitionis

1952 2901 2094 2972 ejus,
2124 2900 2393 2956 miracula
2420 2901 2543 2955 sine
2561 2917 2797 2955 numero
2816 2901 3175 2972 contigerunt
3203 2919 3215 2955 :
3241 2903 3549 2970 caacis,sur-

1954 2989 2062 3056 dis,
2093 2990 2284 3056 mutis,
2317 2990 2548 3055 claudis,
2573 2989 2914 3062 paralyticis,
2947 2991 3420 3064 aridis,leprosis,
3441 2992 3551 3046 da:-

1957 3079 2227 3134 moniacis
2247 3079 2525 3151 variisque
2571 3078 2926 3150 passionibus
2978 3079 3248 3151 fatigatis,
3279 3081 3551 3136 sanitates

271 3171 601 3242 congregati
627 3169 866 3224 aderant
890 3187 1103 3235 omnes,
1136 3175 1200 3224 ut
1221 3187 1423 3242 corpus
1452 3174 1711 3224 sanctum
1731 3184 1866 3222 con-
1887 3167 1933 3228 C
1953 3169 2289 3224 omnimodas
2317 3173 2710 3240 provenerunt.
2743 3168 3088 3224 Francorum
3127 3175 3185 3223 et
3223 3169 3552 3224 Teutonico-

270 3276 416 3329 gruo
435 3258 747 3324 condirent,
764 3259 944 3330 pridie
962 3259 1242 3313 Kalendas
1269 3259 1528 3329 Augusti.
1559 3259 1700 3312 Cum
1717 3274 1864 3322 ecce,

274 3348 474 3402 eadem
503 3348 662 3412 hora,
693 3348 840 3418 apud
891 3347 1296 3418 Petragoricas,
1329 3347 1647 3419 Aquitania:
1675 3347 1870 3401 civita-

275 3445 412 3503 tem,
446 3437 645 3492 Missas
672 3436 1022 3491 celebratum
1068 3436 1316 3508 pontiﬁci
1345 3441 1538 3490 sancto
1575 3435 1864 3498 Frontino,

275 3526 514 3598 populos
536 3525 880 3598 exspectanti
911 3531 970 3579 et
989 3526 1046 3579 in
1063 3525 1330 3579 cathedra
1349 3525 1875 3596 dormitanti,appa-

273 3615 394 3669 ruit
420 3614 678 3670 Christus
710 3619 768 3668 et
787 3613 868 3668 ait
886 3613 968 3668 illi
1003 3631 1014 3666 :
1046 3613 1172 3679 Fili,
1204 3614 1350 3681 veni,
1372 3613 1543 3686 imple
1573 3613 1722 3685 quod
1753 3629 1879 3684 pro-

278 3703 504 3770 misisti,
550 3703 831 3776 exsequiis
859 3703 1092 3759 Martha:
1146 3703 1378 3775 hospitae
1416 3720 1554 3758 meae
1583 3708 1640 3758 te
1664 3703 1875 3758 affutu-

279 3792 619 3859 rum.Dixit;
655 3809 893 3865 moxque
923 3793 1138 3864 pariter
1155 3793 1212 3848 in
1235 3795 1351 3847 ictu
1372 3796 1520 3847 oculi
1545 3793 1602 3860 (I
1629 3794 1750 3848 Cor.
1783 3810 1872 3858 xv,

280 3880 372 3952 5‘2)
433 3888 818 3953 apparuerunt
871 3882 1020 3954 apud
1067 3883 1502 3946 Tharasconam,
1553 3881 1769 3936 libellos
1819 3882 1877 3937 in

278 3987 454 4024 manu
472 3975 748 4036 tenentes,
781 3970 838 4024 in
865 3971 1125 4025 ecclesia:
1159 3971 1416 4026 Christus
1436 3971 1626 4042 capiti,
1671 3972 1876 4042 praesul

280 4059 538 4130 pedibus,
586 4065 864 4114 astantes:
917 4059 1022 4131 ipsi
1051 4061 1156 4115 soli
1194 4077 1398 4132 corpus
1439 4059 1498 4114 in
1529 4061 1879 4115 mausoleum

281 4149 534 4202 locantes
549 4158 594 4214 ³,
649 4147 987 4216 mirantibus
1036 4148 1251 4202 cunctis
1299 4147 1394 4220 qui
1421 4149 1676 4204 aderant.
1711 4150 1881 4219 Egre-

284 4237 540 4302 diuntur,
574 4237 867 4308 completis
887 4237 1183 4308 exsequiis.
1225 4237 1492 4308 Sequitur
1523 4255 1619 4292 eos
1639 4254 1786 4292 unus
1815 4254 1881 4292 ex

285 4327 457 4392 clero,
485 4342 742 4398 quaerens
773 4343 808 4380 a
853 4326 1090 4381 Domino
1124 4327 1249 4397 quis
1279 4314 1447 4393 esset,
1493 4327 1580 4380 vel
1609 4327 1759 4382 unde
1785 4343 1882 4381 ve-

285 4415 484 4470 nisset.
513 4415 618 4469 Cui
657 4415 930 4470 Dominus
967 4415 1107 4470 nihil
1136 4415 1460 4486 respondit;
1515 4415 1614 4470 sed
1635 4415 1882 4470 codicem

1952 3275 2077 3313 rum
2106 3274 2221 3324 rex,
2255 3259 2582 3324 Clodoveus,
2604 3257 2938 3313 Christiana;
2957 3257 3087 3312 ﬁdei
3107 3258 3292 3313 ferens
3307 3258 3549 3330 insignia

1950 3347 2188 3419 primus,
2213 3347 2613 3402 miraculorum
2650 3347 2885 3402 Martha:
2903 3347 3270 3402 sanctissima:
3302 3348 3554 3401 multitu-

1955 3436 2086 3490 dine
2127 3443 2186 3490 et
2213 3435 2598 3506 magnitudine
2649 3440 2854 3500 motus,
2901 3435 3315 3490 'l‘harasconam
3351 3435 3506 3490 venit
3536 3453 3548 3490 :

1959 3540 2218 3596 moxque,
2233 3530 2298 3578 ut
2325 3523 2580 3578 tumbam
2609 3529 2814 3577 sanctae
2834 3523 3039 3592 tetigit,
3061 3522 3217 3593 gravi
3246 3522 3442 3577 morbo
3460 3539 3552 3577 re-

1959 3630 2116 3678 num,
2186 3629 2296 3683 quo
2379 3611 2780 3666 miserabiliter
2836 3610 3205 3677 laboraverat,
3282 3610 3552 3666 liberatus

1959 3707 2064 3757 est.
2105 3700 2272 3756 Dedit
2299 3702 2417 3756 Deo
2475 3700 2534 3754 in
2577 3699 2964 3754 testimonium
3019 3705 3192 3756 tanta:
3219 3698 3464 3764 virtutis,
3496 3704 3555 3753 et

1960 3807 2061 3848 suo
2089 3790 2300 3846 annulo
2330 3789 2590 3860 signavit,
2627 3794 2839 3842 terram
2857 3787 3033 3843 trium
3061 3789 3348 3844 leucarum
3377 3787 3438 3843 in
3463 3788 3552 3858 gi-

1960 3897 2086 3934 rum
2107 3879 2350 3934 ecclesiae
2368 3877 2602 3932 Martha:
2621 3876 3008 3943 sanctissimis,
3043 3894 3106 3931 ex
3128 3882 3367 3949 utraque
3393 3883 3554 3948 parte

1959 3967 2238 4034 Rhodani,
2273 3984 2398 4022 cum
2421 3967 2583 4032 villis,
2608 3972 2666 4021 et
2683 3965 2901 4032 castris,
2926 3971 2984 4019 et
3009 3965 3193 4033 silvis;
3224 3983 3346 4037 qua;
3368 3965 3556 4020 omnia

1962 4075 2143 4130 usque
2160 4057 2324 4112 hodie
2351 4055 2712 4110 immunitate
2726 4061 2998 4127 perpetua
3009 4055 3256 4127 possidet
3273 4071 3558 4110 sacrosan-

1961 4153 2054 4202 cta
2079 4147 2291 4216 virago.
2323 4146 2516 4210 Furta,
2551 4161 2700 4210 vero,
2733 4145 2819 4198 vel
2851 4144 3080 4217 rapinae,
3114 4150 3216 4199 aut
3238 4144 3552 4216 sacrilegia,

1963 4253 2062 4292 seu
2090 4235 2230 4290 falsa
2252 4234 2484 4306 judicia,
2507 4233 2691 4288 subito
2708 4234 2808 4290 Dei
2824 4234 3058 4304 judicio,
3089 4233 3435 4288 horribiliter
3460 4250 3559 4305 pu-

1963 4326 2199 4381 niuntur
2228 4323 2434 4378 ibidem
2491 4323 2880 4388 incontinenti,
2931 4323 3001 4377 ad
3065 4323 3288 4377 laudem
3337 4322 3556 4376 Domini

1966 4413 2270 4471 Salvatoris
2281 4455 2294 4468 .

287 4521 458 4575 quem
482 4503 712 4558 tenebat
737 4504 912 4558 dedit.
947 4505 1192 4558 Clericus
1218 4505 1288 4558 ad
1309 4505 1630 4576 sepulcrum
1661 4505 1832 4560 rediit
1864 4493 1943 4572 ;D

286 4570 538 4648 codicem
595 4593 811 4648 cunctis
849 4593 1119 4659 ostendit;
1180 4593 1239 4648 in
1267 4570 1504 4665 singulis
1532 4594 1770 4666 paginis,
1802 4570 1882 4648 sic
1965 4577 2094 4630 CM”
2129 4575 2190 4628 Ῑλ·
2227 4603 2291 4615 -
2313 4575 2385 4626 Ῐλθ
2416 4573 2664 4666 "uilia?
2696 4573 3048 4666 f‘f“
3063 4571 3245 4623 εαηθίί
3263 4570 3559 4637 archimar-

287 4682 454 4754 legit:
481 4685 546 4738 In
560 4685 829 4736 memoria
849 4688 1055 4737 eterna
1085 4643 1192 4736 erit
1220 4643 1461 4748 Martha,
1485 4643 1708 4755 hdsEita
1725 4643 1882 4738 Chri-
2515 4645 2654 4696 sum
2685 4643 3004 4696 Hmm'm'

287 4771 364 4825 sti
388 4790 400 4837 ;
424 4773 494 4824 ab
521 4773 809 4826 auditione
843 4776 992 4826 mala
1041 4785 1154 4826 non
1195 4773 1405 4826 timebit
1447 4773 1618 4842 (Psal.
1665 4786 1772 4837 cx1,
1805 4770 1878 4835 6).
2037 4771 2341 4838 Hucusque
2370 4767 2439 4820 de
2481 4764 2814 4820 venerabilis
2839 4765 3112 4820 ministrae
3135 4765 3262 4820 Filii
3291 4765 3413 4830 Dei,
3445 4765 3558 4819 Do-

289 4860 444 4914 Nihil
473 4859 627 4914 aliud
674 4859 1068 4915 continebatur
1112 4859 1170 4914 in
1226 4861 1433 4914 codice.
1482 4861 1706 4915 Interea
1732 4862 1882 4932 apud
1971 4858 2111 4914 mini
2140 4855 2463 4918 Salvatoris,
2494 4855 2728 4910 Marthae
2757 4852 3118 4908 sanctissimae
3147 4854 3262 4908 vita
3277 4852 3554 4924 religiosa,

289 4949 700 5020 Petragoricas,
732 4949 901 5003 levita
936 4949 1257 5020 pontiﬁcem
1288 4949 1494 5004 excitat
1518 4967 1529 5002 :
1572 4951 1768 5004 horam
1793 4967 1886 5004 sa-
1967 4955 2026 5004 et
2043 4952 2223 5002 morte
2251 4944 2514 5016 pretiosa,
2543 4961 2665 5014 quae
2683 4947 2844 5014 gesta
2863 4947 2997 4996 sunt
3017 4959 3274 4996 narrasse
3295 4941 3554 4996 sufﬁciat.

287 5037 486 5092 criﬁcii
508 5038 816 5110 praeterire,
853 5039 1123 5110 populum
1149 5038 1394 5109 fatigari,
1429 5055 1755 5109 suggerens.
1781 5039 1884 5092 Cui
1967 5039 2129 5092 Nunc
2153 5035 2328 5106 igitur
2355 5051 2478 5104 quae
2521 5037 2649 5104 post
2693 5049 2915 5087 sacrum
2941 5032 3064 5102 ejus
3108 5030 3430 5097 transitum,
3462 5048 3564 5102 per

291 5127 535 5198 praesul:
568 5128 760 5190 Nolite,
815 5127 1016 5198 inquit,
1063 5129 1288 5182 turbari
1321 5129 1457 5194 (Act.
1508 5143 1598 5188 xx,
1640 5128 1749 5194 10),
1784 5144 1885 5182 nec
1966 5127 2167 5198 ipsam,
2201 5123 2287 5177 vel
2315 5122 2461 5177 circa
2491 5121 2690 5192 ipsam,
2722 5121 2868 5176 facta
2895 5125 3031 5175 sunt
3058 5118 3342 5190 prodigia;
3386 5120 3559 5175 vitam

288 5216 499 5270 taedeat
535 5232 632 5269 vos
687 5215 899 5270 diutius
947 5222 1316 5287 exspectasse.
1359 5217 1474 5287 Ego
1513 5216 1685 5284 enim,
1715 5233 1882 5282 nunc,
1969 5230 2191 5288 quoque
2217 5209 2518 5266 virtutibus
2545 5211 2789 5281 plenam,
2817 5215 2876 5264 et
2894 5208 3208 5280 passionem
3236 5207 3425 5261 fratris
3439 5211 3562 5279 ejus

1242 5347 1414 5393 NOTE
1459 5348 1822 5394 POTISSIMUM
1867 5350 1943 5397 EX
1987 5347 2226 5394 BABANO
2271 5344 2622 5390 DESUMP’I‘E.

369 5457 416 5521 ᾗ
427 5447 714 5521 Mausolea
735 5453 869 5504 sunt
890 5446 1154 5521 sepulcra
1180 5447 1266 5502 vel
1284 5453 1648 5521 monumenta
1665 5464 1884 5521 rogum,
1969 5443 2160 5521 omnia
2175 5445 2541 5521 monumenta
2561 5439 2824 5521 pretiosa,
2848 5455 2914 5521 ex
2938 5437 3167 5521 nomine
3193 5438 3566 5521 ejusupiauso-

294 5535 332 5591 a
361 5518 644 5573 Mausoleo
689 5535 821 5590 rege
866 5509 1255 5591 ASgyptiorum
1285 5517 1452 5591 dictu.
1504 5519 1668 5591 Nam,
1703 5509 1769 5591 οἷ)
1789 5509 1890 5591 de}
1972 5516 2061 5570 lea
2111 5517 2522 5591 nuncupentur.
2562 5509 2810 5566 'Rabam'
2850 5513 2914 5565 de
2968 5512 3245 5577 Universo,
3304 5509 3401 5565 lib.
3452 5525 3562 5577 xxv,

297 5590 512 5654 functo,
525 5605 665 5644 uxor
685 5583 806 5660 ejus
831 5583 990 5644 miri
1010 5583 1419 5660 magnitudinis
1439 5594 1498 5643 et
1525 5589 1891 5660 pulchritudi-
1973 5603 2094 5656 cap.
2127 5583 2217 5642 28.

297 5660 390 5714 nis
421 5659 692 5716 exstruxit
717 5659 1055 5733 sepulcrum,
1079 5659 1138 5715 in
1168 5666 1410 5726 tantum,
1434 5667 1496 5716 ut
1514 5659 1692 5732 usque
1727 5659 1892 5714 hodie
