3958 6170
212 386 369 445 150,

1670 386 2056 448 ΜΜῸΞοΙ.

3364 388 3508 458 1510

209 511 465 583 gratiam
493 512 785 584 pervenire
834 528 948 567 non
984 513 1289 585 potuerint,
1321 515 1553 570 tertium
1595 531 1728 571 vero
1756 518 1886 581 ﬁ-A
1910 518 2091 589 qualis
2118 523 2375 591 tempore
2404 520 2771 593 panitudinis
2795 521 3094 576 exstiterit.
3127 520 3198 576 Et
3224 518 3308 576 ita
3340 522 3508 577 misa-

216 602 361 656 lium
388 602 471 656 ita
502 602 816 656 debilitavit
843 608 909 657 ut
944 607 1070 674 post
1099 609 1325 674 partum
1356 620 1486 657 mox
1514 604 1830 676 baptizatus

213 690 395 745 vitam
423 691 776 747 ﬁnierit.Ubi
790 691 1003 762 liquido
1026 698 1182 763 patet
1200 692 1349 764 quod
1381 700 1612 765 propter
1631 695 1829 749 immo-

213 780 479 835 deratam
507 781 919 852 correptionem
958 782 1018 836 in
1043 782 1255 836 crimen
1297 782 1499 837 cecidit
1518 784 1822 854 parricidii.

214 869 365 933 Quid
404 876 598 925 autem
627 870 698 924 de
747 870 1050 925 homicidio
1089 872 1231 926 sacri
1280 888 1526 926 canones
1572 874 1828 931 sauciant

214 958 322 1012 tibi
352 975 468 1012 non
494 958 753 1029 ignotum
779 964 885 1024 est,
915 975 1045 1012 cum
1077 959 1137 1013 in
1165 961 1464 1032 Ancyrano
1493 962 1726 1016 concilio
1745 962 1828 1017 ita

215 1048 498 1118 scriptum
526 1053 614 1101 est
639 1066 651 1100 :
687 1047 794 1112 Qui
825 1048 1139 1102 voluntarie
1178 1049 1542 1104 homicidium
1571 1050 1825 1119 fecerint,

217 1136 569 1207 pauitantia;
594 1135 822 1207 quidem
842 1137 1057 1208 jugiter
1084 1154 1144 1191 se
1171 1137 1524 1203 submittant,
1538 1140 1827 1211 perfectio-

218 1242 353 1280 nem
384 1241 514 1280 vero
543 1240 691 1280 circa
718 1225 844 1280 vitae
891 1226 1101 1281 exitum
1145 1233 1580 1298 consequantur.
1613 1230 1694 1283 De
1721 1230 1823 1284 ho-

217 1315 465 1369 micidiis
486 1331 600 1369 non
627 1321 825 1385 sponte
852 1315 1181 1383 commissis,
1226 1317 1380 1388 prior
1408 1317 1635 1389 quidem
1682 1319 1820 1373 deii-

217 1404 365 1458 nitio
419 1411 547 1475 post
589 1410 920 1475 septennem
974 1405 1365 1475 pmnitentiam
1425 1407 1825 1478 perfectionem

217 1493 489 1563 consequi
519 1494 801 1564 praecepit,
831 1495 1079 1549 secunda
1122 1512 1252 1549 vero
1282 1496 1651 1567 quinquennii
1681 1503 1823 1551 tem-

216 1598 327 1653 pus
355 1583 596 1652 explere.
624 1581 728 1636 Ubi
757 1583 928 1637 etiam
968 1584 1373 1638 consideranda
1414 1590 1500 1639 est
1521 1586 1822 1640 inﬁrmitas

215 1687 475 1740 persona
496 1670 822 1741 paenitentis
850 1676 909 1725 et
946 1672 1147 1726 modus
1175 1674 1538 1744 pcenitentiaa.
1574 1675 1681 1739 Qui
1710 1675 1821 1728 fer-

215 1760 345 1814 vide
375 1760 764 1830 paanitentiam
795 1760 865 1814 de
894 1762 1138 1831 peccatis
1183 1763 1300 1817 suis
1344 1765 1509 1833 gerit,
1540 1764 1706 1818 citius
1731 1764 1821 1818 in-

215 1848 567 1919 dulgentiam
597 1865 699 1919 per
720 1849 944 1903 Domini
972 1850 1416 1906 misericordiam
1443 1852 1733 1907 obtinebit.

290 1937 344 1994 2.
378 1937 636 1994 Secunda
665 1938 898 2009 quaestio
929 1944 1016 1993 est
1041 1940 1111 1995 de
1148 1957 1215 1994 eo
1245 1958 1414 2012 quem
1442 1943 1595 1997 canis
1632 1942 1824 1996 furens

218 2042 413 2081 morsu
433 2027 492 2081 in
514 2027 654 2098 pede
675 2027 958 2095 laceravit,
982 2028 1052 2082 ob
1089 2031 1251 2101 cujus
1266 2031 1578 2086 remedium
1594 2031 1826 2102 quidam

219 2116 275 2170 ei
308 2115 582 2170 nescienti
612 2116 890 2172 dederunt
912 2119 1076 2188 jecur
1101 2119 1354 2190 ejusdem
1386 2119 1538 2175 canis
1566 2121 1637 2174 ad
1669 2136 1826 2175 man-

1911 608 2211 662 ricordiam
2244 617 2680 681 consequantur.
2704 610 2862 674 Quod
2900 609 2947 663 si
2972 610 3509 680 inexplebiliteth-

1909 712 2034 750 sere
2062 697 2408 763 criminibus,
2426 699 2496 753 ad
2528 700 2804 769 agendam
2826 698 3214 769 paenitentiam
3238 701 3508 771 prolixius

1909 790 2135 857 tempus
2158 786 2469 842 insumunt.
2504 788 2794 859 Quotquot
2834 792 3026 867 putem
3068 789 3281 859 peracti
3309 790 3511 860 viginti

1909 891 2185 930 annorum
2229 882 2413 939 aetate,
2462 883 2520 931 et
2561 893 2762 932 uxores
2811 876 3101 944 habentes,
3145 878 3250 932 hoc
3278 884 3506 949 peccato

1909 965 2153 1036 prolapsi
2180 973 2329 1031 sunt,
2364 966 2561 1037 viginti
2593 968 2842 1037 quinque
2886 966 3050 1020 annis
3099 967 3506 1037 paenitudinem

1904 1059 2186 1123 gerentes,
2212 1055 2270 1108 in
2287 1056 2740 1110 communionem
2760 1056 3143 1127 suscipiantur
3153 1056 3502 1124 orationum;

1909 1142 1965 1195 in
1986 1158 2099 1212 qua
2113 1143 2499 1215 quinquennio
2519 1145 2908 1216 perdurantes,
2928 1150 3064 1200 tunc
3100 1146 3327 1200 demum
3356 1145 3508 1200 obla-

1908 1230 2077 1285 tionis
2105 1239 2460 1287 sacramenta
2484 1234 2814 1305 percipiant.
2840 1235 2999 1299 Quod
3029 1233 3077 1288 si
3097 1234 3193 1305 qui
3221 1240 3279 1289 et
3306 1250 3509 1290 uxores

1906 1319 2176 1375 habentes
2196 1328 2254 1375 et
2266 1323 2724 1377 transcendentes
2746 1323 3272 1394 quinquagesimum
3293 1340 3507 1379 annum

1903 1408 2102 1473 aetatis,
2135 1409 2216 1464 ita
2236 1410 2595 1481 deliquerint,
2620 1412 2690 1465 ad
2711 1412 2925 1467 exitum
2945 1413 3071 1467 vitae
3093 1412 3509 1467 communionis

1901 1497 2144 1567 gratiam
2173 1505 2607 1569 consequantur.

1971 1586 2025 1639 4.
2048 1587 2130 1640 De
2148 1586 2336 1641 vitulis
2366 1604 2589 1658 quoque
2610 1588 2707 1658 qui
2736 1604 2771 1641 a
2798 1588 2977 1642 vaccis
3004 1587 3116 1642 illis
3145 1589 3371 1659 pollutis
3389 1589 3508 1643 nati

1902 1680 2037 1728 sunt
2058 1676 2245 1729 nescio
2274 1676 2407 1746 quid
2436 1676 2584 1730 obsit
2609 1693 2680 1730 ne
2702 1692 2896 1730 eorum
2910 1694 3045 1731 usus
3059 1677 3380 1731 hominibus
3405 1678 3506 1732 de-

1904 1764 2126 1818 serviat.
2165 1765 2274 1818 Sed
2323 1765 2371 1818 si
2428 1766 2755 1836 scrupulum
2783 1770 2871 1819 est
2897 1764 3066 1820 alicui
3091 1770 3280 1820 utrum
3313 1782 3508 1821 eorum

1840 1844 1891 1904 B
1907 1852 1994 1906 lac
2020 1858 2120 1907 aut
2145 1869 2342 1908 carnes
2362 1854 2579 1909 comedi
2626 1854 2859 1924 possint,
2901 1859 2958 1908 et
2986 1858 3220 1925 propter
3243 1855 3508 1925 pollutio.

1906 1958 2037 1996 nem
2066 1943 2265 2012 matris
2287 1959 2481 1997 eorum
2500 1943 2828 1997 scandalum
2849 1942 3075 2013 aliquod
3093 1943 3327 2010 oriatur,
3340 1944 3511 1998 simul

1907 2047 2037 2085 cum
2084 2036 2266 2086 matre
2317 2032 2659 2097 occidantur,
2694 2032 2779 2086 vel
2806 2031 3042 2103 paganis
3071 2033 3406 2099 vendantur,
3439 2048 3510 2087 ne

1906 2120 2274 2191 turpitudinis
2302 2119 2495 2192 priscae
2524 2120 2798 2174 memoria
2832 2120 3161 2174 scandalum
3209 2121 3328 2177 flat.
3356 2120 3507 2176 Dicit

218 2205 561 2271 ducendum,
595 2207 756 2277 quasi
797 2224 969 2262 sanus
1020 2208 1150 2262 inde
1199 2209 1318 2262 ﬁeri
1349 2215 1554 2281 posset,
1600 2208 1696 2264 ubi
1724 2211 1825 2264 hu-
1910 2209 2059 2263 enim
2077 2210 2408 2280 Apostolus:
2436 2209 2495 2264 Si
2510 2226 2637 2263 esca
2655 2208 2996 2263 scandalizat
3028 2208 3259 2263 fratrem
3290 2225 3503 2276 meum,

133 2344 143 2356 ,
217 2310 426 2348 manus
459 2311 618 2349 error
663 2296 854 2350 delicti
900 2313 1103 2351 noxam
1152 2298 1371 2369 peperit
1414 2298 1473 2352 in
1500 2298 1587 2352 his
1613 2298 1708 2369 qui
1733 2316 1825 2353 vo-
1906 2314 2018 2353 non
2047 2298 2396 2353 manducabo
2425 2299 2484 2352 in
2505 2304 2799 2352 aeternum.
2826 2298 2885 2352 Si
2903 2297 3055 2352 enim
3071 2304 3304 2369 propter
3321 2297 3509 2353 cibum

219 2383 405 2437 lentes
461 2399 662 2438 sanum
716 2385 949 2451 mederi,
980 2385 1095 2439 vim
1139 2386 1428 2441 medicina».
1482 2386 1823 2443 nescierunt.
1906 2386 2082 2441 frater
2093 2392 2225 2441 tuus
2245 2386 2629 2451 contristatur,
2649 2387 2770 2457 jam
2799 2402 2912 2440 non
2933 2386 3243 2441 secundum
3269 2386 3510 2441 Charita-

221 2472 372 2526 Sunt
394 2488 529 2544 ergo
557 2473 882 2544 bujusmodi
911 2474 981 2528 ab
1010 2475 1117 2528 hoc
1146 2485 1335 2528 errore
1370 2475 1719 2545 corrigendi,
1754 2491 1826 2530 ne
1907 2481 2021 2530 tem
2051 2475 2325 2530 ambulas.
2356 2475 2484 2530 Noli
2522 2475 2645 2529 cibo
2675 2481 2772 2530 tuo
2820 2475 2982 2529 illum
3012 2475 3248 2547 perdere
3275 2491 3377 2546 pro
3397 2491 3513 2546 quo

217 2561 375 2615 ultra
396 2562 511 2616 tale
540 2561 757 2617 facinus
776 2567 1120 2635 perpetrent,
1141 2568 1198 2617 et
1216 2580 1317 2635 pro
1344 2562 1490 2618 facto
1510 2565 1659 2635 quod
1679 2580 1826 2618 com-
1908 2564 2164 2619 Christus
2208 2570 2462 2620 mortuus
2479 2569 2581 2618 est.
2608 2564 2735 2618 Noli
2755 2568 2985 2636 propter
3004 2580 3187 2619 escam
3218 2564 3511 2618 destruere

220 2650 503 2706 miserunt
529 2650 721 2721 aliqua
758 2652 1053 2722 disciplina
1079 2653 1165 2706 vel
1205 2652 1424 2722 jejunio
1465 2652 1822 2724 corripiendi,
1908 2669 2048 2723 opus
2078 2653 2198 2707 Dei.
2223 2653 2429 2707 Omnia
2453 2653 2667 2708 munda
2712 2658 2864 2708 sunt.
2909 2653 3019 2707 Sed
3057 2653 3269 2708 malum
3300 2657 3387 2708 est
3412 2652 3511 2707 ho-

220 2746 288 2794 ut
304 2740 494 2794 ueteri
512 2746 727 2794 metum
742 2740 1013 2795 habentes
1025 2742 1136 2795 tale
1156 2742 1336 2796 scelus
1354 2748 1483 2812 post
1517 2743 1636 2796 haec
1672 2758 1826 2796 com-
1909 2741 2045 2795 mini
2068 2741 2163 2813 qui
2186 2758 2287 2813 per
2305 2742 2667 2797 offensionem
2687 2742 3008 2796 manducet.

219 2827 451 2882 mittere
470 2844 583 2883 non
616 2835 977 2900 praesumant.
1980 2829 2032 2886 5.
2056 2830 2216 2894 Quod
2245 2836 2434 2885 autem
2468 2830 2766 2885 novissime
2796 2830 3157 2901 interrogasti
3187 2830 3256 2885 de
3284 2830 3381 2885 illo
3412 2829 3509 2902 qui

302 2915 356 2973 3.
382 2915 576 2972 Tertia
606 2918 841 2988 quastio
870 2917 940 2972 de
972 2935 1036 2972 eo
1053 2917 1161 2974 fuit
1179 2919 1275 2991 qui
1294 2919 1419 2975 cani
1439 2918 1661 2975 feminae
1689 2920 1826 2975 irra-
1908 2919 2243 2975 avunculum
2264 2936 2429 2974 suum
2450 2919 2647 2975 nolens
2678 2920 2794 2974 sive
2835 2919 3024 2973 volens
3063 2918 3348 2987 interﬁcit,
3373 2916 3512 2991 quid

222 3004 577 3061 tionabiliter
605 3023 667 3061 se
710 3006 938 3062 miscuit
962 3026 974 3074 ;
1007 3013 1066 3062 et
1092 3014 1294 3078 quarta
1330 3008 1402 3063 de
1449 3009 1546 3063 illo
1573 3010 1670 3081 qui
1698 3026 1827 3065 cum
1910 3008 2028 3079 pati
2054 3007 2272 3075 debeat,
2295 3010 2417 3079 jam
2436 3008 2695 3079 superius
2716 3009 2786 3063 de
2814 3008 3116 3063 homicidio
3140 3008 3278 3063 satis
3295 3008 3509 3065 dictum

226 3095 408 3149 vaccis
462 3096 669 3167 sapius
720 3095 1029 3151 fornicatus
1079 3103 1182 3151 est.
1214 3097 1361 3162 Quid
1399 3099 1469 3152 de
1506 3099 1830 3169 hujusmodi
1851 3103 1998 3175 “est
2013 3098 2176 3168 juxta
2193 3097 2250 3152 id
2270 3098 2418 3169 quod
2457 3098 2603 3151 sacri
2635 3113 2878 3152 canones
2905 3096 3359 3175 continena‘Sed
3388 3112 3506 3150 ma-

222 3183 549 3239 hominibus
571 3184 939 3255 judicandum
956 3186 1045 3253 sit,
1069 3190 1127 3239 et
1144 3185 1213 3241 de
1232 3187 1556 3258 hujusmodi
1568 3188 1828 3242 animan-
1846 3183 1891 3222 υ
1909 3186 2173 3241 nifestum
2196 3192 2281 3241 est
2305 3187 2451 3257 quod
2469 3186 2756 3257 parricidii
2805 3186 3018 3240 crimen
3044 3185 3247 3257 majori
3277 3184 3508 3256 subjici-

218 3271 375 3327 tibus
403 3278 463 3328 et
488 3278 654 3344 partu
685 3290 880 3329 earum
906 3274 1241 3329 faciendum.
1274 3275 1381 3331 Ubi
1411 3276 1698 3332 dementia
1727 3277 1830 3332 hu-
1907 3282 2005 3330 tur
2023 3276 2472 3331 vindictannde
2487 3276 2664 3330 sancti
2686 3276 2883 3330 Patres
2902 3280 3210 3330 sanxerunt
3223 3274 3370 3345 quod
3382 3289 3507 3345 par-

220 3377 407 3417 mame
435 3362 641 3416 mentis
682 3369 741 3417 et
766 3364 993 3419 miseria
1031 3370 1189 3434 patet
1218 3364 1498 3433 maxima;
1531 3383 1708 3437 eoque
1736 3367 1829 3421 de-
1908 3365 2094 3420 ricidw
2121 3365 2466 3436 deponentes
2503 3365 2718 3420 militiae
2747 3364 3054 3435 cingulum,
3078 3362 3231 3417 omni
3255 3367 3509 3433 tempore

220 3450 542 3505 testabilius
567 3455 655 3506 est
679 3451 819 3506 illud
845 3452 1052 3511 factum
1083 3469 1195 3525 quo
1209 3453 1391 3508 scelus
1416 3455 1476 3508 in
1505 3471 1572 3509 eo
1595 3461 1829 3526 apparet
1908 3454 2034 3507 vitae
2061 3469 2176 3507 suae
2202 3453 2261 3507 in
2290 3452 2622 3523 poenitentia
2639 3452 2967 3523 persistant,
2998 3451 3115 3505 sive
3141 3450 3203 3504 in
3228 3454 3511 3504 monaste-

224 3539 553 3606 maximum,
587 3557 716 3594 cum
747 3541 959 3596 animal
1006 3542 1280 3597 rationale
1326 3548 1522 3597 contra
1564 3550 1825 3597 naturam
1908 3542 1993 3597 rio
2022 3542 2137 3596 Deo
2165 3542 2432 3595 serviant.

224 3627 598 3684 irrationabili
627 3646 728 3700 per
755 3629 1047 3685 libidinem
1074 3648 1133 3686 se
1160 3632 1488 3687 commiscet
1526 3632 1821 3687 animanti.
1979 3630 2109 3685 Haec
2137 3646 2271 3699 ergo
2303 3628 2494 3684 omnia
2515 3628 2821 3682 secundum
2852 3627 2910 3682 id
2936 3626 3084 3698 quod
3112 3627 3173 3681 in
3203 3624 3507 3698 Scripturis

222 3716 291 3772 In
322 3718 472 3788 Lege
510 3734 645 3788 ergo
672 3719 949 3774 Dominus
979 3720 1092 3774 tale
1135 3721 1347 3775 crimen
1383 3720 1596 3791 judicio
1626 3722 1826 3777 mortis
1906 3719 2081 3773 sacris
2110 3719 2197 3772 vel
2226 3717 2287 3771 in
2330 3716 2640 3772 canonibus
2668 3716 2904 3771 Patrum
2934 3732 3257 3787 expressum
3298 3715 3511 3771 inveni-

222 3806 579 3875 puniendum
608 3823 730 3861 esse
758 3807 1022 3864 decrevit.
1064 3809 1147 3863 ita
1181 3809 1408 3864 dicens:
1446 3809 1553 3873 Qui
1581 3825 1710 3864 cum
1736 3812 1827 3881 ju—
1908 3824 2052 3873 mus,
2076 3806 2499 3878 concripsimus.
2529 3807 2614 3860 Tu
2644 3811 2855 3870 autem,
2899 3805 3269 3871 sanctissime,
3304 3820 3508 3860 secun-

222 3900 421 3949 mento
478 3900 536 3949 et
580 3911 781 3967 pecore
835 3896 1051 3965 coierit,
1086 3904 1267 3952 morte
1322 3898 1614 3953 moriatur.
1648 3899 1827 3953 Pecus
1907 3897 2044 3951 dum
2078 3896 2136 3951 id
2166 3896 2317 3968 quod
2338 3894 2528 3949 videas
2549 3894 2852 3965 unicuique
2883 3894 3160 3966 expedire,
3190 3894 3275 3950 ita
3297 3899 3511 3966 tempe-0

222 4000 451 4054 quoque
481 3984 732 4039 occidite.
776 3985 980 4040 Mulier
1033 4003 1155 4058 quae
1211 3986 1575 4043 subcubuerit
1599 3987 1826 4043 cuilibet
1906 4002 1996 4040 res
2047 3984 2344 4056 judicium,
2387 3983 2781 4039 discretionem
2832 3983 2893 4038 in
2943 3983 3202 4039 omnibus
3255 3999 3504 4051 servans,

214 4074 501 4142 jumento,
534 4073 701 4128 simul
721 4074 1234 4130 interﬁciaturcum
1263 4093 1348 4132 eo.
1372 4078 1614 4147 Sanguis
1629 4093 1826 4133 eorum
1907 4075 2039 4146 quia
2068 4075 2332 4130 discretio
2360 4079 2544 4129 mater
2600 4079 2687 4127 est
2728 4073 2982 4127 omnium
3013 4072 3308 4127 virtutum.
3342 4070 3511 4127 Dedit

219 4161 299 4215 sit
328 4177 501 4232 super
529 4178 643 4216 eos.
677 4163 787 4217 Sed
816 4164 863 4217 si
893 4163 1095 4235 aliquis
1124 4167 1488 4235 quaerendum
1508 4171 1672 4237 putat
1692 4182 1827 4237 que-
1854 4164 2059 4237 ”enim
2079 4163 2183 4218 tibi
2204 4163 2480 4219 Dominus
2500 4162 2557 4217 in
2581 4161 2843 4217 omnibus
2871 4161 3238 4226 intellectum,
3258 4160 3511 4233 quibene

221 4251 392 4305 modo
420 4251 496 4306 sit
523 4267 681 4305 reum
701 4268 890 4323 pecus,
924 4232 1052 4307 cuin
1092 4232 1168 4307 sit
1203 4232 1529 4310 irrationale
1578 4270 1681 4311 nec
1708 4232 1824 4311 ullo
1844 4232 2148 4308 Bcertanti
2174 4258 2232 4307 et
2275 4268 2506 4324 gregem
2552 4266 2718 4306 suum
2746 4251 3046 4323 diligenter
3072 4232 3413 4306 custodienti
3439 4258 3511 4303 εει

222 4340 391 4394 modo
412 4340 552 4411 legis
567 4357 759 4412 capax,
780 4341 1060 4413 intelligat
1086 4342 1217 4397 inde
1244 4360 1449 4415 pecora
1465 4346 1627 4415 jussa
1645 4346 1825 4400 inter-
1905 4348 2131 4397 ternum
2160 4359 2289 4397 cum
2317 4340 2525 4397 sanctis
2544 4340 2863 4414 pastoribus
2891 4341 2949 4395 in
2979 4340 3189 4395 caelesti
3212 4354 3387 4410 regno
3415 4338 3511 4393 dad

222 4429 337 4494 ﬁci,
369 4429 505 4499 quia
527 4429 629 4484 tali
658 4430 874 4501 ﬂagitio
901 4431 1285 4487 contaminata
1324 4433 1615 4504 indignam
1658 4434 1827 4506 repli-
1904 4436 2067 4487 turus
2091 4436 2177 4486 est
2202 4431 2517 4502 premium.

222 4522 356 4571 cant
384 4517 516 4572 facti
543 4518 894 4586 memoriam,
918 4535 1101 4591 neque
1127 4520 1378 4579 humano
1406 4522 1537 4578 usui
1576 4529 1709 4577 sunt
1735 4523 1824 4577 di-

219 4622 337 4677 gna
363 4605 459 4661 ubi
502 4605 845 4663 abominatio
897 4609 1076 4664 claret
1121 4610 1385 4666 maxima.
1442 4612 1597 4666 Sacri
1636 4617 1827 4667 autem

220 4710 465 4751 canones
492 4695 561 4750 de
592 4696 675 4751 eis
728 4697 823 4768 qui
877 4698 1230 4755 fornicantur
1256 4700 1736 4769 irrationabiliter,
1768 4698 1829 4755 id

221 4790 330 4851 est,
391 4784 825 4842 commiscentur
859 4787 1181 4859 pecoribus,
1240 4795 1342 4845 aut
1395 4806 1522 4845 cum
1561 4789 1829 4845 masculis

217 4871 573 4942 polluuntur,
601 4873 683 4928 ita
710 4875 1060 4946 pmcipitmt,
1092 4882 1159 4932 ut
1203 4883 1484 4949 quotquot
1530 4884 1661 4933 ante
1688 4878 1833 4933 vice-

221 4975 432 5015 sxmum
459 4976 671 5017 annum
699 4964 812 5017 tale
842 4964 1057 5020 crimen
1081 4967 1483 5035 commiserint,
1509 4967 1829 5039 quindecim

219 5049 388 5105 annis
408 5051 615 5106 exactis
635 5050 692 5107 in
723 5053 1056 5124 poenitentia
1084 5056 1538 5111 communionem
1566 5073 1826 5112 merean-

225 5144 324 5194 tur
338 5140 659 5196 orationum
682 5159 694 5209 ;
727 5142 930 5198 deinde
960 5144 1345 5216 quinquennio
1372 5146 1432 5201 in
1452 5147 1555 5201 hac
1575 5162 1827 5202 summu.

223 5228 395 5283 nione
416 5229 807 5300 perdurantes,
838 5237 974 5288 tunc
1020 5233 1247 5288 demum
1303 5234 1602 5290 oblationis
1648 5252 1829 5290 sacra-

224 5323 421 5372 menta
446 5320 797 5390 contingant.
817 5321 1166 5377 Discutiatur
1190 5328 1381 5378 autem
1402 5330 1459 5378 et
1478 5323 1590 5379 vita
1609 5340 1823 5392 eorum,

297 5471 324 5500 ι
345 5461 482 5538 Quae
499 5461 593 5518 hic
610 5463 798 5538 editur
807 5463 1033 5538 scriptio
1045 5464 1115 5521 de
1126 5466 1478 5523 Eucharistia
1493 5472 1656 5523 eruta
1665 5471 1750 5524 est
1763 5482 1831 5524 ex

226 5548 336 5586 ms.
362 5533 551 5611 codice
602 5533 1010 5611 Gemblacensi,
1037 5538 1097 5611 in
1127 5556 1237 5610 quo
1266 5556 1393 5611 cum
1423 5540 1548 5595 aliis
1578 5541 1831 5611 ejusdem

225 5605 455 5682 generis
483 5606 820 5682 continetur.
847 5610 1103 5665 Occurrit
1130 5605 1310 5682 primo
1337 5610 1480 5666 libro
1505 5605 1834 5667 Ambrosius

226 5676 292 5729 de
326 5681 604 5745 mysteriis
635 5686 682 5734 ct
712 5683 773 5735 dc
803 5676 1165 5739 sacramentis
1190 5700 1200 5736 :
1226 5689 1346 5739 tum
1376 5689 1503 5757 post
1519 5684 1708 5757 aliqua
1726 5683 1837 5739 alia

2481 4553 2830 4611 EPISTOLA
2867 4553 2938 4611 II.

2050 4661 2121 4699 AD
2152 4660 2500 4700 HEBIBALDUM
2530 4660 2823 4700 EPISGOPUM
2849 4656 3372 4699 ANTISSNDORBNSBM

1911 4752 2064 4815 (Vide
2109 4753 2393 4821 epistolam
2423 4752 2801 4807 Parnitentz’ali
2849 4752 3067 4807 θαι)αηί
3110 4754 3505 4820 praemissam.)

2461 4867 2811 4923 EPISTOLA
2840 4867 2938 4921 ΙΙΙ.

2227 4973 2303 5011 AD‘
2328 4971 2529 5012 EGILEM
2554 4971 2893 5012 PRUMIENSEM
2921 4970 3192 5013 ABBATEM.

1982 5048 2053 5100 De
2077 5061 2297 5116 corpore
2325 5050 2373 5100 et
2397 5047 2671 5169 sanguirp:
2689 5047 2915 5100 Domini
2933 5046 3195 5100 adversus
3216 5045 3436 5113 Ratper-

2644 5133 2741 5169 um
2761 5126 2805 5168 ι.

2644 5133 2741 5171 um
2761 5126 2805 5168 ⁸.

2145 5221 2370 5285 (Msbill.,
2393 5222 2510 5272 Act.
2544 5220 2632 5272 SS.
2662 5223 2766 5270 ord.
2800 5220 2851 5270 S.
2877 5220 3070 5277 Bened.,
3094 5225 3130 5269 t.
3158 5218 3279 5282 νη

1984 5322 2032 5376 i.
2066 5320 2225 5386 Quod
2257 5334 2457 5392 corpus
2485 5325 2544 5374 et
2568 5312 2796 5390 sanguis
2824 5316 3047 5372 Domini
3092 5331 3224 5372 vera
3256 5317 3331 5372 sit
3357 5332 3507 5386 οπο,

1912 5464 2242 5524 Paschasius
2252 5463 2566 5521 Radbertus
2580 5464 2643 5519 de
2655 5477 2874 5534 corpore
2887 5466 2936 5517 et
2949 5463 3223 5532 sanguine
3246 5462 3478 5517 Domini
3489 5481 3508 5517 :

1913 5541 2043 5594 dein
2064 5540 2283 5593 libellus
2303 5555 2400 5592 seu
2422 5538 2661 5609 epistola
2677 5538 2963 5609 cujusdam
2990 5535 3244 5609 ejusdem
3279 5534 3429 5588 tituli
3455 5540 3513 5589 et

1915 5610 2254 5683 argumenti,
2269 5606 2542 5680 incipiens
2562 5608 2740 5683 abhis
2762 5606 2967 5683 verbis,
2988 5608 3270 5683 intuentes
3300 5611 3510 5683 sentcn-

1921 5674 2061 5739 tz‘d'm
2083 5674 2344 5754 Apostbh’,
2376 5674 2509 5748 δια,
2539 5680 2722 5738 editus
2758 5679 2826 5736 in‘
2855 5677 3139 5753 Spicilegii
3183 5682 3345 5733 torno
3374 5674 3508 5744 XII;
