4018 6168
475 319 566 376 151
579 319 602 372 1

1055 314 1118 368 B.
1161 313 1433 369 RABANI
1471 312 1704 368 MAURI
1749 280 2088 368 Ancum».

2129 309 2456 367 MOGUNT.
2498 313 2796 370 OPERUM
2832 313 3017 369 PARS
3053 313 3153 369 IlI.
3594 313 3736 372 1512

455 457 735 513 verasque
783 439 857 494 sit
884 437 1132 509 sanguis,
1171 437 1562 509 unusquisque
1608 436 1777 492 debet
1807 435 2054 500 credere,
2075 436 2442 505 Aconﬁrmo,
2471 443 2530 492 et
2549 438 2723 494 addo:
2754 422 2902 510 quod
2931 439 3078 494 sicut
3102 437 3310 492 veritas
3345 443 3432 492 est
3456 437 3732 502 Chi-ishis,

457 547 640 596 nosse,
662 535 876 594 tenere,
896 525 1152 581 conﬁteri
1168 526 1379 597 pariter
1407 531 1467 581 et
1495 525 1892 581 incunctanter
1918 541 2065 579 asse-

455 637 580 675 rere
609 619 808 674 ﬁdelis.
823 618 1060 671 Prorsus
1079 615 1334 686 quisquis
1365 616 1472 669 hoc
1493 620 1682 686 negat,
1714 631 1837 669 esse
1864 630 2064 683 cogno-

455 708 636 764 scitur
660 713 719 762 et
737 705 1086 762 convincitur
1101 704 1364 788 infidelis,
1387 704 1593 776 quippe
1621 703 1724 775 qui‘
1746 719 1860 758 non
1887 703 2066 758 credit

451 795 561 869 ipsi
591 796 830 852 Domino
851 794 1059 849 dicenti
1085 813 1096 848 :
1136 812 1160 845 ι
1193 793 1315 848 Nisi
1347 793 1822 849 manducaveritis
1835 809 2062 847 carnem

455 902 486 936 α
516 885 642 940 Filii
698 883 960 948 hominis,
985 889 1044 936 et
1087 881 1345 936 biberitis
1397 883 1520 953 ejus
1567 881 1919 952 sanguinem,
1949 896 2062 934 non

458 992 485 1026 «
518 973 798 1028 habebitis
827 973 1002 1026 vitam
1029 971 1088 1024 in
1116 971 1272 1025 vobis
1293 973 1476 1034 (Joan.
1503 987 1573 1034 γι,
1593 970 1703 1038 54);
1729 989 1756 1024 n
1779 975 1868 1024 et:
1896 989 1918 1023 ι
1952 969 2060 1034 Qui

461 1082 484 1114 ε
518 1061 824 1117 manducat
837 1077 1064 1115 carnem
1079 1076 1261 1114 meam
1270 1065 1349 1127 ,et
1357 1058 1500 1114 bibit
1507 1059 1837 1130 sanguinem
1849 1075 2058 1124 meum,

460 1170 485 1204 «
517 1152 576 1206 in
599 1167 687 1206 me
716 1156 926 1214 manet,
951 1156 1009 1204 et
1035 1165 1138 1219 ego
1167 1148 1226 1202 in
1273 1165 1339 1202 eo
1371 1149 1532 1216 (Ibid.
1566 1165 1704 1203 vers.
1731 1147 1824 1217 57)
1848 1167 1862 1215 ;
1895 1165 1924 1200 ι
1958 1151 2015 1201 et
2045 1165 2059 1198 ι

459 1259 484 1292 ί(
522 1242 666 1295 Caro
693 1256 822 1294 mea
848 1255 978 1294 vere
999 1243 1087 1292 est
1105 1237 1280 1304 cibus,
1307 1243 1366 1292 et
1383 1238 1614 1308 sanguis
1642 1254 1802 1292 meus
1821 1253 1950 1291 vere
1970 1241 2060 1291 est

459 1347 485 1380 «
517 1335 684 1400 potus
715 1329 876 1395 (Ibid.
929 1342 1068 1380 vers.
1102 1324 1212 1394 56).
1253 1345 1275 1376 ι
1317 1325 1476 1389 Quod
1523 1324 1807 1397 explicans
1860 1323 2058 1379 beatus

455 1412 807 1488 Augustinus
837 1415 955 1470 ait:
995 1432 1018 1467 α
1052 1413 1198 1484 Ergo
1227 1413 1275 1466 si
1324 1430 1448 1467 vere
1503 1420 1590 1468 est
1641 1413 1816 1479 cibus,
1847 1418 1906 1466 et
1928 1429 2061 1468 vera

454 1523 585 1560 caro
609 1525 620 1558 :
649 1511 708 1559 et
729 1505 777 1558 si
797 1519 927 1557 vere
955 1508 1042 1556 est
1068 1508 1252 1573 potus,
1270 1502 1467 1572 utique
1493 1508 1552 1556 et
1581 1519 1747 1557 verus
1778 1502 2008 1573 sanguis
2041 1520 2054 1568 ;

457 1593 728 1664 alioquin,
758 1591 1038 1663 quomodo
1074 1607 1264 1645 verum
1296 1591 1406 1645 erit
1435 1591 1582 1662 quod
1612 1591 1748 1646 dicit
1781 1609 1792 1644 :
1830 1610 1856 1643 (ι
1890 1590 2060 1645 Panis

2144 529 2204 579 et
2221 542 2386 581 verus
2409 543 2590 598 agnus
2613 527 2716 582 Dei
2741 527 2836 600 qui
2857 527 3106 599 quotidie
3125 544 3228 599 pro
3257 527 3372 581 vita
3395 527 3594 582 mundi
3621 544 3740 599 my-

2143 614 2282 670 stice
2330 615 2658 670 immolatur
2689 633 2700 670 :
2732 617 2814 671 ita
2854 617 3046 688 procul
3075 615 3247 670 dubio
3303 631 3368 670 ex
3419 632 3566 686 pane
3608 633 3738 670 vera

2144 719 2294 758 caro.
2336 709 2395 758 et
2431 721 2498 758 ex
2529 721 2644 760 uno
2673 721 2837 760 verus
2882 704 3112 775 sanguis
3141 706 3263 775 ejus
3321 705 3737 760 consecratione

2146 791 2390 864 Spiritus
2417 793 2595 848 sancti
2641 793 3028 866 potentialiter
3054 800 3297 848 creatur.
3331 793 3475 858 Quia
3521 810 3733 858 revera,

2144 881 2617 953 quemadmodum
2639 888 2866 938 sanctus
2889 883 3238 954 Augustinus
3255 881 3546 937 verissime
3570 889 3738 938 testa-

2143 976 2256 1036 tur,
2285 971 2430 1026 sicut
2456 972 2526 1026 de
2574 971 2807 1042 Virgine
2842 988 2944 1044 per
2987 971 3260 1042 Spiritum
3308 977 3569 1026 sanctum
3608 989 3738 1026 vera

2144 1076 2274 1114 caro
2299 1061 2420 1114 sine
2447 1060 2600 1116 coitu
2645 1065 2888 1126 creatur,
2919 1061 3000 1115 ita
3045 1077 3146 1131 per
3181 1059 3442 1114 eumdem
3491 1077 3560 1115 ex
3601 1060 3736 1116 sub-

2143 1149 2354 1204 stantia
2382 1149 2542 1221 panis
2568 1166 2634 1204 ac
2657 1149 2772 1204 vini
2796 1149 3030 1220 mystice
3055 1149 3203 1203 idem
3223 1148 3435 1203 Christi
3451 1165 3654 1222 corpus
3681 1156 3737 1205 et

2143 1239 2370 1308 sanguis
2397 1244 2776 1294 consecratur.
2807 1259 2830 1291 ι
2865 1239 3000 1302 Quae
3034 1254 3159 1292 cum
3201 1237 3514 1293 certissime
3546 1241 3736 1294 omnia

2139 1327 2271 1394 sint,
2297 1344 2401 1382 nec
2427 1328 2577 1383 ullus
2593 1328 2725 1383 hinc
2747 1327 3102 1410 Christianus
3117 1325 3339 1382 Christo
3355 1327 3593 1382 credens
3612 1345 3733 1383 am-

2138 1416 2330 1488 bigere
2360 1417 2554 1488 possit,
2579 1417 2728 1488 quod
2741 1423 2799 1472 et
2826 1417 3011 1488 ipsum
3039 1433 3160 1470 esse
3187 1432 3384 1470 verum
3404 1433 3538 1487 pars
3567 1417 3732 1472 etiam

2137 1505 2435 1577 gentilium
2455 1506 2580 1560 scit.
2613 1507 2758 1560 Nam
2783 1505 3066 1577 quondam
3105 1505 3164 1558 in
3191 1510 3348 1559 terra
3372 1506 3733 1576 ngarorum

2142 1593 2371 1664 quidam
2399 1593 2602 1649 nobilis
2619 1599 2930 1666 potensque
2948 1609 3202 1666 paganus
3223 1591 3414 1648 bibere
3433 1595 3738 1668 mesuppli-

462 1703 486 1735 ι
521 1699 689 1753 quem
713 1697 816 1751 ego
845 1679 1009 1746 dabo,
1043 1696 1172 1734 caro
1201 1696 1329 1734 mea
1355 1685 1452 1749 est,
1491 1696 1594 1751 pro
1632 1680 1828 1734 mundi
1872 1680 2000 1745 vita,
2028 1698 2110 1755 »_
2141 1683 2282 1738 citer
2310 1683 2510 1755 petivit
2535 1683 2596 1738 in
2617 1683 2769 1738 illius
2795 1683 2898 1738 Dei
2927 1699 3119 1737 amore
3149 1686 3246 1753 qui
3275 1682 3344 1736 de
3369 1681 3497 1738 vino
3518 1683 3736 1754 sangui-

457 1749 564 1826 nisi
592 1787 724 1825 vera
747 1749 823 1824 sit
875 1769 1050 1822 caro?
1087 1769 1207 1823 Hoc
1254 1785 1388 1839 ergo
1425 1749 1673 1840 profecto
1731 1749 2119 1824 ﬁdelissimeB

458 1892 667 1958 postea,
687 1887 841 1938 Dicta
870 1885 1160 1958 cujusdam
1172 1883 1462 1958 ‘Sapientis
1505 1885 1570 1958 de
1597 1899 1818 1953 corpore
1847 1889 1895 1937 et
1925 1901 2060 1938 san-

457 1954 626 2024 ?ntinc
644 1957 872 2009 Domini
883 1957 1142 2008 adversus
1162 1955 1515 2008 Ratbertum:
1538 1954 1915 2025 fragmentum
1930 1958 2060 2009 item

457 2030 522 2081 de
545 2042 764 2095 corpore
785 2031 832 2078 ct
857 2027 1130 2092 sanguine
1157 2026 1397 2078 Domini.
1423 2025 1525 2079 llis
1547 2025 1798 2096 subjecta
1836 2032 1970 2080 sunt
2001 2026 2060 2080 in

459 2099 654 2152 eodem
675 2097 862 2150 codice
898 2097 1048 2150 llicta
1081 2097 1275 2148 domui
1302 2097 1514 2149 abbatis
1544 2099 1800 2164 llerigcri
1843 2099 1907 2151 de
1935 2113 2056 2151 cor-

454 2185 588 2238 pore
617 2173 663 2222 ct
692 2170 966 2234 sanguine
999 2167 1245 2229 Domini,
1292 2182 1422 2220 cum
1465 2167 1570 2221 hoc
1599 2167 1825 2222 exordio
1858 2186 1869 2222 :
1903 2169 2057 2224 Sicut

456 2245 586 2294 ante
609 2256 704 2294 nos
731 2241 879 2293 dixit
907 2238 1136 2310 quidam
1164 2239 1404 2310 sapiens,
1431 2243 1519 2310 etc
1546 2277 1560 2304 ,
1596 2239 1691 2310 qui
1727 2238 1948 2310 libellus
1973 2245 2061 2293 est

460 2311 564 2365 sub
583 2310 752 2365 titulo
781 2307 1062 2382 Anonymi
1087 2324 1122 2360 a
1149 2307 1386 2362 Cellotio
1417 2307 1630 2382 editus.—
1654 2309 1816 2364 Prior
1841 2327 2057 2382 anony-

459 2399 606 2453 mus,
633 2398 800 2453 quem
847 2379 1223 2453 Achar-ianum
1275 2396 1431 2453 VQCO,
1475 2379 1535 2453 in_
1595 2397 1660 2453 βο
1715 2388 1968 2453 versatur
1993 2379 2062 2436 ὶιῐ

463 2449 670 2524 probet
687 2468 888 2524 corpus
917 2449 1141 2505 Domini
1189 2449 1248 2524 in
1300 2449 1652 2524 Eucharistia
1701 2451 1972 2522 egestioni
2003 2457 2062 2506 et

461 2519 820 2606 corruptioni.
851 2537 970 2606 non.
1001 2519 1488 2606 esse‘obnoxiiim.
1537 2523 1696 2606 Alter
1721 2519 2055 2606 anonymus,

462 2591 675 2649 scilicet
702 2597 912 2659 noster,
939 2593 1052 2646 duo
1072 2591 1316 2645 intendit
1343 2592 1609 2647 adversus
1638 2591 1999 2648 Paschasium
2041 2611 2052 2647 :

463 2682 658 2730 unum,
691 2681 892 2736 corpus
913 2662 1348 2736 eucharisticum
1376 2679 1488 2717 non
1510 2680 1634 2736 esse
1651 2681 1881 2736 prorsus
1909 2665 2058 2718 idem

463 2753 634 2807 quam
660 2733 808 2807 quod
836 2741 1033 2807 natum
1063 2751 1129 2788 ex
1156 2733 1386 2807 Virgine
1419 2752 1430 2786 :
1472 2733 1732 2801 alterum,
1772 2735 2072 2790 Christum‘

464 2803 577 2862 non
627 2803 792 2861 toties
835 2805 971 2877 pati,
1015 2803 1234 2877 quoties
1272 2803 1583 2861 missarum
1609 2807 1884 2861 solemnia
1912 2807 2061 2860 cele-

463 2877 718 2932 brantur.
749 2875 961 2931 Horum
985 2875 1224 2930 alterum
1247 2881 1460 2946 pugnat
1489 2877 1716 2947 quidem
1734 2884 1929 2932 contra
1959 2877 2062 2931 Pa-

465 2949 777 3020 schasium:
802 2949 1043 3020 alterum
1067 2947 1370 3020 Paschasio
1411 2963 1706 3018 perperam
1735 2948 2062 3020 impositum

465 3026 569 3100 est,
587 3019 670 3074 uti
681 3019 934 3100 agnoscit
941 3017 1251 3100 lierigerus
1267 3033 1366 3100 seu
1385 3017 1701 3100 anonymus
1720 3017 2064 3100 Celiotianus

465 3091 524 3145 in
543 3107 664 3162 cap.
688 3088 826 3162 (ibis
845 3089 1026 3162 verbis
1046 3107 1061 3162 ξ
1078 3109 1106 3162 _¢
1139 3088 1299 3162 Quod
1323 3094 1515 3162 autem
1540 3088 1752 3162 iterum
1791 3091 2064 3161 objiciunt

465 3159 1005 3244 eumdixissetoties
1033 3159 1318 3244 Christum
1349 3159 1482 3230 pati,
1519 3159 2064 3244 quoties-contingat

467 3232 714 3303 quotidie
746 3231 953 3303 ubique
992 3229 1300 3303 celebrari,_
1323 3229 1426 3300 ego
1457 3229 1608 3303 certe
1649 3231 1708 3286 in
1751 3231 1894 3286 libro
1939 3229 2063 3303 ejus

466 3300 579 3358 non
607 3302 810 3374 reperi,
834 3300 881 3354 ί
893 3308 998 3356 etc.
1029 3303 1145 3374 Nec
1172 3300 1405 3374 dubium
1427 3302 1564 3372 quin
1593 3303 1737 3356 hanc
1751 3300 2062 3358 accusatio—-

467 3392 594 3430 nem
618 3371 922 3444 Herigerus
941 3372 1159 3443 rejiciat
1181 3371 1240 3425 in
1267 3371 1614 3444 anonymum
1635 3380 1910 3440 nostrum,
1931 3392 2064 3429 nam

466 3445 606 3500 nihil
633 3444 814 3499 simile
833 3444 982 3516 apud
1013 3445 1383 3516 Batramnum
1403 3445 1590 3515 legere
1617 3445 1866 3500 memini.
1901 3447 2066 3502 Certe

465 3517 615 3572 hunc
634 3513 976 3587 anonym'um
1007 3513 1564 3587 videratilerigerus,
1583 3516 1680 3586 qui
1717 3534 1783 3570 ex
1803 3534 1868 3570 eo
1897 3516 2066 3572 verba

463 3601 576 3642 non
597 3603 776 3659 pauca
786 3585 848 3642 et
866 3585 1173 3642 sententias
1185 3585 1404 3656 aliquas
1424 3585 1715 3641 transtulit
1732 3588 1790 3641 in
1815 3587 2065 3644 libellum

467 3675 654 3712 suum.

537 3730 682 3802 Hinc
725 3729 888 3784 facile
921 3729 1171 3802 adducor
1196 3731 1253 3781 et
1289 3727 1576 3799 sequentis
1625 3730 1893 3802 anonymi
1923 3729 2062 3785 scri-

503 3801 713 3856 tionem
757 3817 870 3855 non
898 3801 1068 3856 aliam
1099 3815 1220 3871 esse
1250 3803 1442 3870 putem
1459 3815 1629 3871 quam
1647 3801 1938 3871 epistolam
1958 3803 2065 3856 Ra-

503 3817 713 3856 uonem
757 3817 870 3855 non
898 3817 1068 3856 anam
1099 3817 1220 3854 esse
1250 3817 1442 3870 putem
1459 3817 1629 3870 quam
1647 3817 1938 3871 epistomm
1960 3817 2058 3856 tta-

465 3817 599 3927 iiani
625 3872 696 3926 ad
718 3871 930 3942 Egilem
947 3869 1758 3942 seuiEgiloiiem‘Prumiensem
1780 3871 2058 3939 abbatem,

465 3944 628 4012 cujus
649 3943 706 3996 in
731 3939 967 4014 epistola
994 3941 1067 3994 ad
1099 3939 1465 4014 Heribaldum
1497 3940 1760 3996 Rabanus
1803 3943 1920 4014 ipse
1952 3961 2065 3997 me-

465 4011 633 4068 minit
654 4011 794 4084 :ubi
823 4028 1065 4084 arguens
1085 4028 1180 4084 eos
1207 4011 1304 4082 qui
1331 4011 1590 4066 dixerant
1611 4011 2060 4084 corpus—Christi

465 4083 898 4154 eucharisticum
947 4083 1052 4154 hoc
1062 4108 1092 4154 ε
1107 4083 1294 4153 ipsum
1335 4099 1455 4154 esse
1485 4084 1633 4154 quod
1663 4083 1860 4138 natum
1885 4091 1970 4140 est
1995 4103 2061 4140 ex

467 4155 643 4211 Maria
668 4153 903 4226 virgine,
935 4153 1149 4226 subdit:
1188 4173 1215 4204 α
1245 4153 1348 4226 Cui
1376 4153 1574 4221 errori,
1593 4161 1866 4226 quantum
1884 4156 2060 4226 potui-

468 4173 643 4211 mana
668 4173 903 4224 νιγειῐιθ,
935 4173 1149 4208 ειιοαιιε
1188 4173 1215 4204 α
1245 4173 1348 4208 Ulli
1376 4173 1574 4221 errori,
1629 4173 1866 4210 uantum
1884 4173 2060 4226 ροιιιι-

468 4242 612 4299 mus,
632 4225 702 4279 ad
719 4225 934 4299 Egilum
948 4223 1548 4299 abbatemscribentes,
1591 4173 1660 4280 3e
1688 4243 1919 4299 corpore
1939 4227 2060 4299 ipso

467 4297 602 4368 quid
630 4312 771 4368 vere
787 4295 1128 4350 credendum
1174 4295 1265 4360 sit,
1303 4297 1644 4368 aperuimus.
1674 4316 1699 4349 ι
1733 4295 1803 4352 Et
1829 4295 2059 4368 quidem

465 4367 604 4422 illud
630 4367 872 4422 maxime
903 4384 994 4422 me
1035 4372 1238 4438 movet,
1275 4367 1424 4438 quod
1459 4367 1782 4438 Herigerus,
1806 4367 1895 4422 cui
1926 4385 2058 4424 ano-

467 4455 701 4510 nymum
732 4445 986 4494 nostrum
1015 4454 1128 4510 non
1158 4437 1506 4508 incognitum
1537 4437 1660 4492 esse
1690 4439 1821 4506 dixi,
1862 4441 1967 4494 hac
1990 4441 2060 4494 de

469 4509 774 4580 quaestione
803 4510 1055 4580 loquens,
1079 4509 1218 4564 duos
1247 4514 1470 4563 tantum
1489 4509 1788 4564 Paschasio
1806 4511 2063 4566 adversa-

467 4581 621 4653 rios,
649 4580 858 4653 scilicet
915 4580 1208 4634 Rabanum
1268 4585 1326 4633 et
1348 4580 1761 4653 _Ratramnum,
1815 4587 2064 4653 opponat

468 4651 811 4733 Paschas'io‘:
848 4671 872 4703 ι
905 4657 1102 4732 contra
1125 4666 1311 4733 quem,
1344 4650 1709 4733 inquiuusatis
1756 4650 2062 4733 argumen-

465 4727 663 4777 tantur
690 4720 954 4776 Rabanus
979 4721 1039 4793 in
1067 4720 1302 4793 epistola
1342 4720 1442 4775 ad“
1461 4721 1747 4792 Egilonem
1777 4720 2056 4791 abbatem,

468 4799 526 4848 et
545 4794 885 4849 Ratramnus
922 4791 1151 4864 quidam
1191 4791 1334 4846 libro
1362 4791 1670 4863 composito
1694 4793 1766 4848 ad
1798 4795 2060 4849 Carolum

467 4881 678 4935 regem.
731 4885 757 4918 »
802 4865 945 4918 Cum
972 4863 1143 4936 enim
1180 4870 1818 4936 anonymumnostrum
1863 4865 2063 4936 legerit

467 4932 791 5008 Herigerus,
837 4935 942 4988 hac
969 4932 1026 4988 in
1076 4951 1138 4988 re
1184 4932 1483 4988 Paschasio
1523 4933 1656 5008 data
1699 4952 1871 5006 opera
1898 4932 2062 5008 rapu-

547 5004 764 5074 an'tem;
791 5021 922 5060 eum
943 5010 1094 5075 certe
1124 5020 1236 5059 non
1269 5004 1752 5075 praetermissurus
1783 5015 1930 5062 esset
1957 5004 2062 5062 hoc

487 5074 606 5144 oco,
628 5078 677 5132 si
693 5077 837 5132 alius
854 5074 1132 5130 aRabano
1163 5081 1220 5129 et
1239 5074 1546 5130 Ratramno
1573 5076 1790 5131 fuisset.
1815 5077 1899 5132 Ad
1920 5078 2055 5143 haec,

464 5148 729 5220 anonymi
753 5147 1096 5220 nostrisatas
1131 5147 1384 5220 apprime
1413 5147 1674 5202 convenit
1717 5165 1846 5202 cum
1893 5155 2056 5204 astate

467 5217 702 5276 Rabani.
737 5217 1029 5292 scribebat
1056 5217 1262 5292 quippe
1302 5223 1499 5274 auctor
1541 5234 1608 5272 eo
1653 5224 1908 5292 tempore
1945 5237 2056 5292 quo

467 5235 702 5276 uanam.
737 5235 1029 5274 scribebat.
1056 5235 1262 5344 quippe
1302 5235 1499 5274 auctor
1541 5235 1608 5272 eo
1653 5235 1908 5291 tempore
1945 5237 2056 5292 quo

464 5291 849 5362 controversia
861 5291 932 5362 de
951 5288 1159 5362 tripici
1190 5305 1422 5362 corpore
1456 5305 1600 5344 nova
1633 5295 1776 5362 erat.
1793 5290 1936 5362 Nam
1966 5309 2058 5346 re-

461 5361 580 5416 lata
595 5361 878 5416 Paschasii
893 5361 963 5416 de
984 5351 1148 5417 unico
1163 5351 1394 5431 corpore
1408 5351 1688 5416 sententia
1697 5362 1815 5416 haec
1835 5360 2051 5418 subdit:

465 5432 683 5503 {Istud
713 5433 878 5503 plane
897 5432 1078 5487 fateor
1108 5447 1397 5502 nunquam
1414 5448 1504 5503 me
1524 5431 1678 5502 prius
1707 5433 1948 5498 audisse,
1977 5433 2056 5487 vi-

462 5501 630 5567 disse,
649 5501 870 5572 legisse.
889 5525 910 5552 ι
936 5504 1066 5558 Haec
1088 5519 1216 5558 vero
1233 5501 1348 5557 sive
1367 5501 1602 5568 novitas,
1627 5503 1742 5557 sive
1773 5503 2052 5572 ignoratio

461 5573 519 5646 in
550 5572 714 5646 ilium
732 5580 1016 5646 auctorem
1035 5574 1236 5646 cadere
1260 5573 1724 5646 non_potu‘it,inisi
1743 5572 1828 5628 vel
1846 5575 1980 5646 quia
2005 5575 2052 5630 is

458 5642 756 5717 Paschasio
786 5643 1298 5717 inqualisprimam
1344 5643 1484 5717 vidit
1526 5643 1688 5717 istius
1727 5642 2052 5717 quaestionis

459 5714 760 5785 originem:
776 5713 869 5767 vei
883 5713 1019 5782 quia
1029 5713 1268 5782 longiori
1277 5718 1408 5782 post
1420 5713 1782 5770 Paschasium
1797 5721 2051 5788 tempore

2077 3063 2124 3126 C

2141 1788 2270 1826 nem
2300 1788 2466 1827 suum
2493 1771 2647 1831 facit.

2141 1890 2326 1951 natus,
2353 1887 2474 1956 ejus
2491 1886 2573 1940 rei
2603 1885 2954 1951 memoriam,
2977 1891 3172 1956 utpote
3189 1886 3311 1954 jam
3335 1883 3733 1947 oblitteratam,

2141 1974 2176 2011 a
2198 1957 2504 2029 majoribus
2533 1957 2684 2012 haud
2705 1957 2942 2029 accepit.
2973 1957 3146 2028 Atqm
3171 1956 3308 2010 vixit
3343 1962 3477 2012 ante
3505 1959 3737 2029 Hei-ige-

2142 2027 2301 2100 rum,
2331 2028 2426 2100 qui
2459 2030 2582 2098 ejus
2611 2027 2914 2100 scriptione
2943 2027 3087 2100 usus
3110 2033 3216 2100 est,
3250 2043 3353 2082 nec
3381 2034 3504 2082 toto
3532 2027 3739 2100 sesqui-

2143 2098 2558 2170 sgnculo'abfuit
2609 2117 2644 2154 a
2694 2098 3014 2153 Paschasio.
3077 2099 3236 2170 Nova
3286 2115 3422 2170 ergo
3473 2105 3533 2154 et
3565 2098 3738 2154 inusi-

2140 2175 2261 2224 tata
2312 2169 2396 2223 illi
2451 2187 2745 2242 anonymo,
2785 2170 2903 2242 hzec
2945 2168 3228 2224 contentio
3286 2168 3406 2223 visa
3438 2177 3598 2242 gest,
3623 2187 3743 2242 pro-

2140 2247 2336 2324 pterea
2390 2242 2568 2324 quodﬁ
2594 2239 2900 2324 Paschasio
2950 2257 3196 2322 compar,
3219 2257 3396 2324 "eam
3438 2239 3643 2295 hausit
3675 2241 3741 2295 ab

2140 2310 2262 2383 ipso
2275 2310 2506 2367 auctore
2527 2312 2843 2367 Paschasio.
2860 2310 3117 2384 Denique
3126 2310 3404 2384 scribebat
3425 2327 3742 2384 auonymus

2141 2382 2334 2438 noster
2351 2389 2494 2450 tum,
2511 2401 2638 2438 cum
2676 2383 2904 2454 Bulgari
2924 2387 3083 2454 (quos
3104 2382 3335 2454 Nicolao
3365 2384 3550 2453 primo
3564 2382 3742 2454 ponti-

2140 2455 2322 2508 iicead
2339 2455 2507 2508 ﬁdem
2520 2453 2818 2510 accessisse
2839 2453 3076 2522 constat)
3094 2453 3278 2506 adhuc
3292 2469 3426 2521 pars
3443 2453 3740 2521 gentilium

2141 2531 2322 2598 erant,
2375 2525 2431 2580 id
2464 2532 2576 2598 gest
2630 2541 2976 2598 paganorum
3041 2523 3327 2598 erroribus
3381 2524 3740 2598 tenebantur.

2141 2596 2358 2668 Quippe
2371 2594 2794 2668 catholicam—de
2815 2595 3170 2668 Eucharistia
3195 2595 3364 2648 fidem
3380 2594 3740 2666 probaturus.

2139 2667 2222 2722 ait
2251 2665 2423 2749 etiam
2451 2667 2534 2749 ita
2558 2667 2732 2749 cuivis
2756 2683 2876 2721 esse
2906 2665 3280 2749 manifestam,
3297 2665 3549 2749 Πιέρων
3573 2668 3744 2722 etiam

2141 2738 2618 2819 gentiliumsciat.
2633 2739 2777 2819 Nam
2801 2737 3084 2819 quondam
3104 2737 3331 2791 interra
3359 2737 3738 2819 Wigarorum.

2141 2806 2346 2880 inquit,
2362 2809 2590 2880 quidam
2620 2809 2779 2863 nobis
2795 2806 3112 2880 potensque
3134 2823 3388 2878 paganus
3427 2806 3626 2880 bibere
3655 2826 3740 2862 me

2143 2878 2470 2952 suppliciter
2498 2879 2696 2952 petivit
2708 2878 2967 2952 infillius
3015 2878 3118 2952 D_ei
3145 2894 3356 2952 amore,
3383 2879 3482 2950 qui
3519 2879 3592 2933 de
3621 2880 3744 2934 vino

2144 2949 2475 3020 sanguinem
2499 2949 2668 3005 suum
2692 2949 2843 3005 facit.
2873 2949 3074 3013 »Ωιιοά
3091 2965 3226 3003 sane
3254 2949 3314 3004 in
3337 2949 3743 3020 argumentum

2145 3022 2294 3094 trahi
2320 3039 2433 3094 non
2461 3026 2669 3094 posset,
2701 3021 2748 3076 si
2788 3021 3004 3076 caeteris
3035 3020 3316 3094 conversis
3362 3037 3513 3076 unus
3541 3022 3746 3093 aliquis

2147 3093 2202 3147 id
2232 3091 2492 3148 rescisset
2509 3099 2919 3164 paganuspost
2957 3091 3410 3164 praedicationem
3449 3091 3747 3164 mysterio-

2144 3180 2270 3218 rum
2295 3161 2616 3243 nostrorum
2644 3161 3094 3243 apud—Bulgaros
3117 3180 3127 3214 :
3164 3161 3745 3243 quiparzsgchtih'um

2144 3251 2256 3289 non
2288 3241 2438 3289 recte
2463 3231 2803 3299 dicerentur,
2818 3231 3147 3288 nisi'omnes
3175 3231 3235 3286 in
3256 3231 3576 3288 infidelium
3594 3239 3745 3289 tene-

2146 3304 2262 3360 bris
2289 3313 2410 3361 tum
2461 3311 2929 3377 perseverassent.
2980 3305 3154 3377 Porro
3185 3304 3337 3377 haec
3362 3305 3559 3377 omnia
3599 3311 3745 3360 recte

2147 3374 2485 3448 conveniunt
2501 3377 2560 3432 in
2578 3377 2792 3432 Rabani
2802 3381 3044 3448 aetatem,
3064 3374 3159 3448 qui
3182 3375 3471 3448 Paschasii
3487 3377 3738 3448 aequalis,

2147 3447 2373 3502 biennio
2401 3448 2640 3508 decessit
2669 3454 2800 3503 ante
2814 3445 3028 3502 Nicolai
3049 3445 3214 3517 primi
3243 3445 3743 3516 pontiﬁcatu.de

2186 3535 2314 3601 nem
2349 3517 3190 3604 BuigarOrum‘conversionem.
3234 3517 3594 3604 referendam
3625 3535 3745 3600 esse

2185 3589 2406 3644 iximus.
2427 3587 2551 3644 Non
2584 3606 2718 3660 ergo
2733 3594 2953 3660 temere
2977 3587 3192 3660 censeri
3214 3588 3588 3660 potesthujus
3616 3590 3742 3644 scri-

2146 3659 2690 3742 ptiunculaeauctor.
2714 3661 2884 3742 Quod
2912 3659 2962 3742 si
2989 3659 3213 3742 i‘tauest,
3239 3675 3352 3742 non
3376 3659 3582 3742 dubito
3610 3661 3741 3742 quin

2145 3729 2268 3802 ipsa
2295 3731 2370 3786 sit
2395 3731 2614 3812 Rabani
2640 3732 2877 3812 epistola
2895 3730 2965 3785 ad
2989 3729 3202 3812 Egilein
3223 3729 3507 3812 abbatem,
3527 3729 3655 3812 quae

2144 3801 2248 3875 nos
2275 3804 2594 3875 pervenerit
2620 3801 2942 3875 vulgaribus
2971 3801 3334 3875 epistolarum
3358 3801 3627 3875 formulis
3655 3802 3740 3856 de-

2145 3871 2362 3940 stituta,
2397 3875 2480 3928 uti
2517 3871 2754 3944 contigit
2793 3871 3395 3944 Herigeriscriptioni,
3436 3889 3612 3944 quam
3645 3875 3740 3944 Ge-

2145 3891 2362 3940 smuta,
2397 3891 2480 3928 uti
2517 3891 2754 3944 contigit
2795 3891 3052 3942 uerigeri
3081 3891 3394 3942 scmpuom,
3476 3891 3612 3927 uam
3645 3891 3739 3928 ue-

2144 3945 2344 4000 rardus
2375 3944 2546 3999 abbas
2575 3945 2634 3999 in
2663 3945 2894 4016 prologo
2921 3943 2993 3996 ad
3006 3942 3192 4016 vitam
3223 3943 3402 3997 sancti
3434 3891 3739 3998 gdalhardi

2147 4019 2429 4084 epistolam
2471 4013 2736 4087 appellat.
2777 4013 2973 4087 Neque
3003 4013 3142 4087 illud
3164 4019 3320 4067 extra
3339 4015 3736 4087 conjecturam.

2149 4087 2296 4157 quod
2317 4084 2585 4157 anonyirii
2614 4086 2802 4157 nostri
2821 4084 3134 4157 lucubratio
3163 4100 3274 4139 non
3291 4084 3478 4139 solum
3497 4085 3557 4140 in
3585 4087 3741 4140 Gem-

2077 4134 2391 4212 1)bllacensi
2419 4134 2608 4212 codice
2629 4156 2926 4228 reperitur,
2943 4155 3040 4210 sed
3055 4155 3224 4228 etiam
3239 4157 3324 4222 (ut
3337 4173 3406 4210 ex
3433 4157 3740 4228 amicorum

2142 4229 2324 4284 relatu
2353 4227 2620 4295 intellexi)
2642 4225 2706 4282 in
2721 4227 3081 4282 membraneo
3115 4225 3257 4280 libro
3277 4225 3527 4281 cinnobii
3557 4227 3740 4282 Sancti

2141 4299 2414 4380 Hucberti
2430 4299 2832 4380 in_Ar_duenna:
2857 4299 2955 4380 qui
2971 4299 3126 4379 locus
3145 4313 3255 4380 non
3268 4298 3361 4380 ita
3381 4298 3744 4380 pmlabat

2140 4387 2177 4424 a
2202 4370 2542 4450 monasterio
2572 4368 2908 4450 Prurniensi,
2941 4369 3032 4424 cui
3060 4368 3434 4450 priefuit'Fg-il
3466 4368 3738 4450 abbasmd

2142 4458 2310 4512 quem
2350 4440 2615 4498 Rabanus
2642 4441 2936 4512 epistolam
2967 4439 3209 4512 scripsit.
3245 4440 3403 4512 Haec
3429 4441 3608 4494 aﬂ'em
3638 4457 3741 4512 pro

2143 4510 2497 4594 conjecturis,
2531 4510 3048 4584 quas—eruditorum
3080 4510 3296 4582 judicio
3327 4510 3535 4566 lubens
3567 4510 3739 4581 subji-

2143 4601 2248 4639 ClO.

2215 4657 2492 4726 Caeterum
2520 4655 2670 4726 quod
2697 4659 2894 4709 auctor
2923 4653 3027 4726 iste
3057 4651 3252 4726 objicit
3269 4652 3574 4726 Paschasio
3586 4651 3736 4726 quasi

2143 4724 2362 4792 dixerit,
2397 4723 2687 4780 Christum
2713 4727 2883 4796 toties
2911 4725 3028 4796 pati
3055 4723 3274 4794 quOties
3301 4723 3583 4796 conﬁngit
3608 4723 3736 4776 mis-

2143 4813 2334 4851 sarum
2359 4797 2631 4850 solemnia
2647 4795 2937 4860 celebrari,
2952 4795 3009 4850 id
3031 4801 3118 4849 est
3143 4795 3509 4864 consequenti
3523 4800 3734 4849 tantum

2143 4867 2264 4922 sine
2293 4866 2482 4932 dubio,
2501 4884 2616 4923 non
2646 4885 2713 4922 ex
2737 4867 2963 4922 disertis
2997 4865 3180 4920 verbis
3206 4865 3455 4920 deducit.
3480 4866 3575 4920 Sic
3591 4864 3732 4919 enim

2141 4937 2430 5000 invidiose.
2465 4943 2531 4992 ut
2556 4937 2888 4992 Paschasius
2921 4937 3059 5009 ipse
3086 4935 3182 4990 lib.
3213 4952 3286 5009 ign
3325 4935 3382 4989 in
3415 4936 3732 5009 Matthan

2142 5009 2520 5080 conqueritur,
2566 5009 2718 5080 dicta
2765 5011 2887 5080 ejus
2916 5004 3440 5080 interpretabantur
3465 5004 3727 5080 nonnulli;

2141 5074 2302 5150 quasi
2331 5079 2390 5135 in
2407 5074 2550 5134 libro
2561 5079 2629 5151 de
2649 5074 2881 5151 corpore
2905 5086 2964 5134 et
2987 5074 3266 5151 sanguine
3279 5074 3728 5151 Domini,Chris_ti

2147 5145 2356 5231 dictis
2387 5151 2512 5231 plus
2521 5145 2772 5231 tribuere
2793 5150 3046 5231 voluerit,
3067 5145 3236 5231 q'uam
3251 5145 3726 5231 ipsa_repromittit

2138 5221 2360 5276 Veritas
2383 5219 2404 5275 Ξ
2427 5221 2694 5276 timentes
2743 5221 2906 5292 forte.
2940 5219 3144 5292 inquit,
3186 5219 3334 5291 quod
3355 5219 3489 5292 ipsi
3524 5224 3655 5292 tunc
3669 5219 3727 5269 ti-

2137 5297 2428 5365 muerunt,
2441 5291 2643 5364 quibus
2659 5291 2958 5365 loquebatu
2966 5289 3098 5357 rfue
3115 5289 3316 5365 partes
3335 5289 3525 5365 facere
3550 5289 3723 5365 volue-

2138 5363 2349 5438 rim._et
2383 5359 2506 5438 ejus
2553 5380 2654 5436 per
2681 5359 2935 5438 singulos
2964 5359 3219 5438 membra
3239 5361 3490 5438 dividere
3517 5359 3723 5438 concisa

2137 5434 2223 5510 vel
2251 5430 2573 5510 dispeijtita,
2586 5455 2616 5510 p
2642 5441 2749 5490 etc.
2773 5430 2856 5490 Ad
2889 5433 3150 5510 eumdem
3176 5431 3415 5510 moduni
3451 5430 3720 5510 Paschasii

2135 5501 2440 5580 adversarii
2461 5522 2527 5580 ex
2547 5507 2671 5580 ejus
2691 5504 2972 5580 sententia
2980 5505 3058 5580 de
3087 5521 3216 5580 uno
3229 5509 3303 5580 et‘
3314 5503 3512 5580 eodem
3528 5501 3718 5580 Christi

2133 5578 2192 5648 in
2251 5572 2604 5632 Eucharistia
2631 5592 2866 5648 corpore
2911 5573 3246 5648 inferebant,
3273 5572 3429 5648 fore_
3453 5578 3517 5628 ut
3567 5572 3720 5648 toties

2132 5647 2396 5774 ﬁbristus
2450 5642 2752 5720 pateretur-
2801 5646 3019 5719 quoties
3067 5645 3248 5700 missae
3295 5642 3712 5700 celebrarentur.

2194 5735 2371 5774 Αιηιι..

2194 5735 2371 5774 Αιδιιῐ..
