  <div class='ocr_page' id='page_1' title='image "/cluster/home/n/w/nwhite01/storage/ocr_20150623/112/hvd.32044054759774/762.png"; bbox 0 0 3958 6170; ppageno 0'>
   <div class='ocr_carea' id='block_1_1' title="bbox 267 294 1864 361">
    <p class='ocr_par' dir='ltr' id='par_1_1' title="bbox 267 294 1864 355">
     <span class='ocr_line' id='line_1_1' title="bbox 267 294 1864 355; baseline 0.002 -4"><span class='ocrx_word' id='word_1_1' title='bbox 267 294 411 353; x_wconf 75' lang='grc'><strong>1513</strong></span> <span class='ocrx_word' id='word_1_2' title='bbox 1720 299 1864 355; x_wconf 82' lang='grc' dir='ltr'>ΕΡΙΕ</span> 
     </span>
    </p>
   </div>
   <div class='ocr_carea' id='block_1_2' title="bbox 1949 294 3549 361">
    <p class='ocr_par' dir='ltr' id='par_1_2' title="bbox 1949 299 3549 361">
     <span class='ocr_line' id='line_1_2' title="bbox 1949 299 3549 361; baseline 0.003 -6"><span class='ocrx_word' id='word_1_3' title='bbox 1949 299 2106 356; x_wconf 78' lang='lat' dir='ltr'>)L/E.</span> <span class='ocrx_word' id='word_1_4' title='bbox 3411 305 3549 361; x_wconf 77' lang='grc'>1514</span> 
     </span>
    </p>
   </div>
   <div class='ocr_carea' id='block_1_3' title="bbox 342 419 3553 501">
    <p class='ocr_par' dir='ltr' id='par_1_3' title="bbox 342 419 3553 501">
     <span class='ocr_line' id='line_1_3' title="bbox 342 419 3553 501; baseline 0.001 -24"><span class='ocrx_word' id='word_1_5' title='bbox 342 420 398 477; x_wconf 75' lang='lat'>2.</span> <span class='ocrx_word' id='word_1_6' title='bbox 431 420 576 477; x_wconf 88' lang='lat' dir='ltr'>Illud</span> <span class='ocrx_word' id='word_1_7' title='bbox 606 421 664 475; x_wconf 91' lang='lat' dir='ltr'>in</span> <span class='ocrx_word' id='word_1_8' title='bbox 695 421 800 477; x_wconf 92' lang='lat' dir='ltr'>hoc</span> <span class='ocrx_word' id='word_1_9' title='bbox 842 419 984 475; x_wconf 92' lang='lat' dir='ltr'>libro</span> <span class='ocrx_word' id='word_1_10' title='bbox 1012 430 1038 461; x_wconf 73' lang='grc' dir='ltr'><strong><em>ι</em></strong></span> <span class='ocrx_word' id='word_1_11' title='bbox 1067 420 1207 476; x_wconf 89' lang='lat' dir='ltr'>mihi</span> <span class='ocrx_word' id='word_1_12' title='bbox 1241 420 1398 493; x_wconf 90' lang='lat' dir='ltr'>prius</span> <span class='ocrx_word' id='word_1_13' title='bbox 1433 422 1659 493; x_wconf 85' lang='lat' dir='ltr'>penitus</span> <span class='ocrx_word' id='word_1_14' title='bbox 1692 422 2159 491; x_wconf 81' lang='lat' dir='ltr'>fateorAcratur,</span> <span class='ocrx_word' id='word_1_15' title='bbox 2180 422 2327 496; x_wconf 91' lang='lat' dir='ltr'>quod</span> <span class='ocrx_word' id='word_1_16' title='bbox 2365 441 2399 479; x_wconf 88' lang='lat' dir='ltr'>a</span> <span class='ocrx_word' id='word_1_17' title='bbox 2432 425 2721 481; x_wconf 89' lang='lat' dir='ltr'>sacerdote</span> <span class='ocrx_word' id='word_1_18' title='bbox 2738 425 3094 497; x_wconf 84' lang='lat' dir='ltr'>postmodum</span> <span class='ocrx_word' id='word_1_19' title='bbox 3116 425 3231 480; x_wconf 92' lang='lat' dir='ltr'>Deo</span> <span class='ocrx_word' id='word_1_20' title='bbox 3250 426 3404 482; x_wconf 84' lang='lat' dir='ltr'>Patri</span> <span class='ocrx_word' id='word_1_21' title='bbox 3423 445 3553 501; x_wconf 83' lang='lat' dir='ltr'>sup-</span> 
     </span>
    </p>
   </div>
   <div class='ocr_carea' id='block_1_4' title="bbox 262 508 3550 587">
    <p class='ocr_par' dir='ltr' id='par_1_4' title="bbox 262 508 3550 587">
     <span class='ocr_line' id='line_1_4' title="bbox 262 508 3550 587; baseline 0.002 -21"><span class='ocrx_word' id='word_1_22' title='bbox 262 509 591 566; x_wconf 86' lang='lat' dir='ltr'>inauditum</span> <span class='ocrx_word' id='word_1_23' title='bbox 639 509 875 582; x_wconf 89' lang='lat' dir='ltr'>reperiri</span> <span class='ocrx_word' id='word_1_24' title='bbox 918 508 1022 565; x_wconf 85' lang='lat' dir='ltr'>sub</span> <span class='ocrx_word' id='word_1_25' title='bbox 1071 509 1299 565; x_wconf 85' lang='lat' dir='ltr'>nomine</span> <span class='ocrx_word' id='word_1_26' title='bbox 1355 511 1533 566; x_wconf 81' lang='lat' dir='ltr'>sancti</span> <span class='ocrx_word' id='word_1_27' title='bbox 1566 512 1870 579; x_wconf 80' lang='lat' dir='ltr'>Ambrosii,</span> <span class='ocrx_word' id='word_1_28' title='bbox 1956 512 2173 583; x_wconf 81' lang='lat' dir='ltr'>pliciter</span> <span class='ocrx_word' id='word_1_29' title='bbox 2199 513 2432 570; x_wconf 85' lang='lat' dir='ltr'>oﬁ&#39;ertur</span> <span class='ocrx_word' id='word_1_30' title='bbox 2465 533 2476 568; x_wconf 96' lang='lat'>:</span> <span class='ocrx_word' id='word_1_31' title='bbox 2512 520 2569 569; x_wconf 89' lang='lat' dir='ltr'>et</span> <span class='ocrx_word' id='word_1_32' title='bbox 2596 514 2748 568; x_wconf 87' lang='lat' dir='ltr'>aliud</span> <span class='ocrx_word' id='word_1_33' title='bbox 2767 517 3075 583; x_wconf 77' lang='lat' dir='ltr'>specialiter</span> <span class='ocrx_word' id='word_1_34' title='bbox 3099 532 3299 587; x_wconf 90' lang='lat' dir='ltr'>corpus</span> <span class='ocrx_word' id='word_1_35' title='bbox 3321 517 3550 584; x_wconf 85' lang='lat' dir='ltr'>Christi,</span> 
     </span>
    </p>
   </div>
   <div class='ocr_carea' id='block_1_5' title="bbox 265 592 3553 676">
    <p class='ocr_par' dir='ltr' id='par_1_5' title="bbox 265 592 3553 676">
     <span class='ocr_line' id='line_1_5' title="bbox 265 592 3553 676; baseline 0.002 -22"><span class='ocrx_word' id='word_1_36' title='bbox 265 599 556 671; x_wconf 77' lang='lat' dir='ltr'>quodnon</span> <span class='ocrx_word' id='word_1_37' title='bbox 576 599 653 654; x_wconf 90' lang='lat' dir='ltr'>sit</span> <span class='ocrx_word' id='word_1_38' title='bbox 677 599 795 655; x_wconf 82' lang='lat' dir='ltr'>haec</span> <span class='ocrx_word' id='word_1_39' title='bbox 825 599 939 653; x_wconf 88' lang='lat' dir='ltr'>alia</span> <span class='ocrx_word' id='word_1_40' title='bbox 964 616 1094 654; x_wconf 87' lang='lat' dir='ltr'>caro</span> <span class='ocrx_word' id='word_1_41' title='bbox 1125 599 1354 666; x_wconf 85' lang='lat' dir='ltr'>Christi,</span> <span class='ocrx_word' id='word_1_42' title='bbox 1387 617 1558 671; x_wconf 89' lang='lat' dir='ltr'>quam</span> <span class='ocrx_word' id='word_1_43' title='bbox 1586 618 1709 672; x_wconf 66' lang='lat' dir='ltr'>qua:</span> <span class='ocrx_word' id='word_1_44' title='bbox 1740 607 1875 656; x_wconf 90' lang='lat' dir='ltr'>nata</span> <span class='ocrx_word' id='word_1_45' title='bbox 1955 603 2103 673; x_wconf 91' lang='lat' dir='ltr'>quod</span> <span class='ocrx_word' id='word_1_46' title='bbox 2141 592 2336 658; x_wconf 86' lang='lat' dir='ltr'>natum</span> <span class='ocrx_word' id='word_1_47' title='bbox 2378 610 2465 658; x_wconf 91' lang='lat' dir='ltr'>est</span> <span class='ocrx_word' id='word_1_48' title='bbox 2504 604 2574 658; x_wconf 92' lang='lat' dir='ltr'>de</span> <span class='ocrx_word' id='word_1_49' title='bbox 2622 604 2801 658; x_wconf 87' lang='lat' dir='ltr'>Maria</span> <span class='ocrx_word' id='word_1_50' title='bbox 2842 603 3076 674; x_wconf 85' lang='lat' dir='ltr'>virgine,</span> <span class='ocrx_word' id='word_1_51' title='bbox 3126 604 3182 658; x_wconf 91' lang='lat' dir='ltr'>in</span> <span class='ocrx_word' id='word_1_52' title='bbox 3225 606 3369 676; x_wconf 93' lang='lat' dir='ltr'>quod</span> <span class='ocrx_word' id='word_1_53' title='bbox 3402 607 3553 661; x_wconf 87' lang='lat' dir='ltr'>istud</span> 
     </span>
    </p>
   </div>
   <div class='ocr_carea' id='block_1_6' title="bbox 265 688 3552 765">
    <p class='ocr_par' dir='ltr' id='par_1_6' title="bbox 265 688 3552 765">
     <span class='ocr_line' id='line_1_6' title="bbox 265 688 3552 765; baseline 0.002 -22"><span class='ocrx_word' id='word_1_54' title='bbox 265 693 361 743; x_wconf 86' lang='lat' dir='ltr'>est</span> <span class='ocrx_word' id='word_1_55' title='bbox 389 689 459 742; x_wconf 91' lang='lat' dir='ltr'>de</span> <span class='ocrx_word' id='word_1_56' title='bbox 488 688 689 754; x_wconf 85' lang='lat' dir='ltr'>Maria,</span> <span class='ocrx_word' id='word_1_57' title='bbox 732 693 790 743; x_wconf 91' lang='lat' dir='ltr'>et</span> <span class='ocrx_word' id='word_1_58' title='bbox 832 688 1091 765; x_wconf 17' lang='lat' dir='ltr'>passai’in</span> <span class='ocrx_word' id='word_1_59' title='bbox 1136 706 1319 756; x_wconf 88' lang='lat' dir='ltr'>cruce,</span> <span class='ocrx_word' id='word_1_60' title='bbox 1369 694 1427 743; x_wconf 91' lang='lat' dir='ltr'>et</span> <span class='ocrx_word' id='word_1_61' title='bbox 1462 689 1767 744; x_wconf 85' lang='lat' dir='ltr'>resurrexit</span> <span class='ocrx_word' id='word_1_62' title='bbox 1802 690 1872 745; x_wconf 91' lang='lat' dir='ltr'>de</span> <span class='ocrx_word' id='word_1_63' title='bbox 1953 690 2289 747; x_wconf 83' lang='lat' dir='ltr'>transfertur</span> <span class='ocrx_word' id='word_1_64' title='bbox 2321 712 2333 746; x_wconf 93' lang='lat'>:</span> <span class='ocrx_word' id='word_1_65' title='bbox 2362 696 2420 747; x_wconf 91' lang='lat' dir='ltr'>et</span> <span class='ocrx_word' id='word_1_66' title='bbox 2437 692 2588 747; x_wconf 92' lang='lat' dir='ltr'>aliud</span> <span class='ocrx_word' id='word_1_67' title='bbox 2611 694 2922 761; x_wconf 78' lang='lat' dir='ltr'>specialiter</span> <span class='ocrx_word' id='word_1_68' title='bbox 2944 709 3144 764; x_wconf 89' lang='lat' dir='ltr'>corpus</span> <span class='ocrx_word' id='word_1_69' title='bbox 3166 693 3391 760; x_wconf 86' lang='lat' dir='ltr'>Christi,</span> <span class='ocrx_word' id='word_1_70' title='bbox 3420 712 3552 750; x_wconf 88' lang='lat' dir='ltr'>san-</span> 
     </span>
    </p>
   </div>
   <div class='ocr_carea' id='block_1_7' title="bbox 264 777 1873 850">
    <p class='ocr_par' dir='ltr' id='par_1_7' title="bbox 264 777 1873 850">
     <span class='ocr_line' id='line_1_7' title="bbox 264 777 1873 850; baseline 0.001 -18"><span class='ocrx_word' id='word_1_71' title='bbox 264 778 547 850; x_wconf 88' lang='lat' dir='ltr'>sepulcro.</span> <span class='ocrx_word' id='word_1_72' title='bbox 585 797 610 830; x_wconf 72' lang='lat' dir='ltr'>c</span> <span class='ocrx_word' id='word_1_73' title='bbox 642 778 794 845; x_wconf 68' lang='lat' dir='ltr'>Haec,</span> <span class='ocrx_word' id='word_1_74' title='bbox 817 777 1020 849; x_wconf 82' lang='lat' dir='ltr'>inquit,</span> <span class='ocrx_word' id='word_1_75' title='bbox 1052 778 1176 849; x_wconf 87' lang='lat' dir='ltr'>ipsa</span> <span class='ocrx_word' id='word_1_76' title='bbox 1202 782 1307 845; x_wconf 90' lang='lat' dir='ltr'>est,</span> <span class='ocrx_word' id='word_1_77' title='bbox 1339 783 1397 833; x_wconf 93' lang='lat' dir='ltr'>et</span> <span class='ocrx_word' id='word_1_78' title='bbox 1415 778 1540 834; x_wconf 92' lang='lat' dir='ltr'>ideo</span> <span class='ocrx_word' id='word_1_79' title='bbox 1558 779 1767 834; x_wconf 89' lang='lat' dir='ltr'>Christi</span> <span class='ocrx_word' id='word_1_80' title='bbox 1787 784 1873 834; x_wconf 88' lang='lat' dir='ltr'>est</span> 
     </span>
    </p>
   </div>
   <div class='ocr_carea' id='block_1_8' title="bbox 261 866 1867 939">
    <p class='ocr_par' dir='ltr' id='par_1_8' title="bbox 261 866 1867 939">
     <span class='ocr_line' id='line_1_8' title="bbox 261 866 1867 939; baseline 0.001 -17"><span class='ocrx_word' id='word_1_81' title='bbox 261 881 421 934; x_wconf 84' lang='lat' dir='ltr'>caro,</span> <span class='ocrx_word' id='word_1_82' title='bbox 472 884 595 939; x_wconf 74' lang='lat' dir='ltr'>quae</span> <span class='ocrx_word' id='word_1_83' title='bbox 640 884 741 938; x_wconf 90' lang='lat' dir='ltr'>pro</span> <span class='ocrx_word' id='word_1_84' title='bbox 772 866 968 922; x_wconf 91' lang='lat' dir='ltr'>mundi</span> <span class='ocrx_word' id='word_1_85' title='bbox 1008 866 1117 922; x_wconf 85' lang='lat' dir='ltr'>vita</span> <span class='ocrx_word' id='word_1_86' title='bbox 1141 867 1324 922; x_wconf 89' lang='lat' dir='ltr'>adhuc</span> <span class='ocrx_word' id='word_1_87' title='bbox 1350 867 1516 923; x_wconf 90' lang='lat' dir='ltr'>hodie</span> <span class='ocrx_word' id='word_1_88' title='bbox 1553 868 1803 923; x_wconf 79' lang='lat' dir='ltr'>olfertur.</span> <span class='ocrx_word' id='word_1_89' title='bbox 1839 887 1867 923; x_wconf 73' lang='grc' dir='ltr'><strong><em>ι</em></strong></span> 
     </span>
    </p>
   </div>
   <div class='ocr_carea' id='block_1_9' title="bbox 264 955 1866 1029">
    <p class='ocr_par' dir='ltr' id='par_1_9' title="bbox 264 955 1866 1029">
     <span class='ocr_line' id='line_1_9' title="bbox 264 955 1866 1029; baseline 0 -18"><span class='ocrx_word' id='word_1_90' title='bbox 264 955 390 1011; x_wconf 84' lang='lat' dir='ltr'>Hoc</span> <span class='ocrx_word' id='word_1_91' title='bbox 402 956 460 1012; x_wconf 89' lang='lat' dir='ltr'>in</span> <span class='ocrx_word' id='word_1_92' title='bbox 482 956 728 1029; x_wconf 88' lang='lat' dir='ltr'>capitulo</span> <span class='ocrx_word' id='word_1_93' title='bbox 749 956 995 1028; x_wconf 90' lang='lat' dir='ltr'>positum</span> <span class='ocrx_word' id='word_1_94' title='bbox 1016 960 1103 1012; x_wconf 89' lang='lat' dir='ltr'>est</span> <span class='ocrx_word' id='word_1_95' title='bbox 1121 957 1366 1012; x_wconf 91' lang='lat' dir='ltr'>secundo</span> <span class='ocrx_word' id='word_1_96' title='bbox 1380 958 1671 1027; x_wconf 64' lang='lat' dir='ltr'>(Editcap.</span> <span class='ocrx_word' id='word_1_97' title='bbox 1689 958 1713 1012; x_wconf 85' lang='lat' dir='ltr'>l</span> <span class='ocrx_word' id='word_1_98' title='bbox 1730 962 1777 1012; x_wconf 85' lang='lat' dir='ltr'>et</span> <span class='ocrx_word' id='word_1_99' title='bbox 1798 956 1866 1026; x_wconf 64' lang='grc' dir='ltr'>ἱ).</span> 
     </span>
    </p>
   </div>
   <div class='ocr_carea' id='block_1_10' title="bbox 266 1044 1871 1113">
    <p class='ocr_par' dir='ltr' id='par_1_10' title="bbox 266 1044 1871 1113">
     <span class='ocr_line' id='line_1_10' title="bbox 266 1044 1871 1113; baseline 0 -12"><span class='ocrx_word' id='word_1_100' title='bbox 266 1044 546 1101; x_wconf 84' lang='lat' dir='ltr'>Similiter</span> <span class='ocrx_word' id='word_1_101' title='bbox 563 1045 771 1100; x_wconf 91' lang='lat' dir='ltr'>dicitur</span> <span class='ocrx_word' id='word_1_102' title='bbox 789 1050 847 1100; x_wconf 92' lang='lat' dir='ltr'>et</span> <span class='ocrx_word' id='word_1_103' title='bbox 872 1045 933 1100; x_wconf 93' lang='lat' dir='ltr'>in</span> <span class='ocrx_word' id='word_1_104' title='bbox 963 1051 1157 1101; x_wconf 86' lang='lat' dir='ltr'>octavo</span> <span class='ocrx_word' id='word_1_105' title='bbox 1186 1064 1197 1100; x_wconf 92' lang='lat'>:</span> <span class='ocrx_word' id='word_1_106' title='bbox 1236 1066 1259 1097; x_wconf 76' lang='grc' dir='ltr'>ι</span> <span class='ocrx_word' id='word_1_107' title='bbox 1294 1046 1441 1101; x_wconf 86' lang='lat' dir='ltr'>Vere</span> <span class='ocrx_word' id='word_1_108' title='bbox 1469 1046 1652 1113; x_wconf 90' lang='lat' dir='ltr'>crede,</span> <span class='ocrx_word' id='word_1_109' title='bbox 1685 1051 1743 1101; x_wconf 91' lang='lat' dir='ltr'>et</span> <span class='ocrx_word' id='word_1_110' title='bbox 1767 1047 1871 1102; x_wconf 91' lang='lat' dir='ltr'>hoc</span> 
     </span>
    </p>
   </div>
   <div class='ocr_carea' id='block_1_11' title="bbox 266 1133 1867 1208">
    <p class='ocr_par' dir='ltr' id='par_1_11' title="bbox 266 1133 1867 1208">
     <span class='ocr_line' id='line_1_11' title="bbox 266 1133 1867 1208; baseline 0.001 -18"><span class='ocrx_word' id='word_1_111' title='bbox 266 1135 423 1208; x_wconf 88' lang='lat' dir='ltr'>quod</span> <span class='ocrx_word' id='word_1_112' title='bbox 450 1135 743 1191; x_wconf 89' lang='lat' dir='ltr'>conﬁcitur</span> <span class='ocrx_word' id='word_1_113' title='bbox 764 1134 823 1189; x_wconf 90' lang='lat' dir='ltr'>in</span> <span class='ocrx_word' id='word_1_114' title='bbox 853 1133 1019 1189; x_wconf 90' lang='lat' dir='ltr'>verbo</span> <span class='ocrx_word' id='word_1_115' title='bbox 1048 1133 1257 1190; x_wconf 85' lang='lat' dir='ltr'>Christi</span> <span class='ocrx_word' id='word_1_116' title='bbox 1284 1152 1385 1208; x_wconf 92' lang='lat' dir='ltr'>per</span> <span class='ocrx_word' id='word_1_117' title='bbox 1429 1134 1701 1207; x_wconf 87' lang='lat' dir='ltr'>Spiritum</span> <span class='ocrx_word' id='word_1_118' title='bbox 1737 1152 1867 1191; x_wconf 88' lang='lat' dir='ltr'>san-</span> 
     </span>
    </p>
   </div>
   <div class='ocr_carea' id='block_1_12' title="bbox 264 1224 1871 1296">
    <p class='ocr_par' dir='ltr' id='par_1_12' title="bbox 264 1224 1871 1296">
     <span class='ocr_line' id='line_1_12' title="bbox 264 1224 1871 1296; baseline 0.001 -17"><span class='ocrx_word' id='word_1_119' title='bbox 264 1229 443 1292; x_wconf 87' lang='lat' dir='ltr'>ctum,</span> <span class='ocrx_word' id='word_1_120' title='bbox 484 1241 687 1296; x_wconf 90' lang='lat' dir='ltr'>corpus</span> <span class='ocrx_word' id='word_1_121' title='bbox 705 1224 881 1296; x_wconf 88' lang='lat' dir='ltr'>ipsius</span> <span class='ocrx_word' id='word_1_122' title='bbox 908 1241 1030 1280; x_wconf 86' lang='lat' dir='ltr'>esse</span> <span class='ocrx_word' id='word_1_123' title='bbox 1049 1241 1116 1279; x_wconf 85' lang='lat' dir='ltr'>ex</span> <span class='ocrx_word' id='word_1_124' title='bbox 1143 1224 1393 1296; x_wconf 83' lang='lat' dir='ltr'>Virgine.</span> <span class='ocrx_word' id='word_1_125' title='bbox 1436 1244 1462 1279; x_wconf 71' lang='grc' dir='ltr'>ιο</span> <span class='ocrx_word' id='word_1_126' title='bbox 1506 1224 1664 1280; x_wconf 90' lang='lat' dir='ltr'>Istud</span> <span class='ocrx_word' id='word_1_127' title='bbox 1704 1225 1871 1296; x_wconf 82' lang='lat' dir='ltr'>plane</span> 
     </span>
    </p>
   </div>
   <div class='ocr_carea' id='block_1_13' title="bbox 267 1313 1865 1385">
    <p class='ocr_par' dir='ltr' id='par_1_13' title="bbox 267 1313 1865 1385">
     <span class='ocr_line' id='line_1_13' title="bbox 267 1313 1865 1385; baseline 0 -17"><span class='ocrx_word' id='word_1_128' title='bbox 267 1313 455 1368; x_wconf 82' lang='lat' dir='ltr'>fateor</span> <span class='ocrx_word' id='word_1_129' title='bbox 480 1330 774 1385; x_wconf 83' lang='lat' dir='ltr'>nunquam</span> <span class='ocrx_word' id='word_1_130' title='bbox 805 1330 895 1368; x_wconf 88' lang='lat' dir='ltr'>me</span> <span class='ocrx_word' id='word_1_131' title='bbox 920 1313 1075 1385; x_wconf 90' lang='lat' dir='ltr'>prius</span> <span class='ocrx_word' id='word_1_132' title='bbox 1106 1314 1350 1381; x_wconf 84' lang='lat' dir='ltr'>audisse,</span> <span class='ocrx_word' id='word_1_133' title='bbox 1378 1313 1600 1381; x_wconf 85' lang='lat' dir='ltr'>vidisse,</span> <span class='ocrx_word' id='word_1_134' title='bbox 1633 1314 1865 1385; x_wconf 79' lang='lat' dir='ltr'>legisse;</span> 
     </span>
    </p>
   </div>
   <div class='ocr_carea' id='block_1_14' title="bbox 266 1401 1871 1474">
    <p class='ocr_par' dir='ltr' id='par_1_14' title="bbox 266 1401 1871 1474">
     <span class='ocr_line' id='line_1_14' title="bbox 266 1401 1871 1474; baseline 0.001 -17"><span class='ocrx_word' id='word_1_135' title='bbox 266 1402 625 1474; x_wconf 88' lang='lat' dir='ltr'>multumque</span> <span class='ocrx_word' id='word_1_136' title='bbox 652 1401 890 1457; x_wconf 87' lang='lat' dir='ltr'>miratus</span> <span class='ocrx_word' id='word_1_137' title='bbox 920 1420 1045 1457; x_wconf 90' lang='lat' dir='ltr'>sum</span> <span class='ocrx_word' id='word_1_138' title='bbox 1085 1403 1189 1457; x_wconf 91' lang='lat' dir='ltr'>hoc</span> <span class='ocrx_word' id='word_1_139' title='bbox 1216 1409 1472 1458; x_wconf 89' lang='lat' dir='ltr'>sanctum</span> <span class='ocrx_word' id='word_1_140' title='bbox 1513 1402 1871 1459; x_wconf 82' lang='lat' dir='ltr'>Ambrosium</span> 
     </span>
    </p>
   </div>
   <div class='ocr_carea' id='block_1_15' title="bbox 266 1490 1873 1564">
    <p class='ocr_par' dir='ltr' id='par_1_15' title="bbox 266 1490 1873 1564">
     <span class='ocr_line' id='line_1_15' title="bbox 266 1490 1873 1564; baseline 0.001 -19"><span class='ocrx_word' id='word_1_141' title='bbox 266 1490 477 1546; x_wconf 80' lang='lat' dir='ltr'>dixisse</span> <span class='ocrx_word' id='word_1_142' title='bbox 511 1511 522 1547; x_wconf 90' lang='lat'><strong>:</strong></span> <span class='ocrx_word' id='word_1_143' title='bbox 557 1497 614 1546; x_wconf 90' lang='lat' dir='ltr'>et</span> <span class='ocrx_word' id='word_1_144' title='bbox 640 1491 871 1564; x_wconf 85' lang='lat' dir='ltr'>insuper</span> <span class='ocrx_word' id='word_1_145' title='bbox 885 1490 1057 1546; x_wconf 87' lang='lat' dir='ltr'>etiam</span> <span class='ocrx_word' id='word_1_146' title='bbox 1085 1491 1264 1547; x_wconf 87' lang='lat' dir='ltr'>multo</span> <span class='ocrx_word' id='word_1_147' title='bbox 1285 1491 1464 1562; x_wconf 85' lang='lat' dir='ltr'>magis</span> <span class='ocrx_word' id='word_1_148' title='bbox 1484 1491 1660 1549; x_wconf 82' lang='lat' dir='ltr'>miror</span> <span class='ocrx_word' id='word_1_149' title='bbox 1685 1496 1873 1548; x_wconf 87' lang='lat' dir='ltr'>aucto-</span> 
     </span>
    </p>
   </div>
   <div class='ocr_carea' id='block_1_16' title="bbox 266 1580 1871 1653">
    <p class='ocr_par' dir='ltr' id='par_1_16' title="bbox 266 1580 1871 1653">
     <span class='ocr_line' id='line_1_16' title="bbox 266 1580 1871 1653; baseline 0.001 -19"><span class='ocrx_word' id='word_1_150' title='bbox 266 1598 391 1635; x_wconf 87' lang='lat' dir='ltr'>rem</span> <span class='ocrx_word' id='word_1_151' title='bbox 423 1580 592 1652; x_wconf 87' lang='lat' dir='ltr'>hujus</span> <span class='ocrx_word' id='word_1_152' title='bbox 628 1580 928 1635; x_wconf 79' lang='lat' dir='ltr'>voluminis</span> <span class='ocrx_word' id='word_1_153' title='bbox 959 1581 983 1621; x_wconf 76' lang='lat' dir='ltr'><strong>b</strong></span> <span class='ocrx_word' id='word_1_154' title='bbox 1014 1580 1165 1635; x_wconf 87' lang='lat' dir='ltr'>istud</span> <span class='ocrx_word' id='word_1_155' title='bbox 1211 1580 1289 1635; x_wconf 87' lang='lat' dir='ltr'>ibi</span> <span class='ocrx_word' id='word_1_156' title='bbox 1331 1581 1602 1652; x_wconf 83' lang='lat' dir='ltr'>posuisse.</span> <span class='ocrx_word' id='word_1_157' title='bbox 1654 1581 1871 1653; x_wconf 87' lang='lat' dir='ltr'>Quippe</span> 
     </span>
    </p>
   </div>
   <div class='ocr_carea' id='block_1_17' title="bbox 265 1668 1870 1742">
    <p class='ocr_par' dir='ltr' id='par_1_17' title="bbox 265 1668 1870 1742">
     <span class='ocr_line' id='line_1_17' title="bbox 265 1668 1870 1742; baseline 0.001 -18"><span class='ocrx_word' id='word_1_158' title='bbox 265 1686 398 1725; x_wconf 89' lang='lat' dir='ltr'>cum</span> <span class='ocrx_word' id='word_1_159' title='bbox 418 1670 475 1725; x_wconf 89' lang='lat' dir='ltr'>in</span> <span class='ocrx_word' id='word_1_160' title='bbox 496 1669 736 1742; x_wconf 90' lang='lat' dir='ltr'>septimo</span> <span class='ocrx_word' id='word_1_161' title='bbox 749 1669 992 1741; x_wconf 90' lang='lat' dir='ltr'>capitulo</span> <span class='ocrx_word' id='word_1_162' title='bbox 1012 1668 1209 1725; x_wconf 90' lang='lat' dir='ltr'>beatus</span> <span class='ocrx_word' id='word_1_163' title='bbox 1218 1669 1568 1740; x_wconf 80' lang='lat' dir='ltr'>Augustinus</span> <span class='ocrx_word' id='word_1_164' title='bbox 1581 1670 1870 1741; x_wconf 90' lang='lat' dir='ltr'>aliquanto</span> 
     </span>
    </p>
   </div>
   <div class='ocr_carea' id='block_1_18' title="bbox 1952 780 3548 852">
    <p class='ocr_par' dir='ltr' id='par_1_18' title="bbox 1952 780 3548 852">
     <span class='ocr_line' id='line_1_18' title="bbox 1952 780 3548 852; baseline 0.004 -19"><span class='ocrx_word' id='word_1_165' title='bbox 1952 786 2101 833; x_wconf 85' lang='lat' dir='ltr'>ctam</span> <span class='ocrx_word' id='word_1_166' title='bbox 2129 781 2340 835; x_wconf 79' lang='lat' dir='ltr'>scilicet</span> <span class='ocrx_word' id='word_1_167' title='bbox 2367 781 2687 847; x_wconf 87' lang='lat' dir='ltr'>Ecclesiam,</span> <span class='ocrx_word' id='word_1_168' title='bbox 2732 780 2827 851; x_wconf 89' lang='lat' dir='ltr'>qui</span> <span class='ocrx_word' id='word_1_169' title='bbox 2866 797 3068 852; x_wconf 89' lang='lat' dir='ltr'>corpus</span> <span class='ocrx_word' id='word_1_170' title='bbox 3099 782 3307 836; x_wconf 90' lang='lat' dir='ltr'>Christi</span> <span class='ocrx_word' id='word_1_171' title='bbox 3335 800 3548 852; x_wconf 90' lang='lat' dir='ltr'>sumus,</span> 
     </span>
    </p>
   </div>
   <div class='ocr_carea' id='block_1_19' title="bbox 1952 867 3552 944">
    <p class='ocr_par' dir='ltr' id='par_1_19' title="bbox 1952 867 3552 944">
     <span class='ocr_line' id='line_1_19' title="bbox 1952 867 3552 944; baseline 0.004 -22"><span class='ocrx_word' id='word_1_172' title='bbox 1952 867 2087 923; x_wconf 90' lang='lat' dir='ltr'>dum</span> <span class='ocrx_word' id='word_1_173' title='bbox 2125 867 2194 924; x_wconf 90' lang='lat' dir='ltr'>ab</span> <span class='ocrx_word' id='word_1_174' title='bbox 2230 870 2350 942; x_wconf 88' lang='lat' dir='ltr'>ipso</span> <span class='ocrx_word' id='word_1_175' title='bbox 2388 882 2609 925; x_wconf 80' lang='lat' dir='ltr'>summo</span> <span class='ocrx_word' id='word_1_176' title='bbox 2657 869 2878 925; x_wconf 87' lang='lat' dir='ltr'>Christo</span> <span class='ocrx_word' id='word_1_177' title='bbox 2924 870 3186 941; x_wconf 89' lang='lat' dir='ltr'>pontiﬁce</span> <span class='ocrx_word' id='word_1_178' title='bbox 3230 873 3552 944; x_wconf 81' lang='lat' dir='ltr'>porrigente</span> 
     </span>
    </p>
   </div>
   <div class='ocr_carea' id='block_1_20' title="bbox 1950 956 3551 1033">
    <p class='ocr_par' dir='ltr' id='par_1_20' title="bbox 1950 956 3551 1033">
     <span class='ocr_line' id='line_1_20' title="bbox 1950 956 3551 1033; baseline 0.004 -23"><span class='ocrx_word' id='word_1_179' title='bbox 1950 956 2220 1031; x_wconf 77' lang='lat' dir='ltr'>tribuitur</span> <span class='ocrx_word' id='word_1_180' title='bbox 2266 966 2323 1014; x_wconf 92' lang='lat' dir='ltr'>et</span> <span class='ocrx_word' id='word_1_181' title='bbox 2367 958 2669 1014; x_wconf 88' lang='lat' dir='ltr'>confertur.</span> <span class='ocrx_word' id='word_1_182' title='bbox 2722 959 2881 1023; x_wconf 88' lang='lat' dir='ltr'>Quod</span> <span class='ocrx_word' id='word_1_183' title='bbox 2933 976 3126 1014; x_wconf 72' lang='lat' dir='ltr'>revera</span> <span class='ocrx_word' id='word_1_184' title='bbox 3163 961 3299 1015; x_wconf 84' lang='lat' dir='ltr'>satis</span> <span class='ocrx_word' id='word_1_185' title='bbox 3338 961 3551 1033; x_wconf 91' lang='lat' dir='ltr'>liquido</span> 
     </span>
    </p>
   </div>
   <div class='ocr_carea' id='block_1_21' title="bbox 1950 1046 3553 1120">
    <p class='ocr_par' dir='ltr' id='par_1_21' title="bbox 1950 1046 3553 1120">
     <span class='ocr_line' id='line_1_21' title="bbox 1950 1046 3553 1120; baseline 0.004 -20"><span class='ocrx_word' id='word_1_186' title='bbox 1950 1046 2231 1118; x_wconf 85' lang='lat' dir='ltr'>patefecit,</span> <span class='ocrx_word' id='word_1_187' title='bbox 2262 1064 2390 1103; x_wconf 90' lang='lat' dir='ltr'>cum</span> <span class='ocrx_word' id='word_1_188' title='bbox 2419 1049 2488 1102; x_wconf 91' lang='lat' dir='ltr'>de</span> <span class='ocrx_word' id='word_1_189' title='bbox 2512 1048 2634 1119; x_wconf 86' lang='lat' dir='ltr'>ipso</span> <span class='ocrx_word' id='word_1_190' title='bbox 2662 1047 2755 1120; x_wconf 90' lang='lat' dir='ltr'>pio</span> <span class='ocrx_word' id='word_1_191' title='bbox 2785 1047 3045 1119; x_wconf 88' lang='lat' dir='ltr'>pontiﬁce</span> <span class='ocrx_word' id='word_1_192' title='bbox 3073 1054 3266 1103; x_wconf 89' lang='lat' dir='ltr'>nostro</span> <span class='ocrx_word' id='word_1_193' title='bbox 3305 1050 3455 1118; x_wconf 89' lang='lat' dir='ltr'>dicit,</span> <span class='ocrx_word' id='word_1_194' title='bbox 3487 1056 3553 1106; x_wconf 87' lang='lat' dir='ltr'>ut</span> 
     </span>
    </p>
   </div>
   <div class='ocr_carea' id='block_1_22' title="bbox 1952 1128 3549 1208">
    <p class='ocr_par' dir='ltr' id='par_1_22' title="bbox 1952 1128 3549 1208">
     <span class='ocr_line' id='line_1_22' title="bbox 1952 1128 3549 1208; baseline 0.003 -18"><span class='ocrx_word' id='word_1_195' title='bbox 1952 1151 2018 1189; x_wconf 87' lang='lat' dir='ltr'>ex</span> <span class='ocrx_word' id='word_1_196' title='bbox 2040 1135 2163 1208; x_wconf 88' lang='lat' dir='ltr'>ipso</span> <span class='ocrx_word' id='word_1_197' title='bbox 2208 1141 2266 1190; x_wconf 91' lang='lat' dir='ltr'>et</span> <span class='ocrx_word' id='word_1_198' title='bbox 2306 1135 2376 1191; x_wconf 91' lang='lat' dir='ltr'>ab</span> <span class='ocrx_word' id='word_1_199' title='bbox 2413 1137 2534 1208; x_wconf 90' lang='lat' dir='ltr'>ipso</span> <span class='ocrx_word' id='word_1_200' title='bbox 2578 1154 2680 1191; x_wconf 91' lang='lat' dir='ltr'>nos</span> <span class='ocrx_word' id='word_1_201' title='bbox 2712 1153 2913 1208; x_wconf 89' lang='lat' dir='ltr'>corpus</span> <span class='ocrx_word' id='word_1_202' title='bbox 2943 1138 3083 1208; x_wconf 90' lang='lat' dir='ltr'>ejus,</span> <span class='ocrx_word' id='word_1_203' title='bbox 3117 1128 3341 1193; x_wconf 76' lang='lat' dir='ltr'>carnem</span> <span class='ocrx_word' id='word_1_204' title='bbox 3380 1139 3549 1207; x_wconf 89' lang='lat' dir='ltr'>illius,</span> 
     </span>
    </p>
   </div>
   <div class='ocr_carea' id='block_1_23' title="bbox 1952 1224 3547 1298">
    <p class='ocr_par' dir='ltr' id='par_1_23' title="bbox 1952 1224 3547 1298">
     <span class='ocr_line' id='line_1_23' title="bbox 1952 1224 3547 1298; baseline 0.003 -19"><span class='ocrx_word' id='word_1_205' title='bbox 1952 1224 2047 1280; x_wconf 90' lang='lat' dir='ltr'>illo</span> <span class='ocrx_word' id='word_1_206' title='bbox 2070 1231 2333 1281; x_wconf 87' lang='lat' dir='ltr'>manente</span> <span class='ocrx_word' id='word_1_207' title='bbox 2355 1225 2574 1297; x_wconf 88' lang='lat' dir='ltr'>integro</span> <span class='ocrx_word' id='word_1_208' title='bbox 2601 1242 2907 1280; x_wconf 82' lang='lat' dir='ltr'>sumamus.</span> <span class='ocrx_word' id='word_1_209' title='bbox 2931 1226 3089 1290; x_wconf 88' lang='lat' dir='ltr'>Quod</span> <span class='ocrx_word' id='word_1_210' title='bbox 3113 1227 3245 1298; x_wconf 93' lang='lat' dir='ltr'>quid</span> <span class='ocrx_word' id='word_1_211' title='bbox 3268 1232 3355 1283; x_wconf 88' lang='lat' dir='ltr'>est</span> <span class='ocrx_word' id='word_1_212' title='bbox 3374 1229 3547 1295; x_wconf 88' lang='lat' dir='ltr'>aliud,</span> 
     </span>
    </p>
   </div>
   <div class='ocr_carea' id='block_1_24' title="bbox 1954 1314 3550 1385">
    <p class='ocr_par' dir='ltr' id='par_1_24' title="bbox 1954 1314 3550 1385">
     <span class='ocr_line' id='line_1_24' title="bbox 1954 1314 3550 1385; baseline 0.002 -17"><span class='ocrx_word' id='word_1_213' title='bbox 1954 1330 2122 1385; x_wconf 89' lang='lat' dir='ltr'>quam</span> <span class='ocrx_word' id='word_1_214' title='bbox 2152 1318 2216 1368; x_wconf 91' lang='lat' dir='ltr'>ut</span> <span class='ocrx_word' id='word_1_215' title='bbox 2245 1331 2365 1382; x_wconf 90' lang='lat' dir='ltr'>nos,</span> <span class='ocrx_word' id='word_1_216' title='bbox 2398 1314 2493 1385; x_wconf 90' lang='lat' dir='ltr'>qui</span> <span class='ocrx_word' id='word_1_217' title='bbox 2523 1330 2717 1369; x_wconf 91' lang='lat' dir='ltr'>sumus</span> <span class='ocrx_word' id='word_1_218' title='bbox 2757 1331 2956 1385; x_wconf 89' lang='lat' dir='ltr'>corpus</span> <span class='ocrx_word' id='word_1_219' title='bbox 3002 1315 3228 1383; x_wconf 85' lang='lat' dir='ltr'>Christi,</span> <span class='ocrx_word' id='word_1_220' title='bbox 3260 1333 3550 1371; x_wconf 85' lang='lat' dir='ltr'>sumamus</span> 
     </span>
    </p>
   </div>
   <div class='ocr_carea' id='block_1_25' title="bbox 1953 1403 3545 1475">
    <p class='ocr_par' dir='ltr' id='par_1_25' title="bbox 1953 1403 3545 1475">
     <span class='ocr_line' id='line_1_25' title="bbox 1953 1403 3545 1475; baseline 0.002 -17"><span class='ocrx_word' id='word_1_221' title='bbox 1953 1420 2154 1474; x_wconf 91' lang='lat' dir='ltr'>corpus</span> <span class='ocrx_word' id='word_1_222' title='bbox 2189 1403 2416 1471; x_wconf 86' lang='lat' dir='ltr'>Christi,</span> <span class='ocrx_word' id='word_1_223' title='bbox 2464 1403 2613 1474; x_wconf 89' lang='lat' dir='ltr'>quod</span> <span class='ocrx_word' id='word_1_224' title='bbox 2650 1404 2819 1457; x_wconf 88' lang='lat' dir='ltr'>datur</span> <span class='ocrx_word' id='word_1_225' title='bbox 2854 1403 3014 1457; x_wconf 90' lang='lat' dir='ltr'>nobis</span> <span class='ocrx_word' id='word_1_226' title='bbox 3044 1403 3113 1457; x_wconf 83' lang='lat' dir='ltr'>ab</span> <span class='ocrx_word' id='word_1_227' title='bbox 3152 1405 3273 1475; x_wconf 89' lang='lat' dir='ltr'>ipso</span> <span class='ocrx_word' id='word_1_228' title='bbox 3303 1404 3545 1473; x_wconf 87' lang='lat' dir='ltr'>Christo,</span> 
     </span>
    </p>
   </div>
   <div class='ocr_carea' id='block_1_26' title="bbox 1952 1491 3552 1564">
    <p class='ocr_par' dir='ltr' id='par_1_26' title="bbox 1952 1491 3552 1564">
     <span class='ocr_line' id='line_1_26' title="bbox 1952 1491 3552 1564; baseline 0.002 -18"><span class='ocrx_word' id='word_1_229' title='bbox 1952 1508 2064 1546; x_wconf 91' lang='lat' dir='ltr'>non</span> <span class='ocrx_word' id='word_1_230' title='bbox 2091 1492 2317 1547; x_wconf 87' lang='lat' dir='ltr'>aliunde</span> <span class='ocrx_word' id='word_1_231' title='bbox 2346 1509 2515 1564; x_wconf 90' lang='lat' dir='ltr'>quam</span> <span class='ocrx_word' id='word_1_232' title='bbox 2545 1509 2579 1546; x_wconf 88' lang='lat' dir='ltr'>a</span> <span class='ocrx_word' id='word_1_233' title='bbox 2600 1491 2918 1563; x_wconf 85' lang='lat' dir='ltr'>semetipso,</span> <span class='ocrx_word' id='word_1_234' title='bbox 2951 1492 3082 1563; x_wconf 86' lang='lat' dir='ltr'>quia</span> <span class='ocrx_word' id='word_1_235' title='bbox 3110 1494 3444 1548; x_wconf 87' lang='lat' dir='ltr'>translatum</span> <span class='ocrx_word' id='word_1_236' title='bbox 3465 1500 3552 1550; x_wconf 88' lang='lat' dir='ltr'>est</span> 
     </span>
    </p>
   </div>
   <div class='ocr_carea' id='block_1_27' title="bbox 1954 1580 3552 1654">
    <p class='ocr_par' dir='ltr' id='par_1_27' title="bbox 1954 1580 3552 1654">
     <span class='ocr_line' id='line_1_27' title="bbox 1954 1580 3552 1654; baseline 0.002 -19"><span class='ocrx_word' id='word_1_237' title='bbox 1954 1580 2010 1635; x_wconf 91' lang='lat' dir='ltr'>in</span> <span class='ocrx_word' id='word_1_238' title='bbox 2035 1581 2238 1653; x_wconf 90' lang='lat' dir='ltr'>ipsum,</span> <span class='ocrx_word' id='word_1_239' title='bbox 2269 1587 2333 1635; x_wconf 94' lang='lat' dir='ltr'>ut</span> <span class='ocrx_word' id='word_1_240' title='bbox 2362 1582 2509 1653; x_wconf 90' lang='lat' dir='ltr'>quod</span> <span class='ocrx_word' id='word_1_241' title='bbox 2541 1587 2627 1635; x_wconf 86' lang='lat' dir='ltr'>est</span> <span class='ocrx_word' id='word_1_242' title='bbox 2654 1580 2712 1635; x_wconf 91' lang='lat' dir='ltr'>in</span> <span class='ocrx_word' id='word_1_243' title='bbox 2744 1582 2882 1653; x_wconf 85' lang='lat' dir='ltr'>ipso,</span> <span class='ocrx_word' id='word_1_244' title='bbox 2907 1580 3065 1635; x_wconf 76' lang='lat' dir='ltr'>nobis</span> <span class='ocrx_word' id='word_1_245' title='bbox 3097 1582 3191 1652; x_wconf 87' lang='lat' dir='ltr'>qui</span> <span class='ocrx_word' id='word_1_246' title='bbox 3221 1599 3284 1635; x_wconf 83' lang='lat' dir='ltr'>ex</span> <span class='ocrx_word' id='word_1_247' title='bbox 3312 1583 3433 1654; x_wconf 87' lang='lat' dir='ltr'>ipso</span> <span class='ocrx_word' id='word_1_248' title='bbox 3462 1600 3552 1637; x_wconf 87' lang='lat' dir='ltr'>su-</span> 
     </span>
    </p>
   </div>
   <div class='ocr_carea' id='block_1_28' title="bbox 1953 1669 3548 1744">
    <p class='ocr_par' dir='ltr' id='par_1_28' title="bbox 1953 1669 3548 1744">
     <span class='ocr_line' id='line_1_28' title="bbox 1953 1669 3548 1744; baseline 0.001 -20"><span class='ocrx_word' id='word_1_249' title='bbox 1953 1687 2097 1737; x_wconf 89' lang='lat' dir='ltr'>mus,</span> <span class='ocrx_word' id='word_1_250' title='bbox 2122 1670 2289 1725; x_wconf 86' lang='lat' dir='ltr'>detur</span> <span class='ocrx_word' id='word_1_251' title='bbox 2306 1669 2377 1725; x_wconf 91' lang='lat' dir='ltr'>ab</span> <span class='ocrx_word' id='word_1_252' title='bbox 2396 1671 2536 1742; x_wconf 90' lang='lat' dir='ltr'>ipso,</span> <span class='ocrx_word' id='word_1_253' title='bbox 2555 1670 2651 1725; x_wconf 85' lang='lat' dir='ltr'>sed</span> <span class='ocrx_word' id='word_1_254' title='bbox 2671 1675 2862 1725; x_wconf 88' lang='lat' dir='ltr'>tamen</span> <span class='ocrx_word' id='word_1_255' title='bbox 2884 1669 3104 1740; x_wconf 84' lang='lat' dir='ltr'>integro</span> <span class='ocrx_word' id='word_1_256' title='bbox 3126 1677 3385 1726; x_wconf 83' lang='lat' dir='ltr'>manente</span> <span class='ocrx_word' id='word_1_257' title='bbox 3409 1672 3548 1744; x_wconf 89' lang='lat' dir='ltr'>ipso,</span> 
     </span>
    </p>
   </div>
   <div class='ocr_carea' id='block_1_29' title="bbox 265 1757 3548 1831">
    <p class='ocr_par' dir='ltr' id='par_1_29' title="bbox 265 1757 3548 1831">
     <span class='ocr_line' id='line_1_29' title="bbox 265 1757 3548 1831; baseline 0.001 -17"><span class='ocrx_word' id='word_1_258' title='bbox 265 1758 532 1831; x_wconf 88' lang='lat' dir='ltr'>superius</span> <span class='ocrx_word' id='word_1_259' title='bbox 560 1759 712 1813; x_wconf 86' lang='lat' dir='ltr'>dicat</span> <span class='ocrx_word' id='word_1_260' title='bbox 740 1777 751 1813; x_wconf 87' lang='lat'><strong>:</strong></span> <span class='ocrx_word' id='word_1_261' title='bbox 786 1757 930 1824; x_wconf 81' lang='lat' dir='ltr'>tha</span> <span class='ocrx_word' id='word_1_262' title='bbox 958 1759 1246 1814; x_wconf 86' lang='lat' dir='ltr'>Christum</span> <span class='ocrx_word' id='word_1_263' title='bbox 1277 1759 1457 1814; x_wconf 88' lang='lat' dir='ltr'>vorari</span> <span class='ocrx_word' id='word_1_264' title='bbox 1490 1759 1575 1813; x_wconf 85' lang='lat' dir='ltr'>fas</span> <span class='ocrx_word' id='word_1_265' title='bbox 1609 1758 1870 1814; x_wconf 90' lang='lat' dir='ltr'>dentibus</span> <span class='ocrx_word' id='word_1_266' title='bbox 1888 1767 1932 1827; x_wconf 86' lang='grc' dir='ltr'>Β</span> <span class='ocrx_word' id='word_1_267' title='bbox 1955 1759 2085 1831; x_wconf 86' lang='lat' dir='ltr'>quia</span> <span class='ocrx_word' id='word_1_268' title='bbox 2097 1760 2309 1815; x_wconf 87' lang='lat' dir='ltr'>scilicet</span> <span class='ocrx_word' id='word_1_269' title='bbox 2327 1760 2609 1830; x_wconf 88' lang='lat' dir='ltr'>integrum</span> <span class='ocrx_word' id='word_1_270' title='bbox 2629 1776 2830 1831; x_wconf 90' lang='lat' dir='ltr'>corpus</span> <span class='ocrx_word' id='word_1_271' title='bbox 2842 1759 3049 1814; x_wconf 86' lang='lat' dir='ltr'>Christi</span> <span class='ocrx_word' id='word_1_272' title='bbox 3061 1760 3129 1813; x_wconf 87' lang='lat' dir='ltr'>de</span> <span class='ocrx_word' id='word_1_273' title='bbox 3142 1761 3319 1816; x_wconf 81' lang='lat' dir='ltr'>Maria</span> <span class='ocrx_word' id='word_1_274' title='bbox 3333 1768 3548 1825; x_wconf 85' lang='lat' dir='ltr'>natum,</span> 
     </span>
    </p>
   </div>
   <div class='ocr_carea' id='block_1_30' title="bbox 267 1847 1870 1920">
    <p class='ocr_par' dir='ltr' id='par_1_30' title="bbox 267 1847 1870 1920">
     <span class='ocr_line' id='line_1_30' title="bbox 267 1847 1870 1920; baseline 0.001 -18"><span class='ocrx_word' id='word_1_275' title='bbox 267 1864 384 1903; x_wconf 90' lang='lat' dir='ltr'>non</span> <span class='ocrx_word' id='word_1_276' title='bbox 415 1852 521 1916; x_wconf 90' lang='lat' dir='ltr'>est,</span> <span class='ocrx_word' id='word_1_277' title='bbox 553 1847 729 1903; x_wconf 87' lang='lat' dir='ltr'>voluit</span> <span class='ocrx_word' id='word_1_278' title='bbox 753 1847 812 1902; x_wconf 92' lang='lat' dir='ltr'>in</span> <span class='ocrx_word' id='word_1_279' title='bbox 842 1848 1110 1920; x_wconf 82' lang='lat' dir='ltr'>mysterio</span> <span class='ocrx_word' id='word_1_280' title='bbox 1140 1847 1288 1902; x_wconf 91' lang='lat' dir='ltr'>hunc</span> <span class='ocrx_word' id='word_1_281' title='bbox 1326 1864 1528 1920; x_wconf 89' lang='lat' dir='ltr'>panem</span> <span class='ocrx_word' id='word_1_282' title='bbox 1574 1852 1632 1903; x_wconf 92' lang='lat' dir='ltr'>et</span> <span class='ocrx_word' id='word_1_283' title='bbox 1678 1847 1870 1903; x_wconf 92' lang='lat' dir='ltr'>vinum</span> 
     </span>
    </p>
   </div>
   <div class='ocr_carea' id='block_1_31' title="bbox 268 1937 1872 2010">
    <p class='ocr_par' dir='ltr' id='par_1_31' title="bbox 268 1937 1872 2010">
     <span class='ocr_line' id='line_1_31' title="bbox 268 1937 1872 2010; baseline 0.001 -20"><span class='ocrx_word' id='word_1_284' title='bbox 268 1953 400 1992; x_wconf 86' lang='lat' dir='ltr'>vere</span> <span class='ocrx_word' id='word_1_285' title='bbox 428 1954 655 1992; x_wconf 89' lang='lat' dir='ltr'>carnem</span> <span class='ocrx_word' id='word_1_286' title='bbox 678 1954 840 1993; x_wconf 88' lang='lat' dir='ltr'>suam</span> <span class='ocrx_word' id='word_1_287' title='bbox 870 1942 928 1992; x_wconf 90' lang='lat' dir='ltr'>et</span> <span class='ocrx_word' id='word_1_288' title='bbox 946 1937 1280 2008; x_wconf 87' lang='lat' dir='ltr'>sanguinem</span> <span class='ocrx_word' id='word_1_289' title='bbox 1306 1937 1723 1992; x_wconf 89' lang='lat' dir='ltr'>consecratione</span> <span class='ocrx_word' id='word_1_290' title='bbox 1751 1938 1872 2010; x_wconf 90' lang='lat' dir='ltr'>Spi-</span> 
     </span>
    </p>
   </div>
   <div class='ocr_carea' id='block_1_32' title="bbox 264 2025 1870 2099">
    <p class='ocr_par' dir='ltr' id='par_1_32' title="bbox 264 2025 1870 2099">
     <span class='ocr_line' id='line_1_32' title="bbox 264 2025 1870 2099; baseline 0.001 -18"><span class='ocrx_word' id='word_1_291' title='bbox 264 2026 416 2081; x_wconf 80' lang='lat' dir='ltr'>ritus</span> <span class='ocrx_word' id='word_1_292' title='bbox 442 2026 620 2081; x_wconf 85' lang='lat' dir='ltr'>sancti</span> <span class='ocrx_word' id='word_1_293' title='bbox 650 2025 1035 2099; x_wconf 79' lang='lat' dir='ltr'>potentialiter</span> <span class='ocrx_word' id='word_1_294' title='bbox 1060 2025 1256 2093; x_wconf 89' lang='lat' dir='ltr'>creari,</span> <span class='ocrx_word' id='word_1_295' title='bbox 1299 2025 1542 2082; x_wconf 86' lang='lat' dir='ltr'>creando</span> <span class='ocrx_word' id='word_1_296' title='bbox 1570 2043 1700 2081; x_wconf 91' lang='lat' dir='ltr'>vero</span> <span class='ocrx_word' id='word_1_297' title='bbox 1729 2043 1870 2099; x_wconf 90' lang='lat' dir='ltr'>quo-</span> 
     </span>
    </p>
   </div>
   <div class='ocr_carea' id='block_1_33' title="bbox 263 2114 1873 2188">
    <p class='ocr_par' dir='ltr' id='par_1_33' title="bbox 263 2114 1873 2188">
     <span class='ocr_line' id='line_1_33' title="bbox 263 2114 1873 2188; baseline 0.001 -19"><span class='ocrx_word' id='word_1_298' title='bbox 263 2114 408 2170; x_wconf 90' lang='lat' dir='ltr'>tidie</span> <span class='ocrx_word' id='word_1_299' title='bbox 435 2131 537 2188; x_wconf 91' lang='lat' dir='ltr'>pro</span> <span class='ocrx_word' id='word_1_300' title='bbox 559 2114 756 2170; x_wconf 89' lang='lat' dir='ltr'>mundi</span> <span class='ocrx_word' id='word_1_301' title='bbox 787 2115 901 2169; x_wconf 89' lang='lat' dir='ltr'>vita</span> <span class='ocrx_word' id='word_1_302' title='bbox 930 2114 1165 2186; x_wconf 84' lang='lat' dir='ltr'>mystice</span> <span class='ocrx_word' id='word_1_303' title='bbox 1194 2114 1505 2183; x_wconf 89' lang='lat' dir='ltr'>immolari;</span> <span class='ocrx_word' id='word_1_304' title='bbox 1537 2121 1603 2170; x_wconf 92' lang='lat' dir='ltr'>ut</span> <span class='ocrx_word' id='word_1_305' title='bbox 1631 2115 1777 2171; x_wconf 88' lang='lat' dir='ltr'>sicut</span> <span class='ocrx_word' id='word_1_306' title='bbox 1804 2116 1873 2170; x_wconf 94' lang='lat' dir='ltr'>de</span> 
     </span>
    </p>
   </div>
   <div class='ocr_carea' id='block_1_34' title="bbox 263 2202 1869 2276">
    <p class='ocr_par' dir='ltr' id='par_1_34' title="bbox 263 2202 1869 2276">
     <span class='ocr_line' id='line_1_34' title="bbox 263 2202 1869 2276; baseline 0.002 -19"><span class='ocrx_word' id='word_1_307' title='bbox 263 2202 502 2275; x_wconf 80' lang='lat' dir='ltr'>Virgine</span> <span class='ocrx_word' id='word_1_308' title='bbox 527 2220 628 2276; x_wconf 91' lang='lat' dir='ltr'>per</span> <span class='ocrx_word' id='word_1_309' title='bbox 648 2203 921 2276; x_wconf 90' lang='lat' dir='ltr'>Spiritum</span> <span class='ocrx_word' id='word_1_310' title='bbox 948 2221 1081 2259; x_wconf 89' lang='lat' dir='ltr'>vera</span> <span class='ocrx_word' id='word_1_311' title='bbox 1109 2221 1238 2259; x_wconf 91' lang='lat' dir='ltr'>caro</span> <span class='ocrx_word' id='word_1_312' title='bbox 1266 2204 1387 2259; x_wconf 89' lang='lat' dir='ltr'>sine</span> <span class='ocrx_word' id='word_1_313' title='bbox 1416 2205 1566 2260; x_wconf 91' lang='lat' dir='ltr'>coitu</span> <span class='ocrx_word' id='word_1_314' title='bbox 1605 2210 1829 2260; x_wconf 89' lang='lat' dir='ltr'>creatur</span> <span class='ocrx_word' id='word_1_315' title='bbox 1856 2223 1869 2273; x_wconf 90' lang='lat'>;</span> 
     </span>
    </p>
   </div>
   <div class='ocr_carea' id='block_1_35' title="bbox 265 2292 1874 2367">
    <p class='ocr_par' dir='ltr' id='par_1_35' title="bbox 265 2292 1874 2367">
     <span class='ocr_line' id='line_1_35' title="bbox 265 2292 1874 2367; baseline 0.001 -20"><span class='ocrx_word' id='word_1_316' title='bbox 265 2293 350 2348; x_wconf 84' lang='lat' dir='ltr'>ita</span> <span class='ocrx_word' id='word_1_317' title='bbox 379 2309 480 2364; x_wconf 82' lang='lat' dir='ltr'>per</span> <span class='ocrx_word' id='word_1_318' title='bbox 506 2293 766 2349; x_wconf 88' lang='lat' dir='ltr'>eumdem</span> <span class='ocrx_word' id='word_1_319' title='bbox 786 2311 851 2348; x_wconf 82' lang='lat' dir='ltr'>ex</span> <span class='ocrx_word' id='word_1_320' title='bbox 879 2292 1195 2350; x_wconf 82' lang='lat' dir='ltr'>substantia</span> <span class='ocrx_word' id='word_1_321' title='bbox 1220 2293 1382 2367; x_wconf 88' lang='lat' dir='ltr'>panis</span> <span class='ocrx_word' id='word_1_322' title='bbox 1412 2311 1476 2349; x_wconf 91' lang='lat' dir='ltr'>ac</span> <span class='ocrx_word' id='word_1_323' title='bbox 1502 2294 1613 2349; x_wconf 92' lang='lat' dir='ltr'>vini</span> <span class='ocrx_word' id='word_1_324' title='bbox 1637 2294 1874 2366; x_wconf 88' lang='lat' dir='ltr'>mystice</span> 
     </span>
    </p>
   </div>
   <div class='ocr_carea' id='block_1_36' title="bbox 266 2381 1872 2455">
    <p class='ocr_par' dir='ltr' id='par_1_36' title="bbox 266 2381 1872 2455">
     <span class='ocr_line' id='line_1_36' title="bbox 266 2381 1872 2455; baseline 0.001 -18"><span class='ocrx_word' id='word_1_325' title='bbox 266 2381 420 2437; x_wconf 90' lang='lat' dir='ltr'>idem</span> <span class='ocrx_word' id='word_1_326' title='bbox 440 2382 648 2437; x_wconf 87' lang='lat' dir='ltr'>Christi</span> <span class='ocrx_word' id='word_1_327' title='bbox 668 2399 869 2455; x_wconf 90' lang='lat' dir='ltr'>corpus</span> <span class='ocrx_word' id='word_1_328' title='bbox 886 2389 943 2438; x_wconf 91' lang='lat' dir='ltr'>et</span> <span class='ocrx_word' id='word_1_329' title='bbox 962 2383 1193 2455; x_wconf 88' lang='lat' dir='ltr'>sanguis</span> <span class='ocrx_word' id='word_1_330' title='bbox 1204 2389 1577 2438; x_wconf 88' lang='lat' dir='ltr'>consecretur.</span> <span class='ocrx_word' id='word_1_331' title='bbox 1596 2403 1622 2436; x_wconf 92' lang='lat'><strong>»</strong></span> <span class='ocrx_word' id='word_1_332' title='bbox 1648 2383 1704 2438; x_wconf 90' lang='lat' dir='ltr'>Si</span> <span class='ocrx_word' id='word_1_333' title='bbox 1723 2383 1872 2439; x_wconf 90' lang='lat' dir='ltr'>enim</span> 
     </span>
    </p>
   </div>
   <div class='ocr_carea' id='block_1_37' title="bbox 266 2471 1872 2545">
    <p class='ocr_par' dir='ltr' id='par_1_37' title="bbox 266 2471 1872 2545">
     <span class='ocr_line' id='line_1_37' title="bbox 266 2471 1872 2545; baseline 0.001 -20"><span class='ocrx_word' id='word_1_334' title='bbox 266 2487 486 2538; x_wconf 90' lang='lat' dir='ltr'>verum,</span> <span class='ocrx_word' id='word_1_335' title='bbox 509 2471 623 2526; x_wconf 89' lang='lat' dir='ltr'>imo</span> <span class='ocrx_word' id='word_1_336' title='bbox 641 2472 774 2544; x_wconf 87' lang='lat' dir='ltr'>quia</span> <span class='ocrx_word' id='word_1_337' title='bbox 786 2472 1160 2545; x_wconf 87' lang='lat' dir='ltr'>proculdubio</span> <span class='ocrx_word' id='word_1_338' title='bbox 1171 2490 1365 2528; x_wconf 89' lang='lat' dir='ltr'>verum</span> <span class='ocrx_word' id='word_1_339' title='bbox 1381 2478 1485 2537; x_wconf 86' lang='lat' dir='ltr'>est,</span> <span class='ocrx_word' id='word_1_340' title='bbox 1513 2472 1660 2544; x_wconf 91' lang='lat' dir='ltr'>quod</span> <span class='ocrx_word' id='word_1_341' title='bbox 1679 2476 1872 2527; x_wconf 87' lang='lat' dir='ltr'>tantus</span> 
     </span>
    </p>
   </div>
   <div class='ocr_carea' id='block_1_38' title="bbox 264 2559 1874 2634">
    <p class='ocr_par' dir='ltr' id='par_1_38' title="bbox 264 2559 1874 2634">
     <span class='ocr_line' id='line_1_38' title="bbox 264 2559 1874 2634; baseline 0.001 -21"><span class='ocrx_word' id='word_1_342' title='bbox 264 2564 468 2615; x_wconf 85' lang='lat' dir='ltr'>auctor</span> <span class='ocrx_word' id='word_1_343' title='bbox 494 2559 674 2615; x_wconf 89' lang='lat' dir='ltr'>fassus</span> <span class='ocrx_word' id='word_1_344' title='bbox 703 2567 789 2615; x_wconf 90' lang='lat' dir='ltr'>est</span> <span class='ocrx_word' id='word_1_345' title='bbox 809 2561 943 2634; x_wconf 87' lang='lat' dir='ltr'>quia</span> <span class='ocrx_word' id='word_1_346' title='bbox 970 2561 1258 2616; x_wconf 90' lang='lat' dir='ltr'>Christum</span> <span class='ocrx_word' id='word_1_347' title='bbox 1288 2561 1470 2616; x_wconf 90' lang='lat' dir='ltr'>vorari</span> <span class='ocrx_word' id='word_1_348' title='bbox 1500 2560 1584 2616; x_wconf 84' lang='lat' dir='ltr'>fas</span> <span class='ocrx_word' id='word_1_349' title='bbox 1613 2559 1874 2615; x_wconf 90' lang='lat' dir='ltr'>dentibus</span> 
     </span>
    </p>
   </div>
   <div class='ocr_carea' id='block_1_39' title="bbox 267 2650 1874 2722">
    <p class='ocr_par' dir='ltr' id='par_1_39' title="bbox 267 2650 1874 2722">
     <span class='ocr_line' id='line_1_39' title="bbox 267 2650 1874 2722; baseline 0.001 -17"><span class='ocrx_word' id='word_1_350' title='bbox 267 2665 387 2705; x_wconf 89' lang='lat' dir='ltr'>non</span> <span class='ocrx_word' id='word_1_351' title='bbox 420 2655 533 2718; x_wconf 89' lang='lat' dir='ltr'>est;</span> <span class='ocrx_word' id='word_1_352' title='bbox 562 2651 842 2722; x_wconf 90' lang='lat' dir='ltr'>quomodo</span> <span class='ocrx_word' id='word_1_353' title='bbox 886 2650 1031 2705; x_wconf 88' lang='lat' dir='ltr'>hanc</span> <span class='ocrx_word' id='word_1_354' title='bbox 1072 2668 1299 2706; x_wconf 89' lang='lat' dir='ltr'>carnem</span> <span class='ocrx_word' id='word_1_355' title='bbox 1330 2651 1541 2706; x_wconf 88' lang='lat' dir='ltr'>Christi</span> <span class='ocrx_word' id='word_1_356' title='bbox 1572 2651 1753 2706; x_wconf 81' lang='lat' dir='ltr'>vorari</span> <span class='ocrx_word' id='word_1_357' title='bbox 1791 2650 1874 2706; x_wconf 85' lang='lat' dir='ltr'>fas</span> 
     </span>
    </p>
   </div>
   <div class='ocr_carea' id='block_1_40' title="bbox 266 2738 1871 2811">
    <p class='ocr_par' dir='ltr' id='par_1_40' title="bbox 266 2738 1871 2811">
     <span class='ocr_line' id='line_1_40' title="bbox 266 2738 1871 2811; baseline 0 -16"><span class='ocrx_word' id='word_1_358' title='bbox 266 2744 379 2807; x_wconf 84' lang='lat' dir='ltr'>est,</span> <span class='ocrx_word' id='word_1_359' title='bbox 415 2739 465 2793; x_wconf 87' lang='lat' dir='ltr'>si</span> <span class='ocrx_word' id='word_1_360' title='bbox 492 2738 561 2794; x_wconf 93' lang='lat' dir='ltr'>de</span> <span class='ocrx_word' id='word_1_361' title='bbox 590 2739 767 2795; x_wconf 82' lang='lat' dir='ltr'>Maria</span> <span class='ocrx_word' id='word_1_362' title='bbox 793 2746 946 2807; x_wconf 85' lang='lat' dir='ltr'>nata,</span> <span class='ocrx_word' id='word_1_363' title='bbox 971 2745 1030 2795; x_wconf 89' lang='lat' dir='ltr'>et</span> <span class='ocrx_word' id='word_1_364' title='bbox 1055 2739 1113 2795; x_wconf 91' lang='lat' dir='ltr'>in</span> <span class='ocrx_word' id='word_1_365' title='bbox 1140 2756 1303 2795; x_wconf 91' lang='lat' dir='ltr'>cruce</span> <span class='ocrx_word' id='word_1_366' title='bbox 1339 2756 1523 2811; x_wconf 88' lang='lat' dir='ltr'>passa,</span> <span class='ocrx_word' id='word_1_367' title='bbox 1567 2745 1624 2793; x_wconf 86' lang='lat' dir='ltr'>et</span> <span class='ocrx_word' id='word_1_368' title='bbox 1661 2739 1730 2795; x_wconf 89' lang='lat' dir='ltr'>de</span> <span class='ocrx_word' id='word_1_369' title='bbox 1781 2756 1871 2795; x_wconf 90' lang='lat' dir='ltr'>se-</span> 
     </span>
    </p>
   </div>
   <div class='ocr_carea' id='block_1_41' title="bbox 268 2827 1869 2901">
    <p class='ocr_par' dir='ltr' id='par_1_41' title="bbox 268 2827 1869 2901">
     <span class='ocr_line' id='line_1_41' title="bbox 268 2827 1869 2901; baseline 0.001 -18"><span class='ocrx_word' id='word_1_370' title='bbox 268 2827 467 2900; x_wconf 89' lang='lat' dir='ltr'>pulcro</span> <span class='ocrx_word' id='word_1_371' title='bbox 494 2827 828 2884; x_wconf 86' lang='lat' dir='ltr'>resuscitata</span> <span class='ocrx_word' id='word_1_372' title='bbox 855 2829 986 2884; x_wconf 86' lang='lat' dir='ltr'>est?</span> <span class='ocrx_word' id='word_1_373' title='bbox 1017 2828 1331 2901; x_wconf 82' lang='lat' dir='ltr'>praesertim</span> <span class='ocrx_word' id='word_1_374' title='bbox 1366 2845 1494 2883; x_wconf 91' lang='lat' dir='ltr'>cum</span> <span class='ocrx_word' id='word_1_375' title='bbox 1521 2828 1620 2883; x_wconf 90' lang='lat' dir='ltr'>illa</span> <span class='ocrx_word' id='word_1_376' title='bbox 1661 2828 1869 2884; x_wconf 89' lang='lat' dir='ltr'>Christi</span> 
     </span>
    </p>
   </div>
   <div class='ocr_carea' id='block_1_42' title="bbox 263 2916 1871 2990">
    <p class='ocr_par' dir='ltr' id='par_1_42' title="bbox 263 2916 1871 2990">
     <span class='ocr_line' id='line_1_42' title="bbox 263 2916 1871 2990; baseline 0.001 -18"><span class='ocrx_word' id='word_1_377' title='bbox 263 2932 403 2972; x_wconf 88' lang='lat' dir='ltr'>caro</span> <span class='ocrx_word' id='word_1_378' title='bbox 430 2933 730 2989; x_wconf 73' lang='lat' dir='ltr'>resurgam</span> <span class='ocrx_word' id='word_1_379' title='bbox 760 2917 830 2972; x_wconf 90' lang='lat' dir='ltr'>de</span> <span class='ocrx_word' id='word_1_380' title='bbox 857 2918 1110 2990; x_wconf 88' lang='lat' dir='ltr'>sepulcro</span> <span class='ocrx_word' id='word_1_381' title='bbox 1134 2917 1212 2973; x_wconf 90' lang='lat' dir='ltr'>ita</span> <span class='ocrx_word' id='word_1_382' title='bbox 1224 2916 1539 2989; x_wconf 86' lang='lat' dir='ltr'>gloriﬁcata</span> <span class='ocrx_word' id='word_1_383' title='bbox 1556 2917 1648 2984; x_wconf 90' lang='lat' dir='ltr'>sit,</span> <span class='ocrx_word' id='word_1_384' title='bbox 1672 2923 1738 2974; x_wconf 91' lang='lat' dir='ltr'>ut</span> <span class='ocrx_word' id='word_1_385' title='bbox 1749 2919 1871 2989; x_wconf 89' lang='lat' dir='ltr'>jam</span> 
     </span>
    </p>
   </div>
   <div class='ocr_carea' id='block_1_43' title="bbox 269 3004 1869 3078">
    <p class='ocr_par' dir='ltr' id='par_1_43' title="bbox 269 3004 1869 3078">
     <span class='ocr_line' id='line_1_43' title="bbox 269 3004 1869 3078; baseline 0.002 -19"><span class='ocrx_word' id='word_1_386' title='bbox 269 3004 452 3061; x_wconf 81' lang='lat' dir='ltr'>vorari</span> <span class='ocrx_word' id='word_1_387' title='bbox 480 3005 635 3061; x_wconf 91' lang='lat' dir='ltr'>nullo</span> <span class='ocrx_word' id='word_1_388' title='bbox 664 3005 828 3061; x_wconf 89' lang='lat' dir='ltr'>modo</span> <span class='ocrx_word' id='word_1_389' title='bbox 857 3006 1070 3078; x_wconf 84' lang='lat' dir='ltr'>possit?</span> <span class='ocrx_word' id='word_1_390' title='bbox 1106 3007 1341 3062; x_wconf 88' lang='lat' dir='ltr'>Prorsus</span> <span class='ocrx_word' id='word_1_391' title='bbox 1388 3023 1522 3078; x_wconf 90' lang='lat' dir='ltr'>ergo</span> <span class='ocrx_word' id='word_1_392' title='bbox 1567 3012 1684 3061; x_wconf 86' lang='lat' dir='ltr'>tam</span> <span class='ocrx_word' id='word_1_393' title='bbox 1736 3023 1869 3062; x_wconf 84' lang='lat' dir='ltr'>con-</span> 
     </span>
    </p>
   </div>
   <div class='ocr_carea' id='block_1_44' title="bbox 1954 1847 3554 1920">
    <p class='ocr_par' dir='ltr' id='par_1_44' title="bbox 1954 1847 3554 1920">
     <span class='ocr_line' id='line_1_44' title="bbox 1954 1847 3554 1920; baseline 0.002 -18"><span class='ocrx_word' id='word_1_394' title='bbox 1954 1847 2011 1903; x_wconf 91' lang='lat' dir='ltr'>in</span> <span class='ocrx_word' id='word_1_395' title='bbox 2034 1848 2181 1920; x_wconf 89' lang='lat' dir='ltr'>quod</span> <span class='ocrx_word' id='word_1_396' title='bbox 2202 1848 2353 1903; x_wconf 90' lang='lat' dir='ltr'>istud</span> <span class='ocrx_word' id='word_1_397' title='bbox 2375 1854 2462 1903; x_wconf 91' lang='lat' dir='ltr'>est</span> <span class='ocrx_word' id='word_1_398' title='bbox 2486 1849 2822 1903; x_wconf 85' lang='lat' dir='ltr'>translatum</span> <span class='ocrx_word' id='word_1_399' title='bbox 2844 1848 2988 1920; x_wconf 85' lang='lat' dir='ltr'>quod</span> <span class='ocrx_word' id='word_1_400' title='bbox 3022 1849 3078 1902; x_wconf 94' lang='lat' dir='ltr'>in</span> <span class='ocrx_word' id='word_1_401' title='bbox 3100 1849 3265 1903; x_wconf 84' lang='lat' dir='ltr'>altari</span> <span class='ocrx_word' id='word_1_402' title='bbox 3286 1850 3554 1906; x_wconf 91' lang='lat' dir='ltr'>divinitus</span> 
     </span>
    </p>
   </div>
   <div class='ocr_carea' id='block_1_45' title="bbox 1952 1937 3553 2010">
    <p class='ocr_par' dir='ltr' id='par_1_45' title="bbox 1952 1937 3553 2010">
     <span class='ocr_line' id='line_1_45' title="bbox 1952 1937 3553 2010; baseline 0.002 -19"><span class='ocrx_word' id='word_1_403' title='bbox 1952 1943 2329 2002; x_wconf 86' lang='lat' dir='ltr'>consecratur,</span> <span class='ocrx_word' id='word_1_404' title='bbox 2354 1938 2470 1993; x_wconf 90' lang='lat' dir='ltr'>Deo</span> <span class='ocrx_word' id='word_1_405' title='bbox 2492 1938 2849 2010; x_wconf 89' lang='lat' dir='ltr'>postmodum</span> <span class='ocrx_word' id='word_1_406' title='bbox 2875 1942 3093 1992; x_wconf 78' lang='lat' dir='ltr'>constat</span> <span class='ocrx_word' id='word_1_407' title='bbox 3115 1937 3365 1993; x_wconf 87' lang='lat' dir='ltr'>oblatum</span> <span class='ocrx_word' id='word_1_408' title='bbox 3385 1940 3553 1994; x_wconf 89' lang='lat' dir='ltr'>simul</span> 
     </span>
    </p>
   </div>
   <div class='ocr_carea' id='block_1_46' title="bbox 1954 2027 2417 2081">
    <p class='ocr_par' dir='ltr' id='par_1_46' title="bbox 1954 2027 2417 2081">
     <span class='ocr_line' id='line_1_46' title="bbox 1954 2027 2417 2081; baseline -0.002 0"><span class='ocrx_word' id='word_1_409' title='bbox 1954 2032 2012 2081; x_wconf 92' lang='lat' dir='ltr'>et</span> <span class='ocrx_word' id='word_1_410' title='bbox 2040 2027 2417 2081; x_wconf 87' lang='lat' dir='ltr'>immolatum.</span> 
     </span>
    </p>
   </div>
   <div class='ocr_carea' id='block_1_47' title="bbox 2024 2114 3553 2187">
    <p class='ocr_par' dir='ltr' id='par_1_47' title="bbox 2024 2114 3553 2187">
     <span class='ocr_line' id='line_1_47' title="bbox 2024 2114 3553 2187; baseline 0.001 -17"><span class='ocrx_word' id='word_1_411' title='bbox 2024 2116 2077 2170; x_wconf 81' lang='grc'>4.</span> <span class='ocrx_word' id='word_1_412' title='bbox 2108 2116 2194 2171; x_wconf 88' lang='lat' dir='ltr'>Ad</span> <span class='ocrx_word' id='word_1_413' title='bbox 2224 2115 2321 2170; x_wconf 90' lang='lat' dir='ltr'>illa</span> <span class='ocrx_word' id='word_1_414' title='bbox 2343 2115 2621 2187; x_wconf 80' lang='lat' dir='ltr'>Siquidem</span> <span class='ocrx_word' id='word_1_415' title='bbox 2640 2114 2811 2170; x_wconf 88' lang='lat' dir='ltr'>verba</span> <span class='ocrx_word' id='word_1_416' title='bbox 2829 2114 3071 2179; x_wconf 88' lang='lat' dir='ltr'>Domini,</span> <span class='ocrx_word' id='word_1_417' title='bbox 3112 2116 3219 2169; x_wconf 75' lang='lat' dir='ltr'>[loc</span> <span class='ocrx_word' id='word_1_418' title='bbox 3250 2122 3326 2170; x_wconf 77' lang='lat' dir='ltr'>est</span> <span class='ocrx_word' id='word_1_419' title='bbox 3358 2133 3553 2186; x_wconf 81' lang='lat' dir='ltr'>corpus</span> 
     </span>
    </p>
   </div>
   <div class='ocr_carea' id='block_1_48' title="bbox 1955 2203 3552 2277">
    <p class='ocr_par' dir='ltr' id='par_1_48' title="bbox 1955 2203 3552 2277">
     <span class='ocr_line' id='line_1_48' title="bbox 1955 2203 3552 2277; baseline 0 -16"><span class='ocrx_word' id='word_1_420' title='bbox 1955 2220 2163 2271; x_wconf 82' lang='lat' dir='ltr'>meum,</span> <span class='ocrx_word' id='word_1_421' title='bbox 2189 2206 2253 2259; x_wconf 88' lang='lat' dir='ltr'>ﬁt</span> <span class='ocrx_word' id='word_1_422' title='bbox 2270 2222 2471 2277; x_wconf 88' lang='lat' dir='ltr'>corpus</span> <span class='ocrx_word' id='word_1_423' title='bbox 2489 2204 2743 2269; x_wconf 89' lang='lat' dir='ltr'>Domini;</span> <span class='ocrx_word' id='word_1_424' title='bbox 2782 2210 2840 2259; x_wconf 91' lang='lat' dir='ltr'>et</span> <span class='ocrx_word' id='word_1_425' title='bbox 2867 2203 3215 2275; x_wconf 87' lang='lat' dir='ltr'>supplicante</span> <span class='ocrx_word' id='word_1_426' title='bbox 3244 2205 3552 2272; x_wconf 86' lang='lat' dir='ltr'>sacerdote,</span> 
     </span>
    </p>
   </div>
   <div class='ocr_carea' id='block_1_49' title="bbox 1955 2292 3556 2366">
    <p class='ocr_par' dir='ltr' id='par_1_49' title="bbox 1955 2292 3556 2366">
     <span class='ocr_line' id='line_1_49' title="bbox 1955 2292 3556 2366; baseline 0.001 -19"><span class='ocrx_word' id='word_1_427' title='bbox 1955 2310 2155 2366; x_wconf 90' lang='lat' dir='ltr'>corpus</span> <span class='ocrx_word' id='word_1_428' title='bbox 2179 2294 2403 2348; x_wconf 91' lang='lat' dir='ltr'>Domini</span> <span class='ocrx_word' id='word_1_429' title='bbox 2435 2293 2757 2366; x_wconf 87' lang='lat' dir='ltr'>sumptibile</span> <span class='ocrx_word' id='word_1_430' title='bbox 2781 2292 3118 2348; x_wconf 84' lang='lat' dir='ltr'>transfertur</span> <span class='ocrx_word' id='word_1_431' title='bbox 3135 2293 3194 2347; x_wconf 91' lang='lat' dir='ltr'>in</span> <span class='ocrx_word' id='word_1_432' title='bbox 3225 2310 3426 2365; x_wconf 90' lang='lat' dir='ltr'>corpus</span> <span class='ocrx_word' id='word_1_433' title='bbox 3448 2294 3556 2348; x_wconf 92' lang='lat' dir='ltr'>Do-</span> 
     </span>
    </p>
   </div>
   <div class='ocr_carea' id='block_1_50' title="bbox 1956 2382 3554 2454">
    <p class='ocr_par' dir='ltr' id='par_1_50' title="bbox 1956 2382 3554 2454">
     <span class='ocr_line' id='line_1_50' title="bbox 1956 2382 3554 2454; baseline 0.001 -18"><span class='ocrx_word' id='word_1_434' title='bbox 1956 2382 2092 2437; x_wconf 90' lang='lat' dir='ltr'>mini</span> <span class='ocrx_word' id='word_1_435' title='bbox 2120 2389 2315 2437; x_wconf 88' lang='lat' dir='ltr'>natum</span> <span class='ocrx_word' id='word_1_436' title='bbox 2346 2383 2415 2437; x_wconf 89' lang='lat' dir='ltr'>de</span> <span class='ocrx_word' id='word_1_437' title='bbox 2444 2382 2695 2454; x_wconf 83' lang='lat' dir='ltr'>Virgine,</span> <span class='ocrx_word' id='word_1_438' title='bbox 2724 2382 2873 2454; x_wconf 89' lang='lat' dir='ltr'>quod</span> <span class='ocrx_word' id='word_1_439' title='bbox 2893 2387 2980 2436; x_wconf 91' lang='lat' dir='ltr'>est</span> <span class='ocrx_word' id='word_1_440' title='bbox 2995 2382 3218 2452; x_wconf 87' lang='lat' dir='ltr'>penitus</span> <span class='ocrx_word' id='word_1_441' title='bbox 3237 2382 3554 2437; x_wconf 89' lang='lat' dir='ltr'>inconsum-</span> 
     </span>
    </p>
   </div>
   <div class='ocr_carea' id='block_1_51' title="bbox 1956 2470 3553 2542">
    <p class='ocr_par' dir='ltr' id='par_1_51' title="bbox 1956 2470 3553 2542">
     <span class='ocr_line' id='line_1_51' title="bbox 1956 2470 3553 2542; baseline 0 -16"><span class='ocrx_word' id='word_1_442' title='bbox 1956 2470 2166 2542; x_wconf 89' lang='lat' dir='ltr'>ptibile,</span> <span class='ocrx_word' id='word_1_443' title='bbox 2190 2477 2255 2527; x_wconf 91' lang='lat' dir='ltr'>ut</span> <span class='ocrx_word' id='word_1_444' title='bbox 2283 2471 2540 2526; x_wconf 90' lang='lat' dir='ltr'>videlicet</span> <span class='ocrx_word' id='word_1_445' title='bbox 2566 2488 2693 2526; x_wconf 88' lang='lat' dir='ltr'>vere</span> <span class='ocrx_word' id='word_1_446' title='bbox 2722 2471 2882 2526; x_wconf 88' lang='lat' dir='ltr'>nobis</span> <span class='ocrx_word' id='word_1_447' title='bbox 2909 2470 3075 2525; x_wconf 89' lang='lat' dir='ltr'>detur</span> <span class='ocrx_word' id='word_1_448' title='bbox 3098 2470 3167 2524; x_wconf 87' lang='lat' dir='ltr'>ab</span> <span class='ocrx_word' id='word_1_449' title='bbox 3184 2470 3304 2542; x_wconf 89' lang='lat' dir='ltr'>ipso</span> <span class='ocrx_word' id='word_1_450' title='bbox 3330 2471 3553 2526; x_wconf 89' lang='lat' dir='ltr'>Christo</span> 
     </span>
    </p>
   </div>
   <div class='ocr_carea' id='block_1_52' title="bbox 1954 2559 3549 2633">
    <p class='ocr_par' dir='ltr' id='par_1_52' title="bbox 1954 2559 3549 2633">
     <span class='ocr_line' id='line_1_52' title="bbox 1954 2559 3549 2633; baseline -0.001 -18"><span class='ocrx_word' id='word_1_451' title='bbox 1954 2560 2216 2632; x_wconf 87' lang='lat' dir='ltr'>pontiﬁce</span> <span class='ocrx_word' id='word_1_452' title='bbox 2248 2579 2260 2613; x_wconf 87' lang='lat'><strong><em>:</em></strong></span> <span class='ocrx_word' id='word_1_453' title='bbox 2296 2561 2430 2633; x_wconf 90' lang='lat' dir='ltr'>quia</span> <span class='ocrx_word' id='word_1_454' title='bbox 2457 2560 2723 2616; x_wconf 89' lang='lat' dir='ltr'>nimirum</span> <span class='ocrx_word' id='word_1_455' title='bbox 2753 2561 2899 2614; x_wconf 90' lang='lat' dir='ltr'>sicut</span> <span class='ocrx_word' id='word_1_456' title='bbox 2917 2560 3037 2632; x_wconf 89' lang='lat' dir='ltr'>ipse</span> <span class='ocrx_word' id='word_1_457' title='bbox 3066 2565 3150 2614; x_wconf 91' lang='lat' dir='ltr'>est</span> <span class='ocrx_word' id='word_1_458' title='bbox 3169 2560 3263 2631; x_wconf 90' lang='lat' dir='ltr'>qui</span> <span class='ocrx_word' id='word_1_459' title='bbox 3285 2559 3549 2631; x_wconf 85' lang='lat' dir='ltr'>baptizat,</span> 
     </span>
    </p>
   </div>
   <div class='ocr_carea' id='block_1_53' title="bbox 1953 2649 3554 2722">
    <p class='ocr_par' dir='ltr' id='par_1_53' title="bbox 1953 2649 3554 2722">
     <span class='ocr_line' id='line_1_53' title="bbox 1953 2649 3554 2722; baseline 0.001 -19"><span class='ocrx_word' id='word_1_460' title='bbox 1953 2649 2033 2703; x_wconf 92' lang='lat' dir='ltr'>sic</span> <span class='ocrx_word' id='word_1_461' title='bbox 2069 2649 2187 2721; x_wconf 90' lang='lat' dir='ltr'>ipse</span> <span class='ocrx_word' id='word_1_462' title='bbox 2214 2656 2302 2704; x_wconf 90' lang='lat' dir='ltr'>est</span> <span class='ocrx_word' id='word_1_463' title='bbox 2330 2651 2424 2722; x_wconf 90' lang='lat' dir='ltr'>qui</span> <span class='ocrx_word' id='word_1_464' title='bbox 2469 2649 2629 2705; x_wconf 92' lang='lat' dir='ltr'>nobis</span> <span class='ocrx_word' id='word_1_465' title='bbox 2678 2649 2897 2721; x_wconf 90' lang='lat' dir='ltr'>corpori</span> <span class='ocrx_word' id='word_1_466' title='bbox 2929 2665 3031 2704; x_wconf 91' lang='lat' dir='ltr'>suo</span> <span class='ocrx_word' id='word_1_467' title='bbox 3059 2666 3260 2720; x_wconf 91' lang='lat' dir='ltr'>corpus</span> <span class='ocrx_word' id='word_1_468' title='bbox 3289 2666 3454 2703; x_wconf 90' lang='lat' dir='ltr'>suum</span> <span class='ocrx_word' id='word_1_469' title='bbox 3482 2649 3554 2704; x_wconf 91' lang='lat' dir='ltr'>de</span> 
     </span>
    </p>
   </div>
   <div class='ocr_carea' id='block_1_54' title="bbox 1954 2737 3551 2812">
    <p class='ocr_par' dir='ltr' id='par_1_54' title="bbox 1954 2737 3551 2812">
     <span class='ocr_line' id='line_1_54' title="bbox 1954 2737 3551 2812; baseline 0 -19"><span class='ocrx_word' id='word_1_470' title='bbox 1954 2755 2185 2812; x_wconf 89' lang='lat' dir='ltr'>corpore</span> <span class='ocrx_word' id='word_1_471' title='bbox 2214 2755 2317 2794; x_wconf 88' lang='lat' dir='ltr'>suo</span> <span class='ocrx_word' id='word_1_472' title='bbox 2355 2738 2657 2794; x_wconf 89' lang='lat' dir='ltr'>salubriter</span> <span class='ocrx_word' id='word_1_473' title='bbox 2699 2738 3036 2793; x_wconf 89' lang='lat' dir='ltr'>sumendum</span> <span class='ocrx_word' id='word_1_474' title='bbox 3083 2738 3198 2803; x_wconf 91' lang='lat' dir='ltr'>dat,</span> <span class='ocrx_word' id='word_1_475' title='bbox 3242 2737 3297 2791; x_wconf 93' lang='lat' dir='ltr'>id</span> <span class='ocrx_word' id='word_1_476' title='bbox 3346 2743 3433 2792; x_wconf 90' lang='lat' dir='ltr'>est</span> <span class='ocrx_word' id='word_1_477' title='bbox 3479 2738 3551 2793; x_wconf 89' lang='lat' dir='ltr'>ad</span> 
     </span>
    </p>
   </div>
   <div class='ocr_carea' id='block_1_55' title="bbox 1954 2826 3551 2900">
    <p class='ocr_par' dir='ltr' id='par_1_55' title="bbox 1954 2826 3551 2900">
     <span class='ocr_line' id='line_1_55' title="bbox 1954 2826 3551 2900; baseline 0.001 -19"><span class='ocrx_word' id='word_1_478' title='bbox 1954 2827 2287 2896; x_wconf 88' lang='lat' dir='ltr'>remedium,</span> <span class='ocrx_word' id='word_1_479' title='bbox 2322 2844 2434 2883; x_wconf 91' lang='lat' dir='ltr'>non</span> <span class='ocrx_word' id='word_1_480' title='bbox 2477 2828 2644 2896; x_wconf 81' lang='lat' dir='ltr'>(sicut</span> <span class='ocrx_word' id='word_1_481' title='bbox 2680 2826 2903 2900; x_wconf 89' lang='lat' dir='ltr'>reprobi</span> <span class='ocrx_word' id='word_1_482' title='bbox 2947 2826 3085 2881; x_wconf 91' lang='lat' dir='ltr'>illud</span> <span class='ocrx_word' id='word_1_483' title='bbox 3136 2826 3437 2898; x_wconf 88' lang='lat' dir='ltr'>accipiunt)</span> <span class='ocrx_word' id='word_1_484' title='bbox 3480 2827 3551 2882; x_wconf 90' lang='lat' dir='ltr'>ad</span> 
     </span>
    </p>
   </div>
   <div class='ocr_carea' id='block_1_56' title="bbox 1946 2914 3549 2989">
    <p class='ocr_par' dir='ltr' id='par_1_56' title="bbox 1946 2914 3549 2989">
     <span class='ocr_line' id='line_1_56' title="bbox 1946 2914 3549 2989; baseline -0.001 -18"><span class='ocrx_word' id='word_1_485' title='bbox 1946 2916 2243 2988; x_wconf 89' lang='lat' dir='ltr'>judicium.</span> <span class='ocrx_word' id='word_1_486' title='bbox 2268 2917 2412 2989; x_wconf 88' lang='lat' dir='ltr'>Ipse,</span> <span class='ocrx_word' id='word_1_487' title='bbox 2432 2917 2684 2988; x_wconf 90' lang='lat' dir='ltr'>inquam,</span> <span class='ocrx_word' id='word_1_488' title='bbox 2707 2922 2794 2972; x_wconf 92' lang='lat' dir='ltr'>est</span> <span class='ocrx_word' id='word_1_489' title='bbox 2812 2916 2910 2988; x_wconf 90' lang='lat' dir='ltr'>qui</span> <span class='ocrx_word' id='word_1_490' title='bbox 2931 2916 3048 2980; x_wconf 87' lang='lat' dir='ltr'>dat,</span> <span class='ocrx_word' id='word_1_491' title='bbox 3073 2914 3549 2986; x_wconf 86' lang='lat' dir='ltr'>quemadmodum</span> 
     </span>
    </p>
   </div>
   <div class='ocr_carea' id='block_1_57' title="bbox 1952 3004 3550 3077">
    <p class='ocr_par' dir='ltr' id='par_1_57' title="bbox 1952 3004 3550 3077">
     <span class='ocr_line' id='line_1_57' title="bbox 1952 3004 3550 3077; baseline 0 -17"><span class='ocrx_word' id='word_1_492' title='bbox 1952 3006 2071 3077; x_wconf 91' lang='lat' dir='ltr'>ipse</span> <span class='ocrx_word' id='word_1_493' title='bbox 2106 3006 2242 3060; x_wconf 91' lang='lat' dir='ltr'>dicit</span> <span class='ocrx_word' id='word_1_494' title='bbox 2272 3024 2284 3060; x_wconf 91' lang='lat'><strong>:</strong></span> <span class='ocrx_word' id='word_1_495' title='bbox 2317 3026 2343 3057; x_wconf 74' lang='grc' dir='ltr'>(ι</span> <span class='ocrx_word' id='word_1_496' title='bbox 2385 3006 2553 3060; x_wconf 88' lang='lat' dir='ltr'>Panis</span> <span class='ocrx_word' id='word_1_497' title='bbox 2591 3022 2758 3077; x_wconf 90' lang='lat' dir='ltr'>quem</span> <span class='ocrx_word' id='word_1_498' title='bbox 2798 3022 2900 3076; x_wconf 89' lang='lat' dir='ltr'>ego</span> <span class='ocrx_word' id='word_1_499' title='bbox 2938 3004 3100 3071; x_wconf 81' lang='lat' dir='ltr'>dabo,</span> <span class='ocrx_word' id='word_1_500' title='bbox 3135 3021 3265 3060; x_wconf 91' lang='lat' dir='ltr'>caro</span> <span class='ocrx_word' id='word_1_501' title='bbox 3301 3021 3427 3059; x_wconf 90' lang='lat' dir='ltr'>mea</span> <span class='ocrx_word' id='word_1_502' title='bbox 3464 3011 3550 3060; x_wconf 91' lang='lat' dir='ltr'>est</span> 
     </span>
    </p>
   </div>
   <div class='ocr_carea' id='block_1_58' title="bbox 265 3087 3546 3167">
    <p class='ocr_par' dir='ltr' id='par_1_58' title="bbox 265 3087 3546 3167">
     <span class='ocr_line' id='line_1_58' title="bbox 265 3087 3546 3167; baseline 0 -18"><span class='ocrx_word' id='word_1_503' title='bbox 265 3093 463 3162; x_wconf 86' lang='lat' dir='ltr'>traria,</span> <span class='ocrx_word' id='word_1_504' title='bbox 497 3094 641 3149; x_wconf 91' lang='lat' dir='ltr'>sicut</span> <span class='ocrx_word' id='word_1_505' title='bbox 670 3094 780 3149; x_wconf 88' lang='lat' dir='ltr'>ista</span> <span class='ocrx_word' id='word_1_506' title='bbox 811 3094 1069 3149; x_wconf 89' lang='lat' dir='ltr'>videntur</span> <span class='ocrx_word' id='word_1_507' title='bbox 1105 3094 1253 3149; x_wconf 89' lang='lat' dir='ltr'>inter</span> <span class='ocrx_word' id='word_1_508' title='bbox 1281 3111 1341 3149; x_wconf 85' lang='lat' dir='ltr'>se</span> <span class='ocrx_word' id='word_1_509' title='bbox 1369 3094 1538 3163; x_wconf 89' lang='lat' dir='ltr'>dicta,</span> <span class='ocrx_word' id='word_1_510' title='bbox 1572 3111 1862 3166; x_wconf 88' lang='lat' dir='ltr'>nunquam</span> <span class='ocrx_word' id='word_1_511' title='bbox 1886 3087 1928 3148; x_wconf 92' lang='lat' dir='ltr'>C</span> <span class='ocrx_word' id='word_1_512' title='bbox 1949 3114 1975 3148; x_wconf 72' lang='grc' dir='ltr'><strong>α</strong></span> <span class='ocrx_word' id='word_1_513' title='bbox 2008 3111 2109 3167; x_wconf 92' lang='lat' dir='ltr'>pro</span> <span class='ocrx_word' id='word_1_514' title='bbox 2139 3094 2335 3150; x_wconf 80' lang='lat' dir='ltr'>mundi</span> <span class='ocrx_word' id='word_1_515' title='bbox 2364 3096 2480 3150; x_wconf 87' lang='lat' dir='ltr'>vita</span> <span class='ocrx_word' id='word_1_516' title='bbox 2511 3097 2687 3163; x_wconf 86' lang='lat' dir='ltr'>(Joan.</span> <span class='ocrx_word' id='word_1_517' title='bbox 2722 3109 2798 3161; x_wconf 83' lang='lat' dir='ltr'>v1,</span> <span class='ocrx_word' id='word_1_518' title='bbox 2824 3093 2932 3163; x_wconf 77' lang='lat'>52),</span> <span class='ocrx_word' id='word_1_519' title='bbox 2975 3115 2997 3145; x_wconf 74' lang='grc' dir='ltr'>ι</span> <span class='ocrx_word' id='word_1_520' title='bbox 3032 3110 3142 3147; x_wconf 91' lang='lat' dir='ltr'>non</span> <span class='ocrx_word' id='word_1_521' title='bbox 3173 3111 3275 3164; x_wconf 87' lang='lat' dir='ltr'>pro</span> <span class='ocrx_word' id='word_1_522' title='bbox 3304 3093 3546 3149; x_wconf 91' lang='lat' dir='ltr'>duorum</span> 
     </span>
    </p>
   </div>
   <div class='ocr_carea' id='block_1_59' title="bbox 264 3178 1864 3256">
    <p class='ocr_par' dir='ltr' id='par_1_59' title="bbox 264 3178 1864 3256">
     <span class='ocr_line' id='line_1_59' title="bbox 264 3178 1864 3256; baseline 0.002 -20"><span class='ocrx_word' id='word_1_523' title='bbox 264 3182 331 3243; x_wconf 89' lang='lat' dir='ltr'>in</span> <span class='ocrx_word' id='word_1_524' title='bbox 356 3184 473 3238; x_wconf 90' lang='lat' dir='ltr'>ullo</span> <span class='ocrx_word' id='word_1_525' title='bbox 501 3183 708 3255; x_wconf 90' lang='lat' dir='ltr'>scripto</span> <span class='ocrx_word' id='word_1_526' title='bbox 730 3199 854 3238; x_wconf 90' lang='lat' dir='ltr'>meo</span> <span class='ocrx_word' id='word_1_527' title='bbox 879 3184 950 3238; x_wconf 91' lang='lat' dir='ltr'>de</span> <span class='ocrx_word' id='word_1_528' title='bbox 969 3189 1168 3239; x_wconf 62' lang='lat' dir='ltr'>caetero</span> <span class='ocrx_word' id='word_1_529' title='bbox 1190 3178 1484 3239; x_wconf 83' lang='lat' dir='ltr'>voluissem</span> <span class='ocrx_word' id='word_1_530' title='bbox 1507 3200 1735 3256; x_wconf 88' lang='lat' dir='ltr'>ponere,</span> <span class='ocrx_word' id='word_1_531' title='bbox 1758 3185 1864 3239; x_wconf 91' lang='lat' dir='ltr'>nisi</span> 
     </span>
    </p>
   </div>
   <div class='ocr_carea' id='block_1_60' title="bbox 260 3272 1864 3346">
    <p class='ocr_par' dir='ltr' id='par_1_60' title="bbox 260 3272 1864 3346">
     <span class='ocr_line' id='line_1_60' title="bbox 260 3272 1864 3346; baseline 0.001 -19"><span class='ocrx_word' id='word_1_532' title='bbox 260 3277 678 3344; x_wconf 83' lang='lat' dir='ltr'>consequenter</span> <span class='ocrx_word' id='word_1_533' title='bbox 704 3288 772 3328; x_wconf 86' lang='lat' dir='ltr'>ea</span> <span class='ocrx_word' id='word_1_534' title='bbox 798 3289 1020 3327; x_wconf 88' lang='lat' dir='ltr'>nossem</span> <span class='ocrx_word' id='word_1_535' title='bbox 1047 3272 1235 3341; x_wconf 91' lang='lat' dir='ltr'>simul,</span> <span class='ocrx_word' id='word_1_536' title='bbox 1268 3278 1325 3327; x_wconf 91' lang='lat' dir='ltr'>et</span> <span class='ocrx_word' id='word_1_537' title='bbox 1351 3289 1593 3346; x_wconf 90' lang='lat' dir='ltr'>possem,</span> <span class='ocrx_word' id='word_1_538' title='bbox 1626 3274 1743 3329; x_wconf 92' lang='lat' dir='ltr'>Deo</span> <span class='ocrx_word' id='word_1_539' title='bbox 1762 3274 1864 3329; x_wconf 87' lang='lat' dir='ltr'>do-</span> 
     </span>
    </p>
   </div>
   <div class='ocr_carea' id='block_1_61' title="bbox 263 3361 1381 3434">
    <p class='ocr_par' dir='ltr' id='par_1_61' title="bbox 263 3361 1381 3434">
     <span class='ocr_line' id='line_1_61' title="bbox 263 3361 1381 3434; baseline 0 -19"><span class='ocrx_word' id='word_1_540' title='bbox 263 3367 457 3428; x_wconf 90' lang='lat' dir='ltr'>nante,</span> <span class='ocrx_word' id='word_1_541' title='bbox 484 3361 741 3433; x_wconf 84' lang='lat' dir='ltr'>protinus</span> <span class='ocrx_word' id='word_1_542' title='bbox 769 3361 1059 3417; x_wconf 79' lang='lat' dir='ltr'>evidenter</span> <span class='ocrx_word' id='word_1_543' title='bbox 1087 3378 1381 3434; x_wconf 82' lang='lat' dir='ltr'>exponere.</span> 
     </span>
    </p>
   </div>
   <div class='ocr_carea' id='block_1_62' title="bbox 336 3448 1861 3516">
    <p class='ocr_par' dir='ltr' id='par_1_62' title="bbox 336 3448 1861 3516">
     <span class='ocr_line' id='line_1_62' title="bbox 336 3448 1861 3516; baseline 0 -12"><span class='ocrx_word' id='word_1_544' title='bbox 336 3448 389 3504; x_wconf 88' lang='lat'>3.</span> <span class='ocrx_word' id='word_1_545' title='bbox 423 3450 547 3504; x_wconf 84' lang='lat' dir='ltr'>Huc</span> <span class='ocrx_word' id='word_1_546' title='bbox 578 3449 794 3504; x_wconf 88' lang='lat' dir='ltr'>accedit</span> <span class='ocrx_word' id='word_1_547' title='bbox 820 3455 877 3504; x_wconf 90' lang='lat' dir='ltr'>et</span> <span class='ocrx_word' id='word_1_548' title='bbox 900 3449 1078 3504; x_wconf 89' lang='lat' dir='ltr'>multo</span> <span class='ocrx_word' id='word_1_549' title='bbox 1113 3449 1265 3504; x_wconf 87' lang='lat' dir='ltr'>aliud</span> <span class='ocrx_word' id='word_1_550' title='bbox 1300 3448 1609 3516; x_wconf 89' lang='lat' dir='ltr'>molestius,</span> <span class='ocrx_word' id='word_1_551' title='bbox 1653 3454 1713 3505; x_wconf 90' lang='lat' dir='ltr'>et</span> <span class='ocrx_word' id='word_1_552' title='bbox 1739 3466 1861 3504; x_wconf 88' lang='lat' dir='ltr'>om-</span> 
     </span>
    </p>
   </div>
   <div class='ocr_carea' id='block_1_63' title="bbox 261 3537 1860 3610">
    <p class='ocr_par' dir='ltr' id='par_1_63' title="bbox 261 3537 1860 3610">
     <span class='ocr_line' id='line_1_63' title="bbox 261 3537 1860 3610; baseline 0.001 -17"><span class='ocrx_word' id='word_1_553' title='bbox 261 3537 399 3593; x_wconf 88' lang='lat' dir='ltr'>nino</span> <span class='ocrx_word' id='word_1_554' title='bbox 419 3537 721 3605; x_wconf 85' lang='lat' dir='ltr'>difﬁcilius,</span> <span class='ocrx_word' id='word_1_555' title='bbox 768 3538 906 3594; x_wconf 91' lang='lat' dir='ltr'>illud</span> <span class='ocrx_word' id='word_1_556' title='bbox 935 3537 1191 3594; x_wconf 88' lang='lat' dir='ltr'>videlicet</span> <span class='ocrx_word' id='word_1_557' title='bbox 1239 3538 1386 3610; x_wconf 91' lang='lat' dir='ltr'>quod</span> <span class='ocrx_word' id='word_1_558' title='bbox 1436 3539 1495 3593; x_wconf 92' lang='lat' dir='ltr'>in</span> <span class='ocrx_word' id='word_1_559' title='bbox 1531 3538 1860 3594; x_wconf 89' lang='lat' dir='ltr'>duodecimo</span> 
     </span>
    </p>
   </div>
   <div class='ocr_carea' id='block_1_64' title="bbox 256 3626 1861 3699">
    <p class='ocr_par' dir='ltr' id='par_1_64' title="bbox 256 3626 1861 3699">
     <span class='ocr_line' id='line_1_64' title="bbox 256 3626 1861 3699; baseline 0.001 -18"><span class='ocrx_word' id='word_1_560' title='bbox 256 3627 508 3699; x_wconf 85' lang='lat' dir='ltr'>capitulo</span> <span class='ocrx_word' id='word_1_561' title='bbox 554 3628 722 3695; x_wconf 82' lang='lat' dir='ltr'>(Edit.</span> <span class='ocrx_word' id='word_1_562' title='bbox 775 3645 894 3698; x_wconf 81' lang='lat' dir='ltr'>cap.</span> <span class='ocrx_word' id='word_1_563' title='bbox 936 3628 1012 3698; x_wconf 87' lang='lat'>7),</span> <span class='ocrx_word' id='word_1_564' title='bbox 1064 3627 1159 3683; x_wconf 92' lang='lat' dir='ltr'>ubi</span> <span class='ocrx_word' id='word_1_565' title='bbox 1197 3627 1411 3682; x_wconf 88' lang='lat' dir='ltr'>scilicet</span> <span class='ocrx_word' id='word_1_566' title='bbox 1453 3626 1634 3682; x_wconf 89' lang='lat' dir='ltr'>tribus</span> <span class='ocrx_word' id='word_1_567' title='bbox 1680 3628 1861 3683; x_wconf 88' lang='lat' dir='ltr'>modis</span> 
     </span>
    </p>
   </div>
   <div class='ocr_carea' id='block_1_65' title="bbox 253 3714 1861 3788">
    <p class='ocr_par' dir='ltr' id='par_1_65' title="bbox 253 3714 1861 3788">
     <span class='ocr_line' id='line_1_65' title="bbox 253 3714 1861 3788; baseline 0.001 -17"><span class='ocrx_word' id='word_1_568' title='bbox 253 3714 469 3771; x_wconf 87' lang='lat' dir='ltr'>dicitur</span> <span class='ocrx_word' id='word_1_569' title='bbox 521 3733 724 3788; x_wconf 90' lang='lat' dir='ltr'>corpus</span> <span class='ocrx_word' id='word_1_570' title='bbox 776 3716 1003 3783; x_wconf 88' lang='lat' dir='ltr'>Christi,</span> <span class='ocrx_word' id='word_1_571' title='bbox 1055 3715 1108 3771; x_wconf 92' lang='lat' dir='ltr'>id</span> <span class='ocrx_word' id='word_1_572' title='bbox 1159 3722 1246 3772; x_wconf 90' lang='lat' dir='ltr'>est</span> <span class='ocrx_word' id='word_1_573' title='bbox 1298 3716 1562 3784; x_wconf 89' lang='lat' dir='ltr'>Ecclesia,</span> <span class='ocrx_word' id='word_1_574' title='bbox 1612 3723 1670 3772; x_wconf 92' lang='lat' dir='ltr'>et</span> <span class='ocrx_word' id='word_1_575' title='bbox 1708 3716 1861 3773; x_wconf 90' lang='lat' dir='ltr'>istud</span> 
     </span>
    </p>
   </div>
   <div class='ocr_carea' id='block_1_66' title="bbox 250 3804 1863 3878">
    <p class='ocr_par' dir='ltr' id='par_1_66' title="bbox 250 3804 1863 3878">
     <span class='ocr_line' id='line_1_66' title="bbox 250 3804 1863 3878; baseline 0.001 -18"><span class='ocrx_word' id='word_1_576' title='bbox 250 3804 582 3878; x_wconf 84' lang='lat' dir='ltr'>mysticum,</span> <span class='ocrx_word' id='word_1_577' title='bbox 609 3812 668 3860; x_wconf 91' lang='lat' dir='ltr'>et</span> <span class='ocrx_word' id='word_1_578' title='bbox 688 3804 828 3861; x_wconf 91' lang='lat' dir='ltr'>illud</span> <span class='ocrx_word' id='word_1_579' title='bbox 856 3805 1005 3878; x_wconf 93' lang='lat' dir='ltr'>quod</span> <span class='ocrx_word' id='word_1_580' title='bbox 1034 3805 1193 3861; x_wconf 87' lang='lat' dir='ltr'>sedet</span> <span class='ocrx_word' id='word_1_581' title='bbox 1217 3806 1288 3861; x_wconf 89' lang='lat' dir='ltr'>ad</span> <span class='ocrx_word' id='word_1_582' title='bbox 1311 3806 1600 3861; x_wconf 86' lang='lat' dir='ltr'>dexteram</span> <span class='ocrx_word' id='word_1_583' title='bbox 1628 3806 1759 3874; x_wconf 86' lang='lat' dir='ltr'>Dei;</span> <span class='ocrx_word' id='word_1_584' title='bbox 1781 3806 1863 3873; x_wconf 81' lang='lat' dir='ltr'>ita</span> 
     </span>
    </p>
   </div>
   <div class='ocr_carea' id='block_1_67' title="bbox 248 3892 1861 3967">
    <p class='ocr_par' dir='ltr' id='par_1_67' title="bbox 248 3892 1861 3967">
     <span class='ocr_line' id='line_1_67' title="bbox 248 3892 1861 3967; baseline 0.002 -19"><span class='ocrx_word' id='word_1_585' title='bbox 248 3893 513 3965; x_wconf 88' lang='lat' dir='ltr'>disputat</span> <span class='ocrx_word' id='word_1_586' title='bbox 538 3892 739 3949; x_wconf 91' lang='lat' dir='ltr'>beatus</span> <span class='ocrx_word' id='word_1_587' title='bbox 774 3894 1142 3966; x_wconf 86' lang='lat' dir='ltr'>Augustinus,</span> <span class='ocrx_word' id='word_1_588' title='bbox 1176 3895 1336 3967; x_wconf 88' lang='lat' dir='ltr'>quasi</span> <span class='ocrx_word' id='word_1_589' title='bbox 1362 3911 1474 3949; x_wconf 91' lang='lat' dir='ltr'>non</span> <span class='ocrx_word' id='word_1_590' title='bbox 1503 3894 1554 3950; x_wconf 91' lang='lat' dir='ltr'>ei</span> <span class='ocrx_word' id='word_1_591' title='bbox 1585 3895 1861 3966; x_wconf 88' lang='lat' dir='ltr'>placuerit</span> 
     </span>
    </p>
   </div>
   <div class='ocr_carea' id='block_1_68' title="bbox 247 3981 1858 4054">
    <p class='ocr_par' dir='ltr' id='par_1_68' title="bbox 247 3981 1858 4054">
     <span class='ocr_line' id='line_1_68' title="bbox 247 3981 1858 4054; baseline 0.002 -17"><span class='ocrx_word' id='word_1_592' title='bbox 247 3981 399 4037; x_wconf 87' lang='lat' dir='ltr'>illud</span> <span class='ocrx_word' id='word_1_593' title='bbox 418 3982 567 4054; x_wconf 89' lang='lat' dir='ltr'>quod</span> <span class='ocrx_word' id='word_1_594' title='bbox 584 3989 813 4038; x_wconf 88' lang='lat' dir='ltr'>sanctus</span> <span class='ocrx_word' id='word_1_595' title='bbox 830 3983 971 4039; x_wconf 80' lang='lat' dir='ltr'>dixit</span> <span class='ocrx_word' id='word_1_596' title='bbox 988 3983 1453 4039; x_wconf 67' lang='lat' dir='ltr'>Ambrosius-Ait</span> <span class='ocrx_word' id='word_1_597' title='bbox 1470 3984 1619 4038; x_wconf 89' lang='lat' dir='ltr'>enim</span> <span class='ocrx_word' id='word_1_598' title='bbox 1635 4003 1648 4037; x_wconf 88' lang='lat'><strong>:</strong></span> <span class='ocrx_word' id='word_1_599' title='bbox 1667 4003 1692 4037; x_wconf 83' lang='lat'>«</span> <span class='ocrx_word' id='word_1_600' title='bbox 1710 3985 1858 4040; x_wconf 90' lang='lat' dir='ltr'>Illud</span> 
     </span>
    </p>
   </div>
   <div class='ocr_carea' id='block_1_69' title="bbox 250 4070 1855 4144">
    <p class='ocr_par' dir='ltr' id='par_1_69' title="bbox 250 4070 1855 4144">
     <span class='ocr_line' id='line_1_69' title="bbox 250 4070 1855 4144; baseline 0.002 -19"><span class='ocrx_word' id='word_1_601' title='bbox 250 4085 464 4143; x_wconf 87' lang='lat' dir='ltr'>corpus</span> <span class='ocrx_word' id='word_1_602' title='bbox 485 4070 635 4142; x_wconf 91' lang='lat' dir='ltr'>quod</span> <span class='ocrx_word' id='word_1_603' title='bbox 684 4076 881 4127; x_wconf 87' lang='lat' dir='ltr'>natum</span> <span class='ocrx_word' id='word_1_604' title='bbox 928 4078 1015 4127; x_wconf 88' lang='lat' dir='ltr'>est</span> <span class='ocrx_word' id='word_1_605' title='bbox 1058 4072 1127 4127; x_wconf 93' lang='lat' dir='ltr'>de</span> <span class='ocrx_word' id='word_1_606' title='bbox 1168 4072 1365 4139; x_wconf 90' lang='lat' dir='ltr'>Maria,</span> <span class='ocrx_word' id='word_1_607' title='bbox 1417 4072 1475 4127; x_wconf 92' lang='lat' dir='ltr'>in</span> <span class='ocrx_word' id='word_1_608' title='bbox 1521 4073 1671 4144; x_wconf 89' lang='lat' dir='ltr'>quod</span> <span class='ocrx_word' id='word_1_609' title='bbox 1705 4073 1855 4130; x_wconf 89' lang='lat' dir='ltr'>istud</span> 
     </span>
    </p>
   </div>
   <div class='ocr_carea' id='block_1_70' title="bbox 252 4158 1853 4234">
    <p class='ocr_par' dir='ltr' id='par_1_70' title="bbox 252 4158 1853 4234">
     <span class='ocr_line' id='line_1_70' title="bbox 252 4158 1853 4234; baseline 0.003 -21"><span class='ocrx_word' id='word_1_610' title='bbox 252 4158 600 4214; x_wconf 84' lang='lat' dir='ltr'>transfertur</span> <span class='ocrx_word' id='word_1_611' title='bbox 623 4160 771 4233; x_wconf 92' lang='lat' dir='ltr'>quod</span> <span class='ocrx_word' id='word_1_612' title='bbox 800 4161 1065 4233; x_wconf 90' lang='lat' dir='ltr'>pependit</span> <span class='ocrx_word' id='word_1_613' title='bbox 1082 4162 1142 4216; x_wconf 91' lang='lat' dir='ltr'>in</span> <span class='ocrx_word' id='word_1_614' title='bbox 1170 4178 1352 4229; x_wconf 87' lang='lat' dir='ltr'>cruce,</span> <span class='ocrx_word' id='word_1_615' title='bbox 1386 4163 1667 4234; x_wconf 91' lang='lat' dir='ltr'>sepultum</span> <span class='ocrx_word' id='word_1_616' title='bbox 1692 4164 1853 4218; x_wconf 88' lang='lat' dir='ltr'>estin</span> 
     </span>
    </p>
   </div>
   <div class='ocr_carea' id='block_1_71' title="bbox 251 4247 1856 4323">
    <p class='ocr_par' dir='ltr' id='par_1_71' title="bbox 251 4247 1856 4323">
     <span class='ocr_line' id='line_1_71' title="bbox 251 4247 1856 4323; baseline 0.004 -21"><span class='ocrx_word' id='word_1_617' title='bbox 251 4247 535 4320; x_wconf 86' lang='lat' dir='ltr'>sepulcro,</span> <span class='ocrx_word' id='word_1_618' title='bbox 568 4250 875 4304; x_wconf 88' lang='lat' dir='ltr'>resurrexit</span> <span class='ocrx_word' id='word_1_619' title='bbox 902 4268 936 4305; x_wconf 90' lang='lat' dir='ltr'>a</span> <span class='ocrx_word' id='word_1_620' title='bbox 964 4250 1219 4317; x_wconf 89' lang='lat' dir='ltr'>mortuis,</span> <span class='ocrx_word' id='word_1_621' title='bbox 1247 4250 1563 4323; x_wconf 89' lang='lat' dir='ltr'>penetravit</span> <span class='ocrx_word' id='word_1_622' title='bbox 1588 4252 1774 4321; x_wconf 81' lang='lat' dir='ltr'>caelos,</span> <span class='ocrx_word' id='word_1_623' title='bbox 1797 4258 1856 4308; x_wconf 90' lang='lat' dir='ltr'>et</span> 
     </span>
    </p>
   </div>
   <div class='ocr_carea' id='block_1_72' title="bbox 249 4337 1852 4414">
    <p class='ocr_par' dir='ltr' id='par_1_72' title="bbox 249 4337 1852 4414">
     <span class='ocr_line' id='line_1_72' title="bbox 249 4337 1852 4414; baseline 0.003 -22"><span class='ocrx_word' id='word_1_624' title='bbox 249 4337 508 4410; x_wconf 82' lang='lat' dir='ltr'>pontifex</span> <span class='ocrx_word' id='word_1_625' title='bbox 527 4338 707 4393; x_wconf 87' lang='lat' dir='ltr'>factus</span> <span class='ocrx_word' id='word_1_626' title='bbox 735 4338 794 4393; x_wconf 90' lang='lat' dir='ltr'>in</span> <span class='ocrx_word' id='word_1_627' title='bbox 831 4344 1100 4395; x_wconf 69' lang='lat' dir='ltr'>aeternum</span> <span class='ocrx_word' id='word_1_628' title='bbox 1125 4340 1375 4412; x_wconf 89' lang='lat' dir='ltr'>quotidie</span> <span class='ocrx_word' id='word_1_629' title='bbox 1403 4340 1726 4412; x_wconf 88' lang='lat' dir='ltr'>interpellat</span> <span class='ocrx_word' id='word_1_630' title='bbox 1751 4358 1852 4414; x_wconf 91' lang='lat' dir='ltr'>pro</span> 
     </span>
    </p>
   </div>
   <div class='ocr_carea' id='block_1_73' title="bbox 1948 3182 3587 3255">
    <p class='ocr_par' dir='ltr' id='par_1_73' title="bbox 1948 3182 3587 3255">
     <span class='ocr_line' id='line_1_73' title="bbox 1948 3182 3587 3255; baseline 0.001 -17"><span class='ocrx_word' id='word_1_631' title='bbox 1948 3184 2286 3239; x_wconf 89' lang='lat' dir='ltr'>mundorum</span> <span class='ocrx_word' id='word_1_632' title='bbox 2316 3184 2447 3238; x_wconf 88' lang='lat' dir='ltr'>vita.</span> <span class='ocrx_word' id='word_1_633' title='bbox 2500 3184 2625 3255; x_wconf 89' lang='lat' dir='ltr'>Ipse</span> <span class='ocrx_word' id='word_1_634' title='bbox 2670 3184 2835 3255; x_wconf 87' lang='lat' dir='ltr'>plane</span> <span class='ocrx_word' id='word_1_635' title='bbox 2876 3182 3123 3254; x_wconf 85' lang='lat' dir='ltr'>pontifex</span> <span class='ocrx_word' id='word_1_636' title='bbox 3168 3188 3376 3250; x_wconf 89' lang='lat' dir='ltr'>noster,</span> <span class='ocrx_word' id='word_1_637' title='bbox 3427 3183 3546 3254; x_wconf 87' lang='lat' dir='ltr'>ipse</span> <span class='ocrx_word' id='word_1_638' title='bbox 3582 3188 3587 3193; x_wconf 81' lang='grc'><strong>’</strong></span> 
     </span>
    </p>
   </div>
   <div class='ocr_carea' id='block_1_74' title="bbox 1950 3271 3546 3343">
    <p class='ocr_par' dir='ltr' id='par_1_74' title="bbox 1950 3271 3546 3343">
     <span class='ocr_line' id='line_1_74' title="bbox 1950 3271 3546 3343; baseline 0 -17"><span class='ocrx_word' id='word_1_639' title='bbox 1950 3289 2074 3327; x_wconf 89' lang='lat' dir='ltr'>vere</span> <span class='ocrx_word' id='word_1_640' title='bbox 2099 3272 2297 3327; x_wconf 89' lang='lat' dir='ltr'>beatus</span> <span class='ocrx_word' id='word_1_641' title='bbox 2322 3273 2424 3339; x_wconf 89' lang='lat' dir='ltr'>vir,</span> <span class='ocrx_word' id='word_1_642' title='bbox 2455 3272 2552 3343; x_wconf 91' lang='lat' dir='ltr'>qui</span> <span class='ocrx_word' id='word_1_643' title='bbox 2572 3277 2660 3326; x_wconf 89' lang='lat' dir='ltr'>est</span> <span class='ocrx_word' id='word_1_644' title='bbox 2683 3277 2955 3342; x_wconf 88' lang='lat' dir='ltr'>tanquam</span> <span class='ocrx_word' id='word_1_645' title='bbox 2986 3271 3200 3342; x_wconf 87' lang='lat' dir='ltr'>lignum</span> <span class='ocrx_word' id='word_1_646' title='bbox 3229 3272 3546 3342; x_wconf 84' lang='lat' dir='ltr'>plantatum</span> 
     </span>
    </p>
   </div>
   <div class='ocr_carea' id='block_1_75' title="bbox 1945 3359 3543 3432">
    <p class='ocr_par' dir='ltr' id='par_1_75' title="bbox 1945 3359 3543 3432">
     <span class='ocr_line' id='line_1_75' title="bbox 1945 3359 3543 3432; baseline 0 -17"><span class='ocrx_word' id='word_1_647' title='bbox 1945 3377 2104 3416; x_wconf 90' lang='lat' dir='ltr'>secus</span> <span class='ocrx_word' id='word_1_648' title='bbox 2143 3361 2411 3416; x_wconf 90' lang='lat' dir='ltr'>decursus</span> <span class='ocrx_word' id='word_1_649' title='bbox 2464 3376 2741 3432; x_wconf 88' lang='lat' dir='ltr'>aquarum</span> <span class='ocrx_word' id='word_1_650' title='bbox 2796 3362 2955 3428; x_wconf 74' lang='lat' dir='ltr'>(Psal.</span> <span class='ocrx_word' id='word_1_651' title='bbox 2999 3375 3037 3426; x_wconf 82' lang='grc' dir='ltr'>Ι,</span> <span class='ocrx_word' id='word_1_652' title='bbox 3081 3359 3154 3428; x_wconf 89' lang='grc'>3),</span> <span class='ocrx_word' id='word_1_653' title='bbox 3205 3360 3304 3413; x_wconf 89' lang='lat' dir='ltr'>dat</span> <span class='ocrx_word' id='word_1_654' title='bbox 3351 3360 3543 3415; x_wconf 86' lang='lat' dir='ltr'>electis</span> 
     </span>
    </p>
   </div>
   <div class='ocr_carea' id='block_1_76' title="bbox 1944 3448 3543 3520">
    <p class='ocr_par' dir='ltr' id='par_1_76' title="bbox 1944 3448 3543 3520">
     <span class='ocr_line' id='line_1_76' title="bbox 1944 3448 3543 3520; baseline -0.001 -15"><span class='ocrx_word' id='word_1_655' title='bbox 1944 3449 2337 3505; x_wconf 85' lang='lat' dir='ltr'>tantummodo</span> <span class='ocrx_word' id='word_1_656' title='bbox 2365 3448 2480 3504; x_wconf 90' lang='lat' dir='ltr'>suis</span> <span class='ocrx_word' id='word_1_657' title='bbox 2507 3449 2749 3504; x_wconf 88' lang='lat' dir='ltr'>fructum</span> <span class='ocrx_word' id='word_1_658' title='bbox 2790 3464 2975 3502; x_wconf 92' lang='lat' dir='ltr'>suum.</span> <span class='ocrx_word' id='word_1_659' title='bbox 3020 3449 3144 3520; x_wconf 90' lang='lat' dir='ltr'>Ipse</span> <span class='ocrx_word' id='word_1_660' title='bbox 3182 3463 3424 3518; x_wconf 90' lang='lat' dir='ltr'>namque</span> <span class='ocrx_word' id='word_1_661' title='bbox 3456 3453 3543 3504; x_wconf 89' lang='lat' dir='ltr'>est</span> 
     </span>
    </p>
   </div>
   <div class='ocr_carea' id='block_1_77' title="bbox 1943 3535 3539 3611">
    <p class='ocr_par' dir='ltr' id='par_1_77' title="bbox 1943 3535 3539 3611">
     <span class='ocr_line' id='line_1_77' title="bbox 1943 3535 3539 3611; baseline -0.001 -18"><span class='ocrx_word' id='word_1_662' title='bbox 1943 3546 2001 3593; x_wconf 91' lang='lat' dir='ltr'>et</span> <span class='ocrx_word' id='word_1_663' title='bbox 2011 3538 2288 3611; x_wconf 90' lang='lat' dir='ltr'>sapientia</span> <span class='ocrx_word' id='word_1_664' title='bbox 2303 3543 2531 3609; x_wconf 88' lang='lat' dir='ltr'>propter</span> <span class='ocrx_word' id='word_1_665' title='bbox 2551 3536 2826 3592; x_wconf 86' lang='lat' dir='ltr'>unitatem</span> <span class='ocrx_word' id='word_1_666' title='bbox 2841 3554 3111 3608; x_wconf 79' lang='lat' dir='ltr'>personae,</span> <span class='ocrx_word' id='word_1_667' title='bbox 3129 3535 3188 3590; x_wconf 90' lang='lat' dir='ltr'>in</span> <span class='ocrx_word' id='word_1_668' title='bbox 3204 3537 3363 3606; x_wconf 89' lang='lat' dir='ltr'>cujus</span> <span class='ocrx_word' id='word_1_669' title='bbox 3375 3536 3539 3591; x_wconf 88' lang='lat' dir='ltr'>laude</span> 
     </span>
    </p>
   </div>
   <div class='ocr_carea' id='block_1_78' title="bbox 1940 3624 3538 3700">
    <p class='ocr_par' dir='ltr' id='par_1_78' title="bbox 1940 3624 3538 3700">
     <span class='ocr_line' id='line_1_78' title="bbox 1940 3624 3538 3700; baseline -0.003 -16"><span class='ocrx_word' id='word_1_670' title='bbox 1940 3629 2158 3700; x_wconf 89' lang='lat' dir='ltr'>lignum</span> <span class='ocrx_word' id='word_1_671' title='bbox 2174 3628 2298 3684; x_wconf 70' lang='lat' dir='ltr'>vita:</span> <span class='ocrx_word' id='word_1_672' title='bbox 2318 3632 2403 3682; x_wconf 91' lang='lat' dir='ltr'>est</span> <span class='ocrx_word' id='word_1_673' title='bbox 2421 3627 2508 3681; x_wconf 89' lang='lat' dir='ltr'>his</span> <span class='ocrx_word' id='word_1_674' title='bbox 2519 3625 2615 3698; x_wconf 91' lang='lat' dir='ltr'>qui</span> <span class='ocrx_word' id='word_1_675' title='bbox 2632 3626 3107 3698; x_wconf 88' lang='lat' dir='ltr'>apprehenderint</span> <span class='ocrx_word' id='word_1_676' title='bbox 3121 3642 3266 3680; x_wconf 90' lang='lat' dir='ltr'>eam.</span> <span class='ocrx_word' id='word_1_677' title='bbox 3296 3624 3538 3680; x_wconf 89' lang='lat' dir='ltr'>Proinde</span> 
     </span>
    </p>
   </div>
   <div class='ocr_carea' id='block_1_79' title="bbox 1942 3713 3530 3788">
    <p class='ocr_par' dir='ltr' id='par_1_79' title="bbox 1942 3713 3530 3788">
     <span class='ocr_line' id='line_1_79' title="bbox 1942 3713 3530 3788; baseline -0.001 -17"><span class='ocrx_word' id='word_1_678' title='bbox 1942 3718 2215 3773; x_wconf 88' lang='lat' dir='ltr'>veraciter</span> <span class='ocrx_word' id='word_1_679' title='bbox 2236 3717 2320 3771; x_wconf 90' lang='lat' dir='ltr'>ait</span> <span class='ocrx_word' id='word_1_680' title='bbox 2344 3716 2483 3788; x_wconf 88' lang='lat' dir='ltr'>ipse,</span> <span class='ocrx_word' id='word_1_681' title='bbox 2527 3714 2622 3788; x_wconf 91' lang='lat' dir='ltr'>qui</span> <span class='ocrx_word' id='word_1_682' title='bbox 2653 3721 2739 3769; x_wconf 88' lang='lat' dir='ltr'>est</span> <span class='ocrx_word' id='word_1_683' title='bbox 2765 3715 2961 3787; x_wconf 92' lang='lat' dir='ltr'>utique</span> <span class='ocrx_word' id='word_1_684' title='bbox 2990 3713 3156 3769; x_wconf 90' lang='lat' dir='ltr'>arbor</span> <span class='ocrx_word' id='word_1_685' title='bbox 3182 3714 3321 3785; x_wconf 88' lang='lat' dir='ltr'>ligni</span> <span class='ocrx_word' id='word_1_686' title='bbox 3349 3714 3476 3769; x_wconf 66' lang='lat' dir='ltr'>vita:</span> <span class='ocrx_word' id='word_1_687' title='bbox 3515 3732 3530 3769; x_wconf 91' lang='lat'><strong>:</strong></span> 
     </span>
    </p>
   </div>
   <div class='ocr_carea' id='block_1_80' title="bbox 1946 3803 3537 3874">
    <p class='ocr_par' dir='ltr' id='par_1_80' title="bbox 1946 3803 3537 3874">
     <span class='ocr_line' id='line_1_80' title="bbox 1946 3803 3537 3874; baseline -0.002 -12"><span class='ocrx_word' id='word_1_688' title='bbox 1946 3825 1973 3862; x_wconf 73' lang='grc' dir='ltr'>ι</span> <span class='ocrx_word' id='word_1_689' title='bbox 2008 3807 2114 3872; x_wconf 90' lang='lat' dir='ltr'>Qui</span> <span class='ocrx_word' id='word_1_690' title='bbox 2142 3805 2357 3872; x_wconf 90' lang='lat' dir='ltr'>vicerit,</span> <span class='ocrx_word' id='word_1_691' title='bbox 2388 3804 2533 3860; x_wconf 90' lang='lat' dir='ltr'>dabo</span> <span class='ocrx_word' id='word_1_692' title='bbox 2558 3804 2610 3859; x_wconf 92' lang='lat' dir='ltr'>ei</span> <span class='ocrx_word' id='word_1_693' title='bbox 2638 3804 2805 3859; x_wconf 89' lang='lat' dir='ltr'>edere</span> <span class='ocrx_word' id='word_1_694' title='bbox 2832 3804 2901 3858; x_wconf 91' lang='lat' dir='ltr'>de</span> <span class='ocrx_word' id='word_1_695' title='bbox 2931 3803 3083 3874; x_wconf 89' lang='lat' dir='ltr'>ligno</span> <span class='ocrx_word' id='word_1_696' title='bbox 3100 3803 3245 3869; x_wconf 65' lang='lat' dir='ltr'>vitaz,</span> <span class='ocrx_word' id='word_1_697' title='bbox 3271 3803 3419 3874; x_wconf 90' lang='lat' dir='ltr'>quod</span> <span class='ocrx_word' id='word_1_698' title='bbox 3449 3808 3537 3860; x_wconf 89' lang='lat' dir='ltr'>est</span> 
     </span>
    </p>
   </div>
   <div class='ocr_carea' id='block_1_81' title="bbox 1946 3892 3529 3968">
    <p class='ocr_par' dir='ltr' id='par_1_81' title="bbox 1946 3892 3529 3968">
     <span class='ocr_line' id='line_1_81' title="bbox 1946 3892 3529 3968; baseline -0.001 -19"><span class='ocrx_word' id='word_1_699' title='bbox 1946 3915 1971 3949; x_wconf 78' lang='grc' dir='ltr'>α</span> <span class='ocrx_word' id='word_1_700' title='bbox 2006 3896 2064 3951; x_wconf 91' lang='lat' dir='ltr'>in</span> <span class='ocrx_word' id='word_1_701' title='bbox 2087 3894 2347 3968; x_wconf 88' lang='lat' dir='ltr'>paradiso</span> <span class='ocrx_word' id='word_1_702' title='bbox 2373 3893 2475 3949; x_wconf 88' lang='lat' dir='ltr'>Dei</span> <span class='ocrx_word' id='word_1_703' title='bbox 2497 3892 2635 3947; x_wconf 91' lang='lat' dir='ltr'>mihi</span> <span class='ocrx_word' id='word_1_704' title='bbox 2656 3894 2835 3963; x_wconf 79' lang='lat' dir='ltr'>(Apoc.</span> <span class='ocrx_word' id='word_1_705' title='bbox 2862 3908 2921 3958; x_wconf 78' lang='grc' dir='ltr'>ιι,</span> <span class='ocrx_word' id='word_1_706' title='bbox 2949 3894 3024 3963; x_wconf 84' lang='grc'>7).</span> <span class='ocrx_word' id='word_1_707' title='bbox 3050 3911 3075 3945; x_wconf 84' lang='grc'>)›</span> <span class='ocrx_word' id='word_1_708' title='bbox 3098 3892 3244 3957; x_wconf 87' lang='lat' dir='ltr'>Quia</span> <span class='ocrx_word' id='word_1_709' title='bbox 3262 3892 3529 3963; x_wconf 85' lang='lat' dir='ltr'>profecto,</span> 
     </span>
    </p>
   </div>
   <div class='ocr_carea' id='block_1_82' title="bbox 1937 3981 3531 4054">
    <p class='ocr_par' dir='ltr' id='par_1_82' title="bbox 1937 3981 3531 4054">
     <span class='ocr_line' id='line_1_82' title="bbox 1937 3981 3531 4054; baseline -0.003 -14"><span class='ocrx_word' id='word_1_710' title='bbox 1937 3986 2084 4040; x_wconf 85' lang='lat' dir='ltr'>sicut</span> <span class='ocrx_word' id='word_1_711' title='bbox 2102 4001 2137 4039; x_wconf 88' lang='lat' dir='ltr'>a</span> <span class='ocrx_word' id='word_1_712' title='bbox 2161 3983 2326 4039; x_wconf 90' lang='lat' dir='ltr'>beato</span> <span class='ocrx_word' id='word_1_713' title='bbox 2350 3982 2665 4054; x_wconf 84' lang='lat' dir='ltr'>Augustino</span> <span class='ocrx_word' id='word_1_714' title='bbox 2693 3986 3100 4053; x_wconf 88' lang='lat' dir='ltr'>consequenter</span> <span class='ocrx_word' id='word_1_715' title='bbox 3127 3982 3460 4053; x_wconf 82' lang='lat' dir='ltr'>explanatur</span> <span class='ocrx_word' id='word_1_716' title='bbox 3473 3981 3531 4036; x_wconf 91' lang='lat' dir='ltr'>in</span> 
     </span>
    </p>
   </div>
   <div class='ocr_carea' id='block_1_83' title="bbox 1936 4070 3530 4145">
    <p class='ocr_par' dir='ltr' id='par_1_83' title="bbox 1936 4070 3530 4145">
     <span class='ocr_line' id='line_1_83' title="bbox 1936 4070 3530 4145; baseline -0.002 -16"><span class='ocrx_word' id='word_1_717' title='bbox 1936 4074 2132 4129; x_wconf 90' lang='lat' dir='ltr'>eodem</span> <span class='ocrx_word' id='word_1_718' title='bbox 2147 4073 2412 4145; x_wconf 90' lang='lat' dir='ltr'>capitulo,</span> <span class='ocrx_word' id='word_1_719' title='bbox 2433 4089 2546 4128; x_wconf 92' lang='lat' dir='ltr'>non</span> <span class='ocrx_word' id='word_1_720' title='bbox 2566 4072 2692 4127; x_wconf 88' lang='lat' dir='ltr'>aliis</span> <span class='ocrx_word' id='word_1_721' title='bbox 2710 4070 2950 4143; x_wconf 89' lang='lat' dir='ltr'>largitur</span> <span class='ocrx_word' id='word_1_722' title='bbox 2968 4071 3139 4126; x_wconf 90' lang='lat' dir='ltr'>etiam</span> <span class='ocrx_word' id='word_1_723' title='bbox 3159 4070 3219 4125; x_wconf 88' lang='lat' dir='ltr'>in</span> <span class='ocrx_word' id='word_1_724' title='bbox 3240 4071 3530 4143; x_wconf 85' lang='lat' dir='ltr'>mysterio,</span> 
     </span>
    </p>
   </div>
   <div class='ocr_carea' id='block_1_84' title="bbox 1935 4160 3527 4235">
    <p class='ocr_par' dir='ltr' id='par_1_84' title="bbox 1935 4160 3527 4235">
     <span class='ocr_line' id='line_1_84' title="bbox 1935 4160 3527 4235; baseline -0.003 -17"><span class='ocrx_word' id='word_1_725' title='bbox 1935 4180 2105 4235; x_wconf 89' lang='lat' dir='ltr'>quam</span> <span class='ocrx_word' id='word_1_726' title='bbox 2142 4160 2508 4217; x_wconf 88' lang='lat' dir='ltr'>vincentibus.</span> <span class='ocrx_word' id='word_1_727' title='bbox 2541 4161 2667 4232; x_wconf 89' lang='lat' dir='ltr'>Ipse</span> <span class='ocrx_word' id='word_1_728' title='bbox 2692 4177 2935 4231; x_wconf 91' lang='lat' dir='ltr'>namque</span> <span class='ocrx_word' id='word_1_729' title='bbox 2956 4176 3198 4231; x_wconf 89' lang='lat' dir='ltr'>granum</span> <span class='ocrx_word' id='word_1_730' title='bbox 3239 4160 3527 4228; x_wconf 86' lang='lat' dir='ltr'>frumenti,</span> 
     </span>
    </p>
   </div>
   <div class='ocr_carea' id='block_1_85' title="bbox 1935 4248 3526 4324">
    <p class='ocr_par' dir='ltr' id='par_1_85' title="bbox 1935 4248 3526 4324">
     <span class='ocr_line' id='line_1_85' title="bbox 1935 4248 3526 4324; baseline -0.003 -16"><span class='ocrx_word' id='word_1_731' title='bbox 1935 4252 2081 4324; x_wconf 91' lang='lat' dir='ltr'>quod</span> <span class='ocrx_word' id='word_1_732' title='bbox 2103 4251 2307 4306; x_wconf 70' lang='lat' dir='ltr'>cadens</span> <span class='ocrx_word' id='word_1_733' title='bbox 2324 4249 2384 4305; x_wconf 92' lang='lat' dir='ltr'>in</span> <span class='ocrx_word' id='word_1_734' title='bbox 2403 4256 2558 4305; x_wconf 84' lang='lat' dir='ltr'>terra</span> <span class='ocrx_word' id='word_1_735' title='bbox 2575 4249 2683 4304; x_wconf 87' lang='lat' dir='ltr'>fuit</span> <span class='ocrx_word' id='word_1_736' title='bbox 2706 4255 3010 4315; x_wconf 86' lang='lat' dir='ltr'>mortuum,</span> <span class='ocrx_word' id='word_1_737' title='bbox 3026 4255 3083 4302; x_wconf 91' lang='lat' dir='ltr'>et</span> <span class='ocrx_word' id='word_1_738' title='bbox 3105 4249 3268 4303; x_wconf 77' lang='lat' dir='ltr'>affert</span> <span class='ocrx_word' id='word_1_739' title='bbox 3283 4248 3526 4303; x_wconf 89' lang='lat' dir='ltr'>fructum</span> 
     </span>
    </p>
   </div>
   <div class='ocr_carea' id='block_1_86' title="bbox 1934 4336 3527 4408">
    <p class='ocr_par' dir='ltr' id='par_1_86' title="bbox 1934 4336 3527 4408">
     <span class='ocr_line' id='line_1_86' title="bbox 1934 4336 3527 4408; baseline -0.002 -13"><span class='ocrx_word' id='word_1_740' title='bbox 1934 4340 2173 4395; x_wconf 91' lang='lat' dir='ltr'>multum</span> <span class='ocrx_word' id='word_1_741' title='bbox 2194 4359 2207 4408; x_wconf 93' lang='lat'>;</span> <span class='ocrx_word' id='word_1_742' title='bbox 2230 4356 2344 4394; x_wconf 92' lang='lat' dir='ltr'>non</span> <span class='ocrx_word' id='word_1_743' title='bbox 2365 4340 2489 4393; x_wconf 87' lang='lat' dir='ltr'>aliis</span> <span class='ocrx_word' id='word_1_744' title='bbox 2507 4339 2637 4392; x_wconf 90' lang='lat' dir='ltr'>inde</span> <span class='ocrx_word' id='word_1_745' title='bbox 2657 4338 2756 4393; x_wconf 86' lang='lat' dir='ltr'>dat</span> <span class='ocrx_word' id='word_1_746' title='bbox 2773 4338 2957 4403; x_wconf 86' lang='lat' dir='ltr'>edere,</span> <span class='ocrx_word' id='word_1_747' title='bbox 2982 4354 3150 4407; x_wconf 89' lang='lat' dir='ltr'>quam</span> <span class='ocrx_word' id='word_1_748' title='bbox 3180 4336 3527 4392; x_wconf 83' lang='lat' dir='ltr'>vincentibus</span> 
     </span>
    </p>
   </div>
   <div class='ocr_carea' id='block_1_87' title="bbox 246 4403 3525 4500">
    <p class='ocr_par' dir='ltr' id='par_1_87' title="bbox 246 4403 3525 4500">
     <span class='ocr_line' id='line_1_87' title="bbox 246 4403 3525 4500; baseline 0 -20"><span class='ocrx_word' id='word_1_749' title='bbox 246 4426 435 4481; x_wconf 87' lang='lat' dir='ltr'>nobis.</span> <span class='ocrx_word' id='word_1_750' title='bbox 467 4428 553 4483; x_wconf 87' lang='lat' dir='ltr'>Ad</span> <span class='ocrx_word' id='word_1_751' title='bbox 584 4445 771 4500; x_wconf 90' lang='lat' dir='ltr'>quem,</span> <span class='ocrx_word' id='word_1_752' title='bbox 806 4428 853 4483; x_wconf 91' lang='lat' dir='ltr'>si</span> <span class='ocrx_word' id='word_1_753' title='bbox 894 4434 1044 4484; x_wconf 88' lang='lat' dir='ltr'>recte</span> <span class='ocrx_word' id='word_1_754' title='bbox 1074 4429 1571 4498; x_wconf 88' lang='lat' dir='ltr'>communicamus,</span> <span class='ocrx_word' id='word_1_755' title='bbox 1604 4403 1916 4486; x_wconf 82' lang='lat' dir='ltr'>mentemD</span> <span class='ocrx_word' id='word_1_756' title='bbox 1935 4429 2124 4484; x_wconf 89' lang='lat' dir='ltr'>electis</span> <span class='ocrx_word' id='word_1_757' title='bbox 2152 4428 2289 4496; x_wconf 92' lang='lat' dir='ltr'>suis,</span> <span class='ocrx_word' id='word_1_758' title='bbox 2320 4445 2458 4499; x_wconf 91' lang='lat' dir='ltr'>quos</span> <span class='ocrx_word' id='word_1_759' title='bbox 2497 4427 2707 4498; x_wconf 89' lang='lat' dir='ltr'>reperit</span> <span class='ocrx_word' id='word_1_760' title='bbox 2733 4427 2954 4498; x_wconf 86' lang='lat' dir='ltr'>quidem</span> <span class='ocrx_word' id='word_1_761' title='bbox 3001 4426 3210 4491; x_wconf 87' lang='lat' dir='ltr'>fenum,</span> <span class='ocrx_word' id='word_1_762' title='bbox 3250 4426 3349 4480; x_wconf 89' lang='lat' dir='ltr'>sed</span> <span class='ocrx_word' id='word_1_763' title='bbox 3387 4427 3525 4500; x_wconf 90' lang='lat' dir='ltr'>ipse,</span> 
     </span>
    </p>
   </div>
   <div class='ocr_carea' id='block_1_88' title="bbox 251 4513 1857 4591">
    <p class='ocr_par' dir='ltr' id='par_1_88' title="bbox 251 4513 1857 4591">
     <span class='ocr_line' id='line_1_88' title="bbox 251 4513 1857 4591; baseline 0.004 -21"><span class='ocrx_word' id='word_1_764' title='bbox 251 4513 574 4586; x_wconf 87' lang='lat' dir='ltr'>dirigimus,</span> <span class='ocrx_word' id='word_1_765' title='bbox 608 4523 673 4573; x_wconf 90' lang='lat' dir='ltr'>ut</span> <span class='ocrx_word' id='word_1_766' title='bbox 699 4534 765 4571; x_wconf 86' lang='lat' dir='ltr'>ex</span> <span class='ocrx_word' id='word_1_767' title='bbox 795 4517 916 4589; x_wconf 92' lang='lat' dir='ltr'>ipso</span> <span class='ocrx_word' id='word_1_768' title='bbox 964 4523 1019 4572; x_wconf 90' lang='lat' dir='ltr'>et</span> <span class='ocrx_word' id='word_1_769' title='bbox 1057 4516 1127 4572; x_wconf 85' lang='lat' dir='ltr'>ab</span> <span class='ocrx_word' id='word_1_770' title='bbox 1171 4518 1294 4590; x_wconf 88' lang='lat' dir='ltr'>ipso</span> <span class='ocrx_word' id='word_1_771' title='bbox 1340 4536 1443 4574; x_wconf 89' lang='lat' dir='ltr'>nos</span> <span class='ocrx_word' id='word_1_772' title='bbox 1488 4537 1689 4591; x_wconf 91' lang='lat' dir='ltr'>corpus</span> <span class='ocrx_word' id='word_1_773' title='bbox 1734 4523 1857 4591; x_wconf 91' lang='lat' dir='ltr'>ejus</span> 
     </span>
    </p>
   </div>
   <div class='ocr_carea' id='block_1_89' title="bbox 249 4604 1856 4680">
    <p class='ocr_par' dir='ltr' id='par_1_89' title="bbox 249 4604 1856 4680">
     <span class='ocr_line' id='line_1_89' title="bbox 249 4604 1856 4680; baseline 0.003 -21"><span class='ocrx_word' id='word_1_774' title='bbox 249 4618 485 4659; x_wconf 85' lang='lat' dir='ltr'>carnem</span> <span class='ocrx_word' id='word_1_775' title='bbox 506 4604 703 4677; x_wconf 89' lang='lat' dir='ltr'>ipsius,</span> <span class='ocrx_word' id='word_1_776' title='bbox 728 4605 824 4659; x_wconf 92' lang='lat' dir='ltr'>illo</span> <span class='ocrx_word' id='word_1_777' title='bbox 846 4610 1107 4660; x_wconf 86' lang='lat' dir='ltr'>manente</span> <span class='ocrx_word' id='word_1_778' title='bbox 1127 4606 1368 4680; x_wconf 87' lang='lat' dir='ltr'>integro,</span> <span class='ocrx_word' id='word_1_779' title='bbox 1391 4624 1698 4663; x_wconf 88' lang='lat' dir='ltr'>sumamus.</span> <span class='ocrx_word' id='word_1_780' title='bbox 1723 4610 1856 4672; x_wconf 73' lang='lat' dir='ltr'>Quae</span> 
     </span>
    </p>
   </div>
   <div class='ocr_carea' id='block_1_90' title="bbox 248 4693 1858 4768">
    <p class='ocr_par' dir='ltr' id='par_1_90' title="bbox 248 4693 1858 4768">
     <span class='ocr_line' id='line_1_90' title="bbox 248 4693 1858 4768; baseline 0.003 -21"><span class='ocrx_word' id='word_1_781' title='bbox 248 4693 525 4747; x_wconf 87' lang='lat' dir='ltr'>nimirum</span> <span class='ocrx_word' id='word_1_782' title='bbox 553 4710 685 4749; x_wconf 89' lang='lat' dir='ltr'>caro</span> <span class='ocrx_word' id='word_1_783' title='bbox 716 4693 838 4766; x_wconf 86' lang='lat' dir='ltr'>ipsa</span> <span class='ocrx_word' id='word_1_784' title='bbox 866 4699 969 4761; x_wconf 89' lang='lat' dir='ltr'>est,</span> <span class='ocrx_word' id='word_1_785' title='bbox 1003 4701 1061 4749; x_wconf 90' lang='lat' dir='ltr'>et</span> <span class='ocrx_word' id='word_1_786' title='bbox 1087 4695 1303 4750; x_wconf 88' lang='lat' dir='ltr'>fructus</span> <span class='ocrx_word' id='word_1_787' title='bbox 1340 4696 1513 4768; x_wconf 90' lang='lat' dir='ltr'>ipsius</span> <span class='ocrx_word' id='word_1_788' title='bbox 1552 4696 1753 4765; x_wconf 87' lang='lat' dir='ltr'>carnis,</span> <span class='ocrx_word' id='word_1_789' title='bbox 1794 4704 1858 4752; x_wconf 94' lang='lat' dir='ltr'>ut</span> 
     </span>
    </p>
   </div>
   <div class='ocr_carea' id='block_1_91' title="bbox 246 4783 1859 4858">
    <p class='ocr_par' dir='ltr' id='par_1_91' title="bbox 246 4783 1859 4858">
     <span class='ocr_line' id='line_1_91' title="bbox 246 4783 1859 4858; baseline 0.001 -19"><span class='ocrx_word' id='word_1_790' title='bbox 246 4783 406 4839; x_wconf 89' lang='lat' dir='ltr'>idem</span> <span class='ocrx_word' id='word_1_791' title='bbox 436 4801 658 4857; x_wconf 89' lang='lat' dir='ltr'>semper</span> <span class='ocrx_word' id='word_1_792' title='bbox 682 4791 929 4852; x_wconf 88' lang='lat' dir='ltr'>maneat,</span> <span class='ocrx_word' id='word_1_793' title='bbox 962 4790 1021 4839; x_wconf 91' lang='lat' dir='ltr'>et</span> <span class='ocrx_word' id='word_1_794' title='bbox 1049 4784 1336 4840; x_wconf 88' lang='lat' dir='ltr'>universos</span> <span class='ocrx_word' id='word_1_795' title='bbox 1374 4786 1470 4858; x_wconf 90' lang='lat' dir='ltr'>qui</span> <span class='ocrx_word' id='word_1_796' title='bbox 1491 4792 1625 4841; x_wconf 88' lang='lat' dir='ltr'>sunt</span> <span class='ocrx_word' id='word_1_797' title='bbox 1646 4785 1703 4840; x_wconf 94' lang='lat' dir='ltr'>in</span> <span class='ocrx_word' id='word_1_798' title='bbox 1741 4803 1859 4841; x_wconf 89' lang='lat' dir='ltr'>cor-</span> 
     </span>
    </p>
   </div>
   <div class='ocr_carea' id='block_1_92' title="bbox 246 4874 1850 4946">
    <p class='ocr_par' dir='ltr' id='par_1_92' title="bbox 246 4874 1850 4946">
     <span class='ocr_line' id='line_1_92' title="bbox 246 4874 1850 4946; baseline 0.001 -18"><span class='ocrx_word' id='word_1_799' title='bbox 246 4887 410 4946; x_wconf 84' lang='lat' dir='ltr'>pore,</span> <span class='ocrx_word' id='word_1_800' title='bbox 439 4878 649 4945; x_wconf 88' lang='lat' dir='ltr'>pascat.</span> <span class='ocrx_word' id='word_1_801' title='bbox 686 4892 714 4926; x_wconf 74' lang='grc' dir='ltr'><strong><em>ι</em></strong></span> <span class='ocrx_word' id='word_1_802' title='bbox 746 4874 877 4929; x_wconf 65' lang='lat' dir='ltr'>Haec</span> <span class='ocrx_word' id='word_1_803' title='bbox 907 4879 1034 4946; x_wconf 88' lang='lat' dir='ltr'>post</span> <span class='ocrx_word' id='word_1_804' title='bbox 1062 4874 1344 4946; x_wconf 90' lang='lat' dir='ltr'>apostolos</span> <span class='ocrx_word' id='word_1_805' title='bbox 1370 4874 1625 4929; x_wconf 90' lang='lat' dir='ltr'>omnium</span> <span class='ocrx_word' id='word_1_806' title='bbox 1664 4875 1850 4929; x_wconf 89' lang='lat' dir='ltr'>Eccle-</span> 
     </span>
    </p>
   </div>
   <div class='ocr_carea' id='block_1_93' title="bbox 245 4960 1855 5034">
    <p class='ocr_par' dir='ltr' id='par_1_93' title="bbox 245 4960 1855 5034">
     <span class='ocr_line' id='line_1_93' title="bbox 245 4960 1855 5034; baseline 0.001 -19"><span class='ocrx_word' id='word_1_807' title='bbox 245 4960 488 5027; x_wconf 80' lang='lat' dir='ltr'>siarum,</span> <span class='ocrx_word' id='word_1_808' title='bbox 521 4961 668 5017; x_wconf 88' lang='lat' dir='ltr'>sicut</span> <span class='ocrx_word' id='word_1_809' title='bbox 694 4966 825 5017; x_wconf 91' lang='lat' dir='ltr'>ante</span> <span class='ocrx_word' id='word_1_810' title='bbox 854 4979 956 5017; x_wconf 89' lang='lat' dir='ltr'>nos</span> <span class='ocrx_word' id='word_1_811' title='bbox 983 4963 1194 5018; x_wconf 89' lang='lat' dir='ltr'>dictum</span> <span class='ocrx_word' id='word_1_812' title='bbox 1221 4968 1325 5031; x_wconf 88' lang='lat' dir='ltr'>est,</span> <span class='ocrx_word' id='word_1_813' title='bbox 1366 4961 1622 5033; x_wconf 89' lang='lat' dir='ltr'>magistri</span> <span class='ocrx_word' id='word_1_814' title='bbox 1650 4964 1855 5034; x_wconf 86' lang='lat' dir='ltr'>(Augu-</span> 
     </span>
    </p>
   </div>
   <div class='ocr_carea' id='block_1_94' title="bbox 245 5048 1854 5119">
    <p class='ocr_par' dir='ltr' id='par_1_94' title="bbox 245 5048 1854 5119">
     <span class='ocr_line' id='line_1_94' title="bbox 245 5048 1854 5119; baseline 0.001 -15"><span class='ocrx_word' id='word_1_815' title='bbox 245 5049 411 5117; x_wconf 84' lang='lat' dir='ltr'>stini)</span> <span class='ocrx_word' id='word_1_816' title='bbox 441 5048 608 5118; x_wconf 86' lang='lat' dir='ltr'>dicta,</span> <span class='ocrx_word' id='word_1_817' title='bbox 640 5049 707 5118; x_wconf 92' lang='lat' dir='ltr'>si,</span> <span class='ocrx_word' id='word_1_818' title='bbox 737 5051 891 5107; x_wconf 90' lang='lat' dir='ltr'>velut</span> <span class='ocrx_word' id='word_1_819' title='bbox 931 5052 1101 5107; x_wconf 90' lang='lat' dir='ltr'>nimis</span> <span class='ocrx_word' id='word_1_820' title='bbox 1143 5068 1388 5117; x_wconf 88' lang='lat' dir='ltr'>necesse,</span> <span class='ocrx_word' id='word_1_821' title='bbox 1434 5051 1693 5119; x_wconf 88' lang='lat' dir='ltr'>ﬁdeliter,</span> <span class='ocrx_word' id='word_1_822' title='bbox 1740 5051 1854 5106; x_wconf 89' lang='lat' dir='ltr'>fer-</span> 
     </span>
    </p>
   </div>
   <div class='ocr_carea' id='block_1_95' title="bbox 248 5137 1852 5214">
    <p class='ocr_par' dir='ltr' id='par_1_95' title="bbox 248 5137 1852 5214">
     <span class='ocr_line' id='line_1_95' title="bbox 248 5137 1852 5214; baseline 0.002 -23"><span class='ocrx_word' id='word_1_823' title='bbox 248 5137 1176 5211; x_wconf 89' lang='lat' dir='ltr'>venter,diligenter,intelligenter</span> <span class='ocrx_word' id='word_1_824' title='bbox 1184 5140 1852 5214; x_wconf 86' lang='lat' dir='ltr'>etfrequenterlegeritis,</span> 
     </span>
    </p>
   </div>
   <div class='ocr_carea' id='block_1_96' title="bbox 249 5226 1856 5302">
    <p class='ocr_par' dir='ltr' id='par_1_96' title="bbox 249 5226 1856 5302">
     <span class='ocr_line' id='line_1_96' title="bbox 249 5226 1856 5302; baseline 0.002 -22"><span class='ocrx_word' id='word_1_825' title='bbox 249 5226 712 5283; x_wconf 87' lang='lat' dir='ltr'>manifestissime</span> <span class='ocrx_word' id='word_1_826' title='bbox 732 5228 1092 5300; x_wconf 90' lang='lat' dir='ltr'>cognoscetis,</span> <span class='ocrx_word' id='word_1_827' title='bbox 1118 5246 1229 5284; x_wconf 90' lang='lat' dir='ltr'>non</span> <span class='ocrx_word' id='word_1_828' title='bbox 1250 5229 1478 5302; x_wconf 88' lang='lat' dir='ltr'>quidem</span> <span class='ocrx_word' id='word_1_829' title='bbox 1495 5228 1671 5301; x_wconf 89' lang='lat' dir='ltr'>(quod</span> <span class='ocrx_word' id='word_1_830' title='bbox 1690 5227 1856 5299; x_wconf 86' lang='lat' dir='ltr'>absit)</span> 
     </span>
    </p>
   </div>
   <div class='ocr_carea' id='block_1_97' title="bbox 249 5316 1858 5389">
    <p class='ocr_par' dir='ltr' id='par_1_97' title="bbox 249 5316 1858 5389">
     <span class='ocr_line' id='line_1_97' title="bbox 249 5316 1858 5389; baseline 0.001 -18"><span class='ocrx_word' id='word_1_831' title='bbox 249 5319 604 5374; x_wconf 81' lang='lat' dir='ltr'>naturaliter</span> <span class='ocrx_word' id='word_1_832' title='bbox 624 5316 833 5387; x_wconf 80' lang='lat' dir='ltr'>(Ilerig.</span> <span class='ocrx_word' id='word_1_833' title='bbox 854 5334 970 5387; x_wconf 87' lang='lat' dir='ltr'>cap.</span> <span class='ocrx_word' id='word_1_834' title='bbox 990 5317 1065 5387; x_wconf 82' lang='grc'>4),</span> <span class='ocrx_word' id='word_1_835' title='bbox 1090 5316 1189 5373; x_wconf 90' lang='lat' dir='ltr'>sed</span> <span class='ocrx_word' id='word_1_836' title='bbox 1220 5321 1529 5389; x_wconf 76' lang='lat' dir='ltr'>specialiter</span> <span class='ocrx_word' id='word_1_837' title='bbox 1556 5317 1708 5373; x_wconf 87' lang='lat' dir='ltr'>aliud</span> <span class='ocrx_word' id='word_1_838' title='bbox 1737 5334 1858 5373; x_wconf 89' lang='lat' dir='ltr'>esse</span> 
     </span>
    </p>
   </div>
   <div class='ocr_carea' id='block_1_98' title="bbox 250 5405 1858 5478">
    <p class='ocr_par' dir='ltr' id='par_1_98' title="bbox 250 5405 1858 5478">
     <span class='ocr_line' id='line_1_98' title="bbox 250 5405 1858 5478; baseline 0 -18"><span class='ocrx_word' id='word_1_839' title='bbox 250 5421 461 5476; x_wconf 89' lang='lat' dir='ltr'>corpus</span> <span class='ocrx_word' id='word_1_840' title='bbox 481 5405 725 5473; x_wconf 89' lang='lat' dir='ltr'>Domini,</span> <span class='ocrx_word' id='word_1_841' title='bbox 758 5406 905 5478; x_wconf 90' lang='lat' dir='ltr'>quod</span> <span class='ocrx_word' id='word_1_842' title='bbox 926 5425 990 5462; x_wconf 81' lang='lat' dir='ltr'>ex</span> <span class='ocrx_word' id='word_1_843' title='bbox 1010 5406 1325 5463; x_wconf 88' lang='lat' dir='ltr'>substantia</span> <span class='ocrx_word' id='word_1_844' title='bbox 1345 5406 1508 5478; x_wconf 89' lang='lat' dir='ltr'>panis</span> <span class='ocrx_word' id='word_1_845' title='bbox 1527 5424 1593 5462; x_wconf 88' lang='lat' dir='ltr'>ac</span> <span class='ocrx_word' id='word_1_846' title='bbox 1614 5407 1726 5460; x_wconf 88' lang='lat' dir='ltr'>vini</span> <span class='ocrx_word' id='word_1_847' title='bbox 1758 5422 1858 5478; x_wconf 91' lang='lat' dir='ltr'>pro</span> 
     </span>
    </p>
   </div>
   <div class='ocr_carea' id='block_1_99' title="bbox 252 5493 1859 5569">
    <p class='ocr_par' dir='ltr' id='par_1_99' title="bbox 252 5493 1859 5569">
     <span class='ocr_line' id='line_1_99' title="bbox 252 5493 1859 5569; baseline 0 -19"><span class='ocrx_word' id='word_1_848' title='bbox 252 5493 458 5550; x_wconf 89' lang='lat' dir='ltr'>mundi</span> <span class='ocrx_word' id='word_1_849' title='bbox 484 5494 601 5550; x_wconf 87' lang='lat' dir='ltr'>vita</span> <span class='ocrx_word' id='word_1_850' title='bbox 628 5495 878 5567; x_wconf 89' lang='lat' dir='ltr'>quotidie</span> <span class='ocrx_word' id='word_1_851' title='bbox 917 5513 1018 5569; x_wconf 90' lang='lat' dir='ltr'>per</span> <span class='ocrx_word' id='word_1_852' title='bbox 1052 5496 1325 5569; x_wconf 88' lang='lat' dir='ltr'>Spiritum</span> <span class='ocrx_word' id='word_1_853' title='bbox 1364 5501 1620 5553; x_wconf 88' lang='lat' dir='ltr'>sanctum</span> <span class='ocrx_word' id='word_1_854' title='bbox 1664 5511 1859 5551; x_wconf 90' lang='lat' dir='ltr'>conse-</span> 
     </span>
    </p>
   </div>
   <div class='ocr_carea' id='block_1_100' title="bbox 328 5609 1359 5679">
    <p class='ocr_par' dir='ltr' id='par_1_100' title="bbox 328 5609 1359 5679">
     <span class='ocr_line' id='line_1_100' title="bbox 328 5609 1359 5679; baseline 0.001 -12"><span class='ocrx_word' id='word_1_855' title='bbox 328 5620 355 5652; x_wconf 76' lang='grc' dir='ltr'>ι</span> <span class='ocrx_word' id='word_1_856' title='bbox 384 5610 451 5667; x_wconf 89' lang='lat' dir='ltr'>In</span> <span class='ocrx_word' id='word_1_857' title='bbox 479 5609 798 5679; x_wconf 86' lang='lat' dir='ltr'>interlinea,</span> <span class='ocrx_word' id='word_1_858' title='bbox 828 5614 1031 5669; x_wconf 73' lang='lat' dir='ltr'>scilicet</span> <span class='ocrx_word' id='word_1_859' title='bbox 1058 5614 1359 5670; x_wconf 65' lang='lat' dir='ltr'>Paschasii.</span> 
     </span>
    </p>
   </div>
   <div class='ocr_carea' id='block_1_101' title="bbox 501 5709 989 5774">
    <p class='ocr_par' dir='ltr' id='par_1_101' title="bbox 501 5709 989 5774">
     <span class='ocr_line' id='line_1_101' title="bbox 501 5709 989 5774; baseline 0.002 -4"><span class='ocrx_word' id='word_1_860' title='bbox 501 5710 768 5774; x_wconf 63' lang='lat' dir='ltr'>Panos.</span> <span class='ocrx_word' id='word_1_861' title='bbox 804 5709 989 5774; x_wconf 81' lang='lat' dir='ltr'>CXII.</span> 
     </span>
    </p>
   </div>
   <div class='ocr_carea' id='block_1_102' title="bbox 1936 4514 3524 4584">
    <p class='ocr_par' dir='ltr' id='par_1_102' title="bbox 1936 4514 3524 4584">
     <span class='ocr_line' id='line_1_102' title="bbox 1936 4514 3524 4584; baseline -0.001 -12"><span class='ocrx_word' id='word_1_862' title='bbox 1936 4519 2118 4573; x_wconf 90' lang='lat' dir='ltr'>factus</span> <span class='ocrx_word' id='word_1_863' title='bbox 2146 4518 2312 4571; x_wconf 92' lang='lat' dir='ltr'>homo</span> <span class='ocrx_word' id='word_1_864' title='bbox 2342 4517 2532 4571; x_wconf 77' lang='lat' dir='ltr'>fenum</span> <span class='ocrx_word' id='word_1_865' title='bbox 2563 4522 2818 4570; x_wconf 89' lang='lat' dir='ltr'>nostrum</span> <span class='ocrx_word' id='word_1_866' title='bbox 2862 4515 3028 4569; x_wconf 88' lang='lat' dir='ltr'>vertit</span> <span class='ocrx_word' id='word_1_867' title='bbox 3056 4515 3114 4569; x_wconf 92' lang='lat' dir='ltr'>in</span> <span class='ocrx_word' id='word_1_868' title='bbox 3141 4514 3487 4570; x_wconf 85' lang='lat' dir='ltr'>frumentum</span> <span class='ocrx_word' id='word_1_869' title='bbox 3513 4536 3524 4584; x_wconf 92' lang='lat'>;</span> 
     </span>
    </p>
   </div>
   <div class='ocr_carea' id='block_1_103' title="bbox 1939 4605 3530 4678">
    <p class='ocr_par' dir='ltr' id='par_1_103' title="bbox 1939 4605 3530 4678">
     <span class='ocr_line' id='line_1_103' title="bbox 1939 4605 3530 4678; baseline -0.003 -16"><span class='ocrx_word' id='word_1_870' title='bbox 1939 4617 1995 4662; x_wconf 91' lang='lat' dir='ltr'>et</span> <span class='ocrx_word' id='word_1_871' title='bbox 2022 4607 2140 4678; x_wconf 90' lang='lat' dir='ltr'>ipse</span> <span class='ocrx_word' id='word_1_872' title='bbox 2178 4606 2284 4660; x_wconf 88' lang='lat' dir='ltr'>hoc</span> <span class='ocrx_word' id='word_1_873' title='bbox 2320 4605 2670 4659; x_wconf 89' lang='lat' dir='ltr'>solummodo</span> <span class='ocrx_word' id='word_1_874' title='bbox 2709 4605 3051 4659; x_wconf 85' lang='lat' dir='ltr'>frumentum</span> <span class='ocrx_word' id='word_1_875' title='bbox 3099 4621 3283 4671; x_wconf 90' lang='lat' dir='ltr'>suum,</span> <span class='ocrx_word' id='word_1_876' title='bbox 3325 4606 3530 4659; x_wconf 86' lang='lat' dir='ltr'>electos</span> 
     </span>
    </p>
   </div>
   <div class='ocr_carea' id='block_1_104' title="bbox 1939 4693 3529 4765">
    <p class='ocr_par' dir='ltr' id='par_1_104' title="bbox 1939 4693 3529 4765">
     <span class='ocr_line' id='line_1_104' title="bbox 1939 4693 3529 4765; baseline -0.002 -15"><span class='ocrx_word' id='word_1_877' title='bbox 1939 4696 2193 4750; x_wconf 88' lang='lat' dir='ltr'>videlicet</span> <span class='ocrx_word' id='word_1_878' title='bbox 2228 4710 2377 4760; x_wconf 88' lang='lat' dir='ltr'>suos,</span> <span class='ocrx_word' id='word_1_879' title='bbox 2420 4693 2640 4759; x_wconf 87' lang='lat' dir='ltr'>cibavit,</span> <span class='ocrx_word' id='word_1_880' title='bbox 2685 4694 2852 4759; x_wconf 90' lang='lat' dir='ltr'>cibat,</span> <span class='ocrx_word' id='word_1_881' title='bbox 2902 4700 2959 4747; x_wconf 92' lang='lat' dir='ltr'>et</span> <span class='ocrx_word' id='word_1_882' title='bbox 3009 4693 3216 4747; x_wconf 86' lang='lat' dir='ltr'>cibabit</span> <span class='ocrx_word' id='word_1_883' title='bbox 3259 4710 3324 4746; x_wconf 88' lang='lat' dir='ltr'>ex</span> <span class='ocrx_word' id='word_1_884' title='bbox 3365 4693 3529 4765; x_wconf 89' lang='lat' dir='ltr'>adipe</span> 
     </span>
    </p>
   </div>
   <div class='ocr_carea' id='block_1_105' title="bbox 1937 4781 3531 4853">
    <p class='ocr_par' dir='ltr' id='par_1_105' title="bbox 1937 4781 3531 4853">
     <span class='ocr_line' id='line_1_105' title="bbox 1937 4781 3531 4853; baseline -0.002 -13"><span class='ocrx_word' id='word_1_885' title='bbox 1937 4783 2225 4840; x_wconf 88' lang='lat' dir='ltr'>frumenti.</span> <span class='ocrx_word' id='word_1_886' title='bbox 2256 4782 2417 4839; x_wconf 91' lang='lat' dir='ltr'>Unde</span> <span class='ocrx_word' id='word_1_887' title='bbox 2443 4783 2649 4838; x_wconf 90' lang='lat' dir='ltr'>dicitur</span> <span class='ocrx_word' id='word_1_888' title='bbox 2675 4789 2733 4837; x_wconf 91' lang='lat' dir='ltr'>et</span> <span class='ocrx_word' id='word_1_889' title='bbox 2772 4782 2831 4836; x_wconf 91' lang='lat' dir='ltr'>in</span> <span class='ocrx_word' id='word_1_890' title='bbox 2868 4781 2976 4836; x_wconf 89' lang='lat' dir='ltr'>alio</span> <span class='ocrx_word' id='word_1_891' title='bbox 3015 4782 3229 4853; x_wconf 87' lang='lat' dir='ltr'>psalmo</span> <span class='ocrx_word' id='word_1_892' title='bbox 3264 4783 3335 4836; x_wconf 85' lang='lat' dir='ltr'>ad</span> <span class='ocrx_word' id='word_1_893' title='bbox 3372 4784 3531 4838; x_wconf 89' lang='lat' dir='ltr'>Jeru-</span> 
     </span>
    </p>
   </div>
   <div class='ocr_carea' id='block_1_106' title="bbox 1933 4869 3526 4943">
    <p class='ocr_par' dir='ltr' id='par_1_106' title="bbox 1933 4869 3526 4943">
     <span class='ocr_line' id='line_1_106' title="bbox 1933 4869 3526 4943; baseline -0.003 -11"><span class='ocrx_word' id='word_1_894' title='bbox 1933 4875 2109 4933; x_wconf 86' lang='lat' dir='ltr'>salem</span> <span class='ocrx_word' id='word_1_895' title='bbox 2138 4878 2195 4927; x_wconf 82' lang='lat' dir='ltr'>et</span> <span class='ocrx_word' id='word_1_896' title='bbox 2213 4872 2347 4928; x_wconf 86' lang='lat' dir='ltr'>Sion</span> <span class='ocrx_word' id='word_1_897' title='bbox 2380 4891 2391 4925; x_wconf 90' lang='lat'>:</span> <span class='ocrx_word' id='word_1_898' title='bbox 2432 4894 2451 4923; x_wconf 77' lang='lat' dir='ltr'>c</span> <span class='ocrx_word' id='word_1_899' title='bbox 2498 4873 2567 4926; x_wconf 92' lang='lat' dir='ltr'>Et</span> <span class='ocrx_word' id='word_1_900' title='bbox 2594 4872 2757 4943; x_wconf 89' lang='lat' dir='ltr'>adipe</span> <span class='ocrx_word' id='word_1_901' title='bbox 2784 4870 3051 4925; x_wconf 83' lang='lat' dir='ltr'>frumenti</span> <span class='ocrx_word' id='word_1_902' title='bbox 3079 4871 3251 4925; x_wconf 86' lang='lat' dir='ltr'>satiat</span> <span class='ocrx_word' id='word_1_903' title='bbox 3277 4876 3332 4924; x_wconf 90' lang='lat' dir='ltr'>te</span> <span class='ocrx_word' id='word_1_904' title='bbox 3363 4869 3526 4943; x_wconf 78' lang='lat' dir='ltr'>(Psal.</span> 
     </span>
    </p>
   </div>
   <div class='ocr_carea' id='block_1_107' title="bbox 1936 4960 3530 5033">
    <p class='ocr_par' dir='ltr' id='par_1_107' title="bbox 1936 4960 3530 5033">
     <span class='ocr_line' id='line_1_107' title="bbox 1936 4960 3530 5033; baseline -0.004 -12"><span class='ocrx_word' id='word_1_905' title='bbox 1936 4979 2135 5030; x_wconf 69' lang='lat' dir='ltr'>cxnvn,</span> <span class='ocrx_word' id='word_1_906' title='bbox 2176 4960 2275 5033; x_wconf 74' lang='grc'>14).</span> <span class='ocrx_word' id='word_1_907' title='bbox 2304 4982 2331 5013; x_wconf 65' lang='grc' dir='ltr'><strong>υ</strong></span> <span class='ocrx_word' id='word_1_908' title='bbox 2369 4961 2525 5017; x_wconf 92' lang='lat' dir='ltr'>Unde</span> <span class='ocrx_word' id='word_1_909' title='bbox 2555 4961 2689 5015; x_wconf 90' lang='lat' dir='ltr'>dicit</span> <span class='ocrx_word' id='word_1_910' title='bbox 2715 4967 2774 5015; x_wconf 90' lang='lat' dir='ltr'>et</span> <span class='ocrx_word' id='word_1_911' title='bbox 2799 4960 3093 5015; x_wconf 85' lang='lat' dir='ltr'>Zacharias</span> <span class='ocrx_word' id='word_1_912' title='bbox 3128 4960 3404 5031; x_wconf 88' lang='lat' dir='ltr'>propheta</span> <span class='ocrx_word' id='word_1_913' title='bbox 3445 4960 3530 5016; x_wconf 82' lang='lat' dir='ltr'>lo-</span> 
     </span>
    </p>
   </div>
   <div class='ocr_carea' id='block_1_108' title="bbox 1938 5047 3533 5125">
    <p class='ocr_par' dir='ltr' id='par_1_108' title="bbox 1938 5047 3533 5125">
     <span class='ocr_line' id='line_1_108' title="bbox 1938 5047 3533 5125; baseline -0.001 -17"><span class='ocrx_word' id='word_1_914' title='bbox 1938 5068 2114 5125; x_wconf 90' lang='lat' dir='ltr'>quens</span> <span class='ocrx_word' id='word_1_915' title='bbox 2143 5052 2212 5106; x_wconf 93' lang='lat' dir='ltr'>de</span> <span class='ocrx_word' id='word_1_916' title='bbox 2243 5050 2489 5106; x_wconf 88' lang='lat' dir='ltr'>Ecclesia</span> <span class='ocrx_word' id='word_1_917' title='bbox 2521 5069 2533 5105; x_wconf 90' lang='lat'><strong>:</strong></span> <span class='ocrx_word' id='word_1_918' title='bbox 2569 5070 2591 5102; x_wconf 85' lang='grc'><strong>‹</strong></span> <span class='ocrx_word' id='word_1_919' title='bbox 2628 5051 2696 5104; x_wconf 91' lang='lat' dir='ltr'>Et</span> <span class='ocrx_word' id='word_1_920' title='bbox 2723 5049 2858 5121; x_wconf 89' lang='lat' dir='ltr'>quid</span> <span class='ocrx_word' id='word_1_921' title='bbox 2894 5047 3100 5103; x_wconf 91' lang='lat' dir='ltr'>bonum</span> <span class='ocrx_word' id='word_1_922' title='bbox 3150 5049 3273 5119; x_wconf 92' lang='lat' dir='ltr'>ejus</span> <span class='ocrx_word' id='word_1_923' title='bbox 3320 5054 3425 5118; x_wconf 88' lang='lat' dir='ltr'>est,</span> <span class='ocrx_word' id='word_1_924' title='bbox 3474 5056 3533 5106; x_wconf 89' lang='lat' dir='ltr'>et</span> 
     </span>
    </p>
   </div>
   <div class='ocr_carea' id='block_1_109' title="bbox 1944 5137 3529 5214">
    <p class='ocr_par' dir='ltr' id='par_1_109' title="bbox 1944 5137 3529 5214">
     <span class='ocr_line' id='line_1_109' title="bbox 1944 5137 3529 5214; baseline -0.001 -19"><span class='ocrx_word' id='word_1_925' title='bbox 1944 5161 1972 5195; x_wconf 68' lang='grc' dir='ltr'><strong>α</strong></span> <span class='ocrx_word' id='word_1_926' title='bbox 2007 5140 2142 5214; x_wconf 92' lang='lat' dir='ltr'>quid</span> <span class='ocrx_word' id='word_1_927' title='bbox 2171 5139 2469 5212; x_wconf 90' lang='lat' dir='ltr'>pulchrum</span> <span class='ocrx_word' id='word_1_928' title='bbox 2499 5139 2640 5209; x_wconf 88' lang='lat' dir='ltr'>ejus,</span> <span class='ocrx_word' id='word_1_929' title='bbox 2672 5138 2778 5193; x_wconf 91' lang='lat' dir='ltr'>nisi</span> <span class='ocrx_word' id='word_1_930' title='bbox 2818 5137 3161 5193; x_wconf 90' lang='lat' dir='ltr'>frumentum</span> <span class='ocrx_word' id='word_1_931' title='bbox 3204 5137 3529 5207; x_wconf 91' lang='lat' dir='ltr'>electorum,</span> 
     </span>
    </p>
   </div>
   <div class='ocr_carea' id='block_1_110' title="bbox 1944 5225 3401 5298">
    <p class='ocr_par' dir='ltr' id='par_1_110' title="bbox 1944 5225 3401 5298">
     <span class='ocr_line' id='line_1_110' title="bbox 1944 5225 3401 5298; baseline -0.004 -13"><span class='ocrx_word' id='word_1_932' title='bbox 1944 5249 1971 5285; x_wconf 76' lang='grc' dir='ltr'>ι</span> <span class='ocrx_word' id='word_1_933' title='bbox 2001 5234 2058 5285; x_wconf 93' lang='lat' dir='ltr'>et</span> <span class='ocrx_word' id='word_1_934' title='bbox 2088 5228 2273 5283; x_wconf 90' lang='lat' dir='ltr'>vinum</span> <span class='ocrx_word' id='word_1_935' title='bbox 2293 5226 2620 5298; x_wconf 84' lang='lat' dir='ltr'>germinans</span> <span class='ocrx_word' id='word_1_936' title='bbox 2639 5226 2922 5297; x_wconf 82' lang='lat' dir='ltr'>virgines?</span> <span class='ocrx_word' id='word_1_937' title='bbox 2940 5245 2966 5279; x_wconf 67' lang='grc' dir='ltr'><strong>ι</strong></span> <span class='ocrx_word' id='word_1_938' title='bbox 2983 5226 3163 5295; x_wconf 85' lang='lat' dir='ltr'>(Zach.</span> <span class='ocrx_word' id='word_1_939' title='bbox 3190 5240 3267 5292; x_wconf 80' lang='lat' dir='ltr'>Ix,</span> <span class='ocrx_word' id='word_1_940' title='bbox 3296 5225 3401 5298; x_wconf 85' lang='lat' dir='ltr'>l7.)</span> 
     </span>
    </p>
   </div>
   <div class='ocr_carea' id='block_1_111' title="bbox 2010 5313 3533 5387">
    <p class='ocr_par' dir='ltr' id='par_1_111' title="bbox 2010 5313 3533 5387">
     <span class='ocr_line' id='line_1_111' title="bbox 2010 5313 3533 5387; baseline -0.003 -13"><span class='ocrx_word' id='word_1_941' title='bbox 2010 5320 2066 5375; x_wconf 84' lang='grc'>5.</span> <span class='ocrx_word' id='word_1_942' title='bbox 2096 5318 2235 5373; x_wconf 91' lang='lat' dir='ltr'>Ecce</span> <span class='ocrx_word' id='word_1_943' title='bbox 2263 5315 2437 5370; x_wconf 88' lang='lat' dir='ltr'>claret</span> <span class='ocrx_word' id='word_1_944' title='bbox 2461 5314 2531 5370; x_wconf 89' lang='lat' dir='ltr'>ad</span> <span class='ocrx_word' id='word_1_945' title='bbox 2551 5315 2827 5387; x_wconf 90' lang='lat' dir='ltr'>liquidum</span> <span class='ocrx_word' id='word_1_946' title='bbox 2849 5314 2996 5386; x_wconf 90' lang='lat' dir='ltr'>quod</span> <span class='ocrx_word' id='word_1_947' title='bbox 3018 5330 3129 5368; x_wconf 91' lang='lat' dir='ltr'>non</span> <span class='ocrx_word' id='word_1_948' title='bbox 3149 5313 3256 5368; x_wconf 88' lang='lat' dir='ltr'>nisi</span> <span class='ocrx_word' id='word_1_949' title='bbox 3284 5314 3533 5370; x_wconf 91' lang='lat' dir='ltr'>solorum</span> 
     </span>
    </p>
   </div>
   <div class='ocr_carea' id='block_1_112' title="bbox 1940 5402 3534 5473">
    <p class='ocr_par' dir='ltr' id='par_1_112' title="bbox 1940 5402 3534 5473">
     <span class='ocr_line' id='line_1_112' title="bbox 1940 5402 3534 5473; baseline -0.002 -10"><span class='ocrx_word' id='word_1_950' title='bbox 1940 5414 2028 5463; x_wconf 89' lang='lat' dir='ltr'>est</span> <span class='ocrx_word' id='word_1_951' title='bbox 2064 5406 2219 5462; x_wconf 89' lang='lat' dir='ltr'>cibus</span> <span class='ocrx_word' id='word_1_952' title='bbox 2262 5404 2586 5458; x_wconf 89' lang='lat' dir='ltr'>electorum.</span> <span class='ocrx_word' id='word_1_953' title='bbox 2631 5405 2913 5459; x_wconf 90' lang='lat' dir='ltr'>Ponamus</span> <span class='ocrx_word' id='word_1_954' title='bbox 2958 5402 3131 5473; x_wconf 90' lang='lat' dir='ltr'>igitur</span> <span class='ocrx_word' id='word_1_955' title='bbox 3172 5408 3304 5458; x_wconf 89' lang='lat' dir='ltr'>ante</span> <span class='ocrx_word' id='word_1_956' title='bbox 3344 5404 3534 5460; x_wconf 88' lang='lat' dir='ltr'>oculos</span> 
     </span>
    </p>
   </div>
   <div class='ocr_carea' id='block_1_113' title="bbox 1942 5492 3536 5567">
    <p class='ocr_par' dir='ltr' id='par_1_113' title="bbox 1942 5492 3536 5567">
     <span class='ocr_line' id='line_1_113' title="bbox 1942 5492 3536 5567; baseline -0.003 -15"><span class='ocrx_word' id='word_1_957' title='bbox 1942 5496 2072 5553; x_wconf 89' lang='lat' dir='ltr'>ﬁdei</span> <span class='ocrx_word' id='word_1_958' title='bbox 2120 5496 2304 5567; x_wconf 89' lang='lat' dir='ltr'>ipsum</span> <span class='ocrx_word' id='word_1_959' title='bbox 2350 5492 2579 5548; x_wconf 89' lang='lat' dir='ltr'>beatum</span> <span class='ocrx_word' id='word_1_960' title='bbox 2617 5493 2938 5565; x_wconf 88' lang='lat' dir='ltr'>pontiﬁcem</span> <span class='ocrx_word' id='word_1_961' title='bbox 2975 5497 3265 5562; x_wconf 90' lang='lat' dir='ltr'>nostrum,</span> <span class='ocrx_word' id='word_1_962' title='bbox 3306 5493 3536 5550; x_wconf 87' lang='lat' dir='ltr'>beatum</span> 
     </span>
    </p>
   </div>
   <div class='ocr_carea' id='block_1_114' title="bbox 2014 5609 2683 5669">
    <p class='ocr_par' dir='ltr' id='par_1_114' title="bbox 2014 5609 2683 5669">
     <span class='ocr_line' id='line_1_114' title="bbox 2014 5609 2683 5669; baseline -0.004 -1"><span class='ocrx_word' id='word_1_963' title='bbox 2014 5611 2041 5652; x_wconf 73' lang='grc' dir='ltr'>ι)</span> <span class='ocrx_word' id='word_1_964' title='bbox 2064 5610 2286 5668; x_wconf 90' lang='lat' dir='ltr'>Scilicet</span> <span class='ocrx_word' id='word_1_965' title='bbox 2303 5609 2683 5669; x_wconf 86' lang='lat' dir='ltr'>Paschasium.</span> 
     </span>
    </p>
   </div>
   <div class='ocr_carea' id='block_1_115' title="bbox 3215 5709 3296 5768">
    <p class='ocr_par' dir='ltr' id='par_1_115' title="bbox 3215 5709 3296 5768">
     <span class='ocr_line' id='line_1_115' title="bbox 3215 5709 3296 5768; baseline 0 0"><span class='ocrx_word' id='word_1_966' title='bbox 3215 5709 3296 5768; x_wconf 74' lang='grc'>48</span> 
     </span>
    </p>
   </div>
  </div>
