4018 6168
522 332 664 388 1515
1116 329 1179 382 Β.
1223 326 1495 381 RABANI
1537 323 1766 378 MAURI
1805 325 2140 381 ARCIIIEP.
2183 325 2507 382 MOGUNT.
2551 326 2846 381 OPERUM
2891 326 3076 382 PARS
3115 327 3213 382 IIl.
3671 327 3814 382 1516

521 457 722 520 ﬁlium,
757 459 813 508 et
844 453 1218 524 sapientiam;
1275 455 1333 506 et
1376 449 1750 520 suscipiamus
1789 450 2120 520 gaudenter,
2145 453 2196 512 A
2283 449 2335 505 6.
2374 451 2494 518 Hic,
2520 452 2566 505 si
2599 457 2802 523 potest,
2835 452 3024 507 oculos
3049 457 3105 506 et
3125 467 3290 506 aures
3331 452 3570 524 aperiat,
3613 457 3670 506 et
3695 452 3815 506 haec

524 544 735 617 pariter
765 549 822 596 et
847 541 1160 608 tremendo,
1199 539 1442 611 qualiter
1483 539 1622 609 ipse,
1668 539 1763 610 qui
1811 543 1896 593 est
1933 539 2125 611 utique
2210 538 2411 606 videat,
2445 545 2504 594 et
2535 539 2745 606 audiat,
2779 539 2874 610 qui
2906 539 3124 611 quoties
3171 544 3290 594 toto
3341 546 3625 594 terrarum
3677 539 3811 594 orbe

413 696 418 705 ι
525 635 739 705 lignum
769 631 913 696 vitae,
947 631 1096 684 velut
1128 629 1476 700 decerpendo
1518 628 1767 682 deczedat
1794 628 1982 682 electis
2010 629 2126 683 suis
2209 629 2510 683 missarum
2558 629 2834 683 solemnia
2879 629 3254 696 celebrantur,
3303 629 3469 683 toties
3511 628 3810 684 Dominum

524 724 787 778 timorate
815 724 873 774 et
901 719 1192 773 humiliter
1222 717 1614 772 accedentibus
1660 717 1730 771 ad
1774 735 1832 772 se
1873 735 2125 772 commu-

525 811 828 868 nicandum
856 807 1102 863 fructum
1145 805 1305 862 vitae:
1348 806 1538 877 sicque
1581 805 1844 877 perfacile
1889 811 1947 860 et
1993 823 2125 861 con-

2209 718 2495 772 Christum
2536 719 2653 790 pati
2691 718 2976 790 praedicat,
3037 717 3108 772 ob
3155 719 3296 772 nihil
3347 718 3604 772 videlicet
3655 719 3809 774 aliud

2209 806 2318 861 nisi
2349 814 2580 880 propter
2627 807 2733 862 hoc
2781 807 3153 874 solummodo,
3204 813 3268 862 ut
3306 823 3501 862 omnes
3546 807 3815 879 reprobus

525 905 828 974 sequenter
893 898 1202 970 poterimus
1263 897 1489 952 credere
1555 913 1684 950 vero
1739 895 1949 951 lumine
1996 896 2124 950 ﬁdei
2209 912 2348 967 quos
2377 913 2412 950 a
2437 896 2677 951 Domino
2709 896 2814 951 scit
2846 896 2906 950 in
2935 913 3098 950 cruce
3127 896 3464 968 redemptos,
3507 895 3632 968 ipsa
3658 913 3813 969 com-

525 988 916 1060 nostrtegratis
933 985 1469 1053 oculosillustrante,
1495 985 1928 1056 quodDominus
1947 985 2127 1056 pridie
2209 986 2474 1040 munione
2504 985 2752 1058 corporis
2789 991 2846 1040 et
2887 986 3178 1057 sanguinis
3225 986 3432 1040 Christi
3469 986 3811 1058 redemptos,

529 1096 698 1152 quam
725 1081 1032 1150 pateretur,
1066 1091 1260 1129 verum
1291 1091 1492 1145 corpus
1523 1078 1579 1127 et
1607 1074 1938 1145 sanguinem
1963 1091 2128 1128 suum
2209 1073 2412 1129 redimi
2435 1079 2493 1128 et
2513 1073 2868 1129 redimendos
2889 1075 3040 1130 dicat
3061 1077 3395 1144 (Ilcrigerus,
3419 1091 3541 1144 cap.
3565 1073 3620 1144 4)
3647 1091 3813 1130 :cum

529 1169 685 1224 dedit
711 1165 997 1238 discipulis
1027 1165 1164 1232 suis,
1193 1169 1456 1218 manente
1496 1163 1716 1232 integro
1747 1180 1977 1234 corpore
2005 1180 2126 1229 suo,
2212 1163 2399 1236 potius
2421 1164 2602 1218 omnis
2635 1163 2906 1235 reprobus
2934 1164 3163 1235 indigne
3191 1170 3606 1218 sacramentum
3629 1164 3812 1235 ipsum

529 1257 677 1330 quod
717 1274 752 1310 a
807 1255 898 1309 die
951 1252 1378 1308 resurrectionis
1434 1257 1786 1322 resumptum
1837 1251 1986 1322 gerit
2031 1253 2133 1306 im-
2214 1253 2545 1325 percipiens,
2573 1253 2848 1324 judicium
2881 1252 2985 1306 sibi
3019 1253 3322 1308 manducat
3346 1259 3403 1307 et
3442 1252 3598 1307 bibit.
3631 1252 3814 1308 Velim

532 1345 786 1401 mortale.
840 1341 999 1398 Unde
1036 1358 1232 1396 revera
1269 1340 1406 1394 satis
1455 1346 1832 1410 congruenter
1868 1339 2134 1395 divinitus
2214 1345 2404 1396 tamen
2434 1341 2608 1414 Lnobis
2657 1342 2994 1413 respondeat
3023 1348 3079 1396 et
3107 1343 3257 1396 dicat
3294 1342 3390 1413 qui
3418 1342 3523 1396 hoc
3552 1342 3622 1396 ad
3652 1358 3812 1396 suam

529 1433 864 1506 dispositum
892 1430 1060 1486 simul
1087 1434 1144 1483 et.
1179 1429 1388 1482 factum
1420 1433 1522 1494 est,
1553 1427 1715 1499 ,quod
1759 1434 1890 1483 ante
1917 1429 2132 1500 passio-

531 1541 662 1580 nem
704 1520 928 1578 Domini
977 1518 1321 1573 celebratum
1373 1522 1458 1570 est
1507 1517 1613 1570 hoc
1669 1523 2130 1572 sacramentum:

532 1617 810 1686 quatenus
837 1626 1038 1680 corpus
1077 1605 1302 1662 Domini
1343 1606 1489 1677 quod
1534 1605 1875 1660 seminatum
1905 1613 2008 1672 est,
2041 1624 2133 1662 re-

532 1717 767 1771 surgens
797 1699 1080 1767 integrum
1111 1700 1339 1750 maneat
1371 1712 1594 1767 semper
1622 1700 1680 1750 et
1703 1695 2088 1768 incorruptum
2116 1715 2128 1764 ;

2219 1430 2380 1501 (proh
2449 1429 2676 1500 nefas!)
2733 1437 2790 1484 et
2832 1431 3117 1485 edentium
3169 1431 3472 1503 perniciem
3529 1430 3809 1504 pradieat,

2218 1518 2476 1590 quisnam
2507 1519 2746 1573 Domino
2767 1519 3080 1591 passionem
3107 1519 3274 1574 toties
3295 1519 3568 1585 intulerit,
3591 1519 3810 1586 inferat,

2216 1613 2275 1662 et
2302 1607 2507 1662 inferre
2535 1608 2796 1680 deinceps
2823 1608 3048 1674 habeat,
3074 1615 3261 1663 utrum
3283 1608 3541 1662 videlicet
3560 1609 3814 1664 sacerdos

2217 1696 2310 1768 qui
2352 1697 2648 1761 sacriﬁcat,
2680 1715 2752 1752 an
2783 1698 2951 1752 Pater
2989 1698 3084 1770 qui
3130 1697 3440 1752 sacrificata
3484 1697 3810 1764 sanctiﬁcat,

532 1796 591 1846 et
621 1769 812 1844 tamen
841 1788 988 1842 hunc
1015 1801 1183 1857 quem
1212 1785 1331 1856 ejus
1370 1784 1616 1839 instante
1657 1791 1838 1839 morte
1883 1769 2194 1857 percepi-3
2217 1802 2289 1840 an
2319 1786 2494 1840 Filius
2516 1786 2612 1858 qui
2651 1787 3132 1842 communicantes
3161 1787 3438 1854 viviticat;
3470 1803 3544 1840 an
3575 1787 3816 1858 Spiritus

532 1896 678 1946 mus,
735 1893 914 1948 usque
974 1875 1044 1928 ad
1091 1875 1260 1928 finem
1305 1873 1490 1928 saeculi
1537 1873 1607 1928 de
1654 1873 1776 1945 ipso
1813 1873 1964 1945 ligno
2011 1873 2134 1930 vitae

2217 1879 2446 1930 sanctus
2476 1893 2578 1946 per
2601 1893 2767 1947 quem
2803 1892 2870 1930 ea
2896 1881 3053 1930 creat
3097 1881 3154 1930 et
3185 1881 3492 1942 consecrat,
3528 1882 3587 1930 et
3613 1875 3672 1931 in
3709 1891 3817 1948 quo

533 1983 826 2024 sumamus
855 1963 1104 2036 quotidie
1133 1962 1372 2016 fructum
1413 1981 1425 2016 :
1467 1961 1600 2034 quia
1628 1962 1874 2034 profecto
1913 1963 1982 2017 de
2012 1963 2132 2035 ipso
2217 1963 2476 2019 sacerdos
2508 1964 2618 2018 ista
2665 1965 2787 2018 fieri
2833 1965 3155 2037 supplicat;
3205 1982 3277 2019 an
3325 1965 3586 2036 papulus,
3629 1963 3687 2018 id
3730 1970 3818 2020 est

531 2057 686 2128 ligno
713 2056 837 2109 vitae
877 2053 1134 2125 pullulat,
1188 2056 1384 2106 manat
1427 2068 1665 2122 semper,
1717 2051 1984 2107 exuberat
2027 2052 2132 2107 iste
2219 2052 2462 2107 Ecclesia
2492 2059 2550 2107 et
2577 2070 2783 2125 sponsa
2813 2053 3040 2119 Christi,
3075 2071 3198 2125 quae
3227 2053 3604 2108 communicat
3623 2053 3649 2105 ?
3675 2053 3820 2118 Quo-

531 2145 746 2200 fructus
760 2143 902 2198 vitae.
929 2141 1088 2198 Unde
1109 2146 1334 2196 sanctus
1353 2139 1702 2211 Augustinus
1721 2158 1851 2196 cum
1873 2141 2128 2196 dixisset:
2218 2159 2347 2196 rum
2376 2142 2510 2214 quia
2531 2142 2673 2197 nihil
2704 2143 2812 2196 nisi
2841 2143 3007 2196 nimis
3054 2142 3398 2197 mendaciter
3440 2149 3500 2196 et
3541 2141 3819 2214 pernicio-

536 2253 561 2285 ‹‹
594 2235 670 2290 Ut
696 2250 762 2287 ex
782 2232 902 2304 ipso
952 2237 1009 2285 et
1055 2229 1124 2284 ab
1166 2229 1287 2301 ipso
1335 2247 1436 2284 nos
1485 2246 1691 2302 corpus
1738 2231 1860 2302 ejus
1907 2248 2132 2286 carnem
2218 2231 2437 2286 sissime
2468 2236 2656 2303 potest
2675 2231 2801 2297 dici,
2845 2237 3001 2303 patet
3037 2231 3282 2302 profecto
3311 2231 3616 2286 Dominum
3644 2231 3820 2286 semel

531 2322 708 2396 ipsius
757 2321 852 2375 illo
901 2324 1165 2374 manente
1209 2316 1429 2386 integro
1460 2335 1787 2386 sumamus;
1829 2343 1843 2366 ι
1878 2321 2134 2391 protinus
2220 2336 2448 2390 passum
2496 2326 2554 2374 et
2598 2324 2905 2396 mortuum,
2955 2320 3276 2374 nullatenus
3313 2318 3671 2392 postmodum
3717 2307 3836 2390 po;

532 2411 740 2482 adjecit
767 2415 824 2464 et
853 2408 974 2463 ait:
1015 2429 1039 2458 α
1081 2409 1215 2472 Quae
1263 2407 1534 2462 nimirum
1584 2425 1713 2462 caro
1758 2407 1880 2480 ipsa
1928 2414 2031 2475 est,
2081 2413 2138 2462 et
2219 2405 2412 2470 tuisse,
2444 2405 2529 2458 vel
2573 2422 2736 2477 posse
2782 2404 2950 2476 (quod
2998 2404 3168 2475 absit)
3211 2406 3348 2477 pati,
3394 2405 3614 2460 dicente
3656 2404 3819 2460 beato

534 2501 746 2556 fructus
776 2497 951 2571 ipsius
981 2497 1185 2563 carnis,
1219 2501 1283 2551 ut
1329 2495 1481 2550 idem
1527 2514 1752 2569 semper
1795 2502 2038 2563 maneat,
2081 2504 2138 2552 et
2220 2495 2386 2549 Petro
2400 2494 2688 2565 apostolo:
2719 2514 2742 2546 ι
2769 2493 3024 2549 Christus
3050 2495 3222 2549 semel
3235 2511 3338 2565 pro
3358 2494 3600 2566 peccatis
3613 2494 3821 2550 nostris

535 2590 824 2645 universos
853 2588 948 2660 qui
976 2593 1107 2642 sunt
1137 2585 1197 2640 in
1226 2601 1478 2657 corpore,
1512 2591 1724 2658 pascat.
1783 2605 1808 2640 α
1861 2587 2021 2652 Quod
2065 2585 2134 2640 ob
2223 2575 2477 2654 «passus
2525 2589 2613 2636 est
2661 2585 2710 2652 (I
2749 2585 2893 2637 Patr.
2936 2597 3018 2649 1n,
3058 2582 3160 2652 ~18).
3194 2604 3216 2635 ι
3249 2584 3394 2638 Hinc
3421 2582 3574 2638 dicat
3599 2589 3657 2638 et
3683 2600 3820 2656 apo-

533 2678 589 2732 id
621 2693 750 2731 eum
778 2675 943 2730 credo
973 2673 1196 2740 dixisse,
1229 2678 1294 2728 ut
1334 2671 1511 2744 ipsius
1555 2672 1782 2727 Domini
1823 2673 2132 2728 humanum
2217 2673 2394 2726 stolus
2424 2671 2632 2726 Paulus
2658 2690 2668 2724 :
2704 2692 2725 2722 ι
2757 2671 3015 2726 Christus
3035 2673 3208 2726 semel
3230 2671 3454 2727 oblatus
3477 2673 3654 2727 estad
3675 2673 3820 2727 mul-

534 2783 754 2838 corpus,
789 2764 938 2836 quod
969 2762 1308 2818 seminatum
1338 2766 1425 2816 est
1452 2761 1510 2814 in
1542 2765 1742 2828 morte,
1775 2759 1945 2815 fuerit
1974 2761 2134 2831 quasi
2221 2781 2243 2812 ι
2264 2767 2452 2815 torum
2475 2759 2855 2814 exhauriendo
2874 2766 3102 2832 peccata
3117 2763 3269 2830 (lleb.
3293 2776 3367 2827 Ix,
3391 2758 3505 2830 ‘28).
3535 2781 3560 2810 ν
3588 2761 3819 2816 Verum-

529 2872 773 2927 granum
795 2869 1099 2924 semenque
1127 2852 1271 2917 vitae,
1303 2856 1472 2922 atque
1503 2849 1860 2922 postmodum
1905 2850 1972 2904 de
2013 2849 2133 2921 ipso
2216 2855 2404 2904 tamen
2437 2866 2506 2904 ne
2535 2849 2756 2920 reprobi
2785 2850 2975 2904 electis
3005 2851 3195 2904 dicant
3226 2869 3238 2903 :
3274 2851 3460 2905 Semel
3491 2866 3694 2922 passus
3719 2867 3817 2923 pro

533 2948 882 3015 resurgente,
914 2949 1184 3012 tanquam
1213 2941 1281 2993 de
1307 2940 1458 3010 ligno
1477 2939 1622 3007 vitae,
1656 2939 1961 3010 pullularet
1983 2955 2132 2993 sem-
2217 2938 2460 3010 peccatis
2479 2938 2698 3005 vestris,
2719 2937 3046 3010 frequenter
3065 2939 3278 3010 patitur
3298 2955 3402 3010 pro
3419 2940 3664 3006 nostris;
3689 2946 3818 2994 tunc

534 3050 655 3106 per,
685 3039 742 3087 et
767 3031 1006 3104 pullulet
1035 3028 1368 3083 sumendum
1399 3025 1578 3094 nobis,
1610 3027 1759 3082 unde
1779 3027 1950 3082 vitam
1971 3033 2134 3082 zeter-
2158 3087 2198 3106 η
2218 3028 2288 3082 ad
2319 3027 2701 3082 exhauriendo
2729 3028 3044 3099 specialiter
3065 3034 3294 3100 peccata
3320 3029 3653 3094 multorum,
3678 3045 3819 3084 nunc

534 3087 668 3177 itam
692 3122 752 3174 in
800 3118 960 3174 nobis
998 3121 1319 3172 manentem
1362 3115 1653 3170 habemus.
1703 3116 1863 3171 Unde
1905 3134 2136 3188 prorsus
2155 3087 2556 3188 cgeneraliter
2579 3117 2648 3171 ad
2669 3122 3017 3172 cunctorum.
3049 3118 3192 3171 Nam
3220 3117 3324 3189 ipsi
3355 3119 3817 3174 solummodore-

535 3208 788 3281 reprobis
823 3223 934 3261 non
961 3205 1093 3260 licet
1120 3221 1361 3265 sumere,
1403 3203 1568 3258 beato
1597 3221 1794 3259 rursus
1821 3205 2137 3276 Augustino
2218 3205 2378 3278 probi
2399 3207 2718 3276 conﬁngere
2735 3212 2968 3277 possunt
2985 3207 3131 3260 intra
3147 3223 3206 3261 se
3235 3206 3615 3262 deliramenta
3631 3207 3816 3278 hujus-

534 3297 691 3352 sicin
713 3295 908 3350 eodem
925 3294 1169 3366 capitulo
1189 3292 1448 3364 superius
1466 3297 1710 3347 testante
1733 3311 1744 3346 :
1777 3314 1797 3344 ι
1825 3295 1973 3366 quod
2001 3311 2138 3349 sane
2219 3294 2454 3362 cemodi,
2488 3294 2796 3349 secundum
2821 3294 2958 3348 illud
2987 3296 3238 3366 Apostoli
3264 3315 3276 3349 :
3311 3316 3334 3346 ι
3359 3295 3612 3350 Rursum
3642 3296 3814 3352 cruci-

535 3403 736 3458 corpus
759 3384 965 3440 Christi
988 3388 1053 3438 ut
1066 3399 1196 3437 vera
1215 3399 1345 3436 caro
1366 3381 1439 3436 sit
1460 3381 1666 3436 Christi
1687 3399 1786 3454 pro
1809 3383 2002 3437 mundi
2025 3383 2137 3438 vita
2224 3401 2250 3436 α
2283 3385 2519 3455 ﬁgentes
2562 3382 2922 3456 sibimetipsis
2960 3383 3162 3439 Filium
3210 3383 3312 3439 Dei
3354 3385 3543 3456 (Hebr.
3577 3399 3652 3449 v1,
3681 3384 3756 3454 6).
3788 3403 3814 3436 ι

535 3475 784 3548 quotidie
806 3490 907 3546 per
929 3472 1202 3545 Spiritum
1223 3476 1479 3528 sanctum
1507 3477 1885 3539 consecratur,
1922 3489 1988 3526 ex
2025 3489 2137 3544 qua
2217 3471 2378 3527 Absit
2407 3472 2559 3527 enim
2592 3478 2656 3528 ut
2683 3473 2806 3544 ejus
2828 3473 3070 3527 Ecclesia
3084 3478 3142 3527 et
3161 3489 3370 3544 sponsa
3391 3473 3714 3544 passionem
3731 3473 3816 3528 in-

534 3581 649 3620 non
668 3563 916 3618 habeant
935 3566 1269 3634 potestatem
1289 3561 1454 3615 edere
1475 3560 1570 3632 qui
1591 3577 1656 3614 ex
1675 3560 1907 3616 adverso
1936 3567 2085 3616 sunt.
2106 3581 2131 3610 ι)
2218 3560 2363 3616 ferat
2382 3561 2452 3627 ei,
2485 3578 2574 3628 ne,
2615 3561 2865 3633 inquam,
2902 3562 3164 3634 deinceps
3192 3561 3309 3618 haec
3347 3561 3576 3634 reprobi
3611 3563 3811 3627 dicant,

533 3654 853 3708 Vescuntur
879 3656 1070 3707 autem
1099 3667 1166 3704 ea
1195 3650 1468 3720 condigne
1497 3649 1595 3721 qui
1633 3655 1765 3705 sunt
1809 3650 1866 3705 in
1905 3667 2135 3722 corpore
2219 3649 2352 3721 quid
2371 3649 2502 3704 hinc
2519 3649 2678 3704 nobis
2699 3651 2998 3722 Apostolus
3017 3650 3166 3706 dicat
3185 3651 3455 3706 audiant:
3494 3670 3521 3704 ι
3554 3652 3700 3719 Non,
3730 3649 3813 3706 in-

534 3742 704 3809 illius,
766 3746 831 3796 ut
879 3741 1061 3794 solum
1111 3756 1312 3810 corpus
1353 3739 1561 3793 Christi
1608 3738 1744 3793 dum
1793 3745 1877 3794 est
1926 3740 1984 3794 in
2025 3740 2130 3807 via,
2221 3761 2247 3788 α
2281 3739 2425 3811 quit,
2445 3738 2504 3794 in
2527 3739 2862 3794 manufactis
2883 3739 3090 3794 sanctis
3109 3741 3270 3795 Jesus
3290 3740 3549 3794 introivit
3565 3739 3811 3813 exempla

533 3831 712 3903 ipsius
740 3847 906 3885 carne
935 3829 1240 3893 reﬁcietur,
1275 3832 1332 3881 et
1358 3828 1537 3882 discat
1565 3827 1708 3882 nihil
1738 3823 1886 3883 aliud
1919 3829 2134 3884 esurire
2222 3846 2248 3880 «
2280 3845 2559 3894 verorum,
2591 3828 2688 3883 sed
2717 3829 2776 3883 in
2805 3829 2991 3902 ipsum
3021 3829 3242 3894 caelum,
3273 3834 3338 3883 ut
3367 3835 3648 3901 appareat
3672 3844 3808 3884 nunc

537 3937 704 3992 quam
738 3918 1046 3985 Christum,
1079 3917 1219 3971 nihil
1250 3915 1458 3970 sentire
1488 3917 1596 3971 nisi
1644 3917 1952 3986 Christum,
1991 3919 2134 3972 nihil
2219 3935 2245 3970 α
2277 3917 2455 3972 vultui
2479 3917 2579 3973 Dei
2601 3934 2700 3989 pro
2723 3917 2910 3984 nobis;
2937 3934 3114 3990 neque
3140 3923 3202 3971 ut
3221 3934 3367 3990 saepe
3389 3917 3593 3972 oﬂ'erat
3610 3923 3809 3973 semet-

536 4009 687 4064 aliud
713 4024 930 4078 sapere,
968 4023 1081 4060 non
1127 4005 1353 4059 aliunde
1400 4005 1600 4071 vivere,
1653 4023 1764 4060 non
1811 4007 1964 4061 aliud
2013 4024 2136 4062 esse
2221 4006 2485 4078 «ipsum,
2521 4006 2994 4077 quemadmodum
3027 4006 3272 4078 pontifex
3300 4005 3478 4061 intrat
3519 4005 3580 4062 in
3627 4010 3810 4062 sancta

537 4114 704 4168 quam
736 4112 937 4167 corpus
977 4094 1204 4149 Christi.
1249 4093 1393 4148 Hinc
1432 4093 1550 4165 ipse
1595 4112 1833 4166 sponsus
1882 4096 2136 4152 Ecclesia:
2221 4113 2246 4146 α
2289 4113 2389 4167 per
2413 4095 2663 4166 singulos
2693 4111 2870 4150 annos
2909 4094 2966 4149 in
2996 4095 3269 4166 sanguine
3307 4094 3532 4150 alieno:
3568 4095 3809 4169 alioquin

535 4185 829 4246 Dominus,
880 4201 915 4238 a
949 4200 1058 4254 quo
1097 4181 1258 4255 panis
1307 4182 1490 4250 datus,
1551 4183 1736 4251 datur,
1768 4190 1840 4254 .et
1886 4185 2129 4252 dabitur,
2221 4202 2246 4236 «
2279 4183 2573 4256 Oportebat
2599 4201 2726 4239 eum
2758 4184 3083 4255 frequenter
3112 4183 3227 4256 pati
3248 4183 3318 4238 ab
3344 4183 3567 4255 origine
3599 4183 3806 4240 mundi.

537 4275 594 4329 id
623 4279 709 4328 est
733 4289 863 4327 caro
891 4289 1012 4339 sua,
1044 4288 1157 4326 non
1176 4288 1277 4342 pro
1307 4271 1558 4343 reprobis
1589 4278 1646 4326 et
1681 4273 2006 4341 immundis,
2036 4275 2131 4329 sed
2223 4294 2244 4324 ι
2279 4273 2442 4328 Nunc
2470 4278 2658 4328 autem
2691 4273 2864 4328 semel
2885 4272 2949 4327 in
2969 4272 3452 4328 consummatione
3482 4274 3808 4330 saeculorum

537 4380 636 4436 pro
659 4361 961 4429 mundatis,
981 4366 1037 4415 et
1057 4360 1236 4432 magis
1257 4361 1545 4433 magisque
1575 4361 1914 4416 mundandis
1939 4382 1950 4431 ;
1974 4379 2194 4464 mun-D
2218 4379 2246 4414 (ι
2277 4363 2346 4417 ad
2359 4362 2797 4418 destructionem
2819 4362 3031 4434 peccati
3050 4378 3152 4434 per
3169 4362 3411 4417 hostiam
3444 4379 3612 4418 suam
3643 4377 3808 4437 appa-

536 4453 623 4508 dis
653 4452 768 4506 vita
793 4451 928 4505 solis
955 4450 1090 4504 dicit
1120 4450 1310 4504 electis
1338 4450 1455 4505 suis
1485 4469 1496 4505 :
1535 4469 1562 4503 α
1595 4451 1904 4518 Comedite,
1934 4449 2194 4520 amici;"
2219 4474 2241 4500 ι
2274 4451 2392 4504 ruit
2405 4451 2589 4523 (Hebr.
2613 4465 2692 4518 Ix,
2713 4449 2825 4520 ‘24).
2861 4471 2882 4502 ι
2917 4451 3059 4506 Hinc
3097 4467 3329 4523 prorsus
3376 4451 3671 4507 evidenter
3714 4468 3805 4526 ap-

542 4562 565 4594 ι
600 4540 773 4594 bibite
801 4546 858 4594 et
897 4538 1274 4605 inebriamini,
1315 4539 1628 4593 charissimi
1677 4541 1856 4606 (Cant.
1891 4557 1944 4606 v,
1993 4540 2063 4610 1).
2103 4561 2124 4592 ι
2212 4546 2391 4612 paret,
2415 4546 2472 4594 et
2494 4541 2630 4594 satis
2654 4541 2866 4612 liquido
2885 4540 3078 4607 claret,
3105 4557 3222 4596 non
3238 4541 3576 4614 oportuisse,
3611 4541 3806 4597 nedum

537 4629 683 4694 Quia
705 4645 899 4683 revera
927 4619 1295 4697 lignum'vitee
1326 4629 1460 4682 solis
1493 4627 1762 4682 membris
1791 4629 1928 4696 suis,
1958 4630 2014 4684 id
2044 4636 2130 4685 est
2211 4636 2489 4702 oportere,
2511 4629 2814 4683 Dominum
2835 4629 3024 4685 Jesum
3041 4629 3366 4702 frequenter
3379 4630 3496 4702 pati
3516 4629 3588 4685 ab
3603 4629 3810 4701 origine

537 4717 757 4789 corpori
785 4733 906 4783 suo,
939 4717 1034 4770 dat
1071 4733 1272 4788 corpus
1310 4733 1474 4772 suum
1503 4717 1572 4771 de
1601 4734 1849 4790 corpore.
1899 4719 1968 4773 Et
2015 4719 2135 4791 ipse

539 4807 635 4879 qui
665 4805 925 4862 similiter
954 4811 1041 4859 est
1066 4805 1190 4860 vitis
1233 4823 1382 4872 vera,
1427 4805 1749 4877 palmitibus
1787 4807 1844 4862 in
1894 4824 1960 4862 ea
2010 4825 2134 4863 ma-

536 4894 800 4952 nentibus
827 4895 925 4948 dat
951 4894 1254 4948 bibendum
1283 4895 1614 4966 sanguinem
1635 4912 1819 4962 suum,
1845 4897 1989 4952 sicut
2017 4897 2136 4968 ipse

537 4985 674 5041 dicit
709 5001 720 5037 :
758 5007 779 5034 ι
807 4983 915 5048 Qui
944 4983 1246 5038 manducat
1272 5001 1496 5038 carnem
1519 4981 1723 5051 meam,
1753 4991 1810 5039 et
1837 4984 1977 5040 bibit
2002 5003 2134 5042 san-

542 5093 567 5127 α
593 5075 824 5146 guinem
856 5089 1064 5137 meum,
1104 5073 1160 5127 in
1192 5090 1282 5128 me
1303 5078 1512 5140 manet,
1541 5079 1599 5128 et
1628 5091 1730 5146 ego
1769 5074 1827 5129 in
1859 5092 1924 5130 eo
1953 5077 2129 5146 (Joan.

540 5184 566 5214 «
597 5179 672 5232 v1,
708 5165 798 5219 57.
833 5183 858 5214 δ)
909 5161 1202 5233 Reprobus
1239 5179 1369 5216 vero
1413 5163 1655 5218 mundus
1689 5164 2036 5220 manducans
2077 5171 2136 5220 et

536 5253 732 5308 bibens
762 5251 1011 5322 indigne,
1055 5251 1329 5322 judicium
1380 5251 1487 5306 sibi
1531 5252 1836 5307 manducat
1873 5259 1929 5308 et
1970 5253 2128 5309 bibit.

536 5342 663 5396 Non
693 5342 842 5395 enim
875 5341 1124 5412 pascitur
1153 5341 1438 5396 frumento
1486 5341 1812 5409 electorum,
1846 5342 1978 5414 quia
2021 5360 2134 5400 non

538 5433 625 5484 est
640 5429 911 5496 triticum,
943 5429 1040 5483 sed
1085 5430 1262 5501 palea,
1314 5429 1443 5484 licet
1487 5431 1914 5502 praesentialiter
1957 5432 2031 5490 sit
2075 5433 2132 5488 in

537 5533 875 5588 area;neque
885 5523 1112 5589 potatur
1121 5519 1775 5591 sanguineDomini,quia
1786 5526 2132 5578 sarmentum

539 5606 730 5662 sterile
741 5622 852 5662 non
869 5613 1059 5662 manet
1072 5608 1130 5662 in
1148 5609 1279 5675 vite,
1299 5610 1430 5664 licet
1449 5626 1570 5664 esse
1590 5609 1846 5666 videatur
1865 5609 1922 5666 in
1946 5610 2126 5666 vinea.

2218 4719 2434 4774 mundi.
2466 4719 2610 4773 Nam
2636 4719 2683 4772 si
2715 4719 2938 4790 quando
2977 4719 3117 4774 Cain
3159 4719 3361 4774 occidit
3389 4719 3626 4775 fratrem
3654 4736 3808 4776 suum

2216 4807 2373 4875 Abel,
2407 4813 2542 4864 tunc
2571 4823 2768 4880 passus
2795 4807 2991 4862 fuisset
3019 4807 3295 4876 Christus,
3327 4813 3387 4864 et
3411 4809 3586 4864 tertia
3609 4808 3700 4863 die
3729 4823 3810 4862 re-

2217 4913 2453 4968 surgens
2485 4913 2709 4952 rursum
2737 4895 3010 4967 potuisset
3035 4897 3288 4967 cruciﬁgi
3331 4903 3390 4952 et
3425 4897 3622 4964 occidi,
3657 4904 3711 4953 et
3731 4897 3809 4952 ita

2216 5003 2440 5058 semper
2465 4985 2636 5040 tertia
2663 4985 2754 5040 die
2783 5001 3004 5040 crucem
3033 4991 3325 5056 pateretur
3350 5002 3531 5059 usque
3557 4987 3615 5042 in
3644 4987 3804 5042 ﬁnem

2215 5075 2402 5130 saeculi
2429 5093 2441 5143 ;
2474 5075 2794 5130 nullatenus
2821 5078 2957 5128 tunc
2983 5074 3152 5129 toties
3181 5074 3458 5146 potuisset
3495 5091 3600 5130 nec
3629 5075 3804 5148 posset

2215 5163 2352 5236 pati,
2381 5163 2600 5236 quoties
2630 5179 2827 5235 passus
2857 5163 3056 5218 fuisset
3083 5168 3139 5218 et
3161 5167 3468 5235 pateretur,
3506 5164 3556 5218 si
3597 5181 3662 5219 ex
3695 5178 3800 5234 quo

2215 5258 2396 5325 empta
2421 5258 2555 5307 sunt
2578 5251 2878 5307 missarum
2907 5251 3182 5306 solemnia
3215 5251 3509 5318 celebrari,
3549 5251 3800 5308 voluisset

2221 5342 2390 5414 (quod
2411 5341 2577 5411 absit)
2609 5346 2727 5396 toto
2754 5345 3036 5397 terrarum
3064 5340 3198 5396 orbe
3242 5347 3301 5394 et
3339 5341 3502 5420 vellet
3538 5356 3702 5414 usque
3739 5338 3797 5392 in

2218 5432 2387 5487 finem
2417 5430 2612 5486 mundi
2640 5430 2710 5486 ad
2741 5429 2990 5500 singulas
3018 5430 3237 5498 missas,
3269 5447 3394 5502 quae
3413 5429 3657 5502 quotidie
3673 5427 3796 5483 mil-

2217 5520 2362 5576 libus
2387 5526 2444 5576 et
2469 5518 2778 5580 innumeris
2821 5518 2902 5591 [in
2932 5518 3089 5590 locis]
3118 5517 3491 5585 celebrantur,
3521 5519 3652 5592 pati.
3686 5514 3799 5572 Sed

2215 5625 2408 5666 revera
2429 5607 2900 5680 quemadmodum
2923 5624 3278 5680 nequaquam
3299 5613 3434 5666 tunc
3451 5608 3508 5666 in
3530 5623 3676 5666 caena
3691 5621 3800 5659 sui
