3958 6170
320 243 460 304 1517

1766 255 1877 309 EPl
1887 255 2150 311 STOL.’E.

3466 265 3602 322 1518

309 390 513 444 passus
543 379 630 428 est
656 374 880 444 quando
908 376 1168 446 primitus
1196 393 1262 430 ex
1293 393 1434 446 pane
1465 383 1523 431 et
1551 378 1678 432 vino
1708 379 1908 448 digna-
1928 383 2165 440 Aunum
2193 382 2267 436 sit
2285 400 2488 455 corpus
2513 385 2680 440 unius
2703 385 2845 456 Agni
2878 404 2888 438 :
2923 387 3104 442 ethoc
3133 388 3357 456 idcirco,
3386 389 3519 460 quia
3545 396 3601 444 et

311 469 408 516 tus
444 467 532 516 est
564 479 755 517 verum
801 479 1002 535 corpus
1032 471 1090 518 et
1123 465 1454 536 sanguinem
1497 483 1664 520 suum
1703 483 1913 532 creare,

314 567 663 617 consecrare,
687 557 746 606 et
773 553 1057 624 discipulis
1085 553 1203 608 suis
1228 555 1384 611 dare.
1411 560 1674 610 manente
1697 556 1918 625 integro

288 640 574 695 'liumano
615 657 847 712 corpore
873 658 974 696 suo
1009 659 1020 693 :
1065 643 1145 696 ita
1189 643 1516 698 nullatenus
1561 645 1914 715 postmodum

321 745 522 800 passus
557 736 665 795 est,
699 731 913 801 patitur
953 731 1035 785 vel
1084 731 1348 802 patietur,
1383 733 1602 804 quoties
1633 749 1834 804 corpus
1863 739 1921 786 et

315 817 651 888 sanguinem
684 835 847 874 suum
869 837 934 874 ex
955 837 1099 890 pane
1127 827 1283 875 creat
1309 827 1368 875 et
1394 821 1542 875 vino.
1575 821 1736 886 Quod
1761 838 1920 892 aper-

314 907 536 962 tissime
557 907 798 979 probans
827 910 1144 980 Apostolus,
1159 926 1285 964 cum
1304 910 1583 964 divisisset
1604 910 1745 964 illud
1771 910 1916 982 quod

314 997 563 1067 positum
593 997 867 1068 superius,
896 1015 1046 1052 nunc
1065 1005 1255 1053 autem
1277 999 1449 1052 semel
1463 999 1742 1070 apparuit,
1769 999 1919 1053 illico

314 1084 673 1140 subinferens
687 1086 796 1141 ait:
819 1107 840 1138 ι
859 1087 1407 1158 thuemadmodum
1425 1092 1700 1142 statutum
1721 1091 1809 1142 est
1825 1089 1922 1141 ho-

315 1192 343 1226 c
379 1174 632 1229 minibus
658 1176 830 1230 semel
874 1175 1036 1242 mori,
1071 1182 1196 1247 post
1229 1177 1334 1230 hoc
1379 1181 1570 1230 autem
1593 1176 1868 1248 judicium
1904 1195 1916 1230 :

316 1283 342 1316 α
393 1264 474 1317 sic
503 1270 562 1319 et
607 1263 864 1318 Christus
906 1266 1080 1318 semel
1127 1265 1348 1320 oblatus
1385 1271 1472 1320 est
1500 1266 1571 1320 ad
1611 1266 1919 1320 multorum

319 1373 342 1404 ι
377 1353 762 1408 exliaurienda
782 1359 1049 1424 peccata;
1075 1355 1321 1409 secundo
1359 1355 1478 1409 sine
1507 1360 1734 1426 peccato
1753 1371 1921 1427 appa-

327 1463 352 1492 ε
387 1441 535 1496 rebit
560 1441 1009 1513 exspectantibus
1022 1459 1082 1496 se
1104 1443 1162 1497 in
1181 1444 1418 1498 salutem
1443 1445 1587 1506 (Ibid
1605 1461 1740 1498 vers.
1771 1445 1880 1512 27).
1895 1464 1916 1495 ι

323 1531 444 1586 Deo
469 1531 703 1601 gratias,
741 1536 914 1602 patet,
948 1532 1147 1602 placet,
1183 1532 1320 1587 libet
1345 1533 1586 1600 veritas;
1618 1539 1917 1604 prostrata,

324 1625 622 1693 perempta
633 1621 789 1690 jacet
804 1619 1045 1675 falsitas:
1069 1622 1202 1692 quia
1220 1621 1484 1676 nimirum
1505 1639 1633 1677 cum
1652 1623 1922 1677 Dominus

1999 467 2136 523 illud
2185 475 2244 524 et
2279 471 2430 526 istud
2460 488 2652 527 verum
2693 479 2780 527 est
2814 491 3036 546 corpus,
3067 481 3126 530 et
3169 493 3304 531 vera
3348 477 3605 548 pariliter

1999 573 2148 611 caro.
2170 558 2328 641 Quod
2357 565 2421 615 ut
2448 561 2800 616 manifestius
2825 563 2940 630 fiat,
2963 565 3230 636 exemplis
3251 565 3601 620 evidentibus

2000 646 2263 716 probabo.
2297 649 2480 719 Ipsius
2509 651 2734 705 Domini
2765 651 2972 706 Christi
2993 659 3080 707 est
3099 653 3260 715 alius,
3291 670 3403 708 non
3429 655 3598 726 (quod

1999 734 2164 806 absit)
2195 738 2583 807 personaliter,
2631 740 2724 794 sed
2781 741 3116 795 naturaliter
3168 742 3399 813 spiritus
3439 745 3604 814 juxta

1999 823 2368 894 divinitatem,
2392 827 2534 882 alius
2558 829 2892 884 naturaliter
2911 831 3140 900 spiritus
3157 833 3320 901 juxta
3341 831 3600 887 humani-

1999 918 2172 968 tatem
2197 932 2208 966 :
2229 915 2397 970 simul
2416 922 2606 972 tamen
2637 935 2748 972 non
2780 918 2910 984 duo,
2935 919 3033 972 sed
3057 936 3202 974 unus
3228 925 3313 975 est
3339 938 3603 992 persona-

2001 1001 2130 1055 liter
2144 1002 2374 1074 spiritus
2391 1013 2618 1076 propter
2631 1007 2908 1062 unitatem
2925 1024 3195 1078 personis.
3211 1010 3352 1064 Nam
3371 1011 3603 1082 spiritus

2003 1089 2152 1144 Deus
2172 1092 2272 1145 Dei
2296 1093 2486 1160 Filius,
2510 1093 2739 1165 spiritus
2769 1095 2976 1166 ubique
3004 1102 3176 1162 totus,
3203 1115 3480 1170 nusquam
3512 1116 3602 1154 re-

2003 1185 2234 1241 motus:
2285 1187 2343 1234 et
2385 1183 2617 1252 spiritus
2667 1184 2910 1238 hominis
2957 1190 3199 1251 creatus,
3233 1204 3298 1240 ac
3357 1205 3456 1258 per
3499 1188 3604 1241 hoc

1999 1267 2191 1322 localis
2219 1275 2388 1340 atque
2417 1270 2885 1344 circumscriptus,
2918 1273 2988 1328 de
3031 1291 3140 1345 quo
3171 1275 3308 1330 dicit
3346 1277 3599 1346 Evange-

2002 1357 2138 1410 lium
2171 1377 2183 1410 :
2223 1379 2243 1409 ι
2280 1359 2344 1412 Et
2378 1359 2642 1415 inclinato
2683 1362 2864 1434 capite
2901 1363 3090 1417 emisit
3122 1364 3384 1435 spiritum
3415 1367 3596 1432 (Joan.

2004 1461 2118 1510 XIX,
2143 1444 2253 1514 30).
2280 1466 2300 1495 ι
2327 1447 2779 1520 Uniuscujusque
2801 1455 3053 1504 nostrum
3085 1451 3229 1505 alius
3258 1458 3344 1506 est
3375 1457 3604 1508 natura-

2003 1533 2131 1587 liter
2148 1535 2316 1588 homo
2332 1537 2592 1604 exterior,
2615 1538 2760 1592 alius
2781 1538 3031 1600 interior,
3060 1540 3278 1595 dicente
3298 1542 3596 1612 Apostolo:

2008 1641 2034 1676 ε
2064 1624 2132 1676 Et
2157 1623 2205 1676 si
2235 1625 2480 1679 exterior
2503 1626 2672 1681 homo
2703 1632 2893 1682 noster
2919 1629 3315 1701 corrumpitur,
3337 1637 3532 1685 tamen
3554 1631 3603 1686 is

323 1709 385 1764 in
414 1725 574 1764 caena
611 1725 713 1763 sua
741 1709 898 1764 dedit
923 1711 1373 1765 manducandum
1401 1727 1623 1782 corpus,
1655 1717 1712 1766 et
1729 1711 1922 1766 biben-
1945 1727 2033 1795 Β(
2061 1711 2158 1784 qui
2189 1713 2340 1768 intus
2382 1720 2485 1780 est,
2519 1722 2822 1771 renovatur
2857 1718 2926 1772 de
2963 1717 3056 1772 die
3093 1717 3152 1773 in
3190 1718 3338 1774 diem
3369 1721 3453 1780 (ΙΙ
3477 1721 3600 1774 (ἴον.

323 1799 463 1852 dum
493 1798 825 1868 sanguinem
845 1815 1030 1864 suum,
1056 1799 1193 1852 nihil
1211 1799 1344 1852 mali
1363 1799 1536 1854 fuerit
1562 1816 1778 1870 passus,
1797 1817 1924 1854 cum

323 1893 522 1942 tamen
563 1887 750 1942 adhuc
800 1893 951 1942 esset
1002 1887 1280 1960 passibilis
1315 1894 1372 1942 et
1410 1889 1702 1944 mortalis:
1747 1889 1924 1943 multo

321 1975 512 2030 minus
553 1992 853 2047 resurgens
880 1993 916 2030 a
941 1977 1178 2031 mortuis
1206 1978 1560 2048 postmodum
1586 1995 1788 2049 passus
1818 1985 1921 2046 est,

318 2065 556 2137 patitur,
581 2065 668 2119 vel
687 2065 935 2136 patietur
959 2083 1194 2120 manens
1223 2066 1584 2138 impassibilis
1611 2073 1670 2121 et
1695 2067 1923 2122 immor-

318 2154 473 2220 talis,
496 2154 717 2209 dicente
744 2155 1012 2226 Apostolo
1039 2173 1050 2207 :
1083 2179 1102 2202 ιι
1129 2155 1384 2210 Christus
1404 2173 1703 2227 resurgens
1722 2173 1757 2210 a
1778 2173 1923 2210 mor-

323 2263 347 2294 ι
383 2243 501 2299 tuis
522 2245 643 2315 jam
673 2259 786 2298 non
821 2243 1090 2311 moritur;
1123 2261 1276 2298 mors
1303 2245 1385 2298 illi
1415 2245 1563 2300 ultra
1589 2261 1701 2303 non
1739 2245 1920 2300 domi-

321 2350 350 2385 ι
382 2331 614 2387 nabitur
627 2335 798 2400 (Rom.
819 2337 912 2402 ix).
937 2354 958 2384 ι
981 2334 1120 2387 Ecce
1132 2333 1321 2404 qualia
1339 2334 1636 2388 missarum
1649 2335 1922 2390 solemnia

317 2420 679 2476 celebrantur
697 2421 767 2476 ab
795 2422 892 2476 illo
918 2421 1089 2476 nimis
1107 2423 1271 2493 longe
1292 2422 1513 2494 lateque
1541 2423 1767 2477 laudato
1787 2440 1922 2495 pon-

312 2510 524 2576 tiﬁce‘,
557 2511 652 2582 qui
681 2527 782 2582 pro
810 2511 944 2565 solis
973 2510 1227 2582 reprobis
1257 2512 1376 2566 vult
1412 2517 1470 2566 et
1507 2512 1773 2583 praedicat
1799 2513 1920 2566 Do-

313 2600 534 2654 minum
579 2599 756 2654 Deum
807 2606 1063 2655 nostrum
1097 2601 1265 2654 toties
1295 2600 1610 2672 passionem
1647 2601 1912 2672 perferre,

2009 1819 2037 1853 α
2065 1817 2140 1866 1v,
2169 1801 2274 1872 16).
2302 1825 2326 1850 ιι
2352 1803 2532 1858 Simul
2553 1810 2743 1858 autem
2763 1822 2875 1860 non
2897 1806 3151 1861 homines
3173 1807 3302 1873 duo,
3332 1809 3428 1862 sed
3458 1825 3606 1864 unus

2006 1894 2094 1944 est
2141 1891 2328 1957 homo,
2359 1896 2502 1946 teste
2539 1891 2661 1964 ipso
2704 1894 2928 1948 Christo
2967 1895 3061 1967 qui
3091 1902 3275 1950 totum
3315 1897 3604 1952 hominem

2007 1977 2136 2033 fecit
2173 1995 2372 2034 sanum
2423 1981 2481 2034 in
2517 1979 2768 2036 sabbato.
2806 1981 2965 2036 Alius
2993 1989 3080 2037 est
3121 1985 3354 2054 spiritus
3392 1986 3515 2054 Dei,
3549 1991 3607 2041 et

2003 2067 2148 2122 alius
2167 2074 2254 2122 est
2281 2069 2524 2123 hominis
2549 2069 2779 2141 spiritus
2819 2089 2830 2124 :
2867 2077 2921 2125 et
2950 2076 3138 2126 tamen
3175 2095 3195 2123 ι
3229 2074 3324 2143 qui
3355 2074 3606 2129 adhazret

2008 2176 2033 2208 (ί
2064 2157 2320 2223 Domino,
2350 2174 2497 2213 unus
2525 2159 2758 2230 spiritus
2789 2164 2874 2213 est
2912 2161 2962 2226 (1
2991 2162 3113 2216 σον.
3159 2177 3234 2227 vi,
3272 2161 3377 2231 l7).
3418 2182 3443 2214 »
3477 2163 3603 2218 Alia

2004 2253 2091 2300 est
2113 2248 2484 2318 personaliter
2498 2265 2626 2302 caro
2654 2249 2776 2315 viri,
2811 2249 2923 2303 alia
2951 2249 3138 2304 uxoris
3163 2269 3172 2302 :
3208 2250 3376 2304 simul
3408 2257 3599 2306 autem

2001 2350 2117 2390 una
2145 2340 2232 2389 est
2251 2351 2400 2402 caro,
2432 2337 2654 2390 dicente
2678 2337 2966 2408 Scriptum
3001 2355 3012 2390 :
3049 2356 3076 2391 α
3109 2339 3178 2392 Et
3206 2344 3372 2394 erunt
3398 2339 3512 2394 duo
3541 2340 3600 2394 in

2006 2442 2030 2476 α
2060 2441 2229 2478 carne
2258 2441 2370 2480 una
2399 2427 2579 2495 (Ibid,
2613 2442 2748 2480 vers.
2787 2423 2890 2490 16).
2932 2446 2955 2478 ι
2986 2427 3143 2492 Quod
3177 2440 3458 2499 exponens
3487 2429 3598 2484 Do-

2001 2513 2189 2567 minus
2219 2514 2300 2568 ait
2331 2514 2389 2568 in
2421 2515 2716 2584 Evangelio
2757 2533 2768 2568 :
2818 2534 2844 2569 ¢
2884 2517 3082 2587 Itaque
3122 2517 3242 2587 jam
3287 2521 3422 2572 sunt
3461 2517 3593 2582 duo,

2004 2623 2030 2653 «
2057 2603 2152 2656 sed
2172 2620 2286 2658 una
2307 2619 2437 2658 caro
2471 2604 2681 2674 (Matth.
2715 2621 2830 2668 xxx,
2859 2605 2935 2675 6).
2979 2625 3002 2655 ι
3035 2605 3196 2670 Quod
3226 2605 3596 2662 historialiter

309 2687 536 2758 quoties
554 2688 624 2742 ad
647 2688 823 2756 altare
843 2695 1258 2744 sacramentum
1281 2689 1531 2761 corporis
1551 2693 1609 2743 et
1625 2690 1916 2760 sanguinis
2001 2692 2226 2762 quidem
2244 2692 2461 2748 factum
2481 2693 2662 2747 sciens
2689 2694 2990 2764 Apostolus
3011 2695 3070 2748 in
3101 2694 3280 2748 Adam
3302 2699 3360 2749 et
3389 2694 3445 2748 in
3466 2695 3598 2762 Eva,

313 2776 544 2831 Domini
584 2777 794 2848 satagit
819 2778 1078 2833 sacerdos
1106 2779 1342 2846 offerre;
1375 2795 1502 2832 cum
1543 2795 1738 2834 rursus
1781 2779 1918 2833 dicit
1997 2787 2412 2836 sacramentum
2427 2788 2618 2837 tamen
2645 2799 2914 2854 magnum
2943 2783 3606 2856 spiritualiterinterpre-

313 2865 622 2936 Apostolus
653 2884 665 2919 :
692 2886 724 2919 ι
737 2867 801 2921 In
828 2867 1114 2921 voluntate
1135 2867 1236 2921 Dei
1255 2867 1586 2922 sanctificati
1603 2885 1798 2923 sumus
1818 2885 1919 2940 per
1997 2875 2152 2924 tatur
2180 2870 2238 2925 in
2267 2871 2490 2926 Christo
2511 2877 2568 2926 et
2597 2871 2656 2926 in
2687 2871 2948 2926 Ecclesia.
2975 2872 3124 2942 Ergo
3149 2873 3270 2942 jam
3302 2872 3468 2926 modo
3499 2889 3601 2944 pa-

320 2973 344 3006 ι
371 2953 716 3011 oblationem
735 2955 984 3028 corporis
995 2958 1126 3010 Jesu
1143 2956 1559 3011 Christi'semel.
1573 2976 1594 3007 ι
1612 2957 1920 3024 Item,«Hic
1998 2965 2133 3020 teat,
2155 2960 2388 3032 placeat,
2413 2961 2604 3028 libeat,
2629 2977 2783 3031 rogo,
2809 2961 2958 3032 quod
2978 2961 3124 3015 Deus
3145 2961 3328 3028 homo,
3354 2959 3600 3016 Verbum

321 3064 344 3094 ε
372 3049 563 3099 autem
619 3061 791 3100 unam
845 3061 947 3117 pro
1001 3045 1241 3116 peccatis
1285 3045 1522 3100 offerens
1569 3045 1826 3112 hostiam,
1859 3047 2124 3111 inCcaro
2167 3049 2267 3103 dat
2304 3051 2558 3105 Ecclesiae
2595 3067 2730 3115 suae,
2765 3067 2982 3121 sponsa;
3023 3068 3154 3114 suae,
3191 3049 3345 3105 carni
3391 3049 3605 3105 scilicet

319 3151 351 3188 ε
384 3133 796 3205 sempiternum
836 3135 995 3190 sedet
1033 3135 1104 3188 ad
1145 3135 1432 3195 dexteram
1468 3135 1588 3201 Dei,
1621 3135 1692 3189 de
1719 3141 1918 3190 caetero

323 3241 350 3274 ι
387 3228 716 3295 exspectans
731 3224 907 3279 donec
925 3232 1208 3295 ponantur
1225 3223 1436 3278 inimici
1467 3225 1588 3295 ejus
1617 3225 1919 3279 scabellum

322 3329 352 3364 ι
387 3311 593 3382 pedum
623 3313 767 3383 ejus.
803 3313 984 3368 Unam
1015 3313 1165 3368 enim
1196 3312 1536 3368 oblationem
1564 3330 1920 3368 consumma-

325 3418 352 3452 α
384 3401 465 3455 vit
491 3401 550 3456 in
592 3401 999 3472 sempiternum
1033 3401 1411 3456 sanctificatis.
1439 3404 1620 3470 (llebr.
1663 3420 1716 3468 x,
1745 3399 1853 3470 10).
1891 3419 1917 3455 ι

396 3490 447 3544 7.
471 3489 580 3544 Sed
609 3495 675 3544 ut
699 3489 932 3544 tandem
956 3490 1256 3562 aliquando
1280 3492 1426 3546 hanc
1454 3491 1722 3546 adversus
1741 3491 1924 3545 inimi-

316 3595 450 3634 cum
497 3578 748 3634 veritatis
779 3579 1314 3650 disputatiunculam
1345 3581 1460 3634 Deo
1492 3580 1737 3635 donante
1766 3581 1921 3634 clau-

313 3668 472 3732 dam,
504 3668 724 3722 noverit
771 3667 866 3739 qui
912 3668 1018 3722 hoc
1057 3667 1212 3735 dicit,
1257 3669 1406 3740 quod
1444 3669 1718 3724 Dominus
1761 3671 1790 3724 J
1796 3686 1923 3724 esus

313 3758 644 3812 nullatenus
665 3757 797 3811 illuc
824 3773 1050 3812 rursum
1079 3758 1197 3829 pati
1217 3758 1389 3825 venit,
1422 3759 1571 3830 quod
1601 3775 1712 3814 non
1738 3765 1924 3830 potest

315 3861 444 3901 esse
479 3863 490 3899 :
521 3845 620 3900 sed
647 3862 849 3918 panem
881 3850 938 3899 et
975 3845 1166 3900 vinum
1198 3846 1257 3900 in
1285 3863 1487 3918 corpus
1507 3852 1565 3901 et
1590 3847 1921 3918 sanguinem

313 3951 487 3990 suum
514 3934 896 3990 consecrando
927 3924 1078 3990 venit
1104 3941 1344 4002 vertere,
1387 3936 1536 4006 quod
1565 3935 1724 3991 nobis
1752 3935 1921 3990 nimis

317 4030 411 4079 est
451 4039 696 4078 necesse.
745 4023 987 4078 Mundus
1030 4023 1204 4094 igitur
1246 4025 1472 4089 electus,
1526 4025 1768 4080 Ecclesia
1797 4025 1916 4092 Dei,

317 4130 530 4184 sponsa
559 4113 788 4180 Christi,
817 4113 1140 4168 nullatenus
1173 4113 1357 4180 debet,
1391 4130 1492 4167 nec
1521 4114 1714 4185 utique
1741 4118 1925 4186 potest

319 4202 400 4257 ibi
429 4203 734 4258 Dominum
764 4219 958 4257 rursus
987 4202 1131 4257 mori
1159 4203 1496 4269 desiderare,
1522 4202 1618 4257 ubi
1646 4219 1788 4260 novo
1807 4220 1926 4258 cor-

321 4309 462 4364 pore
489 4295 548 4346 et
573 4291 848 4361 sanguine
878 4309 980 4346 suo
1011 4292 1163 4346 venit
1190 4308 1318 4346 eum
1349 4292 1642 4359 viviﬁcare,
1675 4309 1921 4364 pascere,

1998 3155 2132 3205 suae,
2165 3139 2613 3194 manducandam
2637 3156 2862 3194 carnem
2891 3157 3054 3194 suam
3075 3141 3144 3194 de
3165 3140 3468 3210 semetipso
3496 3139 3599 3194 Dei

1999 3228 2180 3297 Agno,
2203 3244 2425 3299 semper
2441 3234 2632 3284 tamen
2653 3234 2914 3283 manente
2935 3229 3076 3295 vivo,
3103 3245 3329 3300 semper
3353 3229 3597 3299 integro.

2003 3315 2182 3384 Igitur
2201 3333 2380 3370 suam.
2404 3317 2596 3384 Lucet,
2629 3318 2828 3387 placet,
2853 3316 3006 3384 libet,
3041 3317 3191 3388 quod
3209 3317 3319 3371 alia
3349 3317 3604 3389 speciali-

2001 3408 2090 3456 ter
2115 3408 2201 3457 est
2227 3420 2356 3458 caro
2384 3403 2908 3478 inconsumptibilis,
2941 3410 2998 3458 et
3025 3405 3136 3466 alia
3157 3405 3518 3476 sumptibilis,
3543 3409 3602 3459 et

2003 3479 2116 3544 alia
2134 3492 2452 3562 specialiter
2469 3491 2846 3563 corruptibilis
2873 3493 3087 3564 (Heri'g.
3122 3509 3238 3561 cap.
3276 3493 3328 3561 5)
3365 3509 3376 3544 :
3407 3498 3600 3548 tamen

2003 3597 2038 3633 a
2074 3579 2243 3634 dante
2283 3596 2451 3634 carne
2495 3581 2686 3634 datam
2715 3596 2942 3634 carnem
2989 3579 3266 3651 accipiens
3292 3597 3422 3636 caro
3451 3581 3604 3636 salu-

2003 3665 2178 3722 briter
2202 3667 2495 3733 sumendo,
2521 3667 2712 3722 futura
2735 3666 3174 3740 incorruptibilis
3195 3686 3208 3721 :
3232 3667 3600 3725 nihilominus

2002 3773 2225 3827 quoque
2271 3755 2439 3810 debet
2493 3758 2696 3825 lucere,
2729 3759 2969 3830 placere,
3019 3757 3212 3824 libere,
3250 3758 3398 3829 quod
3429 3758 3601 3815 simul

1999 3861 2116 3900 una
2143 3850 2229 3900 est
2253 3845 2588 3900 naturaliter
2603 3863 2751 3913 caro,
2773 3845 2932 3912 dans,
2948 3846 3097 3907 data.
3119 3846 3430 3918 accipiens:
3456 3847 3606 3902 vide-

2001 3935 2131 3989 licet
2145 3933 2456 4000 invisibilis,
2481 3935 2771 4002 vescenda,
2789 3951 3040 4002 vescens;
3067 3934 3598 4007 inconsumptibilis,

2003 4023 2295 4090 sumenda,
2331 4039 2597 4078 sumens:
2635 4024 2997 4096 quoadusque
3035 4024 3247 4080 scilicet
3281 4025 3602 4080 inconsum-

2005 4112 2214 4184 ptibilis
2239 4129 2340 4184 per
2358 4113 2690 4167 sumendam
2715 4113 2795 4168 sic
2820 4122 3136 4170 sumentem
3155 4114 3456 4170 reficiendo
3481 4131 3604 4187 per-

2005 4202 2174 4268 ficiat,
2207 4207 2274 4256 ut
2307 4201 2566 4256 exhibeant
2617 4202 2723 4257 sibi
2768 4203 3092 4273 gloriosam,
3145 4220 3259 4258 non
3302 4203 3604 4258 habentem

2006 4292 2286 4347 maculam
2315 4295 2415 4346 aut
2442 4308 2660 4361 rugam,
2693 4298 2794 4346 aut
2825 4292 2978 4346 aliud
3020 4293 3314 4363 ejusmodi,
3349 4298 3406 4346 et
3431 4309 3605 4348 unam

323 4385 542 4454 potare,
563 4385 622 4434 et
639 4397 740 4452 per
756 4380 1006 4451 singulos
1025 4380 1146 4435 dies
1167 4397 1292 4434 vere
1311 4383 1331 4404 ¹’
1351 4381 1520 4435 simul
1544 4398 1608 4436 ac
1639 4399 1924 4437 renovare.
1949 4366 2201 4435 Dsecum
2226 4380 2388 4450 (sicut
2407 4381 2508 4453 est)
2521 4397 2744 4434 carnem
2764 4381 2940 4450 gratis
2959 4382 3028 4434 ad
3055 4381 3293 4452 gloriam
3312 4383 3600 4453 perducat.

325 4471 478 4525 Sane
500 4469 788 4524 sciendum
810 4475 896 4524 est
915 4468 1074 4524 nobis
1091 4469 1432 4536 omnimodo,
1457 4471 1604 4542 quod
1627 4471 1756 4526 licet
1777 4471 1931 4526 aliud

325 4559 652 4630 specialiter
678 4574 882 4630 corpus
908 4558 1135 4626 Christi,
1159 4559 1308 4614 unde
1329 4560 1587 4631 superius
1616 4561 1748 4626 dixi,
1782 4561 1930 4632 quod

323 4648 490 4703 sedet
525 4647 595 4702 ad
629 4647 916 4702 dexteram
961 4647 1060 4704 Dei
1097 4666 1108 4713 ;
1153 4654 1211 4702 et
1237 4649 1391 4703 aliud
1428 4649 1746 4720 specialiter
1779 4650 1930 4704 istud

327 4737 480 4809 quod
508 4736 776 4792 divinitus
806 4741 1032 4792 creatur
1057 4743 1115 4792 et
1143 4743 1501 4794 consecratur
1537 4738 1786 4810 quotidie
1825 4756 1928 4795 no-

325 4843 464 4881 vum
497 4845 510 4879 :
543 4825 708 4881 simul
733 4831 924 4880 tamen
962 4843 1075 4881 non
1117 4827 1228 4882 duo
1258 4833 1390 4882 sunt
1415 4827 1586 4900 (quod
1617 4827 1782 4898 absit)
1810 4845 1926 4882 cor-

325 4932 486 4987 pora,
506 4915 603 4970 sed
631 4932 842 4970 unum:
865 4915 1145 4986 siquidem
1173 4916 1316 4972 sicut
1343 4933 1544 4988 corpus
1565 4922 1623 4971 et
1641 4923 1922 4984 carnatus,

325 5003 410 5058 sic
451 5002 622 5058 etiam
667 5003 856 5058 homo.
889 5003 1046 5058 Istud
1084 5009 1272 5059 autem
1313 5021 1425 5058 non
1457 5010 1544 5059 est
1579 5005 1766 5072 homo,
1797 5006 1928 5061 licet

327 5108 462 5148 vera
493 5092 569 5147 sit
593 5108 724 5147 caro
759 5111 772 5146 :
804 5098 1190 5148 verumtamen
1219 5085 1278 5148 et
1302 5093 1441 5148 illud
1467 5111 1669 5167 corpus
1690 5100 1748 5149 et
1775 5094 1926 5149 istud

329 5181 502 5254 quod,
528 5182 675 5236 sicut
707 5182 791 5238 ait
826 5187 1054 5237 sanctus
1092 5182 1460 5254 Augustinus,
1493 5183 1832 5242 transfertur
1867 5185 1926 5240 in

328 5270 490 5324 illud.
525 5269 608 5325 Ob
633 5271 688 5324 id
723 5288 834 5325 non
862 5271 974 5326 duo
1001 5276 1136 5326 sunt
1161 5289 1414 5344 corpora,
1444 5273 1542 5327 sed
1573 5289 1768 5339 unum,
1796 5274 1928 5330 licet

329 5359 486 5414 aliud
513 5359 589 5414 sit
614 5360 932 5431 specialiter
960 5361 1118 5428 illud,
1140 5360 1292 5416 aliud
1323 5361 1475 5416 istud
1499 5380 1510 5416 :
1538 5363 1672 5432 quia
1700 5379 1928 5434 prorsus

330 5447 506 5519 adeps
541 5448 636 5502 ille
671 5449 960 5516 frumenti,
995 5450 1052 5506 id
1081 5455 1168 5505 est
1195 5449 1456 5505 divinitas
1483 5450 1670 5516 Verbi,
1697 5451 1832 5506 facit
1867 5459 1933 5508 ut

2011 4471 2212 4525 Amen.

2573 4541 2919 4596 EPIS'I‘OLA
2948 4541 3040 4595 IV.

2411 4645 2481 4683 AD
2513 4646 2830 4684 IIINCMARL'M
2861 4647 3200 4685 RHEMENSEM.

2589 4735 2676 4798 [Ex
2721 4735 3020 4800 Sirmondo.]

2081 4825 2552 4882 Reverentissimo
2581 4833 2638 4880 et
2661 4827 3178 4882 desiderantissimo
3203 4827 3380 4895 fratri,
3409 4835 3466 4883 et
3491 4846 3602 4884 me—

2007 4917 2118 4970 rito
2146 4923 2310 4972 recta:
2339 4917 2466 4971 ﬁdei
2487 4933 2552 4970 ac
2569 4933 2720 4970 sanae
2749 4917 3108 4988 professionis
3135 4915 3205 4970 ab
3225 4917 3484 4972 omnibus
3513 4934 3606 4972 ca-

2007 5005 2229 5061 tholiuis
2257 5006 2362 5060 rite
2389 5005 2724 5071 venerando,
2743 5007 3027 5060 llmcmno
3056 5003 3322 5076 pontiﬁci,
3341 5006 3603 5062 RABANUS
3676 5011 3690 5024 ‘

2007 5111 2294 5150 servorum
2323 5094 2424 5149 Dei
2453 5111 2646 5148 servus
2675 5093 2734 5148 in
2763 5094 3000 5149 Domino
3026 5100 3295 5148 aeternam
3323 5099 3483 5166 optat
3515 5111 3604 5150 sa-

2008 5184 2204 5238 lutem.
2258 5215 2270 5230 ο

2059 5271 2337 5327 ‘Proximo
2365 5288 2512 5338 vere,
2533 5272 2638 5327 hoc
2665 5278 2752 5327 est
2781 5273 2837 5327 in
2867 5271 3069 5326 Martio
3089 5287 3300 5338 mense,
3327 5272 3386 5327 in
3404 5272 3603 5329 diebus

2011 5361 2484 5432 Quadragesimaa,
2519 5361 3002 5433 appmpinquante
3037 5361 3293 5415 Paschali
3334 5363 3602 5418 solemni-

2011 5457 2147 5518 tate,
2169 5456 2352 5506 vester
2375 5451 2610 5505 nuntius
2629 5451 2700 5506 ad
2726 5467 2816 5505 me
2836 5449 3065 5504 veniens
3092 5451 3336 5522 portavit
3361 5457 3606 5510 vestram

406 5577 432 5603 ι
465 5564 690 5621 Scilicet
716 5567 1026 5634 Paschasio,
1060 5583 1228 5638 quem
1258 5565 1467 5622 ironice
1498 5567 1816 5638 pontificem
1850 5574 2031 5626 vocat.
