4018 6168
485 287 626 344 1519

1081 283 1140 336 Β.
1186 281 1454 336 RABANI
1493 279 1724 335 MAURI
1764 277 2098 334 ARCHIEP.
2142 276 2468 333 MOGUNT.
2511 277 2808 334 OPERUM
2847 276 3031 333 PARS
3070 277 3167 332 lll.

3632 276 3768 336 1520

481 409 797 480 epistolam,
830 407 999 463 simul
1027 411 1086 460 et
1114 404 1443 477 opusculum
1471 403 1622 476 quad
1654 403 1864 459 fecistis
1891 403 1964 458 ad
1985 419 2081 458 re-
2097 404 2151 465 Α
2169 420 2194 456 «
2226 401 2379 458 Deus
2406 417 2509 474 pro
2535 400 2713 468 nobis,
2747 401 2874 474 quis
2899 406 3099 457 contra
3125 401 3268 456 nos?
3296 400 3406 466 Qui
3428 401 3605 456 etiam
3632 417 3767 474 pro-

482 499 668 554 clusos
699 503 758 552 et
791 495 1073 568 simplices
1103 495 1199 566 qui
1236 494 1295 549 in
1333 500 1521 549 vestra
1566 493 1832 565 parochia
1869 493 2082 548 consis-

481 593 631 653 tunt,
662 590 859 642 contra
909 582 1223 640 Gotescalci
1269 599 1541 638 errorem.
1587 581 1872 638 Alferebat
1908 581 2081 636 etiam

481 692 673 730 secum
699 675 940 730 aliorum
968 673 1196 744 scripta,
1227 671 1323 744 qui
1351 671 1756 743 prepemodum
1785 669 2082 726 memorati

480 763 727 820 heretici
763 763 968 834 dogma
996 767 1330 833 sequuntur,
1364 761 1464 816 sed
1501 776 1617 815 non
1656 775 2078 832 usquequaque.

481 855 629 910 Nam
658 851 997 908 Prudentius
1022 850 1352 906 Tricassinaa
1388 849 1632 905 civitatis
1661 849 1976 920 episcopus,
2008 847 2081 902 ad

482 959 578 999 vos
607 948 664 997 et
692 941 764 996 ad
789 941 1097 996 Pardulum
1116 939 1384 1007 scribens,
1409 938 1573 1010 plura
1599 937 1924 992 testimonia
1944 953 2083 1010 pra;-

477 1031 777 1087 teritorum
813 1031 1046 1086 Patrum
1093 1028 1153 1083 in
1195 1026 1660 1100 quaternionibus
1692 1027 1810 1082 suis
1835 1026 2077 1097 collegit,

480 1121 542 1176 in
560 1119 764 1192 quibus
781 1118 1085 1190 aliquando
1104 1122 1296 1172 nostro
1320 1116 1511 1172 sensui
1530 1116 1846 1181 concordat,
1871 1116 1975 1170 hoc
1995 1120 2082 1170 est

482 1209 579 1265 ubi
605 1208 742 1264 dicit
768 1207 980 1280 peccati
1008 1212 1296 1262 auctorem
1324 1206 1505 1261 Deum
1540 1222 1653 1261 non
1681 1222 1821 1269 esse,
1853 1221 1956 1260 nec
1981 1203 2082 1259 ali-

482 1313 651 1370 quem
697 1297 769 1351 ad
806 1295 1149 1368 peccandum
1194 1294 1553 1365 compellere,
1599 1293 1894 1365 praemium
1950 1309 2080 1347 vero

476 1385 649 1458 justis
673 1385 950 1441 immensa
981 1383 1168 1455 gratia
1194 1381 1632 1437 misericorditer
1660 1381 1928 1450 tribuere,
1959 1398 2081 1454 poe-

483 1492 618 1532 nam
645 1480 839 1530 autem
858 1472 1191 1544 condignam
1212 1470 1421 1543 iniquis
1436 1487 1538 1543 pro
1557 1471 1720 1527 malis
1738 1487 1930 1526 eorum
1953 1488 2082 1543 ope-

483 1563 639 1620 ribus
662 1564 817 1634 juste
843 1561 1099 1629 reddere,
1123 1560 1258 1633 quia
1274 1561 1468 1633 justus
1487 1565 1574 1616 cst
1585 1560 1857 1615 Dominus
1884 1559 1943 1614 in
1967 1576 2084 1615 om-

484 1653 652 1709 nibus
683 1650 782 1706 viis
805 1651 940 1717 suis,
970 1656 1027 1706 et
1044 1654 1270 1705 sanctus
1299 1649 1357 1704 in
1373 1648 1635 1705 omnibus
1660 1648 1924 1721 operibus
1942 1648 2078 1704 suis.

486 1741 597 1796 Sed
624 1739 848 1811 quando
867 1738 1007 1793 dicit
1025 1739 1173 1810 quod
1194 1739 1360 1805 Deus,
1390 1738 1535 1793 sicut
1553 1739 1760 1793 electos
1788 1737 2079 1810 praedesti-

440 1852 449 1867 ε
484 1828 711 1884 natione
731 1844 836 1883 sua
852 1827 922 1882 ad
943 1827 1234 1899 praemium
1252 1833 1527 1883 aeternum
1550 1827 1824 1899 perducit,
1850 1827 1930 1882 ita
1940 1844 2081 1899 pra:-

485 1917 857 1973 destinatione
885 1933 991 1971 sua
1015 1922 1182 1988 cogat
1205 1922 1525 1989 peccatores
1554 1916 1614 1971 in
1640 1917 1936 1972 interitum
1974 1917 2076 1985 ire,

486 2007 593 2062 hoc
623 2006 762 2062 mihi
799 2005 1020 2061 videtur
1054 2005 1116 2060 in
1155 2005 1587 2077 congregatione
1630 2005 2079 2062 testimoniorum

483 2111 716 2152 suorum
758 2094 940 2150 facere
970 2095 1127 2160 velle,
1170 2100 1235 2150 ut
1264 2095 1559 2151 credamus
1587 2100 1645 2150 et
1687 2096 2076 2162 conﬁteamur,

478 2184 644 2255 juxta
666 2182 1027 2239 traditionem
1055 2183 1384 2250 Gotesralci,
1413 2183 1699 2253 geminam
1718 2199 1841 2238 esse
1870 2183 2082 2255 praede-

481 2272 842 2328 stinationem
867 2291 878 2326 :
911 2271 1126 2327 scilicet
1152 2272 1299 2343 quod
1328 2273 1476 2327 sicut
1502 2272 1708 2328 electos
1737 2272 2079 2344 praesciendo

482 2368 542 2418 et
562 2361 1011 2434 prmdestinando
1040 2362 1191 2417 Deus
1212 2361 1367 2417 ducit
1397 2361 1469 2416 ad
1496 2360 1690 2427 vitam,
1713 2361 1795 2416 ita
1810 2361 2078 2434 reprobus

480 2451 822 2523 pmsciendo
851 2456 910 2506 et
935 2450 1386 2523 prazdestinando
1403 2450 1573 2505 ducat
1597 2450 1669 2505 ad
1697 2466 1942 2522 poenam.
1968 2451 2078 2506 Sed

479 2540 614 2612 quia
640 2540 747 2595 hoc
772 2556 1053 2611 nusquam
1095 2539 1157 2595 in
1209 2539 1512 2611 Scripturis
1538 2538 1710 2594 sacris
1738 2539 1817 2594 ita
1859 2539 2076 2594 mixtim

479 2630 723 2701 positum
751 2629 958 2695 inveni,
981 2630 1104 2700 ejus
1130 2627 1525 2683 traditionibus
1546 2628 1820 2683 assentire
1848 2644 1962 2683 non
1989 2646 2079 2684 ac-

478 2719 725 2789 quiesco.
765 2717 1107 2788 Singillatim
1134 2724 1325 2773 autem
1353 2717 1569 2773 cunctis
1601 2717 2076 2789 propositionibus

475 2809 601 2878 ejus
630 2824 730 2878 per
756 2807 979 2877 singula
1006 2807 1125 2861 loca
1152 2807 1509 2878 respondere,
1535 2812 1593 2862 et
1618 2806 1912 2862 sententiis
1942 2806 2070 2873 illis,

477 2911 617 2967 quas
663 2895 783 2966 ipse
812 2913 877 2950 ex
918 2895 1108 2950 multis
1156 2895 1313 2950 libris
1353 2896 1732 2966 congregavit,
1763 2895 2073 2951 contrarias

2168 513 2193 542 ι
2224 490 2349 563 prio
2368 491 2485 546 ﬁlio
2510 507 2611 546 suo
2636 507 2750 547 non
2775 491 3043 562 pepercit,
3064 490 3165 546 sed
3193 506 3295 562 pro
3322 489 3484 545 nobis
3502 489 3766 548 omnibus

2168 598 2196 633 α
2226 579 2464 635 tradidit
2485 596 2635 635 eum.
2669 579 2960 645 Quomodo
2986 596 3120 651 ergo
3149 595 3261 651 non
3288 579 3459 635 etiam
3492 596 3627 635 cum
3666 580 3764 636 illo

2166 691 2194 719 α
2223 669 2415 725 omnia
2452 669 2614 725 nobis
2659 669 2925 725 donavit?
2958 687 2987 724 ι
3016 671 3191 726 (Rom.
3233 686 3342 736 vni,
3373 667 3497 738 '28.)
3525 670 3593 725 In
3630 669 3766 742 Epi-

2163 758 2311 813 stola
2328 770 2521 814 autem
2537 774 2640 814 sua
2666 758 2737 813 ad
2759 757 3028 831 Ephesios
3043 757 3126 813 ita
3140 758 3392 830 loquitur
3406 758 3767 814 dicensmBe-

2165 864 2194 900 α
2224 847 2655 917 nedictusDeus
2675 847 3149 903 etPaterDomini
3170 847 3347 902 nostri
3370 847 3507 902 Jesu
3531 846 3761 914 Christi,

2167 956 2192 989 ι
2227 936 2323 1007 qui
2370 935 2658 992 benedixit
2712 953 2815 992 nos
2869 936 2930 992 in
2979 937 3136 992 omni
3206 935 3597 993 benedictione
3645 936 3763 1009 spi-

2166 1042 2195 1079 ¢
2225 1023 2377 1080 ritali
2413 1025 2474 1081 in
2518 1025 2836 1081 coelestibus
2874 1026 2934 1081 in
2978 1024 3223 1092 Christo,
3268 1025 3417 1081 sicut
3453 1025 3630 1097 elegit
3660 1041 3764 1082 nos

2167 1132 2192 1167 ι
2223 1119 2355 1170 ante
2384 1115 2577 1170 mundi
2607 1115 3084 1180 constitutionem,
3118 1121 3183 1170 ut
3221 1131 3473 1170 essemus
3500 1114 3681 1170 sandi
3705 1121 3766 1171 et

2167 1222 2192 1253 (ι
2224 1203 2568 1259 immaculati
2584 1204 2643 1258 in
2665 1209 2966 1276 conspectu
2985 1205 3110 1276 ejus
3132 1204 3193 1260 in
3211 1203 3491 1260 σιω-ηοω
3514 1205 3614 1276 qui
3625 1222 3765 1278 pre-

2165 1310 2193 1345 ‹‹
2218 1291 2519 1348 destinavit
2546 1309 2646 1348 nos
2671 1292 2732 1349 in
2757 1293 3119 1365 adoptionem
3153 1292 3400 1349 ﬁliorum
3443 1310 3549 1366 per
3571 1294 3761 1350 Iesum

2167 1400 2193 1433 (ί
2227 1381 2513 1437 Christum
2535 1382 2593 1437 in
2612 1381 2795 1454 ipsum
2818 1382 3127 1437 secundum
3140 1381 3493 1454 propositum
3512 1383 3762 1439 volunta-

2167 1490 2190 1522 ι
2223 1469 2297 1526 tis
2318 1487 2451 1537 suae,
2484 1471 2542 1526 in
2562 1471 2786 1526 laudem
2806 1470 2999 1543 gloriae
3024 1471 3223 1543 gratias
3249 1487 3385 1534 sure,
3418 1471 3478 1527 in
3509 1488 3763 1544 quagra-

2167 1579 2191 1612 ι
2225 1559 2460 1615 tiﬁcavit
2487 1576 2590 1615 nos
2617 1559 2675 1614 in
2699 1559 2903 1616 dilecto
2933 1560 3049 1615 ﬁlio
3086 1576 3208 1626 suo,
3247 1560 3307 1615 in
3336 1577 3451 1633 quo
3488 1560 3761 1618 habemus

2166 1666 2194 1702 ι
2227 1649 2669 1722 redemptionem
2696 1666 2797 1721 per
2825 1649 3157 1721 sanguinem
3194 1650 3339 1721 ejus,
3369 1650 3758 1708 remissionem

2096 1705 2143 1765 Β
2165 1755 2196 1790 ι
2225 1705 2602 1809 peccatorum,
2632 1705 3194 1794 secundumvdivitias
3460 1741 3607 1811 ejus,
3638 1705 3759 1812 qn;

2166 1846 2190 1879 ι
2225 1826 2701 1898 superabundavit
2722 1827 2783 1882 in
2799 1827 2959 1882 nobis
2984 1827 3045 1883 in
3066 1827 3224 1883 omni
3248 1827 3529 1900 sapientia
3548 1834 3609 1884 et
3634 1845 3761 1901 ιιι-πο

2164 1933 2193 1970 α
2223 1915 2417 1972 dentia
2428 1922 2495 1972 ut
2516 1922 2714 1972 notum
2732 1916 2941 1971 faceret
2957 1915 3119 1972 nobis
3135 1922 3555 1973 sacramentum
3572 1917 3759 1973 volun-

2164 2023 2191 2058 ι
2222 2005 2357 2061 tatis
2384 2023 2500 2061 sua!
2541 2005 2850 2062 secundum
2890 2004 3096 2061 bonum
3132 2006 3404 2079 placitum
3440 2008 3569 2078 ejus
3612 2005 3757 2079 quod

2163 2112 2189 2147 ι
2223 2093 2516 2166 proposuit
2559 2093 2619 2149 in
2662 2111 2729 2149 eo
2773 2093 2833 2149 in
2878 2094 3357 2166 dispensationem
3392 2095 3759 2167 plenitudinis

2162 2198 2191 2236 ι
2226 2189 2564 2255 temporum,
2602 2182 2907 2239 instaurari
2953 2183 3144 2239 omnia
3168 2183 3231 2239 in
3276 2185 3504 2240 Christo
3542 2201 3669 2257 que
3693 2185 3750 2240 in

2163 2291 2188 2325 ι
2219 2272 2373 2328 caelis
2409 2278 2465 2326 et
2493 2289 2618 2344 qua:
2644 2271 2704 2328 in
2731 2279 2883 2328 terra
2906 2277 3041 2328 sunt
3076 2273 3135 2327 in
3166 2273 3308 2344 ipso,
3340 2273 3401 2328 in
3428 2290 3544 2344 quo
3570 2280 3631 2329 et
3656 2290 3752 2330 vos

2162 2379 2187 2414 ι
2216 2377 2345 2416 cum
2380 2361 2681 2417 audissetis
2723 2359 2953 2416 verbum
2995 2361 3220 2417 \irtutis
3257 2362 3625 2434 Evangelimn
3660 2378 3752 2418 sa.

2161 2470 2185 2502 ι
2219 2450 2353 2506 lutis
2400 2456 2616 2517 vestrae,
2660 2456 2719 2506 et
2766 2450 3063 2506 credentes
3106 2450 3314 2522 signati
3366 2451 3503 2506 estis
3550 2451 3751 2524 spiritu

2160 2556 2187 2592 α
2221 2539 2609 2611 promissionis
2644 2546 2855 2607 sancto,
2905 2539 3001 2612 qui
3041 2545 3129 2596 est
3164 2540 3371 2612 pignus
3408 2540 3752 2596 hereditatis

2158 2646 2185 2682 α
2215 2634 2425 2684 nostrae
2451 2628 2509 2683 in
2548 2628 2991 2701 redemptionem
3018 2629 3407 2701 acquisitionis
3434 2629 3496 2684 in
3530 2629 3751 2685 laudem

2158 2737 2183 2771 ι
2214 2718 2407 2788 gloriae
2435 2717 2612 2790 ipsius
2660 2718 2871 2788 (Ephes.
2912 2735 2949 2779 ι,
2996 2716 3074 2783 3.)
3122 2736 3151 2771 ι
3190 2718 3373 2783 Quam
3413 2718 3751 2773 sententiam

2153 2804 2351 2862 beatus
2358 2806 2686 2862 Ambrosius
2695 2812 2867 2878 atque
2876 2807 3254 2880 Hieronymus
3266 2807 3342 2862 ita
3352 2813 3753 2878 exposuerunt,

2151 2895 2362 2951 scilicet
2393 2896 2498 2950 hoc
2523 2895 2834 2950 decrevisse
2859 2895 3061 2962 Deum,
3093 2899 3159 2951 ut
3183 2895 3478 2951 credentes
3502 2895 3568 2950 in
3586 2896 3753 2951 Chri-

474 2984 783 3039 sententias
798 3000 1080 3055 apponere
1100 3000 1213 3038 non
1229 3001 1320 3038 me
1338 2984 1614 3055 permittit
1629 2983 1931 3039 inﬁrmitas
1952 2998 2074 3038 cor-
2095 2989 2303 3056 _stum
2354 2984 2761 3056 adoptarentur
2802 2985 2862 3039 in
2915 2985 3061 3040 ﬁlios
3110 2985 3233 3040 Dei.
3286 2984 3561 3040 Prescius
3606 2985 3754 3040 Deus

472 3072 646 3143 poris,
673 3089 776 3127 nec
802 3047 1076 3142 aegritudo
1104 3047 1428 3127 senectutis.
1449 3073 1583 3138 Quae
1606 3079 1796 3128 autem
1825 3073 1896 3127 de
1925 3089 2068 3145 prae-
2090 3047 2134 3108 C
2151 3073 2405 3129 omnium
2458 3047 2619 3129 scivit
2659 3073 2754 3145 qui
2788 3073 3058 3129 credituri
3103 3080 3293 3129 essent
3331 3075 3389 3129 in
3438 3073 3751 3141 Christum,

471 3160 711 3216 scientia
737 3166 795 3215 et
812 3161 1302 3232 praedestinatione
1319 3161 1419 3216 Dei
1435 3161 1492 3215 in
1511 3161 1685 3216 sacris
1704 3160 1862 3216 libris
1876 3161 2064 3228 didici,

470 3254 531 3303 et
556 3249 864 3304 sententias
883 3266 1023 3320 quas
1047 3249 1310 3322 probatas
1342 3266 1376 3309 a
1395 3251 1677 3306 canonicis
1703 3249 2070 3323 scriptoribus

469 3337 529 3393 in
549 3338 753 3394 divinis
779 3339 1155 3394 Testamentis
1183 3338 1391 3406 inveni,
1417 3344 1587 3412 prout
1608 3339 1894 3395 memoriae
1930 3345 2068 3395 tunc

468 3427 852 3491 occurrebant.
876 3427 936 3483 in
964 3427 1248 3500 opusculis
1277 3429 1419 3484 meis
1442 3429 1673 3495 inserui,
1705 3446 1830 3502 quas
1858 3429 1930 3484 ad
1957 3429 2068 3484 No-

466 3516 687 3588 tingum
718 3517 1039 3589 episcopum
1070 3523 1129 3573 et
1156 3517 1543 3574 Eberhardum
1573 3518 1837 3574 comitem
1862 3524 2064 3590 praete-

464 3605 575 3661 rito
590 3611 844 3677 tempore
863 3612 1060 3662 contra
1075 3607 1385 3663 Gotescalci
1406 3607 1910 3664 crrorem.confeci.
1929 3606 2065 3672 Quae

464 3695 639 3750 etiam
666 3695 952 3768 opuscula,
975 3712 1101 3768 quae
1120 3695 1338 3752 dixistis
1365 3696 1515 3769 quod
1536 3702 1881 3753 memoratus
1899 3695 2064 3752 Gete—

460 3784 675 3840 scalcus
693 3801 763 3839 ea
789 3791 1177 3858 corrumperet
1200 3802 1267 3841 ac
1280 3784 1523 3854 vitiaret,
1540 3785 1696 3842 vobis
1710 3785 1877 3841 modo
1894 3790 2063 3857 prout

461 3889 497 3928 a
524 3890 615 3932 me
645 3873 856 3929 dictata
882 3880 1017 3930 sunt
1033 3874 1105 3929 ad
1125 3874 1424 3945 legendum
1452 3874 1758 3941 transmisi,
1775 3880 1834 3930 et
1850 3874 1899 3929 si
1927 3874 2062 3946 quid

2148 3162 2296 3218 sicut
2317 3162 2452 3218 dicit
2485 3162 2556 3218 ad
2598 3163 2900 3224 Romanos.
2934 3179 3075 3234 quos
3116 3163 3392 3234 praescivit
3427 3168 3491 3218 et
3515 3163 3752 3231 vocavit,

2148 3251 2376 3322 nosznon
2390 3252 2573 3306 solum
2585 3268 2651 3307 ex
2668 3251 2896 3320 Judaais,
2918 3251 3014 3307 sed
3036 3251 3206 3307 etiam
3221 3251 3587 3322 augentibus.
3600 3252 3753 3316 Quos

2147 3345 2340 3396 autem
2365 3340 2517 3396 Deus
2552 3339 2760 3396 dicitur
2790 3357 3007 3406 vocare,
3042 3346 3405 3412 perseverant
3432 3341 3495 3395 in
3521 3340 3658 3396 ﬁde.
3681 3340 3750 3396 Hi

2147 3436 2281 3485 sunt
2298 3446 2440 3501 quos
2455 3429 2628 3501 elegit
2640 3434 2773 3485 ante
2802 3429 3078 3485 mundum
3094 3429 3156 3485 in
3175 3429 3421 3496 Christo,
3442 3433 3513 3485 ut
3528 3429 3651 3485 sint
3666 3429 3751 3485 in-

2146 3518 2513 3575 contaminati
2529 3535 2720 3574 coram
2735 3519 2854 3574 Deo
2873 3519 2934 3574 in
2947 3518 3239 3585 charitate,
3258 3518 3368 3574 hoc
3390 3524 3481 3574 est
3499 3527 3569 3575 ut
3590 3529 3751 3574 amor

2144 3607 2248 3664 Dei
2285 3612 2539 3663 sanctam
2585 3607 2754 3663 iaciat
2799 3607 3301 3664 conversationem.
3348 3607 3513 3673 Quod
3556 3613 3745 3664 autem

2142 3695 2263 3750 ait:
2298 3713 2326 3748 α
2358 3697 2423 3752 In
2449 3696 2723 3752 charitate
2758 3697 3177 3769 predestinavit
3203 3713 3307 3754 nos
3334 3715 3350 3765 ;
3384 3716 3415 3751 ι
3444 3697 3745 3770 duplici”

2142 3783 2462 3856 legendum,
2501 3790 2569 3840 ut
2603 3784 2869 3853 charitas,
2911 3785 3166 3846 velicum
3204 3784 3614 3858 superioribus,
3662 3783 3744 3842 vel

2141 3889 2271 3929 cum
2310 3872 2668 3930 inferioribus
2696 3874 3011 3947 copuletur.
3044 3875 3188 3930 Cum
3228 3873 3621 3946 superioribus
3644 3875 3741 3943 ita,

458 3960 520 4016 in
549 3961 632 4017 eis
659 3963 1073 4018 emendandum
1103 3964 1196 4027 sit,
1242 3968 1427 4019 vestro
1460 3963 1675 4034 judicio
1705 3963 1886 4034 magis
1913 3963 2061 4034 eligo
2146 3982 2172 4015 ι
2203 3968 2270 4018 ιιι
2294 3978 2543 4018 essemus
2569 3963 2748 4018 sancti
2765 3963 3181 4019 etimmaculati
3198 3979 3389 4020 coram
3408 3963 3743 4034 ipsoineb-

446 4050 663 4120 'corrigi
692 4067 862 4121 quam
908 4051 1176 4106 hazretici.
1220 4053 1407 4108 Pauca
1436 4052 1663 4124 quidem
1700 4052 1883 4107 adhuc
1907 4051 2062 4107 testi—
2145 4069 2174 4105 et
2203 4051 2390 4117 ritate,
2428 4072 2450 4103 ι
2491 4057 2547 4107 ct
2582 4057 2779 4124 postea
2816 4058 3106 4124 sequatur,
3147 4070 3176 4106 α
3206 4051 3621 4125 Ρηθίίθειὶηω
3642 4068 3741 4108 nos

457 4137 650 4194 monia
676 4139 748 4194 de
774 4139 1042 4210 apostolis
1070 4145 1129 4195 et
1170 4141 1457 4212 prophetis
1484 4141 1575 4196 hic
1603 4141 1902 4196 inserenda
1927 4157 2060 4195 cen-
2144 4161 2169 4192 ι
2200 4141 2261 4195 in
2281 4140 2637 4212 adoptionem
2658 4141 2902 4197 ﬁliorum
2922 4158 3023 4214 per
3047 4142 3243 4198 Iesum
3270 4140 3565 4197 Christum
3584 4142 3645 4197 in
3664 4142 3742 4213 ip-

457 4227 566 4283 sui.
596 4232 876 4299 quatenus
901 4232 1126 4284 tentent
1152 4229 1212 4283 hi
1241 4230 1336 4301 qui
1374 4229 1923 4301 praedestinationem
1957 4229 2057 4285 Dei
2143 4247 2171 4279 α
2194 4245 2343 4285 sum.
2368 4248 2396 4283 υ
2428 4231 2569 4284 Cum
2600 4229 2955 4286 inferioribus
2980 4236 3172 4286 autem
3190 4230 3291 4298 sic,
3318 4248 3343 4281 ι
3374 4229 3435 4284 in
3462 4230 3741 4287 σιω-ξω
3840 4296 3851 4307 ι

458 4317 519 4371 in
537 4321 658 4372 tam
680 4332 918 4388 pravum
937 4333 1166 4374 sensum
1191 4324 1407 4374 vertere
1434 4319 1647 4387 volunt,
1671 4324 1737 4375 ut
1764 4319 1942 4375 Deum
1971 4319 2059 4373 di-
2076 4321 2168 4383 Du
2200 4318 2604 4390 praedestinans
2631 4335 2734 4375 nos
2769 4319 2830 4374 in
2856 4319 3217 4392 adoptionem
3244 4317 3494 4374 ﬁliorum
3521 4336 3626 4392 per
3648 4320 3740 4376 Je-

457 4410 590 4460 cant
603 4405 1096 4477 praedestinatione
1116 4424 1221 4463 sua
1243 4412 1532 4464 auctorem
1546 4425 1670 4463 esse
1685 4409 2053 4480 perditorum,

456 4500 650 4549 utrum
677 4511 744 4550 ex
773 4495 965 4551 divina
991 4497 1326 4552 auctoritate
1356 4513 1486 4553 suas
1520 4497 1868 4553 inventiones
1900 4497 2055 4553 afﬁr-

458 4599 615 4638 mare
629 4589 857 4655 possent
871 4601 945 4639 an
963 4600 1096 4640 non.
1123 4586 1238 4657 Ego
1258 4591 1449 4642 autem
1475 4602 1755 4659 nusquam
1773 4586 2058 4658 praedesti-

456 4671 745 4728 nationem
773 4672 833 4727 in
851 4673 1000 4729 malo
1025 4675 1288 4746 positam,
1311 4680 1586 4746 quantum
1605 4675 1885 4743 recordor,
1906 4670 2055 4731 inve-

454 4761 533 4829 ni,
564 4760 664 4816 sed
692 4777 916 4834 semper
934 4762 994 4818 in
1022 4761 1252 4820 bonum.
1283 4764 1431 4819 Nam
1459 4763 1658 4820 beatus
1682 4765 1892 4820 Paulus
1916 4781 2054 4837 apo-

451 4849 630 4906 stolus
655 4849 717 4905 in
755 4850 1004 4922 Epistola
1029 4851 1102 4907 ad
1138 4852 1421 4908 Romanos
1448 4853 1531 4908 ita
1560 4853 1788 4925 scripsit
1810 4853 2000 4909 dicens
2034 4870 2048 4907 :

458 4960 481 4993 α
517 4940 735 4996 Scimus
784 4944 976 4997 autem
1027 4941 1176 5012 quod
1212 4941 1575 5013 diligentibus
1626 4943 1807 4998 Deum
1861 4942 2051 4998 omnia

453 5050 481 5079 σε
512 5028 964 5101 cooperanturin
984 5027 1195 5085 bonum
1223 5030 1313 5086 his
1341 5029 1439 5102 qui
1465 5031 1774 5087 secundum
1801 5031 2052 5104 proposi-

455 5138 483 5172 α
515 5125 637 5174 tum
682 5119 861 5174 \ocati
899 5123 1035 5174 sunt
1079 5119 1278 5174 sancti.
1311 5120 1458 5175 Nam
1495 5137 1635 5192 quos
1664 5121 1958 5192 praescivit,
1988 5126 2050 5177 et

454 5228 477 5258 ι
511 5207 925 5279 praedestinavit
969 5206 1281 5263 conformes
1319 5208 1441 5264 ﬁeri
1488 5209 1753 5281 imaginis
1796 5209 1897 5264 ﬁlii
1932 5209 2042 5278 sui,

453 5314 481 5348 α
513 5302 577 5351 ut
602 5298 677 5352 sit
699 5297 819 5368 ipse
838 5297 1250 5369 primogenitus
1278 5298 1337 5352 in
1361 5299 1553 5354 multis
1580 5297 1869 5355 fratribus.
1892 5299 2044 5363 Quos

454 5404 479 5433 α
511 5392 702 5439 autem
721 5386 1158 5457 praedestinavit,
1188 5387 1292 5442 hos
1319 5392 1377 5443 et
1400 5387 1631 5456 vocavit,
1655 5393 1713 5443 et
1731 5404 1872 5461 quos
1890 5403 2046 5443 voca-

453 5492 480 5521 ιι
512 5472 609 5537 vit,
642 5473 742 5527 hos
767 5475 1185 5546 etjustiﬁcavit.
1223 5477 1374 5542 Quos
1402 5482 1593 5534 autem
1614 5477 1963 5549 justiﬁcavit,
1980 5476 2046 5531 il-

451 5578 480 5612 σι
512 5559 595 5616 los
624 5565 682 5616 et
705 5562 1057 5632 gloriﬁcavit.
1097 5565 1242 5630 Quid
1273 5582 1404 5636 ergo
1425 5567 1675 5624 dicemus
1703 5567 1773 5624 ad
1804 5566 1956 5623 haec?
1985 5566 2045 5623 Si

2141 4426 2167 4461 ‹‹
2201 4425 2330 4463 sum
2358 4408 2645 4464 Christum
2673 4408 2733 4463 in
2760 4409 2903 4481 ipso,
2936 4426 2964 4463 ι
2998 4408 3057 4464 id
3085 4414 3174 4465 est
3201 4407 3443 4475 Christo,
3475 4408 3577 4480 qui
3601 4424 3741 4465 nun-

2137 4513 2307 4570 quam
2334 4513 2448 4552 non
2474 4496 2583 4552 fuit
2609 4497 2761 4553 ﬁlius
2788 4516 2800 4552 :
2834 4513 2938 4552 nos
2964 4513 3099 4552 vero
3122 4513 3237 4555 non
3264 4496 3475 4552 fuimus
3504 4496 3611 4552 ﬁlii
3637 4512 3737 4553 an-

2135 4591 2366 4658 tequam
2385 4585 2767 4658 praedestinati
2794 4602 3045 4643 essemus
3079 4602 3208 4641 cum
3234 4585 3377 4658 ipso.
3401 4585 3524 4641 Hoc
3548 4590 3737 4642 autem

2136 4675 2569 4748 praedestinavit,
2604 4681 2670 4732 ut
2696 4674 2931 4732 haberet
2955 4679 3293 4748 potestatem
3314 4673 3469 4730 ﬁlius
3486 4674 3595 4730 Dei
3616 4673 3736 4730 ﬁeri

2133 4764 2318 4820 omnis
2345 4764 2442 4836 qui
2461 4765 2689 4821 credere
2716 4764 3061 4821 voluissetin
3088 4764 3304 4836 ipsum;
3321 4762 3456 4836 quia
3480 4779 3652 4819 nemo
3676 4764 3735 4819 ﬁ-

2134 4853 2244 4910 lius
2273 4853 2376 4909 Dei
2403 4853 2526 4909 ﬁeri
2553 4853 2755 4927 potuit,
2792 4852 2902 4910 nisi
2929 4853 3099 4909 ﬁdem
3127 4858 3187 4909 et
3230 4852 3570 4908 charitatem
3610 4868 3731 4925 qua

2131 4959 2233 5015 per
2266 4929 2623 4998 dilectionem
2653 4949 2938 5016 operatur,
2986 4941 3213 4998 habeat.
3244 4941 3459 4998 Idcirco
3496 4958 3615 4998 non
3649 4946 3729 4997 est

2131 5032 2267 5099 Deo,
2304 5016 2627 5104 qui'salutis
2661 5031 2921 5087 humanm
2949 5035 3009 5087 et
3032 5030 3310 5086 bonorum
3344 5031 3603 5087 omnium
3628 5046 3725 5086 sn-

2128 5125 2251 5176 ctor
2267 5126 2372 5188 est,
2392 5119 2647 5177 seductio
2665 5119 2910 5177 hominis
2927 5124 2987 5175 et
3003 5118 3258 5192 deceptio
3274 5118 3621 5190 deputanda,
3632 5133 3726 5192 per

2129 5225 2297 5282 quam
2310 5209 2369 5264 in
2381 5214 2623 5266 mortem
2633 5209 2799 5265 cadat
2806 5215 3139 5282 perpetuam
3155 5227 3168 5263 :
3181 5208 3280 5265 sed
3295 5207 3721 5279 magissibimst-

2128 5299 2256 5371 ipsi,
2275 5299 2369 5372 qui
2397 5299 2637 5372 propriae
2653 5298 3135 5371 concupiscentiae,
3166 5297 3253 5353 vel
3290 5296 3501 5353 diaboli
3523 5312 3715 5369 sum

2126 5388 2297 5444 stioni
2307 5388 2687 5457 consentiens;
2706 5394 2999 5462 peccatum
3012 5386 3332 5455 committit,
3348 5386 3713 5443 necindecou-

2126 5477 2355 5549 dignam
2400 5477 2790 5550 penitentiam
2836 5481 2969 5533 ante
3014 5474 3231 5532 obitum
3270 5491 3439 5548 agere
3464 5472 3706 5532 voluerit.

2127 5567 2287 5633 Quod
2317 5567 2602 5639 apostolus
2641 5565 2883 5624 Jacobus
2911 5565 3158 5624 ostendit
3204 5563 3395 5622 dicens
3428 5584 3441 5620 :
3476 5584 3501 5618 ι
3544 5564 3707 5621 Nemo
