4018 6168
243 379 379 438 1521

1691 386 2074 442 EPISTOLzE.

3382 384 3406 439 1
3418 383 3520 443 522

239 524 268 560 α
299 521 431 560 cum
459 509 712 566 tentatur
739 505 890 559 dicat
908 505 1175 576 quoniam
1199 523 1234 561 a
1253 507 1368 562 Deo
1389 512 1660 562 tentatur.
1693 509 1842 564 Deus
1859 512 1910 572 A
1931 510 2082 564 aliud
2097 515 2182 563 est
2195 509 2420 562 tentari.
2455 509 2599 562 Nam
2628 508 2749 562 sine
2769 509 3082 563 tentatione
3103 509 3371 580 probatus
3397 523 3518 564 esse

239 615 262 644 α
315 595 466 650 enim
517 594 825 648 intentator
854 595 1131 649 malorum
1160 602 1263 661 est,
1299 596 1418 667 ipse
1447 601 1637 651 autem
1667 599 1840 652 nemi-

237 701 264 736 a
300 701 432 738 nem
459 688 660 738 tentat.
680 683 1076 756 Unusquisque
1093 701 1222 740 vero
1251 690 1503 740 tentatur
1521 705 1556 740 a
1573 687 1838 758 concupi-

239 794 262 824 ι
299 773 516 828 scentia
539 789 642 826 sua
670 771 982 827 abstractus
1013 773 1303 828 etillectus
1327 793 1338 826 :
1360 775 1562 830 deinde
1581 775 1839 846 concupi-

235 881 261 912 ι
297 861 514 916 έοθιιιίει
540 878 667 916 cum
691 863 1168 934 conceperitparit
1201 869 1509 934 peccatum,
1546 869 1835 934 peccatum

235 971 262 1004 α
289 967 424 1004 vero
451 967 578 1005 cum
609 956 1060 1005 consummatum
1108 952 1280 1005 tuerit
1320 958 1557 1022 generat
1593 958 1834 1007 mortem

229 1041 370 1110 (Jac.
394 1058 430 1106 ι,
474 1039 579 1108 13).
612 1059 638 1092 ))
675 1039 944 1110 Superius
977 1039 1044 1094 de
1076 1040 1500 1105 tentationibus,
1547 1058 1685 1112 quas
1714 1058 1837 1113 per-

230 1129 495 1184 mittente
515 1127 752 1182 Domino
793 1128 1040 1182 exterius
1083 1127 1354 1200 probandi
1379 1131 1565 1200 gratia
1589 1130 1835 1202 perpeti-

232 1235 382 1284 mur,
411 1217 735 1289 disputavit.
779 1219 939 1272 Nunc
955 1217 1153 1288 incipit
1188 1235 1354 1288 agere
1373 1219 1567 1273 deillis
1588 1235 1726 1290 quas
1756 1221 1838 1273 in-

232 1307 413 1362 terius
442 1307 748 1377 instigante
779 1305 1020 1373 diabolo,
1054 1307 1138 1360 vel
1167 1307 1338 1362 etiam
1371 1313 1587 1363 naturae
1632 1315 1838 1364 nostra;

230 1395 539 1467 fragilitate
569 1395 860 1462 suadente,
894 1396 1226 1450 toleramus.
1257 1397 1362 1452 Ubi
1405 1397 1588 1468 primo
1613 1397 1836 1453 illorum

230 1484 476 1540 destruit
496 1501 766 1549 errorem,
785 1484 881 1556 qui
913 1485 1059 1539 sicut
1079 1484 1254 1540 bonas
1272 1486 1640 1556 cogitationes
1659 1503 1690 1541 a
1721 1488 1836 1541 Deo

228 1573 394 1628 nobis
423 1578 643 1628 constat
689 1573 971 1645 inspirari,
1005 1573 1086 1628 ita
1117 1575 1290 1628 etiam
1323 1576 1499 1630 malas
1526 1575 1647 1646 ipso
1679 1576 1836 1631 insti-

225 1668 402 1734 gante
426 1667 629 1734 putant
641 1669 833 1718 nostra
855 1663 912 1717 in
937 1669 1126 1717 mente
1144 1664 1428 1735 generari.
1455 1681 1481 1716 α
1506 1665 1682 1718 Nemo
1705 1682 1838 1736 ergo

230 1768 364 1806 cum
406 1757 662 1806 tentatur
688 1753 839 1806 dicat
865 1751 1130 1824 quoniam
1162 1769 1196 1806 a
1225 1753 1340 1807 Deo
1370 1757 1642 1819 tentatur,
1679 1773 1705 1806 »
1741 1755 1838 1809 illa

1921 599 2109 654 nullus
2125 603 2328 669 potest.
2363 599 2487 650 Non
2509 613 2642 667 ergo
2669 595 2759 650 hic
2774 603 2968 652 oratur
2987 603 3051 651 ut
3070 614 3182 652 non
3206 602 3511 664 tentemur,

1919 688 2018 740 sed
2048 692 2112 740 ut
2137 703 2250 741 non
2291 686 2604 740 inferamur
2631 687 2688 740 in
2717 686 3087 740 tentationem
3118 705 3130 740 :
3170 691 3439 758 tanquam
3470 687 3516 742 si

1919 775 2216 846 quispiam,
2249 775 2338 830 cui
2368 791 2595 829 necesse
2626 780 2713 828 est
2741 775 2871 846 igne
2896 775 3222 840 examinari,
3256 791 3368 829 non
3398 782 3522 830 oret

1918 868 1982 917 ut
2002 863 2132 933 igne
2156 880 2266 917 non
2283 863 2658 934 contingatur,
2675 864 2772 916 sed
2795 869 2859 918 ut
2877 880 2990 917 non
3011 869 3293 918 exuratur.
3325 885 3347 914 ε
3372 864 3520 918 Vasa

1921 971 1946 1002 «
1983 951 2130 1006 enim
2153 952 2309 1022 figuli
2330 951 2529 1023 probat
2551 952 2766 1018 fornax,
2788 957 2846 1006 et
2869 952 3125 1006 homines
3141 953 3326 1022 justos
3339 957 3521 1008 tenta-

1923 1060 1946 1093 c
1972 1040 2050 1095 tio
2072 1040 2449 1095 tribulationis
2471 1042 2656 1106 (Eccli.
2692 1057 2860 1106 xxvu,
2883 1040 2960 1110 6).
3000 1061 3021 1092 ι
3056 1041 3218 1096 Multi
3239 1047 3426 1096 autem
3461 1041 3516 1095 in

1917 1131 2196 1202 precando
2219 1130 2300 1184 ita
2323 1129 2532 1184 dicunt:
2551 1130 2632 1184 Ne
2649 1145 2750 1184 nos
2772 1130 3005 1201 patiaris
3041 1130 3226 1184 induci
3250 1131 3306 1184 in
3331 1136 3516 1185 tenta-

1917 1221 2151 1284 tionem,
2175 1223 2515 1290 exponentes
2535 1218 2793 1272 videlicet
2810 1220 3089 1289 quomodo
3107 1219 3320 1274 dictum
3334 1220 3409 1273 sit
3422 1222 3516 1272 in-

1916 1309 2104 1363 ducas.
2130 1309 2317 1376 (Cypr.
2349 1308 2414 1361 de
2441 1311 2690 1361 oratione
2719 1309 3048 1376 Dominz'ca).
3078 1327 3103 1360 α
3131 1308 3254 1373 Qua
3271 1308 3328 1362 in
3357 1313 3518 1379 parte

1919 1397 2237 1452 ostenditur
2265 1395 2408 1450 nihil
2429 1401 2625 1450 contra
2647 1413 2750 1450 nos
2779 1396 3164 1451 adversarium
3195 1413 3374 1468 posse,
3409 1398 3516 1452 nisi

1917 1487 2068 1540 Deus
2090 1493 2220 1540 ante
2250 1484 2596 1558 permiserit:
2629 1490 2691 1540 ut
2721 1485 2903 1538 omnis
2933 1485 3106 1539 timor
3122 1492 3330 1553 noster,
3355 1491 3413 1540 et
3430 1487 3521 1542 de-

1917 1573 2668 1646 votio,atqueobservatioad
2692 1573 2872 1628 Deum
2895 1578 3267 1640 convertatur,
3295 1576 3518 1646 quando

1919 1662 1977 1717 in
2005 1663 2412 1718 tentationibus
2441 1663 2648 1717 nostris
2678 1662 2816 1717 nihil
2848 1663 2997 1716 malo
3025 1663 3192 1718 liceat
3220 1663 3326 1718 nisi
3358 1670 3518 1735 pote-

1921 1756 2040 1806 stas
2063 1751 2194 1806 inde
2226 1751 2529 1806 tribuatur.
2569 1771 2592 1802 ι
2625 1753 2781 1816 Quod
2817 1757 3006 1806 autem
3037 1751 3128 1805 ille
3167 1751 3518 1808 Corbeiensis

230 1841 492 1896 videlicet
509 1841 840 1908 tentatione,
866 1858 976 1912 qua
994 1841 1146 1896 dives
1183 1841 1444 1896 incedens
1464 1843 1524 1896 in
1538 1841 1835 1898 itineribus
1861 1854 1898 1910 ί)
1919 1841 2226 1895 monachus
2248 1841 2308 1895 in
2327 1841 2564 1912 epistola
2581 1857 2682 1895 sua
2708 1841 3046 1912 vituperavit
3073 1858 3192 1906 nos,
3227 1858 3340 1896 non
3369 1847 3519 1898 recte

228 1931 350 1985 suis
377 1930 690 1996 marcescit,
715 1930 773 1984 id
793 1936 898 1996 est,
935 1947 1102 1985 nemo
1141 1947 1269 1985 cum
1291 1931 1567 2003 rapinam,
1599 1931 1833 1999 furtum,
1919 1929 2200 2000 Fulgentii
2220 1930 2556 1984 sententiam
2582 1930 2904 2000 exposuisse
2943 1929 3236 1984 scribendo
3265 1931 3334 1985 de
3365 1929 3518 1986 vobis

226 2017 438 2074 falsum
454 2019 861 2085 testimonium,
886 2019 1270 2087 homicidium,
1295 2026 1574 2092 stuprum,
1623 2022 1708 2076 vel
1738 2037 1838 2076 cae-
1918 2019 1989 2072 ad
2016 2018 2259 2073 amicum
2291 2033 2456 2073 suum
2483 2019 2562 2072 ita
2587 2017 2777 2072 dicens
2801 2037 2812 2071 :
2838 2019 2984 2072 Nam
3015 2017 3164 2090 quod
3209 2019 3289 2072 ait
3316 2018 3518 2075 dixisse

225 2113 352 2162 tera
377 2108 703 2179 hujusmodi
741 2107 1109 2175 commiserit,
1135 2109 1288 2164 dicat
1316 2109 1583 2180 quoniam
1610 2109 1726 2164 Deo
1749 2127 1838 2164 co-

223 2202 398 2268 gente
418 2214 646 2252 necesse
669 2196 931 2252 habuerit
954 2197 1072 2252 haec
1093 2203 1339 2270 patrare,
1362 2198 1489 2254 ideo
1515 2199 1836 2255 nullatenus

227 2286 438 2341 horum
467 2287 726 2341 olfectum
753 2287 1036 2342 declinare
1054 2287 1378 2358 potuerit.'a
1410 2289 1559 2343 Deus
1581 2289 1732 2343 enim
1754 2289 1837 2344 in-

225 2379 482 2430 tentator
502 2375 776 2430 malorum
797 2380 901 2441 est,
923 2394 948 2428 ››
974 2375 1310 2432 subauditur
1331 2381 1808 2432 tentamentorum

231 2484 255 2514 ι
286 2465 414 2536 Ipse
427 2463 578 2518 enim
587 2464 870 2519 neminem
882 2469 1123 2532 tentat,»
1138 2479 1206 2519 ea
1225 2465 1482 2520 videlicet
1500 2467 1830 2534 tentatione,

226 2569 357 2624 qua:
399 2553 607 2625 deripit
630 2553 866 2608 miseros
913 2559 979 2608 ut
1007 2559 1258 2626 pereant.
1293 2555 1505 2626 Duplex
1532 2559 1618 2609 est
1643 2560 1833 2610 autem

223 2656 412 2712 genus
441 2643 770 2698 tentationis
796 2661 807 2696 :
846 2659 1024 2697 unum
1056 2644 1205 2714 quod
1245 2644 1470 2716 decipit,
1501 2644 1654 2698 aliud
1685 2645 1832 2715 quod

231 2731 456 2803 probat.
491 2731 806 2786 Secundum
831 2732 935 2786 hoc
957 2732 1106 2804 quod
1124 2732 1348 2803 decipit.
1374 2734 1523 2788 Deus
1552 2733 1834 2790 neminem

231 2825 424 2874 tentat
447 2839 458 2873 :
485 2821 794 2875 secundum
824 2820 961 2876 illud
993 2821 1141 2892 quod
1169 2821 1387 2892 probat,
1421 2822 1571 2877 Deus
1597 2825 1835 2878 tentavit

225 2907 518 2963 Abraham
544 2927 556 2976 ;
581 2909 651 2964 de
681 2926 790 2981 quo
829 2915 887 2964 et
910 2910 1192 2982 Propheta
1221 2911 1467 2982 postulat
1497 2931 1508 2966 ε
1566 2931 1589 2964 ι
1651 2912 1834 2968 Proba

226 3014 340 3064 me,
374 2997 629 3066 Domine,
661 3004 720 3053 et
739 3003 898 3053 tenta
929 3016 1018 3053 me
1058 3016 1085 3052 α
1120 3001 1284 3065 (Psal.
1323 3016 1448 3066 xxv,
1479 2999 1558 3069 2).
1595 3021 1616 3052 ι
1651 3002 1831 3057 Unus-

227 3087 470 3158 quisque
495 3104 626 3142 vero
653 3093 908 3142 tentatur
935 3105 970 3142 a
994 3089 1442 3160 concupiscentia
1485 3107 1589 3144 sua
1616 3090 1828 3145 abstra-

1921 2107 2299 2178 Lulgentium,
2337 2124 2365 2160 «
2397 2107 2732 2178 praeparavit
2767 2107 2916 2161 Deus
2955 2107 3133 2161 malos
3185 2107 3256 2160 ad
3311 2107 3518 2162 luenda

1917 2197 2212 2268 supplicia,
2231 2219 2252 2246 υ
2277 2213 2380 2268 pro
2403 2211 2468 2250 eo
2491 2196 2639 2266 quod
2663 2201 2748 2250 est
2767 2216 2789 2246 α
2835 2197 3138 2267 praeparari
3175 2196 3452 2268 permisit,
3484 2216 3512 2248 ν

1915 2286 2131 2340 invenit
2153 2285 2302 2357 quod
2323 2285 2552 2351 diceret,
2576 2301 2688 2340 non
2707 2301 2838 2339 vero
2857 2285 2996 2338 dixit
3027 2285 3175 2356 quod
3196 2283 3391 2338 debuit
3415 2303 3426 2337 :
3460 2291 3518 2340 et

1916 2391 2013 2429 vos
2043 2375 2303 2429 seductos
2334 2390 2454 2429 esse
2475 2375 2678 2428 asserit
2698 2374 2843 2445 stylo
2865 2375 3158 2444 cujusdam
3199 2373 3390 2440 libelli,
3419 2374 3513 2445 qui

1918 2464 2098 2518 fertur
2127 2481 2250 2519 esse
2273 2463 2622 2535 Hieronymi,
2655 2463 2724 2517 de
2754 2463 3117 2518 Induratione
3145 2463 3329 2517 cordis
3365 2463 3514 2517 Pha-

1915 2553 2124 2619 raonis,
2138 2558 2204 2608 ut
2220 2552 2481 2607 diceretis
2501 2569 2612 2608 non
2637 2553 2814 2606 Deum
2838 2551 3129 2606 indui-asse
3149 2569 3246 2606 cor
3270 2553 3513 2606 Pharao-

1913 2642 2020 2707 nis,
2069 2642 2166 2696 sed
2208 2641 2462 2696 indurari
2515 2641 2851 2713 permisisse,
2883 2657 2995 2695 non
3023 2646 3171 2695 recte
3201 2658 3296 2694 vos
3325 2656 3486 2711 repre

1914 2731 2159 2803 pendere
2195 2731 2332 2785 mihi
2363 2731 2618 2784 videtur:
2650 2729 2784 2801 quia
2828 2747 2940 2783 non
2995 2730 3145 2784 Deus
3173 2731 3504 2800 cujusquam

1913 2836 2010 2874 cor
2037 2836 2140 2874 sua
2163 2819 2402 2874 factione
2433 2819 2677 2884 indurat,
2711 2823 2776 2872 ut
2817 2817 3179 2888 semetipsum
3223 2818 3390 2870 homo
3437 2817 3507 2871 ab

1913 2925 2104 2963 errore
2141 2925 2254 2963 non
2285 2907 2549 2978 corrigat,
2575 2908 2670 2962 sed
2689 2907 2843 2977 justo
2859 2906 3072 2977 judicio
3102 2905 3354 2960 indurari
3383 2923 3506 2977 per-

1911 2997 2106 3066 mittit,
2157 3002 2257 3052 aut
2303 2997 2532 3068 propria
2585 2995 2853 3067 nequitia,
2886 2999 2985 3050 aut
3010 2994 3217 3050 diaboli
3266 2995 3501 3050 malitia.

1911 3087 2070 3150 Quod
2115 3085 2423 3140 manifestis
2453 3084 2674 3139 indiciis
2700 3083 2922 3156 probari
2949 3089 3150 3156 potest.
3186 3085 3330 3138 Nam
3357 3084 3500 3140 Pau-

226 3181 357 3231 ctus
385 3182 444 3230 et
488 3177 726 3241 illectus,
781 3195 808 3230 ι
859 3158 1190 3232 abstractus
1202 3178 1455 3233 videlicet
1482 3197 1515 3232 a
1547 3183 1698 3234 recto
1738 3158 1888 3234 iti-C
1912 3175 1998 3229 lus
2027 3175 2330 3246 apostolus,
2362 3190 2492 3228 cum
2521 3173 2580 3226 in
2607 3173 2854 3243 Epistola
2891 3189 2996 3226 sua
3023 3172 3094 3226 ad
3125 3172 3406 3226 Romanos
3435 3173 3505 3228 de

224 3281 388 3332 nere,
407 3271 465 3320 et
477 3266 696 3321 illectus
715 3265 773 3320 in
787 3267 1020 3320 malum.
1052 3267 1132 3321 De.
1147 3267 1251 3321 hoc
1274 3284 1436 3322 versu
1450 3269 1826 3340 Hieronymus

221 3359 424 3410 contra
456 3355 813 3410 Jovinianum
835 3357 973 3418 (Lib.
997 3373 1050 3421 ιι,
1073 3357 1172 3408 sub
1199 3358 1454 3426 initium)
1483 3375 1493 3410 :
1532 3375 1559 3410 «
1591 3357 1749 3412 Sicut
1767 3358 1825 3412 in

223 3442 408 3510 bonis,
443 3444 646 3516 inquit,
680 3443 946 3516 operibus
977 3444 1257 3516 perfector
1283 3450 1369 3498 est
1396 3446 1564 3512 Deus,
1597 3463 1710 3500 non
1740 3451 1827 3500 est

221 3530 380 3586 enim
408 3531 664 3598 volentis,
698 3548 880 3602 neque
907 3531 1203 3598 currentis,
1226 3532 1323 3586 sed
1351 3533 1454 3586 Dei
1481 3533 1820 3599 miserentis,

220 3625 286 3676 et
303 3621 644 3692 adjuvantis,
678 3626 740 3675 ut
767 3620 1056 3692 pervenire
1079 3621 1366 3676 valeamus
1395 3621 1465 3675 ad
1493 3622 1721 3686 calcem;
1744 3623 1824 3677 sic

217 3709 282 3765 in
315 3709 480 3763 malis
508 3714 679 3781 atque
718 3710 976 3782 peccatis,
1019 3709 1237 3764 semina
1255 3715 1452 3764 nostra
1477 3715 1610 3764 sunt
1630 3709 1821 3764 incen-

215 3799 340 3855 tiva
363 3804 420 3852 et
442 3799 708 3870 perfectio
747 3799 973 3864 diaboli,
995 3815 1122 3853 cum
1153 3798 1354 3852 viderit
1373 3815 1476 3852 nos
1503 3815 1672 3870 super
1700 3799 1823 3854 fun-

209 3889 554 3943 damentum
569 3887 772 3942 Christi
785 3887 1088 3944 aediﬁcasse
1109 3887 1318 3954 fenum,
1337 3887 1508 3958 ligna,
1533 3888 1817 3960 stipulam,

210 3984 357 4034 tunc
383 3978 647 4048 supponit
679 3977 1021 4032 incendium.
1061 3996 1084 4029 ι
1121 3977 1303 4046 Igitur
1343 3993 1455 4032 non
1485 3981 1570 4032 est
1597 3994 1820 4048 aequum

213 4071 288 4122 ut
318 4067 670 4122 Salvatorem
705 4071 960 4120 nostrum
1003 4065 1336 4136 perditionis
1364 4070 1569 4123 nostra:
1599 4083 1818 4121 assera-

207 4172 344 4211 mus
373 4159 682 4219 auctorem,
715 4155 812 4209 sed
843 4161 908 4209 ut
936 4154 1355 4209 misericordem
1403 4159 1622 4226 patrem
1669 4171 1819 4209 ame-

208 4261 364 4310 mus,
389 4248 446 4298 et
467 4244 688 4314 justum
710 4243 960 4314 judicem
1001 4243 1320 4308 timeamus,
1352 4243 1650 4315 ipsumque
1679 4244 1818 4299 assi-

204 4333 326 4388 due
356 4333 740 4404 deprecemur,
771 4338 837 4388 ut
865 4337 1029 4386 eruat
1057 4349 1160 4386 nos
1190 4349 1225 4386 a
1254 4333 1435 4412 malis.
1470 4337 1528 4387 et
1555 4332 1819 4387 defendat

203 4421 286 4477 ab
310 4421 572 4476 omnibus
603 4421 860 4476 inimicis.
883 4420 1060 4484 Quiin
1090 4421 1342 4475 oratione
1375 4421 1684 4487 Dominica,
1699 4423 1820 4491 jus-

201 4511 288 4566 sit
321 4511 548 4564 Patrem
575 4511 857 4564 cmlestem
905 4526 1006 4564 nos
1037 4517 1246 4581 petere,
1289 4515 1352 4564 ut
1380 4511 1632 4564 dimittat
1659 4509 1819 4564 nobis
1841 4538 1890 4596 D

200 4599 407 4655 debita
435 4604 646 4664 nostra,
681 4599 826 4653 sicut
853 4604 911 4652 et
947 4615 1050 4653 nos
1093 4598 1430 4652 dimittimus
1469 4598 1814 4653 debitoribus

197 4687 440 4753 nostris,
468 4692 524 4741 et
545 4704 614 4741 ne
634 4704 734 4741 nos
751 4687 977 4742 inducat
1007 4687 1470 4754 intentationem,
1497 4687 1594 4741 sed
1616 4676 1814 4742 liberet

195 4794 314 4833 nos
343 4793 380 4830 a
409 4776 577 4831 malo.
623 4777 746 4830 Non
775 4777 927 4830 enim
958 4776 1186 4831 inducet
1221 4793 1322 4831 nos
1353 4777 1411 4830 in
1441 4777 1808 4831 tentationem

194 4882 313 4940 per
333 4881 506 4936 quam
527 4865 892 4936 decipiamur,
917 4865 1013 4920 sed
1035 4866 1139 4920 hoc
1153 4865 1396 4936 petimus
1418 4883 1488 4920 ne
1499 4883 1600 4920 nos
1622 4866 1810 4920 induci

191 4953 504 5028 permittat
527 4953 589 5008 in
616 4953 986 5008 tentationem
1015 4955 1260 5022 noxiam,
1287 4973 1386 5026 per
1407 4972 1574 5026 quam
1596 4955 1810 5009 incida-

189 5060 336 5099 mus
363 5043 422 5096 in
450 5047 807 5114 peccatorum
830 5043 1055 5098 ruinam
1081 5063 1092 5110 ;
1119 5044 1254 5114 quin
1283 5043 1467 5114 potius
1487 5043 1688 5098 liberet
1708 5059 1810 5098 nos

188 5145 236 5183 ει
263 5127 441 5193 malo,
465 5127 570 5181 hoc
590 5132 676 5182 est
694 5125 935 5194 diabolo,
969 5133 1027 5182 et
1049 5126 1119 5182 ab
1141 5133 1350 5181 aeterno
1370 5127 1602 5181 interitu
1631 5127 1795 5196 (Aug.

184 5219 265 5273 de
289 5214 556 5270 Sermone
585 5219 813 5271 Ποιητἠί
827 5219 891 5270 in
921 5221 1118 5280 monte,
1137 5217 1231 5268 lib.
1258 5215 1543 5286 u,cap.9).
1575 5234 1601 5268 α
1626 5217 1808 5286 Igitur

189 5321 322 5362 non
346 5319 450 5375 per
477 5305 722 5376 seipsum
754 5305 971 5360 inducit
1012 5305 1182 5370 Deus,
1231 5303 1328 5358 sed
1378 5304 1564 5358 induci
1595 5305 1807 5375 patitur

185 5409 358 5458 eum,
396 5409 563 5463 quem
593 5409 694 5448 suo
721 5395 928 5449 auxilio
955 5393 1286 5456 deseruerit,
1320 5393 1515 5447 ordine
1556 5393 1807 5447 occultis-

187 5484 353 5540 simo
392 5498 458 5536 ac
478 5483 714 5537 meritis.
748 5484 945 5538 Causis
965 5483 1136 5538 etiam
1167 5499 1313 5552 saepe
1351 5482 1682 5547 manifestis,
1717 5483 1804 5534 di-

179 5587 382 5646 gnum
397 5571 614 5640 judicat
637 5572 796 5626 illum
817 5589 982 5642 quem
1010 5573 1252 5637 deserat,
1279 5576 1334 5625 et
1363 5573 1420 5624 in
1439 5571 1806 5635 tentationem

181 5661 396 5720 induci
416 5660 581 5715 sinat.
597 5661 765 5716 Aliud
781 5666 868 5717 est
889 5669 1078 5716 autem
1103 5661 1292 5716 induci
1326 5663 1381 5715 in
1413 5660 1801 5728 tentationem,

1914 3263 2207 3318 Pharaone
2225 3263 2572 3318 mentionem
2601 3261 2909 3327 habuisset,
2935 3261 3016 3315 ita
3037 3261 3244 3332 adjecit
3270 3260 3460 3314 dicens
3483 3280 3496 3313 :

1915 3371 1941 3401 α
1969 3353 2276 3407 Dicitenim
2305 3353 2597 3424 Scriptura
2615 3349 2916 3416 Pharaoni,
2942 3349 3088 3414 Quia
3113 3350 3183 3402 ad
3203 3349 3500 3419 hocipsum

1910 3463 1934 3488 σε
1969 3441 2199 3494 excitavi
2229 3447 2286 3494 te
2327 3446 2388 3494 ut
2420 3439 2716 3494 ostendam
2742 3439 2799 3492 in
2828 3443 2884 3492 te
2913 3439 3177 3492 virtutem
3207 3453 3410 3501 meam,
3446 3441 3504 3490 et

1911 3550 1930 3580 σ
1959 3535 2024 3584 ut
2032 3529 2401 3584 annuntietur
2411 3544 2614 3582 nomen
2627 3543 2815 3580 meum
2825 3526 2885 3580 in
2901 3526 3162 3580 universa
3172 3527 3344 3590 terra(
3350 3527 3474 3581 Rom
3487 3567 3497 3578 .

1905 3635 1980 3685 IX,
2024 3617 2102 3685 14)
2127 3638 2152 3668 ››
2175 3619 2350 3685 (Orig.
2385 3621 2448 3671 in
2475 3617 2734 3685 Epist.ad
2761 3618 2934 3679 Rom.,
2961 3632 3005 3669 ο.
3029 3614 3104 3680 9).
3138 3633 3164 3667 α
3197 3614 3500 3668 Videenim

1905 3706 2037 3778 quia
2065 3723 2176 3760 non
2199 3706 2358 3782 dixit,
2390 3705 2461 3760 ad
2484 3705 2590 3759 hoc
2608 3703 2792 3776 ipsum
2813 3709 2868 3758 te
2888 3703 3011 3770 feci,
3044 3702 3256 3774 alioqui
3273 3702 3344 3757 ad
3373 3719 3500 3757 con-

1902 3797 2142 3850 ditorem
2163 3794 2358 3849 referri
2386 3794 2554 3865 culpa
2584 3793 2894 3848 videretur:
2924 3791 3020 3847 sed
3051 3791 3148 3857 ait,
3182 3791 3252 3845 ad
3274 3791 3399 3858 ,hoc
3419 3791 3501 3864 ip-

1901 3901 2026 3938 sum
2053 3889 2110 3938 te
2140 3883 2421 3948 suscitavi,
2455 3889 2520 3936 ut
2546 3899 2648 3954 per
2677 3881 2851 3936 animi
2879 3881 2962 3936 tui
2999 3879 3292 3947 malitiam,
3327 3897 3497 3952 quam

1900 3972 2002 4027 tibi
2023 3971 2293 4027 infrunite
2323 3976 2381 4026 et
2405 3970 2529 4025 sine
2558 3971 2661 4026 Dei
2680 3971 2882 4024 timore
2910 3970 3143 4024 vivendo
3165 3969 3502 4041 quaesisti,et

1897 4061 1956 4116 in
1987 4061 2126 4116 alios
2153 4061 2437 4132 irrogetur
2457 4060 2614 4114 utilis
2643 4077 2708 4114 ac
2733 4059 3020 4114 fructuosa
3035 4059 3332 4130 correptio,
3367 4059 3497 4112 etin

1896 4150 2138 4222 teipsum
2153 4149 2224 4204 ad
2240 4149 2586 4220 posteritatis
2599 4148 2917 4220 exemplum
2931 4148 3341 4202 famosissimus
3361 4163 3497 4202 con-

1897 4238 2110 4294 feratur
2135 4237 2416 4294 interitus.
2453 4256 2477 4290 ))
2514 4239 2778 4306 (Ambros.
2802 4240 2866 4291 in
2895 4239 3066 4306 Epist,
3098 4238 3172 4290 ad
3201 4239 3352 4292 Rom.
3376 4253 3494 4304 cap.

1899 4325 1982 4397 9.)
2018 4347 2039 4378 ι
2075 4329 2159 4382 Ad
2178 4329 2284 4382 hoc
2295 4328 2448 4382 enim
2476 4332 2730 4382 servatus
2759 4332 2844 4380 est
2864 4327 3102 4390 Pharao,
3126 4329 3192 4378 ut
3217 4325 3395 4378 multa
3427 4325 3499 4378 si-

1897 4431 2010 4486 gna
2033 4422 2090 4470 et
2115 4417 2294 4488 plagae
2319 4417 2752 4470 ostenderentur
2766 4415 2824 4468 in
2853 4415 3011 4467 illum
3036 4413 3194 4483 quasi
3203 4413 3320 4482 jam
3344 4429 3496 4466 mor-

1901 4509 2080 4559 tuum.
2118 4505 2432 4560 Suscitatus
2461 4509 2650 4558 autem
2680 4504 2861 4557 dictus
2891 4509 2996 4567 est,
3028 4501 3161 4572 quia
3187 4517 3315 4555 cum
3348 4501 3498 4572 apud

1895 4594 2071 4648 Deum
2103 4599 2359 4648 mortuus
2381 4598 2544 4659 esset,
2568 4592 2852 4646 modicum
2874 4595 3098 4662 tempus
3113 4589 3326 4662 accepit
3336 4596 3401 4644 ut
3421 4591 3499 4644 vi-

1893 4699 2021 4736 vere
2050 4682 2336 4736 videretur
2365 4700 2376 4734 :
2438 4686 2502 4735 ut
2533 4686 2680 4735 esset
2713 4681 2784 4734 ad
2814 4681 2975 4750 cujus
3001 4696 3226 4751 pmnam
3259 4685 3316 4734 et
3341 4680 3498 4734 varia

1893 4776 2302 4826 tormentorum
2320 4786 2529 4841 genera
2544 4786 2720 4841 usque
2737 4769 2805 4822 ad
2819 4777 3059 4823 mortem
3075 4769 3489 4839 ingererentur,

1892 4866 1950 4915 et
1975 4877 2173 4914 omnes
2195 4859 2289 4930 qui
2326 4860 2446 4914 sine
2461 4859 2578 4914 Deo
2605 4863 2784 4922 erant,
2807 4859 2938 4912 inde
2956 4863 3110 4912 metu
3124 4857 3328 4924 territi,
3344 4857 3494 4910 hunc

1892 4950 2072 5004 solum
2103 4949 2279 5002 Deum
2299 4965 2421 5003 esse
2440 4965 2568 5002 cum
2596 4947 2966 5002 admiratione
2990 4946 3236 5001 maxima
3253 4945 3492 5000 fateren-

1891 5043 2004 5103 tur,
2022 5054 2056 5091 a
2075 5053 2185 5108 quo
2201 5037 2285 5092 hae
2314 5037 2568 5092 vindictae
2597 5042 2749 5091 sunt.
2774 5037 2890 5090 Hoc
2911 5037 3080 5090 etiam
3103 5051 3310 5106 genere
3347 5034 3492 5090 anti-

1891 5126 1986 5198 qui
2015 5127 2217 5180 medici
2249 5127 2309 5180 in
2343 5125 2666 5180 hominibus
2697 5129 2879 5179 morte
2927 5123 3127 5196 dignis,
3171 5124 3256 5178 vel
3287 5123 3488 5178 mortis

1888 5215 2224 5270 sententiam
2242 5215 2572 5280 consecutis,
2592 5213 2955 5285 requirebant
2967 5213 3246 5284 quomodo
3261 5213 3488 5284 prodes-

1888 5309 2013 5358 sent
2022 5304 2173 5367 vivis,
2183 5321 2304 5376 quae
2317 5305 2375 5358 in
2385 5303 2613 5358 homine
2625 5302 2874 5357 latebant
2883 5302 3182 5374 apertis,ut
3191 5302 3278 5356 his
3289 5318 3488 5372 cogno-

1888 5398 2109 5446 scerent
2135 5409 2334 5447 causas
2359 5392 2723 5463 aegritudinis,
2747 5397 2811 5446 ut
2822 5407 2986 5462 poena
3006 5391 3300 5444 morientis
3322 5392 3489 5461 proﬁ-

1887 5487 2038 5534 ceret
2048 5481 2118 5536 ad
2138 5483 2376 5536 salutem
2391 5481 2644 5536 viventis.
2660 5500 2680 5530 σ
2692 5482 2749 5547 (Α
2762 5486 2941 5547 ugust.
2960 5483 3022 5534 in
3036 5480 3287 5548 Epz'st.ad
3305 5483 3480 5549 Rom..,

1887 5587 1932 5622 c.
1968 5569 2074 5638 12.)
2113 5589 2136 5622 α
2167 5571 2326 5634 Quod
2357 5586 2489 5640 ergo
2513 5570 2630 5640 jam
2660 5569 2878 5623 Pharao
2921 5585 3034 5624 non
3063 5567 3486 5640 obtemperabat

1887 5660 2178 5730 praeceptis
2199 5659 2319 5728 Dei,
2342 5662 2461 5730 jam
2477 5659 2545 5714 de
2560 5659 2833 5730 supplicio
2861 5657 3131 5713 veniebat.
3155 5659 3282 5713 Non
3295 5665 3484 5714 autem
