4018 6168
467 393 596 452 1523
1048 392 1109 446 Β.
1153 389 1423 446 RABANI
1463 387 1692 443 MAURI
1736 387 2074 442 ARCHIEP.

2173 389 2440 446 OGUNT.
2482 387 2777 444 OPERUM
2815 386 2998 441 PARS
3038 386 3136 441 III.
3589 385 3730 442 1524

455 519 754 590 quisquam
799 521 984 590 potest
1007 515 1191 569 dicere
1223 513 1648 568 obdurationem
1689 513 1844 566 illam
1871 513 2055 566 cordis
2071 517 2116 575 Α
2137 520 2436 570 mereatur.
2459 515 2656 584 Itaque
2676 512 2860 584 inquit
2877 531 2890 565 :
2907 530 2934 564 ν
2954 511 3039 566 Tu
3055 511 3182 582 quis
3201 509 3367 581 esqui
3389 509 3730 580 respondeas

459 607 740 662 immerito
767 605 1033 660 accidisse
1064 602 1363 668 Pharaoni,
1400 603 1496 656 sed
1522 601 1734 673 judicio
1761 601 1861 656 Dei
1891 602 2049 656 retri-
2135 625 2161 660 α
2193 602 2598 674 ΒοοῩΝιιιιῳιίεὶ
2621 601 2756 656 dicit
2773 601 3099 671 ﬁgmentum
3114 599 3166 653 ei
3184 599 3278 670 qui
3311 615 3372 652 se
3401 598 3732 666 ﬁnxit,Qua-

460 695 685 750 buentis
706 693 1082 749 incredulitati
1098 693 1219 763 ejus
1247 691 1493 746 debitam
1509 707 1754 762 penam.
1783 691 1909 745 Non
1921 706 2053 760 ergo
2139 715 2166 749 α
2199 712 2258 750 re
2288 694 2368 748 sic
2398 708 2489 747 me
2523 691 2699 746 fecisti
2721 691 2745 743 ?
2765 691 2851 744 An
2878 705 2990 744 non
3031 688 3200 742 habet
3228 692 3564 758 potestatem
3593 688 3732 758 ﬁgu-

461 785 568 838 hoc
622 783 704 838 illi
756 783 1088 854 imputatur,
1123 781 1271 851 quod
1301 786 1435 835 tunc
1465 796 1578 834 non
1633 778 2052 850 obtemperarit,
2143 805 2168 836 «
2202 786 2288 838 lus
2319 781 2423 837 luti
2469 798 2534 835 ex
2581 780 2778 834 eadem
2808 777 3204 849 conSpersione
3240 793 3337 830 vas
3365 777 3548 830 facere
3577 776 3731 830 aliud

464 872 922 944 quandoquidem
943 869 1218 924 obdurato
1239 869 1405 923 corde
1427 868 1813 939 obtemperare
1832 884 1945 922 non
1964 884 2059 939 po-
2146 893 2167 922 ιι
2203 871 2430 943 quidem
2451 870 2508 923 in
2531 869 2820 933 honorem,
2844 867 2999 921 aliud
3019 867 3078 920 in
3102 865 3510 920 contumeliam
3531 864 3738 933 ?(lbid.

462 967 614 1016 terat
638 979 651 1014 :
687 960 784 1014 sed
803 959 937 1031 quia
957 959 1188 1029 dignum
1211 975 1269 1012 se
1297 957 1551 1029 praebuit,
1583 957 1672 1011 cui
1701 973 1796 1011 cor
1825 955 2061 1012 obdura-
2147 982 2169 1014 ι
2204 977 2342 1015 vers.
2367 958 2479 1026 20.)
2507 976 2534 1010 ι
2582 957 2840 1022 Quandiu
2881 957 3214 1026 ﬁgmentum
3243 970 3322 1018 es,
3357 953 3561 1024 inquit,
3585 959 3643 1006 et
3667 952 3741 1006 ad

464 1055 622 1104 retur
651 1049 822 1121 priori
843 1048 1196 1102 inﬁdelitate.
1223 1048 1286 1101 In
1316 1047 1403 1100 his
1427 1047 1577 1101 enim
1596 1062 1733 1118 quos
1745 1047 1894 1100 Deus
1907 1046 2060 1116 juste
2141 1066 2385 1105 massam
2415 1047 2518 1102 luti
2549 1046 2818 1118 pertines,
2853 1044 3102 1116 nondum
3148 1043 3449 1114 perductus
3476 1042 3548 1096 ad
3581 1041 3743 1113 spiri-

467 1140 717 1204 damnat,
739 1137 1040 1192 inﬁdelitas
1069 1143 1126 1191 et
1153 1137 1415 1208 impietas
1443 1135 1708 1190 inchoant
1742 1151 1918 1207 pmnaa
1948 1149 2062 1188 me-
2141 1139 2297 1204 talia,
2329 1143 2394 1192 ut
2420 1137 2497 1190 sis
2527 1134 2794 1207 spiritalis
2825 1133 3014 1186 omnia
3041 1131 3318 1202 judicans,
3351 1137 3408 1184 et
3435 1147 3472 1184 a
3515 1130 3741 1185 nemine

467 1228 660 1294 ritum,
681 1233 744 1282 ut
768 1243 869 1298 per
903 1227 1081 1297 ipsam
1109 1241 1328 1297 poenam
1353 1225 1523 1278 etiam
1552 1225 1698 1278 male
1717 1229 2058 1295 operentur;
2139 1225 2426 1300 judiceris,
2450 1224 2710 1280 cohibeas
2731 1229 2786 1277 te
2809 1227 3031 1293 oportet
3049 1220 3120 1275 ab
3149 1219 3470 1290 hujusmodi
3502 1218 3739 1290 inquisi-

469 1316 616 1372 sicut
643 1322 699 1370 et
732 1315 989 1388 superius
1020 1315 1166 1368 idem
1214 1313 1352 1367 dicit
1388 1313 1724 1385 Apostolus:
1768 1333 1790 1364 ι
1827 1313 1896 1366 Et
1923 1328 2063 1383 quo-
2145 1317 2316 1381 tione,
2344 1320 2402 1368 et
2428 1330 2539 1368 non
2555 1312 2910 1383 respondeas,
2929 1311 3064 1370 Deo,
3090 1311 3250 1379 cujus
3268 1308 3570 1362 concilium
3593 1308 3742 1379 quis-

473 1425 498 1457 «
531 1406 696 1460 modo
727 1421 839 1458 non
864 1403 1244 1474 probaverunt
1270 1403 1450 1457 Deum
1499 1401 1559 1455 in
1604 1400 1807 1456 notitia
1834 1401 2060 1468 habere,
2148 1421 2274 1476 que,
2299 1403 2441 1458 scire
2486 1401 2738 1472 cupiens,
2793 1404 3016 1471 oportet
3044 1405 3109 1453 ut
3135 1398 3293 1469 prius
3319 1397 3378 1451 in
3401 1398 3529 1467 ejus
3551 1395 3740 1450 amici-

475 1514 500 1546 ε(
534 1493 769 1548 tradidit
791 1493 916 1546 illos
931 1493 1080 1546 Deus
1101 1492 1158 1545 in
1181 1490 1479 1562 reprobum
1509 1507 1754 1554 sensum,
1779 1496 1844 1543 ut
1861 1489 2070 1544 faciant
2146 1495 2287 1548 tiam
2323 1491 2644 1562 recipiatur,
2707 1489 2854 1560 quod
2903 1487 3232 1557 contingere
3257 1486 3364 1539 nisi
3395 1485 3740 1557 spiritalibus

475 1606 494 1632 σ
531 1599 598 1636 ea
626 1599 749 1654 quae
779 1598 891 1635 non
926 1581 1265 1636 conveniunt
1295 1582 1462 1648 (Rom.
1507 1596 1579 1646 ιχ,
1613 1579 1719 1647 18).
1758 1599 1780 1630 ι
1816 1579 2064 1650 Quapro-
2148 1587 2456 1652 nonpotest
2475 1598 2488 1644 ;
2509 1581 2630 1650 jam
2651 1578 3007 1650 portantibus
3028 1577 3336 1648 imaginem
3361 1575 3606 1630 cmlestis
3635 1575 3739 1629 ho-

470 1671 688 1743 pterita
706 1669 990 1724 concludit
1008 1669 1342 1740 Apostolus:
1381 1690 1405 1720 «
1442 1669 1586 1738 Ergo
1600 1668 1688 1722 cui
1705 1668 1822 1722 vult
1841 1667 2066 1722 misere-
2146 1670 2333 1725 minis.
2371 1687 2398 1722 ι
2454 1671 2578 1723 Jam
2609 1668 2780 1732 enim,
2813 1667 3015 1738 inquit,
3044 1683 3158 1720 non
3201 1665 3385 1720 dicam
3409 1682 3508 1720 vos
3535 1681 3742 1728 servos,

475 1778 501 1810 (ι
523 1763 700 1824 tur,et
711 1775 879 1828 quem
898 1757 1305 1812 vultindurata
1335 1758 1510 1825 (Orig.
1527 1759 1588 1810 in
1608 1757 1778 1826 Epist.
1796 1758 1870 1810 ad
1889 1758 2061 1822 Rom.,
2151 1777 2178 1812 ε
2209 1759 2308 1813 sed
2337 1757 2566 1812 amicos.
2593 1756 2797 1812 Omnia
2826 1755 2976 1810 enim
2995 1771 3122 1826 quae
3152 1753 3344 1809 audivi
3369 1769 3404 1806 a
3426 1753 3598 1810 Patre
3623 1769 3748 1807 meo

473 1865 521 1901 ο.
543 1847 622 1913 9.)
655 1865 682 1897 α
705 1846 864 1910 Quod
893 1851 1083 1900 autem
1105 1845 1258 1910 dicit,
1279 1864 1302 1898 α
1323 1846 1469 1916 Ergo
1500 1845 1588 1900 cui
1617 1845 2065 1910 vultmiseretur,
2083 1832 2131 1891 Β
2154 1866 2180 1901 ι
2203 1853 2337 1902 nota
2363 1846 2467 1901 feci
2496 1845 2650 1900 vobis
2681 1848 2864 1914 (Joan.
2917 1861 3005 1909 xv,
3043 1845 3146 1910 15).
3186 1863 3207 1892 ι
3264 1842 3529 1908 Quandiu
3560 1842 3750 1912 itaque

475 1955 503 1987 ι
533 1940 591 1990 et
611 1923 778 2006 quem
801 1935 921 1988 vult
955 1933 1200 2000 indurat,
1234 1953 1255 1984 ι
1283 1951 1348 1988 ex
1369 1934 1458 1988 his
1487 1951 1610 2005 qua;
1639 1934 1697 1988 in
1725 1935 1912 1988 Exodo
1939 1933 2074 1988 scri-
2153 1953 2249 1990 vas
2263 1935 2422 2005 ﬁguli
2443 1952 2522 2001 es,
2547 1933 2953 1989 conterendum
2985 1939 3072 1987 est
3085 1933 3190 1986 hoc
3211 1932 3396 2003 ipsum
3423 1931 3482 1985 in
3515 1937 3574 1984 te
3597 1930 3751 2002 prius

476 2030 569 2095 pta
613 2028 746 2077 sunt
769 2023 988 2076 videtur
1014 2039 1301 2077 assumere
1354 2023 1436 2077 Ibi
1465 2023 1614 2077 enim
1645 2023 1780 2077 dicit
1811 2041 1822 2075 :
1853 2043 1876 2074 «
1908 2023 2073 2078 Indu-
2155 2025 2309 2095 virga
2328 2025 2424 2078 illa
2451 2023 2652 2089 ferrea,
2681 2024 2753 2078 de
2782 2040 2894 2094 qua
2913 2023 3126 2076 dictum
3155 2027 3278 2075 est:
3309 2038 3336 2070 ιι
3363 2020 3548 2091 Reges
3575 2037 3671 2074 eos
3693 2020 3752 2074 in

481 2133 505 2164 α
531 2111 664 2166 rabo
681 2127 778 2165 cor
795 2111 1198 2176 Pharaonis,ut
1215 2128 1288 2166 ne
1323 2111 1575 2166 dimittat
1595 2112 1863 2183 populum
1879 2113 2068 2180 (Ex-od.
2158 2133 2184 2166 ι
2217 2114 2374 2182 virga
2401 2112 2602 2178 ferrea,
2641 2117 2698 2166 et
2753 2117 3026 2183 tanquam
3081 2127 3176 2164 vas
3229 2109 3386 2180 ﬁguli
3439 2108 3752 2180 confringes

476 2217 503 2252 ((
548 2217 620 2254 iv.
645 2199 758 2268 21).
797 2220 819 2250 ι
856 2199 1234 2254 Indurabatur
1261 2206 1450 2255 autem
1507 2217 1602 2254 cor
1630 2201 1942 2254 Pharaonis
1969 2200 2074 2255 hoc
2159 2222 2187 2253 ιι
2214 2217 2308 2259 eos
2332 2205 2506 2270 (l’sat.
2531 2217 2592 2268 ιι,
2622 2202 2697 2271 9),
2736 2221 2760 2253 »
2792 2206 2854 2255 ut
2894 2205 3158 2271 corrupto
3197 2198 3476 2253 exteriore
3505 2198 3748 2264 homine,

476 2287 640 2342 modo
683 2287 879 2342 Noluit
905 2289 1055 2343 Deus
1083 2289 1327 2344 subitam
1353 2294 1412 2343 et
1437 2290 1661 2361 plenam
1691 2289 1825 2343 dare
1853 2288 1912 2343 in
1942 2305 2073 2344 eum
2156 2297 2213 2346 et
2249 2291 2516 2346 interiore
2548 2291 2830 2357 innovato,
2864 2287 3043 2361 possis
3071 2289 3129 2342 in
3156 2288 3434 2342 charitate
3463 2287 3752 2342 radicatus

479 2376 803 2433 vindictam.
833 2377 1099 2441 Quamvis
1125 2377 1276 2432 enim
1315 2383 1464 2433 esset
1482 2383 1880 2434 consummatae
1909 2377 2074 2432 mali-
2155 2386 2212 2435 et
2237 2381 2504 2436 fundatus
2541 2379 3012 2451 comprehendere
3041 2377 3417 2443 latitudinem,
3447 2375 3750 2447 longitudi-

477 2465 588 2532 tiae,
631 2469 818 2520 tamen
863 2483 965 2536 per
992 2465 1324 2537 patientiam
1362 2483 1523 2522 suam
1554 2467 1704 2521 Deus
1734 2485 1834 2522 nec
1863 2467 1970 2539 ipsi
1996 2467 2075 2521 fa-
2153 2485 2306 2537 nem,
2336 2468 2710 2536 altitudinem,
2738 2473 2796 2523 et
2822 2467 3180 2539 profundum,
3207 2482 3544 2536 cognoscere
3579 2464 3748 2520 etiam

475 2554 742 2608 cultatem
773 2555 1150 2609 conversionis
1163 2555 1479 2614 excluserat
1506 2574 1518 2611 :
1548 2561 1607 2611 et
1635 2556 1756 2610 ideo
1783 2555 1964 2628 primo
1992 2557 2075 2611 le-
2157 2557 2693 2630 supereminentiam
2716 2557 2962 2612 scientiae
2984 2555 3276 2610 cliaritatis
3314 2554 3546 2609 Christi.
3588 2555 3748 2608 Nunc

480 2642 750 2707 nioribus,
781 2648 904 2697 tum
937 2643 1109 2704 etiam
1142 2645 1415 2716 paulatim
1462 2645 1976 2715 ingravescentibus
2017 2645 2076 2700 in
2158 2647 2349 2718 itaque
2380 2663 2506 2701 cum
2537 2664 2603 2701 ex
2634 2647 2831 2700 eadem
2882 2644 3274 2716 conspersione
3301 2643 3454 2698 Deus
3481 2643 3596 2698 alia
3624 2659 3750 2698 vasa

487 2747 616 2785 eum
639 2730 961 2786 verberibus
988 2733 1186 2787 utitur.
1222 2733 1330 2788 Sed
1362 2734 1510 2804 quod
1540 2735 1691 2788 Deus
1719 2733 1952 2806 gerebat
1977 2751 2078 2806 per
2158 2736 2217 2790 in
2247 2736 2518 2790 honorem
2539 2736 2688 2802 facit,
2702 2735 2814 2790 alia
2833 2735 2890 2789 in
2915 2733 3336 2797 contumeliam,
3361 2739 3574 2788 nonest
3592 2739 3752 2789 tuum

483 2819 832 2892 patientiam,
858 2836 924 2875 ex
943 2821 1047 2875 hoc
1068 2820 1545 2878 illeindurabatur
1569 2823 1641 2877 ad
1669 2829 2075 2894 contemptum.
2160 2825 2456 2891 discutere,
2490 2824 2742 2896 quisquis
2770 2824 3077 2879 secundum
3124 2822 3379 2877 eamdem
3410 2822 3760 2894 conspersio-

486 2909 759 2979 majorem
787 2909 892 2964 sibi
931 2909 1072 2964 iram
1102 2911 1426 2976 recondens,
1461 2911 1540 2966 ita
1567 2917 1632 2966 ut
1659 2912 1728 2966 ad
1757 2911 1941 2984 ipsum
1969 2911 2080 2966 dici
2162 2931 2292 2969 nem
2320 2915 2503 2968 adhuc
2530 2913 2686 2976 vivis,
2704 2913 2759 2968 id
2777 2918 2863 2967 est
2881 2919 3106 2967 terreno
3133 2928 3301 2966 sensu
3331 2911 3640 2966 carnaliter
3667 2929 3760 2965 sa-

495 2999 946 3056 conveniatillud
967 2999 1114 3070 quod
1134 3000 1672 3071 Apostolusscribit:
1697 3021 1718 3052 α
1753 3001 1839 3054 An
1859 3001 2082 3055 divitias
2165 3003 2270 3075 pis.
2292 3022 2314 3054 ι
2345 3003 2519 3071 (Orig.
2544 3006 2604 3056 in
2635 3004 2808 3072 Epist.
2828 3003 3065 3057 aditum.
3096 3000 3173 3070 9.)
3205 3021 3229 3049 ιι
3266 2999 3573 3070 Subjungit
3609 3000 3758 3055 enim

489 3108 513 3141 ι
547 3087 814 3143 bonitatis
835 3089 958 3157 ejus
979 3091 1037 3141 et
1063 3087 1508 3158 longanimitatis
1535 3089 1892 3144 contemnis?
1922 3090 2083 3159 Igno-
2105 3157 2139 3164 _
2161 3093 2284 3147 haec
2324 3093 2626 3164 Apostolus
2664 3109 2729 3146 ex
2769 3107 3007 3164 persona
3053 3089 3334 3144 contraria
3386 3088 3689 3144 sentientis
3743 3106 3757 3143 :

491 3198 512 3229 r
548 3193 640 3231 ras
671 3176 938 3248 quoniam
960 3157 1230 3246 patientia
1250 3177 1350 3231 Dei
1380 3183 1436 3232 te
1459 3178 1530 3232 ad
1559 3157 2141 3249 paenitentiam—ad-c
2167 3199 2194 3234 α
2223 3157 2590 3252 Dicis-itaque
2621 3157 2922 3251 mihi-quid
2952 3179 3134 3234 adhuc
3165 3177 3470 3248 quaeritur?
3499 3179 3648 3232 Nam
3676 3195 3764 3232 vo-

501 3287 522 3318 α
550 3265 728 3320 ducit?
758 3264 1076 3320 Secundum
1109 3265 1376 3320 duritiam
1407 3272 1598 3322 autem
1631 3272 1688 3320 et
1707 3283 1802 3320 cor
1821 3267 2082 3338 impaeni-

493 3373 520 3406 α
551 3361 678 3409 tens
701 3353 1050 3408 thesaurizas
1077 3353 1176 3408 tibi
1198 3354 1306 3426 ipsi
1325 3355 1466 3409 iram
1498 3355 1556 3410 in
1575 3355 1666 3410 die
1689 3355 1786 3410 irae
1807 3356 1869 3408 ?)
1905 3358 2077 3424 (Rom.

493 3460 520 3496 α
549 3460 606 3510 ιι,
643 3443 727 3514 4.)
745 3443 872 3498 Non
901 3459 1033 3514 ergo
1064 3459 1232 3514 quem
1261 3444 1380 3498 vult
1411 3445 1560 3499 Deus
1591 3445 1836 3511 indurat,
1861 3445 1958 3500 sed
1987 3446 2083 3516 qui

490 3531 774 3604 patientiae
785 3531 1174 3604 obtemperare
1193 3532 1437 3588 noluerit
1450 3533 1750 3588 induratur
1787 3553 1810 3586 ο
1835 3538 2080 3604 (August.

490 3621 734 3691 inEpist.
755 3623 1011 3688 adllam.,
1033 3639 1061 3676 c
1109 3621 1224 3690 6'2.)
1253 3640 1278 3676 ‹‹
1302 3621 1405 3676 Cui
1424 3623 1576 3677 enim
1606 3623 1926 3690 miseretur,
1957 3623 2087 3679 facit

493 3726 623 3764 eum
645 3709 853 3764 bonum
867 3710 1108 3782 Operari,
1132 3715 1190 3765 et
1209 3727 1374 3782 quem
1397 3710 1654 3777 obdurat,
1678 3713 2085 3784 relinquiteum

492 3803 556 3853 ut
585 3799 735 3854 mala
786 3804 1077 3870 operetur:
1109 3799 1206 3854 sed
1235 3804 1292 3854 et
1321 3799 1416 3853 illa
1453 3800 1834 3855 misericordia
1886 3818 2113 3872 praeco--

492 3888 647 3942 denti
670 3888 870 3942 merito
893 3888 1020 3942 ﬁdei
1037 3887 1324 3954 tribuitur,
1357 3893 1416 3942 et
1431 3889 1540 3942 ista
1557 3888 1852 3944 obduratio
1887 3907 2088 3960 praece-

494 3977 650 4031 denti
667 3977 963 4049 impietati,
983 3983 1115 4032 utet
1125 3977 1271 4032 bona
1289 3995 1392 4050 per
1415 3979 1622 4034 donum
1651 3979 1750 4034 Dei
1767 3995 2082 4050 operemur,

496 4071 554 4120 et
581 4067 731 4119 mala
759 4082 859 4136 per
887 4066 1245 4138 supplicium,
1278 4083 1405 4120 cum
1425 4072 1614 4122 tamen
1644 4084 1755 4122 non
1800 4068 2089 4124 auferatur

494 4153 736 4214 liberum
775 4154 1078 4208 voluntatis
1106 4153 1422 4222 arbitrium,
1481 4155 1594 4227 sive
1624 4156 1693 4210 ad
1747 4157 2086 4213 credendum

495 4243 631 4308 Deo,
655 4247 720 4296 ut
745 4248 1122 4313 consequatur
1156 4260 1260 4298 nos
1305 4243 1704 4310 misericordia,
1741 4246 1853 4300 sive
1878 4246 1948 4300 ad
1978 4245 2087 4300 im-

497 4331 785 4403 pietatem,
817 4336 882 4386 ut
908 4337 1284 4404 consequatur
1303 4349 1405 4387 nos
1433 4333 1786 4405 supplicium.
1813 4335 1935 4398 Qua
1953 4351 2087 4390 con-

497 4420 748 4475 clusione
780 4421 954 4487 illata,
999 4419 1170 4476 infert
1197 4421 1561 4492 quaestionem
1590 4427 1858 4494 tanquam
1890 4440 1924 4477 a
1954 4440 2087 4478 con-

2169 3293 2189 3316 ι
2230 3271 2433 3324 luntati
2455 3272 2578 3340 ejus
2589 3271 2714 3341 quis
2735 3269 2982 3323 resistit?
2997 3287 3022 3321 ι
3046 3273 3152 3322 etc.
3194 3267 3487 3321 Voluntati
3528 3267 3756 3338 quidem

2162 3358 2264 3414 Dei
2283 3365 2496 3414 certum
2518 3365 2605 3412 est
2624 3359 2772 3430 quod
2795 3359 2983 3413 nullus
3006 3357 3277 3412 obsistere
3296 3356 3477 3426 possit
3505 3374 3517 3409 :
3544 3356 3646 3410 sed
3668 3372 3760 3410 vo-

2165 3447 2441 3503 luntatem
2460 3449 2582 3519 ejus
2596 3450 2810 3520 justam
2832 3452 3156 3517 rectamque
3188 3461 3310 3499 esse
3337 3445 3483 3499 scire
3507 3461 3614 3499 nos
3639 3461 3761 3500 con-

2166 3535 2336 3590 venit.
2361 3537 2434 3591 Ut
2457 3536 2586 3591 boni
2604 3536 2753 3590 enim
2777 3539 2876 3590 aut
2895 3534 3026 3588 mali
3045 3535 3242 3599 simus,
3259 3539 3474 3598 (nostra;
3505 3533 3759 3588 volunta-

2166 3627 2239 3685 tis
2269 3633 2372 3692 est,
2405 3627 2554 3698 quod
2583 3631 2770 3678 autem
2794 3624 2975 3678 malus
3005 3622 3076 3677 ad
3094 3621 3416 3692 hujusmodi
3437 3621 3692 3684 verbera,
3710 3628 3762 3675 et

2167 3719 2346 3774 bonus
2376 3717 2444 3772 ad
2476 3712 2801 3784 hujusmodi
2829 3712 3065 3782 gloriam
3087 3711 3422 3772 destinatur,
3457 3709 3758 3765 voluntatis

2168 3815 2255 3863 est
2281 3806 2416 3863 Dei?
2450 3825 2472 3856 ι
2507 3805 2553 3858 0
2595 3803 2783 3868 homo,
2817 3802 3018 3872 inquit,
3065 3807 3126 3854 tu
3152 3800 3288 3871 quid
3311 3817 3373 3854 es
3398 3800 3497 3870 qui
3528 3816 3758 3870 respon-

2178 3918 2200 3949 ι
2230 3898 2364 3952 deas
2384 3894 2584 3950 Deo?»
2613 3892 3096 3958 (Grcg..lloraliuni
3119 3905 3193 3955 ix,
3216 3899 3262 3942 (τ.
3287 3889 3364 3957 8.)
3401 3889 3755 3960 Respondere

2168 3988 2284 4041 Deo
2337 4001 2450 4039 non
2489 3998 2652 4054 posse
2695 3979 3042 4034 convincitur
3069 3978 3165 4049 qui
3197 3978 3366 4032 homo
3412 3977 3754 4040 nominatur,

2168 4076 2302 4147 quia
2319 4091 2420 4146 per
2447 4073 2550 4126 hoc
2569 4070 2716 4142 quod
2745 4070 2814 4122 de
2846 4069 3017 4122 humo
3047 4072 3308 4138 sumptus
3329 4073 3416 4120 est
3434 4066 3654 4136 judicia
3676 4081 3760 4119 su-

2169 4179 2346 4236 perna
2399 4161 2675 4216 discutere
2704 4157 2907 4227 dignus
2936 4173 3048 4211 non
3084 4162 3189 4210 est.
3217 4155 3375 4210 Unde
3403 4154 3462 4208 in
3495 4153 3604 4208 Job
3629 4154 3759 4224 legi-

2169 4259 2264 4307 tur
2288 4271 2300 4306 :
2327 4269 2354 4305 (ι
2385 4251 2432 4304 ν
2436 4251 2486 4304 el
2503 4248 2630 4320 quis
2653 4247 2837 4301 dicere
2855 4250 3056 4317 potest,
3078 4246 3192 4299 Cur
3207 4245 3287 4298 ita
3299 4243 3499 4297 facis?-
3529 4245 3666 4310 (Job.
3692 4258 3758 4309 Ix,

2169 4340 2282 4407 1?.)
2325 4337 2584 4394 Auctoris
2628 4336 2775 4390 facta
2831 4351 3053 4405 semper
3090 4333 3400 4388 indiscussa
3449 4331 3762 4386 veneranda

2171 4435 2322 4496 sunt,
2355 4428 2490 4500 quia
2513 4427 2722 4496 injusta
2753 4441 2873 4479 esse
2903 4439 3260 4494 nequaquam
3288 4427 3547 4492 possunt.
3584 4420 3760 4474 Ratio-

496 4510 826 4564 ιιἩάίοθῐιΐθο
876 4509 972 4564 Ait
1026 4510 1212 4578 enim;
1247 4529 1273 4563 α
1322 4511 1471 4566 Dicis
1512 4511 1701 4582 itaque
1735 4511 1892 4578 mihi,
1952 4512 2084 4583 quid
2103 4516 2299 4574 Dnem
2329 4517 2535 4588 quippe
2565 4515 2636 4569 de
2665 4515 2881 4569 occulto
2911 4514 3033 4582 ejus
3065 4511 3301 4565 consilio
3325 4526 3596 4581 quaerere,
3629 4508 3758 4563 nihil

503 4615 530 4648 σ
551 4598 735 4652 adhuc
749 4598 1112 4668 quaerituﬁN
1116 4600 1492 4655 amvoluntati
1504 4601 1626 4672 ejus
1647 4600 1773 4672 quis
1783 4601 1996 4655 resistit
2014 4601 2038 4654 ?
2060 4621 2082 4652 ι

501 4687 764 4752 (Rom.1x,
800 4686 906 4756 [0.)
939 4687 1043 4742 Cui
1075 4704 1212 4742 sane
1241 4688 1594 4759 inquisitioni
1641 4689 1719 4744 sic
1763 4690 2083 4761 respondet,

496 4779 561 4830 ut
597 4774 977 4844 intelligamus
1003 4776 1348 4846 spiritalibus
1375 4777 1528 4843 viris,
1553 4777 1724 4832 etiam
1756 4795 1868 4833 non
1895 4795 2090 4833 secun-

496 4863 632 4919 dum
682 4869 968 4918 terrenum
1021 4864 1307 4920 hominem
1335 4865 1663 4933 viventibus,
1706 4872 1896 4937 patere
1924 4883 2088 4939 posse

494 4953 679 5024 prima.
689 4952 1033 5007 meritaﬁdei
1059 4953 1454 5025 etimpietatis,
1481 4955 1761 5026 quomodo
1784 4957 1932 5011 Deus
1951 4973 2088 5028 prae-

491 5042 732 5097 scientia
751 5041 924 5112 eligat
942 5042 1273 5105 credituros,
1293 5049 1352 5098 et
1369 5043 1600 5098 damnet
1622 5045 1956 5112 incredulos,
1984 5062 2086 5099 nec

492 5131 620 5186 illos
643 5148 710 5185 ex
727 5130 990 5202 operibus
1007 5131 1238 5202 eligens,
1265 5148 1369 5186 nec
1404 5133 1541 5187 istos
1563 5149 1628 5186 ex
1651 5133 1912 5204 operibus
1939 5135 2094 5188 dam-

497 5238 638 5276 nans
658 5239 671 5275 :
690 5221 787 5275 sed
807 5220 1032 5274 illorum
1059 5219 1190 5274 ﬁdei
1212 5227 1483 5292 praestans
1510 5226 1576 5275 ut
1601 5221 1741 5276 bene
1764 5229 2086 5294 operentur,

496 5315 554 5362 et
573 5309 808 5364 istorum
835 5308 1182 5381 impietatem
1205 5308 1487 5364 obdurans
1515 5311 1843 5376 deserendo,
1860 5317 1924 5365 ut
1943 5313 2088 5368 male

499 5402 819 5466 operentur.
841 5397 948 5462 Qui
970 5398 1234 5470 quoniam
1247 5399 1582 5466 intellectus,
1599 5399 1804 5455 utdixi.
1827 5400 2087 5472 spiritali-

498 5483 600 5537 bus
615 5490 826 5554 patet,a
836 5487 1042 5541 carnali
1058 5493 1245 5542 autem
1261 5488 1558 5560 prudentia
1571 5488 1734 5559 longe
1745 5496 1993 5544 remotus
2007 5496 2092 5544 est

497 5571 576 5624 sic
588 5573 1628 5649 refellitinquirentem,utintelligatse
1639 5579 1918 5649 deponere
1929 5577 2092 5633 debel

499 5676 557 5714 re
575 5661 730 5730 prius
745 5662 1028 5718 nominem
1045 5665 1239 5731 luti,ut
1250 5665 1356 5722 ista
1367 5685 1466 5739 per
1475 5666 1734 5739 spiritum
1755 5668 2090 5737 investigare

2169 4614 2254 4662 est
2303 4607 2454 4661 aliud
2511 4621 2677 4676 quam
2711 4609 2906 4657 contra
2953 4602 3075 4670 ejus
3102 4599 3394 4654 consilium
3452 4597 3754 4670 superbire.

2171 4697 2310 4750 Cum
2342 4710 2477 4764 ergo
2505 4693 2780 4746 factorum
2801 4706 2981 4744 causa:
3009 4705 3122 4742 non
3151 4686 3758 4758 deprehenduntur,»

2169 4790 2283 4838 stat
2301 4789 2365 4838 ut
2383 4782 2486 4837 sub
2505 4781 2666 4836 factis
2685 4779 2835 4832 illius
2854 4795 2981 4832 cum
2991 4776 3314 4832 humilitate
3333 4781 3608 4842 taceatur,
3636 4774 3756 4846 quia

2170 4887 2524 4944 nequaquam
2557 4869 2766 4924 suﬂicit
2788 4883 2984 4922 sensus
3013 4866 3218 4932 carnis,
3251 4871 3316 4920 ut
3351 4870 3571 4920 secreta
3605 4879 3756 4937 pene-

2171 4966 2282 5016 tret
2302 4959 2633 5031 majestatis.
2667 4957 2774 5021 Qui
2800 4971 2933 5026 ergo
2953 4955 3010 5010 in
3042 4953 3203 5008 factis
3219 4955 3321 5009 Dei
3350 4955 3624 5009 rationem
3655 4967 3751 5006 non

2168 5050 2338 5114 videt,
2386 5047 2774 5102 inﬁrmitatem
2807 5061 2968 5099 suam
2998 5043 3360 5098 considerans
3406 5059 3507 5097 cur
3551 5057 3662 5097 non
3686 5039 3751 5093 vi-

2173 5137 2305 5191 deat
2327 5136 2602 5190 rationem
2630 5135 2798 5188 videt.
2831 5132 2989 5188 Unde
3003 5148 3103 5203 per
3130 5131 3366 5185 Paulum
3385 5146 3607 5201 quoque
3631 5126 3746 5184 sub-

2173 5230 2474 5297 sequenter
2490 5221 2846 5294 adjungitur:
2866 5239 2892 5272 α
2915 5219 3184 5292 Nunquid
3200 5219 3337 5273 dicit
3353 5221 3676 5290 ﬁgmentum
3699 5214 3746 5268 ei

2175 5335 2196 5365 ι
2225 5314 2395 5386 quise
2415 5313 2805 5376 ﬁnxitzQuare
2823 5326 2912 5363 me
2933 5309 3110 5363 fecisti
3133 5309 3213 5362 sic
3237 5309 3457 5370 ?(Rom.
3489 5322 3564 5372 Ix,
3591 5305 3690 5372 20).
3719 5320 3743 5352 ι

2170 5405 2291 5468 Quo
2311 5403 2461 5457 enim
2483 5419 2542 5457 se
2571 5400 2752 5455 cernit
2775 5401 3106 5469 ﬁgmentum
3127 5397 3298 5451 divini
3325 5413 3448 5451 esse
3480 5395 3745 5468 operis,eo

2172 5491 2537 5562 semetipsum
2575 5487 2863 5558 redarguit
2900 5503 2970 5540 ne
3007 5492 3203 5540 contra
3250 5501 3480 5539 manum
3533 5482 3744 5538 resultet

2175 5579 2480 5652 operantis,
2537 5579 2670 5650 quia
2709 5577 2806 5648 qui
2843 5575 3082 5645 benigne
3128 5574 3274 5646 quod
3326 5590 3436 5628 non
3464 5579 3582 5628 erat
3609 5569 3742 5630 fecit.

2183 5669 2330 5741 quod
2360 5674 2446 5724 est
2469 5668 2679 5738 injuste
2719 5682 2833 5722 non
2868 5665 3096 5720 deserit.
3137 5664 3223 5720 Ad
3250 5662 3606 5735 semetipsum
3624 5673 3747 5728 ergo
