3958 6170
232 285 382 344 1525
1697 285 1845 340 EPIS

1929 285 2080 340 )LAE.
3393 287 3526 348 1526

233 417 368 485 post
397 410 818 486 percussionem
849 424 1007 464 mens
1037 408 1248 476 redeat,
1275 413 1331 463 et
1353 409 1499 480 quod
1530 409 1907 482 apprehen-A
1930 429 1951 461 ι
1992 410 2243 465 monium
2273 413 2622 484 temporibus
2647 415 2782 482 suis,
2815 416 2873 470 in
2904 431 3014 488 quo
3035 416 3249 488 positus
3273 431 3398 470 sum
3419 430 3524 485 ego

235 502 375 556 dere
405 518 519 556 non
547 500 696 554 valet
723 515 835 553 non
864 497 1132 570 requirat,
1167 515 1237 552 ne
1267 499 1314 552 si
1333 499 1533 553 divinae
1562 498 1658 554 ira:
1679 515 1847 553 causa
1933 516 1960 550 «
1992 499 2323 570 praedicator
2340 507 2397 555 et
2413 505 2726 574 apostolus:
2749 506 3040 560 veritatem
3063 506 3209 573 dico,
3229 522 3341 560 non
3363 520 3525 560 men-

235 591 564 654 diseutitur,
612 588 854 661 amplius
894 587 1144 640 discussa
1179 593 1528 658 provocetur,
1581 593 1638 641 et
1679 605 1843 659 quem
1933 604 1960 638 α
1990 587 2118 654 tior,
2153 589 2348 644 doctor
2363 591 2616 661 gentium
2639 592 2692 646 in
2712 594 2819 647 ﬁde
2865 600 2923 648 et
2944 593 3178 648 veritate
3210 595 3258 661 (Ι
3293 595 3434 648 Tim.
3467 609 3522 659 ll,

237 679 465 750 placare
479 677 772 733 humiliter
786 681 1023 747 poterat,
1040 675 1570 745 inexstinguibiliter
1585 676 1847 748 superbia

237 767 533 822 accendat.
561 787 583 818 ι
613 765 713 820 His
735 781 868 835 ergo
891 764 969 817 ita
987 781 1045 817 se
1073 762 1426 831 habentibus,
1459 763 1668 818 bonum
1708 765 1845 819 mihi

237 856 467 911 videtur
496 861 560 910 ut
587 855 837 909 humana
865 853 1138 924 fragilitas
1181 851 1370 907 divina
1412 853 1627 924 judicia
1667 853 1843 907 indis-

237 950 394 1000 crete
423 944 702 998 discutere
733 960 841 996 non
875 941 1195 1014 prazSumat,
1227 941 1324 995 sed
1363 941 1542 1013 magis
1591 942 1844 996 venerari

238 1034 487 1100 studeat,
523 1033 654 1106 quia
676 1032 735 1087 in
767 1031 1037 1104 praecipiti
1069 1031 1268 1103 pedem
1299 1031 1476 1103 ponit,
1505 1031 1600 1103 qui
1617 1047 1844 1086 mensu-

239 1138 436 1177 rarum
465 1138 697 1176 suarum
743 1120 980 1174 limitem
1024 1137 1135 1175 non
1181 1120 1441 1174 attendit.
1487 1121 1650 1176 Solus
1693 1120 1842 1176 enim

239 1212 394 1267 Deus
420 1210 665 1282 perfecte
694 1214 752 1264 et
779 1225 880 1281 per
905 1209 1093 1263 omnia
1119 1226 1279 1264 suam
1301 1210 1642 1264 voluntatem
1673 1215 1730 1264 et
1750 1227 1844 1282 po-

237 1305 504 1356 testatem
531 1299 700 1354 novit.
735 1299 866 1354 Ideo
895 1298 1083 1352 divina
1104 1297 1338 1368 judicia,
1372 1315 1495 1368 quae
1526 1299 1718 1370 ignota
1746 1316 1844 1353 no-

237 1387 326 1442 bis
357 1393 510 1449 sunt.
541 1387 818 1442 discutere
846 1403 948 1440 nos
986 1402 1097 1443 non
1114 1387 1389 1440 convenit.
1421 1388 1634 1442 Tamen
1666 1387 1842 1442 ﬁrmi-

239 1481 332 1530 ter
355 1475 580 1530 credere
608 1474 876 1529 debemus
905 1474 1052 1545 quod
1086 1474 1234 1528 Deus
1279 1480 1518 1530 mortem
1549 1492 1662 1530 non
1691 1476 1839 1543 fecit,

240 1581 346 1620 nec
384 1566 604 1618 laetetur
631 1563 688 1617 in
715 1562 1028 1635 perditione
1059 1563 1421 1618 morientium
1487 1569 1543 1618 et
1589 1565 1683 1636 qui
1727 1565 1845 1620 vult

240 1670 440 1708 omnes
469 1652 725 1711 homines
755 1653 936 1706 salvos
972 1669 1117 1722 esse,
1150 1658 1207 1706 et
1235 1653 1303 1706 ad
1334 1653 1680 1724 agnitionem
1707 1654 1844 1709 veri-

1933 694 1959 728 α
2001 675 2021 732 1
2055 683 2209 746 seq).
2236 697 2262 732 »
2295 680 2505 735 Raban.
2533 684 2602 735 in
2633 682 2800 750 Epist.
2835 685 3004 736 Pauli
3032 686 3128 737 lib.
3180 683 3356 752 xxm.)
3403 701 3425 733 ‹
3459 683 3525 737 In

1927 781 2222 821 commune
2250 785 2351 840 pro
2399 769 2656 824 omnibus
2703 770 2906 826 debere
2946 789 3040 826 eos
3087 772 3353 827 sollicitos
3403 788 3528 828 esse

1926 855 2207 926 praecepit.
2239 857 2384 912 Nam
2414 858 2461 912 is
2491 858 2585 930 qui
2620 876 2720 931 pro
2753 859 3012 915 omnibus
3047 861 3368 919 hominibus
3409 861 3528 915 haec

1925 941 2107 997 facere
2133 943 2382 1014 jubetur,
2410 945 2634 1002 evidens
2663 954 2750 1002 est
2771 949 3035 1020 quoniam
3057 955 3114 1004 et
3141 966 3241 1022 pro
3267 949 3529 1004 omnibus

1925 1031 2358 1089 sollicitudinem
2401 1037 2713 1107 expendere
2753 1037 3004 1108 jubetur.
3053 1038 3267 1092 Deinde
3309 1038 3380 1092 ad
3430 1037 3527 1093 illa

1927 1137 2050 1191 qua:
2088 1139 2309 1178 summa
2337 1141 2457 1178 esse
2502 1125 2764 1180 videntur
2808 1127 2958 1181 inter
2993 1127 3250 1182 homines
3277 1127 3521 1182 transit:

1929 1227 1956 1260 ι
1990 1207 2098 1264 Pro
2129 1211 2372 1281 regibus,
2396 1213 2596 1285 inquit,
2621 1222 2678 1269 et
2707 1215 2966 1271 omnibus
2983 1216 3078 1288 qui
3104 1217 3162 1272 in
3183 1216 3529 1272 sublimitate

1929 1317 1954 1349 (ι
1979 1304 2128 1352 sunt.
2157 1320 2178 1351 ι
2206 1302 2274 1356 Et
2294 1303 2594 1356 ostendens
2617 1304 2883 1374 quoniam
2909 1311 2967 1359 et
2985 1306 3090 1359 hoc
3110 1307 3328 1361 lucrum
3354 1305 3529 1360 siteo-

1927 1403 2091 1442 rum:
2132 1409 2152 1440 ι
2189 1395 2252 1444 ut
2281 1390 2550 1461 quietam,
2593 1392 2795 1464 inquit,
2848 1399 2906 1448 et
2947 1395 3308 1466 tranquillam
3353 1395 3526 1449 vitam

1931 1494 1954 1525 ε
1989 1493 2224 1546 agamus
2253 1495 2380 1532 cum
2409 1480 2560 1534 omni
2587 1481 2794 1552 pietate
2813 1487 2870 1536 et
2889 1481 3208 1538 sobrietate.
3235 1502 3262 1536 n
3281 1483 3337 1539 Si
3351 1483 3521 1550 enim,

1925 1569 1988 1617 ut
2017 1567 2350 1622 conveniens
2391 1574 2493 1635 est,
2528 1569 2585 1623 in
2617 1587 2750 1641 pace
2790 1569 2872 1624 illi
2900 1571 3216 1642 deguerint,
3265 1571 3528 1644 possibile

1925 1658 2012 1707 est
2041 1660 2098 1708 et
2126 1671 2226 1710 nos
2267 1659 2736 1729 tranquillitatem
2781 1652 3048 1714 facientes
3092 1661 3289 1732 pietati
3335 1661 3530 1716 inten-

241 1741 378 1797 tatis
405 1741 612 1808 venire,
637 1740 878 1795 redimet
906 1740 1124 1795 animas
1161 1757 1446 1796 servorum
1489 1759 1739 1810 suorum,
1789 1741 2076 1816 ethere,
2112 1750 2169 1798 et
2197 1746 2322 1800 vita:
2343 1746 2653 1802 sobrietati.
2691 1749 2760 1802 Et
2790 1749 3035 1804 suadens
3059 1749 3170 1804 illis
3200 1749 3309 1804 ista
3337 1751 3418 1804 sic
3443 1750 3528 1804 fa-

239 1848 356 1886 non
387 1831 738 1901 derelinquet
762 1847 956 1885 omnes
987 1830 1080 1903 qui
1107 1836 1338 1902 sperant
1383 1831 1440 1884 in
1471 1849 1554 1886 se.
1587 1833 1744 1897 Quod
1785 1833 1844 1888 in

240 1919 548 1991 Scripturis
577 1919 752 1974 sacris
779 1924 836 1972 et
861 1919 920 1973 in
951 1919 1153 1974 divinis
1179 1920 1556 1975 Testamentis
1585 1923 1654 1976 de
1699 1939 1843 1993 pran-

237 2007 615 2062 destinatione
644 2007 914 2080 scriptum
954 2008 1212 2080 legimus,
1260 2009 1503 2064 ﬁrmiter
1530 2015 1842 2082 teneamus,

239 2113 348 2152 nec
377 2097 446 2152 de
479 2103 670 2152 nostro
697 2097 909 2168 aliquid
954 2098 1196 2168 adjicere
1238 2115 1661 2170 praesumamus.
1698 2100 1844 2154 Satis

237 2186 318 2240 sit
343 2185 505 2240 nobis
537 2187 685 2258 quod
710 2186 1011 2258 Apostolus
1041 2191 1097 2240 et
1127 2186 1322 2240 doctor
1346 2187 1600 2258 gentium
1619 2188 1689 2243 de
1709 2205 1845 2260 prae-

235 2275 618 2330 destinatione
638 2275 944 2330 electorum
974 2275 1165 2332 docuit
1192 2295 1204 2342 ;
1237 2292 1338 2330 nec
1373 2277 1510 2331 illud
1547 2278 1695 2349 quod
1727 2278 1843 2350 ipse

235 2365 309 2419 de
338 2363 708 2436 reproborum
737 2363 1227 2436 przedestinatione
1279 2366 1462 2420 dicere
1500 2367 1704 2437 noluit,
1742 2383 1843 2422 nos

235 2453 461 2509 noviter
488 2454 812 2509 inferamus.
847 2455 972 2508 Non
1005 2454 1154 2509 enim
1182 2461 1405 2527 oportet
1423 2471 1525 2510 nos
1555 2457 1624 2510 de
1648 2457 1842 2512 volun-

233 2547 360 2597 tate
390 2548 448 2597 et
476 2543 636 2598 factis
662 2541 762 2598 Dei
790 2543 911 2598 sine
941 2543 1214 2598 charitate
1259 2543 1568 2616 disputare,
1607 2551 1664 2599 et
1705 2562 1844 2618 pra:-

233 2635 560 2704 sumptione
601 2633 672 2687 ad
706 2633 1058 2688 inﬁrmorum
1089 2633 1413 2688 scandalum
1443 2634 1678 2689 invicem
1711 2651 1844 2691 con-

231 2721 486 2785 tendere,
521 2737 592 2776 ne
621 2720 764 2775 forte
786 2739 886 2793 per
907 2722 1014 2776 hoc
1036 2721 1199 2794 juxta
1219 2721 1488 2777 Veritatis
1509 2724 1846 2780 sententiam

233 2808 296 2863 in
325 2813 598 2865 aeternum
623 2811 960 2882 supplicium
977 2811 1330 2865 damnemur.
1356 2811 1576 2867 Sufﬁcit
1596 2811 1755 2867 nobis
1774 2813 1845 2868 ad

235 2899 504 2966 salutem,
538 2905 594 2954 et
617 2901 688 2954 ad
719 2907 882 2956 rectae
895 2901 1024 2955 ﬁdei
1047 2900 1590 2972 sobrietatem,quod
1620 2908 1847 2973 aposto-

1925 1847 2069 1899 cere,
2105 1833 2248 1889 sicut
2278 1835 2396 1906 ipse
2423 1837 2704 1908 praecepit,
2739 1854 3095 1892 communem
3126 1854 3228 1910 pro
3269 1837 3530 1893 omnibus

1927 1921 2248 1977 hominibus
2272 1925 2726 1993 sollicitudinem,
2755 1926 2852 1997 qui
2882 1943 2984 1999 per
3000 1932 3184 1982 totum
3201 1927 3395 1982 orbem
3407 1944 3530 1984 esse

1927 2009 2202 2078 videntur,
2236 2014 2568 2084 expendere,
2601 2019 2658 2070 et
2677 2015 2998 2071 communia
3027 2015 3172 2070 bona
3189 2015 3394 2071 debere
3411 2017 3528 2071 exi-

1926 2099 2141 2153 stimari
2173 2117 2242 2156 ea
2269 2119 2392 2173 quae
2423 2103 2811 2158 universorum
2841 2110 2998 2159 sunt:
3029 2124 3052 2156 ι
3087 2105 3204 2158 Hoc
3232 2111 3422 2160 autem
3443 2110 3530 2160 est

1933 2208 1958 2242 ε
1993 2193 2202 2248 bonum
2223 2195 2280 2246 et
2299 2197 2587 2263 acceptum
2608 2209 2795 2247 coram
2827 2195 3102 2248 salvatore
3123 2195 3238 2248 Deo
3255 2199 3466 2248 nostro.
3496 2213 3519 2246 ι

1929 2283 2166 2352 (.4mbr.)
2200 2280 2557 2336 Sufﬁcienter
2582 2282 2762 2336 suasit
2806 2299 2901 2336 eos
2939 2282 3019 2336 sic
3057 2299 3272 2354 sapere,
3305 2283 3352 2336 si
3400 2282 3526 2354 qui-

1925 2373 2052 2428 dem
2083 2376 2141 2426 et
2161 2372 2277 2426 Deo
2307 2370 2386 2426 sic
2406 2372 2608 2444 placet.
2633 2372 2793 2426 Unde
2818 2376 2876 2426 et
2904 2371 3289 2444 probationem
3319 2373 3527 2427 taciens

1929 2461 2076 2534 quod
2105 2461 2222 2515 Deo
2253 2459 2365 2514 ista
2393 2461 2635 2532 placent,
2668 2460 2892 2530 adjicit:
2930 2481 2952 2512 ι
2987 2459 3094 2526 Qui
3123 2475 3317 2516 omnes
3349 2460 3526 2515 homi-

1931 2569 1955 2601 «
1989 2566 2088 2604 nes
2106 2549 2224 2603 vult
2241 2549 2422 2602 salvos
2445 2547 2586 2614 ﬁeri,
2613 2553 2671 2602 et
2689 2548 2758 2602 ad
2778 2549 3155 2619 cognitionem
3174 2549 3426 2604 veritatis
3437 2565 3525 2603 ve-

1931 2657 1956 2692 (
1991 2639 2131 2692 nire.
2159 2655 2185 2686 ι
2215 2638 2357 2692 Nam
2379 2637 2511 2709 quia
2530 2638 2680 2692 Deus
2709 2638 2778 2692 de
2799 2637 3058 2694 omnibus
3077 2637 3396 2694 hominibus
3415 2637 3526 2693 ista

1928 2727 2078 2792 velit,
2103 2742 2270 2780 nemo
2295 2726 2504 2798 poterit
2523 2727 2928 2784 contradicere.
2955 2727 3194 2784 Evidens
3221 2732 3410 2782 autem
3440 2733 3527 2783 est

1929 2816 2195 2889 quoniam
2223 2832 2416 2870 omnes
2445 2816 2565 2870 vult
2593 2809 2814 2884 salvari,
2844 2816 2977 2888 quia
3005 2822 3062 2871 et
3087 2833 3282 2872 omnes
3310 2821 3522 2872 tuetur.

1928 2905 2319 2961 Necessarium
2348 2911 2434 2958 est
2462 2921 2596 2975 ergo
2642 2909 2708 2958 ut
2746 2921 2848 2959 nos
2891 2907 3012 2977 ejus
3051 2906 3352 2960 tuitionem
3393 2921 3530 2976 erga

236 2987 347 3042 lica
375 2989 630 3044 doctrina
659 3007 760 3045 nos
781 2991 959 3054 docet,
994 2997 1052 3045 et
1087 2992 1289 3046 stultas
1319 2991 1658 3063 quaestiones
1686 2991 1846 3064 peni-
1864 3034 1910 3095 ϐ
1930 3012 2124 3050 omnes
2153 2993 2461 3060 imitemur,
2495 2993 2540 3047 si
2571 2999 2762 3047 tamen
2783 2993 2852 3047 ad
2884 2994 3113 3065 plenum
3153 2995 3528 3050 acceleramus

236 3085 332 3134 tus
361 3078 707 3146 deseramus,
740 3080 1050 3134 secundum
1073 3081 1324 3152 ejusdem
1355 3080 1606 3152 Apostoli
1636 3099 1842 3152 przece-
1866 3078 1909 3095 “’
1929 3081 2136 3137 similia
2157 3097 2354 3154 sapere
2384 3082 2521 3138 Deo.
2553 3083 2623 3136 Et
2645 3081 2798 3136 omni
2827 3099 2893 3136 ex
2921 3088 3082 3154 parte
3118 3081 3178 3137 id
3226 3083 3528 3138 ostendens

239 3173 422 3240 ptum,
457 3169 605 3240 quod
635 3169 703 3223 ad
721 3169 1079 3224 Timotheum
1104 3169 1353 3224 scribens
1381 3170 1496 3224 ait:
1532 3193 1548 3216 ι
1582 3169 1708 3224 Noli
1727 3187 1846 3224 ver-

243 3277 267 3308 ε
303 3257 390 3312 bis
419 3257 779 3325 contendere,
808 3258 864 3314 in
897 3257 1072 3313 nihilo
1100 3257 1258 3324 utile,
1291 3258 1396 3312 nisi
1424 3258 1494 3312 ad
1528 3257 1844 3313 subversio-

245 3368 269 3398 ε
298 3365 428 3402 nem
450 3347 1075 3403 audientium.Sollicite
1093 3364 1230 3402 cura
1243 3347 1314 3401 tei
1322 3364 1483 3419 psum
1501 3347 1846 3420 probabilem

245 3455 268 3486 ι
302 3436 565 3491 exhibere
619 3437 734 3491 Deo
794 3437 1136 3508 operarium,
1181 3435 1647 3494 inconfusibilem.
1696 3441 1847 3491 recte

247 3544 274 3573 ι
311 3528 649 3580 tractantem
683 3525 915 3579 verbum
963 3523 1234 3580 veritatis.
1266 3525 1508 3579 Profana
1553 3531 1741 3580 autem
1791 3531 1848 3580 et

243 3632 267 3662 ι
313 3612 663 3685 inaniloquia
676 3615 942 3679 devita,et
962 3613 1256 3669 verborum
1278 3615 1579 3669 novitates:
1606 3615 1846 3670 multum

241 3720 265 3752 (ι
301 3702 453 3756 enim
495 3703 794 3773 proﬁciunt
821 3705 892 3758 ad
920 3703 1287 3776 impietatem,
1331 3710 1388 3758 et
1415 3721 1600 3758 sermo
1650 3721 1844 3758 eorum

240 3810 263 3840 ι
301 3795 368 3843 ut
395 3806 596 3844 cancer
626 3792 800 3863 serpit
831 3793 910 3860 (ΙΙ
943 3794 1080 3847 Tim.
1121 3809 1175 3858 ιι,
1241 3792 1302 3846 14
1337 3810 1424 3862 seq
1449 3795 1489 3860 ).
1525 3811 1551 3844 ι
1603 3794 1672 3848 Et
1716 3811 1842 3847 rur-

233 3895 399 3933 sum:
441 3900 464 3928 ι(
495 3880 724 3946 Stultas,
759 3880 964 3950 inquit,
985 3886 1040 3934 et
1056 3881 1174 3935 sine
1201 3881 1844 3954 disciplinaquaestiones

232 3987 262 4021 α
295 3967 504 4035 devita,
537 3968 716 4024 sciens
746 3969 886 4041 quia
912 3977 1186 4040 generant
1219 3970 1363 4034 lites,
1397 3987 1619 4025 servum
1651 3975 1842 4025 autem

239 4077 262 4108 α
300 4057 529 4112 Domini
559 4075 671 4112 non
701 4065 922 4130 oportet
941 4060 1182 4130 litigare,
1209 4059 1305 4114 sed
1330 4065 1688 4114 mansuetum
1720 4077 1840 4114 esse

241 4167 263 4196 ι
301 4146 375 4200 ad
405 4163 622 4212 omnes,
653 4147 969 4218 docibilem,
1008 4149 1336 4220 patientem,
1389 4165 1514 4203 cum
1569 4149 1842 4202 modestia

242 4255 266 4286 (ι
298 4235 698 4307 corripientem
719 4254 814 4292 eos
835 4239 930 4308 qui
960 4239 1230 4294 resistunt
1251 4238 1509 4301 veritati;
1529 4255 1600 4292 ne
1619 4238 1842 4310 quando

243 4343 268 4376 α
303 4324 404 4379 det
423 4325 574 4380 Deus
603 4326 683 4380 illi
713 4327 1101 4398 pwnitentiam
1129 4328 1197 4382 ad
1227 4327 1668 4400 cognoscendam
1697 4328 1842 4381 veri-

1926 3170 2139 3242 adjicit,
2176 3189 2202 3224 α
2237 3171 2395 3225 Unus
2415 3175 2604 3225 autem
2634 3171 2785 3225 Deus
2812 3175 2915 3225 est.
2955 3191 2977 3222 »
3015 3172 3132 3226 Hoc
3162 3176 3267 3236 est,
3293 3171 3426 3243 quia
3443 3176 3530 3227 est

1927 3259 2180 3314 omnium
2210 3259 2379 3326 Deus,
2412 3276 2525 3314 non
2557 3259 2797 3314 aliorum
2841 3260 3066 3332 quidem
3115 3265 3203 3315 est
3230 3261 3524 3327 Dominus,

1929 3348 2170 3402 aliorum
2197 3365 2328 3403 vero
2357 3365 2471 3402 non
2497 3353 2598 3402 est.
2629 3349 2824 3419 Itaque
2855 3365 2968 3403 non
3003 3355 3089 3403 est
3106 3349 3369 3420 possibile
3398 3365 3526 3403 eum

1927 3437 2214 3509 despicere
2269 3437 2486 3508 aliquos
2541 3437 2962 3508 quasi_alienos
3014 3436 3117 3490 sibi
3185 3437 3526 3492 existentes:

1933 3547 1956 3577 ‹
1989 3527 2146 3581 Unus
2173 3530 2257 3579 est
2278 3524 2553 3578 mediator
2571 3523 2670 3577 Dei
2693 3529 2750 3577 et
2769 3524 3058 3578 hominum
3082 3525 3251 3577 homo
3271 3524 3525 3578 Christus

1934 3635 1956 3668 ι
1991 3616 2171 3669 Jesus.
2195 3633 2221 3668 »
2249 3614 2434 3682 (Aug.)
2449 3613 2634 3667 Fallax
2652 3613 2840 3684 itaque
2863 3614 3156 3684 mediator,
3177 3614 3282 3667 hoc
3311 3619 3397 3667 est
3411 3613 3526 3667 dia-

1928 3703 2107 3772 bolus,
2150 3721 2260 3774 quo
2307 3719 2408 3774 per
2441 3706 2656 3755 secreta
2689 3701 2902 3772 judicia
2929 3702 3029 3756 Dei
3059 3683 3320 3773 superbia
3349 3702 3526 3755 homi-

1927 3810 2063 3848 num
2095 3797 2406 3846 mereretur
2432 3791 2614 3856 illudi,
2633 3807 2810 3845 unum
2839 3808 2963 3845 cum
2993 3789 3314 3844 hominibus
3335 3788 3522 3855 habet,

1924 3881 1982 3936 id
2017 3886 2118 3946 est,
2152 3885 2440 3952 peccatum
2473 3897 2482 3932 :
2507 3879 2658 3933 aliud
2676 3879 2849 3934 videri
2874 3880 2992 3934 vult
3014 3878 3221 3933 habere
3245 3895 3373 3933 cum
3385 3878 3520 3943 Deo,

1925 3976 1986 4026 ut
2017 3969 2148 4042 quia
2175 3969 2360 4023 carnis
2387 3969 2732 4023 mortalitate
2758 3986 2869 4024 non
2896 3967 3126 4040 tegitur,
3161 3985 3262 4040 pro
3295 3967 3524 4022 immor-

1923 4059 2022 4114 tali
2053 4076 2111 4113 se
2143 4058 2418 4113 ostendat.
2453 4058 2560 4112 Sed
2593 4058 2726 4130 quia
2754 4058 3095 4130 stipendium
3129 4057 3342 4130 peccati
3373 4073 3525 4111 mors

1925 4157 2026 4209 est,
2059 4148 2165 4202 hoc
2192 4147 2362 4201 habet
2384 4164 2680 4202 commune
2709 4164 2837 4202 cum
2885 4147 3228 4214 hominibus,
3269 4147 3417 4202 unde
3455 4146 3527 4200 si-

1927 4237 2042 4290 mul
2073 4237 2414 4290 damnentur
2439 4235 2496 4290 in
2527 4241 2786 4292 mortem.
2829 4237 3011 4292 Verax
3040 4243 3230 4292 autem
3251 4235 3527 4290 mediator

1927 4332 2030 4392 est,
2058 4343 2223 4397 quem
2249 4331 2440 4380 secuta
2469 4334 2568 4380 tua
2587 4326 2986 4381 misericordia.
3018 4327 3272 4391 Domine,
3299 4325 3526 4379 demon-

249 4440 265 4462 ο
305 4419 504 4479 tatem,
527 4420 583 4470 et
597 4415 930 4487 resipiscant
952 4416 1206 4471 adiaboli
1228 4417 1672 4489 laqueis,aquod
1693 4417 1842 4489 capti
1859 4413 1908 4470 D
1928 4416 2091 4470 strati
2118 4415 2442 4480 humilibus,
2469 4421 2528 4470 et
2552 4415 2773 4481 misisti,
2808 4421 2873 4470 ut
2901 4418 3024 4487 ejus
3061 4414 3312 4485 exemplo
3355 4412 3525 4468 etiam

247 4525 270 4556 ι
308 4508 575 4558 tenentur
593 4504 663 4557 ad
680 4504 855 4575 ipsius
873 4506 1216 4560 voluntatem
1239 4508 1424 4574 (112221.,
1442 4523 1576 4560 vers.
1601 4504 1841 4575 23-26).»

241 4593 487 4648 Oremus
519 4609 618 4664 pro
644 4592 880 4648 invicem
902 4600 966 4648 ut
994 4595 1296 4663 salvemur,
1328 4595 1474 4648 sicut
1504 4601 1847 4650 memoratus

241 4681 549 4754 Apostolus
582 4699 683 4736 nos
710 4681 892 4736 facere
919 4683 1078 4737 docet
1109 4683 1299 4737 dicens
1324 4703 1334 4736 :
1365 4703 1386 4734 «
1414 4682 1654 4737 Obsecro
1676 4684 1848 4754 igitur

246 4791 270 4822 ι
311 4770 495 4842 primo
520 4771 769 4826 omnium
803 4771 923 4826 ﬁeri
954 4771 1383 4836 obsecrationes,
1409 4771 1708 4838 orationes,
1745 4790 1846 4844 po-

243 4878 272 4911 α
301 4860 656 4921 stulationes.
686 4860 999 4932 gratiarum
1027 4861 1291 4918 actiones.
1325 4877 1424 4932 pro
1456 4859 1714 4915 omnibus
1744 4863 1841 4916 ho-

246 4971 270 5001 c
309 4949 579 5018 minibus,
611 4967 712 5021 pro
742 4949 969 5021 regibus
997 4956 1053 5005 et
1081 4950 1340 5004 omnibus
1369 4950 1465 5022 qui
1503 4949 1560 5004 in
1591 4949 1846 5006 sublimi-

243 5059 272 5093 ι
309 5045 428 5094 tate
447 5045 598 5106 sunt,
623 5040 946 5112 utquietam
970 5045 1027 5094 et
1045 5039 1410 5110 tranquillam
1429 5039 1598 5093 vitam
1613 5056 1847 5110 agamus

246 5153 268 5176 ο
310 5129 369 5183 in
399 5129 552 5183 omni
581 5129 790 5200 pietate
819 5135 876 5182 et
903 5129 1176 5187 castitate.
1206 5129 1322 5182 Hoc
1353 5129 1503 5182 enim
1523 5127 1730 5183 bonum
1762 5136 1850 5184 est

245 5238 270 5268 ι
305 5224 366 5273 et
391 5223 682 5291 acceptum
723 5235 910 5272 coram
941 5218 1216 5272 salvatore
1246 5223 1438 5272 nostro
1461 5219 1596 5286 Deo,
1619 5218 1712 5289 qui
1739 5235 1852 5271 om-

247 5327 274 5359 α
305 5323 407 5362 nes
431 5307 688 5362 homines
715 5307 834 5361 vult
872 5307 1054 5360 salvos
1103 5307 1244 5371 ﬁeri,
1297 5315 1354 5361 et
1399 5307 1467 5361 ad
1510 5306 1852 5377 agnitionem

245 5419 268 5448 ι
313 5397 560 5452 veritatis
591 5396 798 5451 venire.
833 5396 988 5452 Unus
1009 5396 1160 5450 enim
1189 5397 1358 5462 Deus,
1392 5413 1537 5450 unus
1557 5401 1616 5450 et
1649 5396 1856 5451 media-

244 5507 269 5538 ε
307 5491 399 5540 tor
416 5486 516 5541 Dei
540 5485 902 5541 ethominum
936 5486 1104 5539 homo
1134 5485 1389 5540 Christus
1422 5487 1602 5547 Jesus,
1635 5485 1728 5556 qui
1759 5486 1858 5540 de-

244 5595 271 5627 (ι
313 5574 400 5630 dit
428 5575 876 5647 redemptionem
925 5573 1290 5646 semetipsum
1322 5591 1423 5645 pro
1455 5574 1668 5641 multis,
1707 5575 1862 5630 testi-

1929 4505 2108 4576 ipsam
2138 4505 2418 4559 discerent
2444 4505 2838 4558 humilitatem.
2873 4504 3148 4558 Mediator
3184 4503 3391 4575 quippe
3432 4502 3526 4556 ille

1929 4593 2030 4647 Dei
2058 4598 2115 4648 et
2139 4593 2635 4652 hominum.homo
2657 4593 2912 4648 Christus
2939 4595 3118 4658 Jesus,
3145 4593 3293 4646 inter
3322 4597 3528 4646 morta-

1929 4683 2010 4736 les
2031 4687 2348 4754 peccatores
2366 4688 2422 4735 et
2442 4681 2817 4736 immortalem
2833 4684 3050 4752 justum
3081 4682 3362 4753 apparuit,
3383 4698 3528 4736 mor-

1929 4771 2058 4824 talis
2083 4788 2210 4824 cum
2243 4771 2584 4837 hominibus,
2606 4773 2794 4840 justus
2821 4787 2948 4824 cum
2975 4772 3110 4837 Deo,
3151 4777 3216 4826 ut
3262 4771 3524 4842 quoniam

1933 4859 2278 4930 stipendium
2303 4860 2538 4930 justitize
2577 4860 2690 4914 vita
2721 4865 2779 4914 et
2811 4876 2918 4931 pax
2959 4866 3046 4914 est
3108 4877 3208 4930 per
3245 4859 3526 4930 justitiam

1934 4949 2291 5020 conjunctam
2321 4948 2438 5002 Deo
2469 4955 2766 5004 evacuaret
2804 4953 3044 5004 mortem
3089 4949 3524 5018 justiﬁcatorum

1929 5037 2249 5109 impiorum,
2283 5053 2452 5108 quam
2489 5054 2618 5092 cum
2655 5038 2764 5093 illis
2814 5038 2988 5092 voluit
3024 5037 3230 5090 habere
3274 5053 3525 5091 commu-

1931 5143 2078 5181 nem.
2116 5127 2205 5182 Sic
2229 5127 2646 5181 demonstratus
2673 5132 2760 5182 est
2795 5127 3042 5198 antiquis
3078 5125 3303 5192 sanctis,
3345 5130 3412 5180 ut
3448 5125 3530 5180 ita

1935 5216 2041 5286 ipsi
2063 5232 2162 5288 per
2192 5216 2357 5270 ﬁdem
2388 5214 2589 5270 futurae
2620 5217 2894 5287 passionis
2930 5216 3071 5285 ejus,
3098 5215 3242 5270 sicut
3283 5231 3386 5268 nos
3429 5230 3531 5286 per

1939 5305 2106 5360 ﬁdem
2148 5305 2462 5376 praateritae,
2507 5305 2644 5358 salvi
2684 5305 2901 5359 ﬁerent.
2952 5305 3016 5360 In
3057 5308 3330 5376 quantum
3377 5303 3526 5360 enim

1939 5396 2127 5460 homo,
2163 5395 2218 5448 in
2249 5399 2469 5448 tantum
2492 5393 2766 5448 mediator
2783 5413 2793 5447 :
2810 5394 2866 5448 in
2894 5399 3167 5466 quantum
3197 5402 3386 5448 autem
3413 5410 3534 5449 ver-

1941 5485 2093 5551 bum,
2128 5501 2239 5539 non
2272 5483 2507 5548 medius,
2533 5483 2667 5554 quia
2694 5484 2924 5554 aequalis
2953 5484 3086 5548 Deo,
3121 5488 3178 5538 et
3206 5483 3354 5538 Deus
3381 5485 3531 5557 apud

1945 5576 2140 5642 Deum,
2176 5579 2235 5632 et
2266 5573 2434 5629 simul
2475 5589 2600 5628 cum
2645 5571 2857 5645 Spiritu
2893 5578 3086 5628 sancto
3121 5590 3269 5629 unus
3300 5573 3469 5630 Deus.
3504 5593 3531 5627 η
