4018 6168
411 274 548 332 1527

1013 275 1080 332 Β.
1118 273 1390 332 RABANI
1427 271 1659 330 MAURI
1696 268 2014 327 ARCHIEP
2049 265 2374 325 MOGUNT.
2415 265 2712 324 OPERUM
2748 263 2933 322 PARS
2969 263 3072 323 ΙΙΙ.

3548 260 3684 322 1528

412 401 650 470 (Ambr)
685 421 709 453 ι
745 401 1071 473 Opportune
1098 401 1184 457 vel
1213 399 1453 456 maxime
1472 399 1578 454 hoc
1605 397 1662 453 in
1692 397 1813 452 loco
1826 393 2004 450 homi—
2021 396 2064 455 Α
2088 393 2277 450 Titum
2309 392 2646 466 discipulum
2675 407 2843 448 suum
2869 389 3024 446 misit
3059 389 3329 462 scriptum
3365 387 3688 445 continetur

412 503 541 542 nem
567 503 696 540 eum
721 487 950 549 vocavit,
981 491 1047 541 ut
1082 492 1140 542 et
1167 504 1202 540 a
1239 491 1444 540 natura
1479 483 1800 539 ostenderet
1839 481 2009 536 dona-

413 574 582 629 tionis
602 573 1074 640 communionem,
1109 574 1370 630 omnibus
1397 571 1712 628 necessario
1745 569 1801 624 id
1831 570 2004 624 conﬁ-

410 662 678 730 tentibus,
702 663 968 734 quoniam
991 663 1374 720 universitatis
1403 679 1534 734 pars
1560 660 1802 716 existens
1812 675 2007 714 secun-

407 751 542 806 dum
574 757 838 806 naturam
866 769 1224 807 communem
1243 751 1522 818 omnibus,
1553 747 2005 822 potestpersimi-

405 839 700 895 litudinem
733 846 947 896 natura:
976 841 1336 897 donationem
1357 845 1641 914 praestare.
1668 837 2004 919 Unde‘illud

409 929 566 1000 quasi
587 931 704 1000 jam
717 929 787 985 'in
815 931 1219 986 confessionem
1247 931 1548 986 deductum
1576 929 1708 985 hinc
1726 927 2004 1000 accipiens

404 1019 616 1088 adjicit,
645 1039 671 1070 ι(
705 1019 801 1090 qui
827 1019 985 1074 dedit
1011 1020 1257 1092 seipsum
1286 1019 1728 1091 redemptionem
1757 1033 1858 1090 pro
1889 1033 2006 1071 om-

324 1171 326 1179 ,
407 1106 572 1162 nibus
599 1107 984 1163 testimonium
1014 1109 1362 1181 temporibus
1391 1109 1527 1164 suis.
1563 1127 1590 1162 »
1629 1109 1774 1164 Nam
1812 1112 1870 1162 et
1901 1123 2004 1179 pro

409 1197 668 1252 omnibus
706 1197 862 1252 dedit
897 1197 1164 1270 seipsum.
1218 1199 1334 1254 Nec
1380 1198 1530 1252 enim
1582 1214 1682 1270 pro
1721 1195 2003 1269 aliquibus

407 1290 648 1343 mortem
696 1285 884 1342 subire
935 1286 1231 1358 acquievit,
1275 1287 1373 1342 sed
1420 1286 1680 1342 omnibus
1715 1285 1907 1340 volens
1943 1283 2004 1338 in

407 1392 702 1430 commune
731 1375 982 1430 conferre
1006 1376 1358 1442 beneficium,
1382 1375 1698 1448 passionem
1721 1373 2004 1446 suscipere

409 1469 496 1518 est
523 1463 807 1535 dignatus,
833 1464 1138 1519 secundum
1153 1464 1291 1518 illud
1304 1469 1528 1535 tempus
1555 1479 1665 1535 quo
1685 1479 1884 1535 passus
1897 1465 2004 1528 est,

2093 483 2222 552 (Tit.
2257 499 2329 550 III,
2365 479 2472 551 10).
2521 500 2548 535 α
2582 479 2937 546 Ηεενθῐὶοιιῐη,
2986 478 3191 551 inquit,
3239 477 3524 534 hominem
3559 482 3686 550 post

2093 591 2116 623 ε
2151 588 2322 626 unam
2368 576 2426 627 et
2463 571 2766 626 secundam
2809 569 3218 640 correptionem
3258 567 3462 633 devita,
3504 566 3686 636 sciens

2091 678 2118 714 ε
2151 661 2297 733 quod
2319 659 2618 716 subversas
2639 657 3077 730 esthujusmodi,
3093 663 3152 712 et
3167 655 3446 728 delinquit
3458 656 3685 728 proprio

2089 769 2112 801 ι
2137 749 2350 820 judicio
2377 749 2800 805 condemnatus.
2841 767 2862 798 ι
2895 747 3127 816 (Raban.
3163 750 3224 800 in
3270 747 3441 815 Epist.
3496 747 3681 811 Pauli,

2086 839 2180 892 lib.
2213 840 2366 906 xxv.)
2401 857 2427 891 κ
2460 838 2642 902 Quam
2669 835 3011 892 sententiam
3036 834 3234 890 beatus
3265 832 3689 890 Ambrosiusita

2085 927 2358 999 exposuit.
2386 927 2474 982 Ad
2502 927 2750 998 plenum,
2783 925 3000 997 inquit,
3029 924 3191 978 illum
3227 923 3431 990 devita,
3473 923 3573 994 qui
3619 939 3690 977 ea

2087 1032 2211 1090 quae
2229 1015 2511 1071 contraria
2528 1021 2662 1071 sunt
2679 1014 2874 1087 pietati
2904 1013 3212 1086 praeelegit,
3230 1011 3378 1068 hunc
3407 1011 3560 1067 enim
3579 1011 3689 1068 h2-

2086 1104 2322 1160 reticum
2342 1109 2521 1160 vocat.
2543 1105 2848 1176 Postquam
2869 1103 3016 1158 enim
3039 1101 3213 1157 semel
3232 1105 3292 1156 et
3307 1100 3396 1156 bis
3423 1100 3686 1156 eumdem

2083 1194 2434 1262 instruxeris,
2467 1198 2526 1249 et
2553 1192 2866 1248 ostenderis
2885 1192 2937 1246 ei
2950 1192 3048 1247 illa
3067 1208 3190 1264 qua:
3207 1189 3550 1247 conveniunt
3564 1191 3690 1261 ejus

2084 1283 2271 1352 saluti,
2302 1284 2652 1355 superﬂuum
2682 1287 2772 1338 est
2793 1282 3008 1337 diutius
3037 1297 3165 1335 cum
3189 1279 3470 1352 ejusmodi
3499 1279 3688 1352 dispu-

2084 1379 2227 1440 tare,
2258 1389 2386 1428 cum
2415 1371 2492 1428 sit
2517 1371 2881 1426 manifestum
2916 1369 3181 1442 quoniam
3211 1368 3423 1424 nullam
3451 1367 3691 1440 percipit

2087 1461 2518 1534 correptionem,
2550 1476 2619 1516 ex
2643 1459 2846 1533 quibus
2871 1459 3048 1515 semel
3073 1462 3129 1515 et
3158 1457 3264 1524 bis,
3296 1457 3394 1513 illa
3420 1475 3548 1531 quae
3575 1473 3688 1514 non

404 1552 792 1608 testimonium
823 1552 973 1608 enim
996 1557 1157 1608 vocat
1181 1553 1499 1624 passionem
1542 1552 1742 1624 ipsam.
1789 1570 1815 1604 ει
1846 1552 2008 1607 Tem-
2087 1549 2494 1607 conveniebant
2512 1548 2620 1604 sibi
2650 1549 2906 1616 audiens,
2933 1564 3268 1620 cognoscere
3288 1547 3470 1603 noluit
3487 1547 3688 1602 verita-

408 1640 637 1712 poribus
663 1657 791 1696 vero
821 1641 938 1696 suis
961 1659 987 1695 ιο
1019 1641 1172 1708 dicit,
1206 1647 1271 1697 ut
1297 1647 1514 1697 asserat
1533 1641 1840 1696 secundum
1867 1639 2006 1695 illud
2087 1645 2225 1695 tem.
2256 1639 2530 1711 Relinque
2559 1653 2695 1710 ergo
2719 1655 2850 1694 eum
2875 1637 2973 1710 qui
2990 1637 3122 1692 talis
3147 1642 3252 1702 est,
3274 1641 3340 1692 ut
3359 1637 3580 1709 justam
3599 1653 3688 1692 ex-

406 1733 629 1800 tempus
671 1746 782 1801 quo
827 1747 1024 1800 passus
1060 1735 1162 1785 est.
1207 1731 1277 1786 Et
1334 1735 1399 1785 ut
1432 1730 1750 1802 passionem
1795 1715 2299 1802 ChristiBspectet
2323 1745 2359 1783 a
2380 1727 2571 1800 judice
2600 1743 2843 1800 poenam,
2887 1742 2954 1782 eo
2983 1725 3132 1798 quod
3159 1725 3218 1780 in
3247 1742 3346 1782 sua
3377 1725 3690 1798 pertinacia

408 1817 670 1872 omnibus
702 1819 1074 1872 necessariam
1123 1836 1243 1874 esse
1281 1819 1712 1886 demonstraret,
1759 1818 2006 1874 ostendit
2084 1817 2414 1890 persistens,
2443 1817 2661 1873 nullum
2683 1816 2750 1871 ad
2779 1814 3190 1888 correptionem
3216 1831 3378 1870 suam
3396 1831 3462 1870 ex
3481 1815 3687 1870 instru-

406 1906 518 1960 illis
549 1907 694 1976 quod
725 1907 1019 1962 conveniat
1037 1908 1093 1962 in
1125 1925 1422 1963 commune
1443 1909 1514 1963 de
1541 1907 1800 1964 omnibus
1827 1907 2004 1962 homi-
2085 1907 2270 1962 ctione
2307 1905 2562 1979 accipere
2598 1905 2722 1960 vult
2748 1904 3064 1960 consilium.
3106 1905 3187 1960 De
3229 1920 3340 1976 quo
3385 1910 3446 1960 et
3487 1903 3689 1960 beatus

408 1994 572 2048 nibus
617 1995 1048 2050 sollicitudinem
1087 1997 1431 2070 impendere.
1471 2014 1538 2052 eo
1577 1997 1725 2070 quod
1763 2001 1822 2051 et
1854 1997 2006 2052 Deus
2087 1996 2465 2068 Hieronymus
2491 1994 2574 2049 ita
2597 1994 2696 2049 ait.
2731 1994 2919 2060 Quare
2954 1999 3143 2048 autem
3183 1999 3313 2066 post
3343 1993 3588 2066 primam
3631 1998 3690 2049 et

409 2083 670 2138 omnibus
695 2101 888 2139 curam
918 2084 1202 2152 adhibeat,
1233 2091 1290 2140 et
1309 2085 1458 2158 quod
1498 2071 1566 2141 in.
1596 2102 1894 2140 commune
1930 2086 2006 2140 sit
2085 2085 2390 2140 secundam
2403 2082 2810 2156 correptionem
2829 2082 3162 2138 devitandas
3180 2082 3272 2149 sit,
3295 2081 3687 2138 redditcausas

409 2171 661 2226 omnium
692 2173 984 2239 Dominus,
1011 2178 1069 2229 et
1096 2174 1242 2245 quod
1271 2175 1457 2246 majus
1481 2179 1585 2242 est,
1599 2173 1864 2246 quoniam
1885 2174 2004 2247 ipse

410 2260 666 2315 Christus
695 2261 958 2317 similiter
987 2263 1247 2318 omnibus
1290 2263 1742 2336 appropinquare
1786 2263 2007 2320 videtur

409 2349 753 2421 proprietate
783 2357 1017 2407 naturae.
1034 2353 1179 2406 Nam
1204 2359 1261 2408 et
1289 2352 1549 2408 omnibus
1579 2351 1818 2426 praebuit
1836 2351 2007 2408 bene-

412 2437 598 2493 ﬁcium
630 2457 731 2511 pro
761 2439 1018 2495 omnibus
1037 2441 1352 2513 passionem
1385 2441 1712 2514 suscipiens.
1745 2443 2008 2515 Compro-

412 2526 511 2582 bat
539 2545 668 2582 vero
694 2529 830 2583 illud
870 2529 940 2582 de
969 2535 1170 2586 caetero
1196 2531 1366 2585 etiam
1409 2536 1467 2586 et
1503 2531 1572 2585 de
1609 2530 1719 2586 illis
1757 2547 1881 2604 quae
1917 2548 2007 2586 se-

411 2617 656 2670 cundum
687 2634 747 2672 se
771 2623 921 2673 sunt.
955 2636 982 2670 α
1015 2620 1079 2674 In
1109 2636 1218 2691 quo
1240 2620 1459 2698 positus
1492 2637 1636 2688 sum,
1668 2621 1870 2692 inquit,
1906 2637 2009 2692 ego

417 2724 444 2757 α
478 2705 810 2776 praedicator
837 2712 895 2762 et
922 2708 1241 2780 Apostolus,
1261 2709 1552 2764 veritatem
1577 2709 1717 2777 dico,
1733 2727 1845 2765 non
1857 2727 2011 2765 men-

413 2815 436 2843 «
469 2794 600 2862 tior,
634 2795 828 2850 doctor
853 2797 1109 2868 gentium
1140 2797 1197 2852 in
1225 2797 1337 2852 ﬁde
1357 2804 1415 2853 et
1443 2799 1696 2854 veritate.
1727 2817 1754 2852 ιι
1788 2800 1896 2854 Pro
1924 2798 2010 2854 his

414 2898 548 2954 ergo
578 2888 635 2936 et
669 2901 773 2955 ego
803 2884 1140 2940 constitutus
1171 2901 1296 2940 sum
1317 2886 1623 2958 apostolus,
1655 2891 1719 2941 ut
1746 2892 1804 2941 et
1832 2887 2008 2960 ipsam

2085 2175 2276 2230 dicens
2305 2173 2454 2246 quod
2474 2171 2773 2228 subversus
2789 2176 2879 2227 est
2903 2170 3227 2243 hujusmodi
3249 2176 3308 2226 et
3325 2177 3538 2244 peccat,
3561 2187 3688 2227 cum

2087 2263 2161 2320 sit
2194 2263 2254 2319 in
2283 2261 2586 2334 semetipso
2605 2261 2961 2333 depravatus.
3001 2259 3108 2326 Qui
3133 2259 3282 2315 enim
3303 2261 3478 2316 semel
3492 2259 3686 2333 bisque

2088 2355 2400 2424 correptus,
2433 2351 2628 2406 audito
2655 2365 2846 2406 errore
2869 2366 2972 2404 suo
2988 2365 3099 2405 non
3113 2349 3232 2405 vult
3243 2349 3469 2420 corrigi,
3494 2367 3686 2405 errare

2089 2441 2334 2496 aestimat
2360 2439 2754 2512 corrigentem,
2783 2445 2841 2494 et
2865 2455 2896 2493 e
2925 2437 3206 2494 contrario
3230 2455 3290 2494 se
3318 2439 3388 2493 ad
3409 2439 3605 2510 jurg'ia
3630 2445 3688 2495 et

2089 2547 2308 2602 pugnas
2331 2529 2624 2584 verborum
2647 2544 2871 2600 parans,
2897 2543 3026 2583 eum
3046 2529 3166 2582 vult
3188 2527 3562 2584 lucrifacerea
3579 2545 3687 2601 quo

2089 2621 2340 2676 docetur.
2372 2619 2678 2691 PrOpterea
2708 2633 2838 2672 vero
2887 2634 2923 2672 a
2967 2617 3269 2688 semetipso
3314 2617 3522 2672 dicitur
3567 2635 3688 2672 esse

2091 2708 2409 2775 damnatus,
2426 2707 2560 2780 quia
2571 2706 2896 2775 fornicator,
2922 2706 3164 2774 adulter,
3193 2705 3489 2774 homicida,
3511 2712 3571 2762 et
3591 2723 3687 2762 cat-

2093 2803 2216 2852 tera
2241 2796 2396 2864 vitia,
2429 2813 2530 2869 per
2555 2795 2874 2850 sacerdotes
2905 2795 2974 2850 de
3006 2795 3250 2850 Ecclesia
3278 2795 3688 2868 propelluntur,

2092 2885 2340 2942 haeretici
2369 2890 2557 2940 autem
2581 2885 2640 2940 in
2668 2883 2882 2957 seipsos
2910 2884 3247 2940 sententiam
3272 2883 3575 2939 feruntsuo
3603 2901 3693 2939 ar-

415 2970 724 3026 doctrinam
747 2973 817 3027 ad
839 2973 1091 3028 omnium
1123 2974 1413 3029 hominum
1452 2975 1710 3029 notitiam
1739 2975 2004 3043 deferam,
2033 3033 2073 3046 ﬂ
2091 2975 2259 3030 bitrio
2279 2975 2348 3029 de
2377 2973 2621 3029 Ecclesia
2640 2973 2964 3028 recedentes
2987 2992 2999 3027 :
3035 2990 3159 3045 quae
3187 2973 3424 3028 recessio
3451 2973 3694 3046 propria

417 3065 476 3113 et
510 3076 704 3115 omnes
741 3061 812 3115 ad
865 3062 1034 3116 ﬁdem
1085 3061 1294 3116 Christi
1338 3063 1600 3118 accedere
1639 3063 1857 3132 faciam,
1910 3033 2442 3137 percconscientiae
2462 3062 2685 3118 videtur
2698 3079 2822 3118 esse
2849 3033 3158 3120 damnatio.
3186 3063 3340 3118 Inter
3357 3033 3620 3118 haeresim
3637 3068 3699 3118 et

419 3164 586 3219 quem
615 3149 724 3204 ista
751 3149 910 3204 nobis
923 3149 1198 3206 retributa
1215 3156 1367 3206 sunt.
1401 3153 1470 3207 Et
1489 3152 2012 3224 quidemadhorum
2093 3151 2338 3208 schisma
2365 3152 2471 3207 hoc
2499 3167 2620 3206 esse
2647 3150 3016 3219 arbitrantur,
3043 3151 3192 3224 quod
3223 3151 3452 3206 haeresis
3472 3168 3697 3224 perver-

419 3236 730 3292 doctrinam
763 3243 820 3294 et
862 3239 1300 3295 insinuationem
1341 3240 1594 3310 gentium
1623 3247 1844 3298 creatus
1880 3259 2008 3298 sum
2089 3258 2216 3296 sum
2244 3241 2451 3312 dogma
2474 3239 2718 3308 habeat;
2760 3240 3005 3295 schisma
3033 3246 3264 3312 propter
3319 3240 3698 3312 episcopalem

414 3327 718 3398 apostolus,
753 3333 818 3383 ut
850 3329 1149 3401 praedicem
1181 3329 1440 3386 omnibus
1469 3330 1789 3387 hominibus
1819 3333 1913 3405 qui
1949 3333 2008 3388 in
2089 3325 2494 3381 dissensionem
2516 3323 2586 3380 ab
2606 3324 2851 3380 Ecclesia
2869 3330 3180 3398 separetur.
3207 3324 3366 3390 Quod
3387 3325 3620 3397 quidem
3635 3325 3694 3380 in

415 3416 569 3470 omni
601 3417 720 3471 loco
743 3423 894 3473 sunt.
932 3438 958 3471 »
2090 3414 2367 3488 principio
2391 3415 2473 3469 ita
2499 3431 2622 3469 esse
2667 3413 2858 3486 aliqua
2895 3431 2960 3468 ex
2997 3420 3158 3486 parte
3200 3413 3441 3492 intelligi
3485 3420 3692 3487 potest.

351 3571 357 3580 ,
487 3505 618 3561 Haec
647 3523 780 3578 ergo
806 3508 876 3562 de
905 3507 1258 3579 praescientia
1279 3509 1379 3564 Dei
1413 3514 1470 3564 et
1497 3509 2008 3582 praedestinatione,
2093 3505 2370 3560 Caeterum
2386 3503 2604 3558 nullum
2621 3502 2867 3558 schisma
2889 3518 3002 3558 non
3027 3502 3132 3557 sibi
3162 3503 3410 3576 aliquam
3422 3503 3697 3576 conﬁngit

415 3598 474 3648 et
503 3593 651 3664 quod
687 3594 808 3666 ipse
841 3585 999 3650 Deus
1035 3612 1230 3652 omnes
1253 3597 1508 3652 homines
1542 3597 1723 3654 salvos
1751 3600 1892 3665 fieri,
1956 3606 2014 3655 et
2092 3592 2372 3660 haireSim.
2404 3597 2470 3647 ut
2496 3596 2648 3646 recte
2667 3590 2738 3646 ab
2769 3589 3016 3646 EccleSia
3038 3591 3333 3647 mceSSisse
3361 3591 3638 3647 Videatur.
3661 3608 3690 3645 l

417 3682 487 3736 ad
531 3683 874 3754 agnitionem
912 3685 1162 3740 veritatis
1190 3686 1310 3740 vult
1339 3687 1648 3758 pervenire,
1686 3689 2013 3760 apostolica-
2092 3681 2252 3736 Unde
2277 3680 2489 3736 bonum
2504 3679 2641 3734 mihi
2663 3679 2902 3748 Videtur,
2925 3680 2972 3735 Si
2993 3679 3148 3734 vobis
3169 3681 3366 3752 placet.
3413 3680 3563 3752 quod
3593 3696 3692 3736 811·

417 3786 544 3824 rum
587 3773 996 3829 sententiarum
1039 3791 1206 3830 sensu
1232 3775 1394 3846 juxta
1427 3777 1860 3848 praecedentium
1901 3779 2005 3834 Pa-

2093 3785 2196 3842 pra
2221 3775 2530 3825 memorato
2553 3769 2835 3836 heretico,
2869 3768 3026 3823 nulla
3052 3767 3219 3823 detur
3257 3768 3474 3823 occasio
3521 3773 3692 3840 atque

415 3861 568 3912 trum
599 3861 1019 3932 expositionem,
1050 3868 1220 3934 prout
1235 3863 1412 3934 potui,
1445 3869 1500 3918 et
1526 3864 1752 3919 assidua
1779 3865 2012 3922 infirmi-
2091 3859 2319 3914 licentia
2339 3857 2637 3923 scribendi,
2669 3862 2840 3929 atque
2863 3873 2992 3912 cum
3012 3856 3202 3930 aliquo
3229 3857 3575 3928 disputandi,
3598 3873 3695 3912 an-

419 3953 506 4002 tas
535 3965 624 4003 me
645 3949 883 4015 sinebat,
923 3953 1088 4022 juxta
1125 3952 1456 4024 petitionem
1489 3957 1729 4008 vestram
1769 3953 2012 4011 breviter
2091 3953 2321 4020 tequam
2350 3947 2397 4002 si
2424 3946 2686 4020 possibile
2703 3945 2777 4001 sit
2789 3947 2912 4018 eius
2927 3963 3086 4001 mens
3102 3951 3159 4000 et
3185 3962 3386 4000 sensus
3412 3945 3484 4000 ad
3503 3946 3694 4001 catho-

417 4042 475 4091 et
502 4037 741 4092 strictim
769 4039 860 4092 hic
889 4039 1118 4112 collegi:
1149 4041 1330 4096 sciens
1365 4041 1514 4114 quod
1547 4059 1643 4098 vos
1679 4043 1844 4115 plura
1879 4044 2010 4100 inde
2091 4037 2256 4092 licam
2286 4037 2481 4092 redeat
2507 4035 2844 4090 (Ῐοοῐΐίηίῑῐηο
2869 4035 3077 4091 oretur
3103 4040 3295 4090 autem
3316 4052 3418 4106 Ρνο
3453 4035 3599 4107 ίρεος
3630 4043 3694 4090 ιη

417 4125 678 4196 colligere
706 4127 958 4198 potestis,
983 4129 1128 4184 sicut
1155 4130 1397 4185 eruditio
1426 4135 1610 4186 vestra
1637 4137 1695 4186 et
1723 4133 2005 4200 valetudo,
2091 4125 2365 4182 Dominus
2394 4125 2490 4198 qui
2522 4125 2878 4197 omnipotens
2906 4129 2994 4179 est
3005 4130 3274 4196 operetur
3291 4125 3534 4179 salutem
3557 4141 3691 4196 erga

417 4228 600 4267 meam
630 4214 968 4286 imperitiam
1001 4223 1058 4271 et
1085 4217 1471 4274 inﬁrmitatem
1501 4237 1603 4292 per
1621 4222 1812 4276 omnia
1837 4225 2011 4280 excel-
2091 4215 2382 4270 inﬁrmum
2409 4214 2662 4280 fratrem,
2695 4219 2760 4268 ut
2785 4213 3000 4268 tribuat
3017 4230 3115 4268 cor
3149 4213 3405 4278 docibile,
3445 4219 3506 4268 et
3528 4220 3690 4269 recta:

415 4299 552 4362 lens,
587 4314 682 4354 vos
698 4317 865 4392 agere
880 4301 1320 4392 permittithgo
1339 4309 1550 4370 autem,
1573 4310 1847 4375 quantum
1869 4324 2010 4380 prae-
2027 4333 2076 4392 Β
2091 4303 2222 4358 fidei
2257 4302 2627 4368 consentiens,
2663 4319 2832 4374 quam
2870 4302 3038 4356 fidem
3070 4302 3343 4357 catholica
3378 4319 3482 4374 per
3505 4299 3690 4358 totum

414 4402 598 4452 sumo,
628 4405 724 4444 vos
751 4389 1043 4456 admoneo,
1079 4396 1144 4445 ut
1182 4391 1285 4447 has
1313 4392 1698 4448 contentiones
1735 4395 1928 4454 noxias
1953 4389 2065 4450 in_
2093 4392 2286 4448 orbem
2317 4393 2562 4448 custodit
2580 4393 2822 4448 Ecclesia
2847 4411 2860 4462 ;
2895 4397 2953 4447 et
2978 4391 3267 4464 resipiscat
3297 4409 3333 4446 a
3357 4390 3568 4447 diaboli
3609 4393 3691 4446 la-

415 4476 620 4547 populo
660 4477 979 4533 Christiano
1027 4479 1150 4534 ﬁeri
1187 4480 1547 4552 prohibeatis,
1591 4485 1648 4535 et
1677 4482 1860 4554 ipsum
1897 4484 2010 4539 Go-

411 4564 736 4630 tescalcum,
767 4566 937 4637 hujus
967 4568 1175 4622 erroris
1214 4573 1520 4635 auctorem,
1554 4585 1658 4624 nec
1693 4570 2004 4640 scribendo,

413 4663 514 4701 ucc
541 4649 820 4720 loquendo
850 4651 1002 4706 ultra
1026 4658 1144 4706 tam
1175 4653 1369 4708 multis
1413 4669 1614 4709 nocere
1648 4657 2006 4726 permittatis.

412 4738 742 4793 Mirorehim
759 4741 1116 4810 prudentiam
1146 4748 1386 4798 vestram
1417 4743 1566 4814 quod
1583 4743 1752 4800 istum
1781 4748 2009 4802 noxium

409 4827 612 4894 virum,
643 4827 747 4882 hoc
776 4835 863 4884 est
883 4831 1291 4900 Gotescalcum,
1316 4831 1412 4904 qui
1433 4831 1490 4886 in
1511 4834 1770 4891 omnibus
1799 4835 2008 4908 vitupe-

407 4915 601 4970 rabilis
665 4917 924 4974 iuventus
978 4925 1081 4987 est,
1140 4923 1272 4994 quia
1317 4941 1420 4979 nec
1475 4925 1733 4980 monachi
1790 4931 2002 4990 votum.

408 5021 510 5060 nec
581 5007 725 5061 sacri
799 5008 1015 5063 ordinis
1092 5011 1262 5066 ritum
1299 5053 1313 5079 ,
1392 5015 1489 5068 sed
1553 5030 1735 5087 neque
1802 5015 2006 5088 praedi-

406 5095 569 5149 candi
630 5096 873 5152 oﬂicium
929 5098 1178 5169 legitime
1240 5101 1570 5172 observavit,
1615 5104 1856 5159 scribere
1909 5105 2007 5160 ali-

405 5178 535 5248 quid
569 5181 920 5250 permisistis,
954 5183 1011 5238 in
1041 5200 1150 5255 quo
1177 5184 1360 5240 oﬂicio
1385 5187 1564 5258 magis
1593 5205 1794 5243 nocere
1825 5189 2007 5260 potuit

405 5283 572 5336 quam
606 5269 726 5324 viva
769 5289 899 5326 voce
938 5274 1214 5344 loquendo
1295 5275 1453 5330 Unde
1508 5277 1679 5331 etiam
1725 5278 1780 5332 in
1835 5279 2008 5350 pluri-

404 5355 510 5408 mis
535 5356 686 5425 locis,
721 5366 784 5414 ut
809 5362 1016 5427 audivi,
1051 5363 1138 5418 sui
1172 5365 1370 5420 veneni
1410 5366 1608 5437 poculo
1651 5383 1763 5420 non
1793 5384 2000 5438 paucos

402 5443 718 5514 inebriavit,
751 5455 808 5504 et
835 5451 892 5504 in
923 5452 1127 5506 erroris
1155 5453 1432 5509 insaniam
1463 5456 1650 5510 vertit.
1701 5456 1860 5520 Quod
1899 5473 1996 5510 ne-

401 5547 687 5603 quaquam
714 5535 794 5591 ita
819 5539 940 5592 ﬁeri
964 5546 1204 5612 oportet,
1219 5543 1366 5598 sicut
1382 5544 1440 5599 in
1467 5543 1714 5618 Epistola
1741 5561 1909 5616 quam
1928 5545 1997 5601 ad

2093 4481 2270 4553 queis,
2303 4499 2335 4536 a
2365 4498 2475 4554 quo
2504 4487 2700 4552 captus
2721 4487 2807 4536 est
2832 4481 2902 4536 ad
2930 4481 3106 4554 ipsius
3132 4481 3502 4546 voluntatem,
3534 4487 3593 4536 et
3610 4498 3692 4536 re-

2091 4575 2344 4626 vertatur
2370 4571 2441 4624 ad
2469 4576 2721 4624 sanctam
2763 4575 3002 4624 matrem
3043 4569 3367 4638 Ecclesium,
3403 4585 3692 4643 unumque

2091 4675 2219 4714 cum
2239 4676 2308 4714 ea
2333 4659 2543 4714 sentiat
2560 4663 2730 4730 atque
2748 4659 3096 4730 proﬁteatur,
3117 4664 3176 4713 et
3202 4658 3384 4730 ipsam
3415 4660 3690 4716 unitatem

2091 4749 2244 4820 pacis
2271 4754 2329 4803 et
2357 4753 2522 4803 rectae
2549 4747 2681 4802 ﬁdei
2708 4747 2972 4818 deinceps
3002 4747 3251 4819 quandiu
3282 4747 3432 4802 vivat
3473 4753 3680 4806 servet.

2091 4837 2324 4894 Interim
2353 4842 2542 4892 autem
2574 4836 2750 4892 donec
2779 4836 2920 4891 illud
2947 4836 3064 4896 ﬁat,
3097 4853 3211 4890 non
3238 4836 3407 4891 laudo
3437 4841 3504 4892 ut
3537 4853 3688 4892 com-

2089 4927 2282 4981 munio
2309 4925 2360 4981 ei
2378 4925 2682 4992 tribuatur,
2711 4924 2842 4998 quia
2857 4926 3021 4995 juxta
3047 4923 3436 4980 testimonium
3458 4924 3687 4981 Joannis

2087 5015 2344 5086 apostoli,
2379 5013 2562 5068 omnis
2589 5013 2684 5086 qui
2705 5012 2917 5068 recedit
2935 5017 2993 5067 et
3013 5029 3127 5068 non
3144 5019 3337 5068 manet
3357 5013 3414 5068 in
3433 5014 3686 5070 doctrina

2089 5103 2299 5158 Christi
2311 5103 2489 5158 Deum
2521 5118 2633 5157 non
2660 5100 2862 5156 habet:
2889 5102 2986 5174 qui
3006 5107 3301 5173 permanet
3329 5101 3390 5156 in
3408 5102 3679 5167 doctrina,

2089 5192 2177 5246 hic
2196 5191 2397 5246 Filium
2415 5196 2472 5245 et
2483 5191 2710 5246 Patrem
2728 5190 2916 5246 habet.
2941 5213 2959 5240 ο
2984 5189 3043 5245 Si
3063 5190 3208 5261 quis,
3232 5190 3432 5261 inquit,
3445 5191 3601 5246 venit
3614 5189 3681 5246 ad

2091 5299 2118 5333 α
2145 5297 2260 5346 vos,
2285 5285 2343 5334 et
2366 5281 2509 5334 hanc
2530 5279 2843 5334 doctrinam
2878 5295 2992 5334 non
3021 5279 3201 5344 affert,
3233 5279 3408 5333 nolite
3437 5281 3680 5351 recipere

2085 5387 2110 5420 ‹‹
2145 5370 2343 5424 eumin
2365 5369 2618 5433 domum,
2643 5385 2744 5422 nec
2767 5384 2866 5424 ave
2895 5369 2946 5424 ei
2966 5367 3236 5424 dixeritis:
3264 5368 3360 5440 qui
3385 5369 3534 5424 enim
3553 5369 3682 5422 dicit

2087 5476 2108 5506 ιι
2139 5458 2221 5513 illi
2257 5475 2379 5526 ave,
2409 5457 2788 5512 communicat
2815 5457 3077 5530 operibus
3113 5457 3266 5512 illius
3313 5457 3574 5529 malignis
3611 5456 3688 5529 (ΙΙ

2086 5565 2115 5600 u
2143 5549 2303 5603 Joan.
2345 5545 2448 5615 10).
2471 5567 2496 5600 ››
2530 5547 2668 5602 Ecce
2697 5546 2924 5619 praedixi
2951 5546 3126 5614 vobis,
3158 5553 3222 5602 ut
3249 5546 3306 5603 in
3334 5546 3425 5603 die
3444 5543 3660 5603 Domini
