4018 6168
250 323 392 384 1529

1708 319 2098 380 EPISTOLIE.

3396 321 3540 384 1530

245 449 435 507 nostri
463 449 598 506 Jesu
627 445 841 503 Christi
869 461 981 502 non
1007 445 1446 502 eonfundamini.
1469 445 1862 502 Recordamini
1878 450 1926 509 Α
1942 447 2158 514 dotum,
2184 448 2701 521 monachorumque
2722 449 2836 505 sive
2864 449 3260 506 canonicorum
3289 448 3536 521 agmine,
3561 503 3576 510 -

244 537 496 612 qualiter
521 537 718 592 doctor
743 535 1000 608 gentium
1031 534 1102 588 de
1132 534 1432 606 semetipso
1453 533 1589 589 dicit
1599 532 1621 588 ~:
1649 552 1677 587 α
1698 534 1758 590 Si
1787 551 1851 589 ea

248 644 283 683 ι
315 643 438 700 quae
459 626 709 682 destruxi
720 625 925 680 iterum
945 623 1242 691 resediﬁco,
1257 624 1740 696 praevaricatorem
1763 639 1853 678 me

251 735 279 770 ι
314 716 592 772 constituo
615 711 971 787 (Gal.u,18).
1001 730 1026 766 ι
1049 713 1119 768 Et
1148 712 1424 769 attendite
1451 713 1731 786 quomodo
1758 729 1854 767 vos

245 805 376 862 sine
402 804 640 860 crimine
666 802 894 876 possitis
922 801 1170 876 esse,qui
1191 802 1251 856 in
1271 803 1486 875 synodo
1505 807 1692 857 vestra
1708 803 1855 857 hanc

246 899 464 951 sectam
489 892 791 949 nefandam
818 891 988 946 simul
1017 907 1144 946 cum
1170 889 1432 946 heretico
1458 890 1788 959 damnastis,
1805 889 1853 945 si

247 982 306 1039 ei
330 982 497 1038 modo
524 982 836 1037 incorrecto
864 979 1428 1037 communicaveritis.
1453 979 1680 1035 Debetis
1703 979 1852 1036 enim

248 1076 596 1127 correctores
616 1086 741 1126 esse
759 1069 1060 1136 malorum,
1080 1084 1194 1123 non
1218 1072 1502 1123 secutores
1520 1067 1850 1133 errantium,

247 1165 320 1216 ut
343 1159 591 1215 oﬂicium
619 1164 878 1214 nostrum
909 1163 1079 1230 atque
1107 1157 1362 1212 doctrina
1389 1157 1510 1212 sine
1549 1157 1853 1228 reprehen-

248 1249 409 1307 sione
438 1249 556 1316 ﬁat,
592 1253 651 1304 et
675 1252 794 1302 tam
820 1248 937 1302 Deo
966 1246 1183 1319 placeat
1211 1261 1382 1317 quam
1403 1244 1743 1301 hominibus.
1774 1245 1855 1300 De

249 1341 454 1392 caetero
481 1341 749 1408 agnoscat
775 1335 1045 1391 sanctitas
1073 1339 1277 1400 vestra,
1311 1333 1460 1406 quod
1506 1333 1666 1390 illum
1688 1333 1855 1408 libel-

250 1425 392 1493 lum,
419 1425 688 1498 quem'ad
717 1423 1000 1497 simplices
1027 1428 1085 1478 et
1104 1422 1352 1478 reclusos
1379 1422 1440 1477 in
1471 1428 1665 1478 nostra
1692 1439 1854 1495 paro-

247 1515 378 1572 chia
407 1514 776 1570 consistentes
804 1517 1003 1569 contra
1027 1511 1336 1569 Gotescalci
1377 1527 1626 1567 errorem
1674 1512 1853 1567 dicta-

251 1603 375 1671 stis,
405 1601 706 1677 probatum
732 1600 932 1667 habeo,
953 1606 1010 1656 et
1037 1600 1346 1656 secundum
1376 1599 1434 1655 id
1455 1600 1606 1673 quod
1624 1599 1702 1655 ibi
1720 1600 1854 1655 scri-

251 1697 415 1767 pturn
443 1691 627 1765 reperi
650 1691 853 1748 sentio.
876 1691 959 1746 De
979 1688 1290 1746 Gotescalci
1309 1693 1500 1744 autem
1519 1689 1852 1762 pertinacis-

1935 537 2006 590 ad
2031 536 2378 608 probandam
2407 554 2568 593 suam
2597 543 2806 593 sectam
2827 537 2996 594 liceat
3021 538 3148 603 sibi,
3172 544 3414 611 quatuor
3434 539 3534 593 do-

1935 625 2027 679 liis
2052 642 2165 681 uno
2184 632 2312 698 post
2327 643 2501 682 unum
2522 627 2738 699 positis,
2763 633 2931 700 atque
2959 628 3286 700 singulatim
3307 627 3534 701 repletis

1936 730 2084 787 aqua
2101 715 2354 783 ferventi,
2378 717 2500 771 oleo
2521 717 2735 788 pingui,
2750 724 2808 772 et
2827 717 2967 790 pice,
2993 722 3050 773 et
3085 719 3282 774 ultime
3302 734 3534 774 accenso

1935 804 2067 875 igne
2085 804 2488 876 c0piosissimo,
2511 807 2583 861 ad
2605 807 2949 878 probandam
2964 808 3326 863 traditionem
3345 813 3533 863 trans-

1935 893 2037 960 ire,
2071 900 2137 948 ut
2163 894 2242 948 sic
2269 894 2538 966 probetur
2562 897 2685 967 ejus
2712 896 3072 968 professionis
3101 897 3306 952 veritas
3339 916 3350 951 :
3386 897 3532 968 quod

1933 983 2220 1038 neminem
2234 989 2436 1056 praeter
2446 1001 2574 1040 eum
2587 985 2668 1040 ita
2679 990 2900 1057 optasse
2916 986 3046 1057 legi.
3068 987 3213 1041 Nam
3224 991 3340 1041 tres
3351 986 3532 1058 pueri,

1935 1071 2006 1127 de
2030 1071 2232 1144 quibus
2258 1073 2316 1127 in
2345 1073 2574 1128 Daniele
2589 1075 2859 1147 scripturn
2892 1081 2996 1144 est,
3033 1075 3140 1130 hoc
3167 1081 3252 1130 est
3277 1075 3530 1141 Sidrach,

1934 1161 2109 1216 Misac
2140 1167 2197 1215 et
2224 1162 2547 1233 Abdenago,
2581 1179 2693 1218 non
2739 1163 2911 1219 simili
2949 1164 3260 1236 pertinacia
3299 1181 3536 1220 examen

1935 1249 2083 1322 ignis
2102 1251 2405 1322 petierunt,
2429 1253 2527 1306 sed
2548 1253 2726 1323 magis
2745 1252 2847 1308 Dei
2861 1253 3074 1324 judicio
3097 1253 3286 1309 omnia
3313 1271 3536 1310 servan-

1937 1344 2043 1405 tes,
2074 1339 2488 1411 responderunt
2519 1340 2637 1411 regi
2677 1340 2994 1414 Babylonis,
3031 1343 3126 1414 qui
3166 1360 3262 1398 eos
3290 1348 3536 1399 statuam

1936 1443 2166 1484 auream
2182 1445 2351 1501 quam
2363 1429 2497 1484 fecit
2515 1429 2753 1486 adorare
2773 1432 3042 1504 compulit
3060 1433 3308 1488 dicentes
3326 1448 3340 1489 :
3365 1451 3392 1486 α
3409 1434 3537 1489 Non

1941 1539 1966 1569 ι
1997 1523 2220 1589 oportet
2245 1535 2349 1574 nos
2377 1519 2447 1574 de
2475 1518 2582 1573 hac
2609 1535 2670 1574 re
2701 1520 3042 1592 respondere
3069 1520 3191 1576 tibi.
3224 1522 3361 1576 Ecce
3383 1522 3534 1576 enim

1936 1622 1965 1659 ι
1994 1607 2145 1661 Deus
2165 1611 2358 1663 noster
2385 1623 2552 1680 quem
2581 1606 2814 1663 colimus
2842 1613 3028 1680 potest
3068 1609 3286 1681 eripere
3332 1626 3436 1665 nos
3464 1609 3536 1665 de

1938 1711 1966 1745 «
1996 1693 2218 1750 camino
2239 1695 2387 1766 ignis
2405 1695 2674 1764 ardentis,
2695 1701 2752 1751 et
2771 1696 2841 1751 de
2856 1695 3118 1751 manibus
3139 1696 3252 1752 tuis
3270 1697 3532 1752 liberare.

251 1781 396 1838 simo
504 1779 871 1872 incorrigibili
897 1795 1089 1872 errore
1127 1778 1339 1851 aliquid
1371 1782 1570 1834 contra
1608 1778 1852 1834 scribere
1870 1811 1918 1872 Β
1939 1801 1963 1835 ι
1997 1783 2159 1848 Quod
2189 1783 2236 1838 si
2257 1784 2520 1851 noluerit,
2554 1791 2752 1841 notum
2793 1784 2894 1840 tibi
2937 1785 3030 1852 sit,
3065 1785 3196 1858 quia
3238 1785 3372 1841 deos
3409 1791 3536 1842 tuos

249 1871 602 1944 superﬂuum
637 1869 848 1942 judico,
881 1868 1014 1941 quia
1040 1885 1144 1924 nec
1169 1871 1503 1941 praesentem
1532 1883 1661 1924 eum
1686 1885 1721 1923 a
1750 1885 1853 1924 sua
1872 1868 1912 1872 “
1937 1889 1964 1924 ‹‹
1992 1889 2104 1928 non
2123 1873 2378 1940 colimus,
2402 1879 2460 1928 et
2473 1879 2719 1929 statuam
2741 1891 2970 1930 auream
2995 1891 3166 1947 quam
3178 1874 3404 1930 erexisti
3423 1891 3539 1932 non

249 1959 507 2033 nequitia
537 1959 776 2014 avellere
799 1957 977 2032 potui,
1005 1974 1111 2013 nec
1140 1957 1306 2012 modo
1336 1961 1464 2030 post
1494 1961 1733 2012 vestram
1759 1974 1851 2012 sa-

249 2065 384 2106 nam
411 2044 842 2122 correptionem,
871 2045 1081 2119 aliquid
1112 2063 1314 2102 sanum
1341 2044 1400 2100 in
1419 2046 1542 2117 ejus
1568 2062 1737 2102 sensu
1768 2063 1854 2100 re-

249 2137 415 2212 peri;
444 2138 544 2194 sed
588 2137 910 2210 superbiam
945 2141 1189 2192 tantum.
1239 2135 1526 2208 Superbus
1567 2135 1716 2190 enim
1765 2141 1852 2190 est

250 2226 419 2284 Moab
445 2227 624 2295 valde,
657 2233 715 2283 et
739 2225 1003 2300 superbia
1031 2230 1200 2298 atque
1229 2224 1554 2297 arrogantia
1573 2225 1695 2296 ejus
1723 2225 1850 2297 plus

251 2332 425 2390 quam
443 2315 712 2372 fortitudo
733 2317 872 2388 ejus.
899 2314 1046 2380 Quid
1068 2314 1218 2370 enim
1239 2319 1436 2369 contra
1457 2330 1587 2369 eum
1605 2312 1848 2368 scribere

249 2403 451 2472 habeo,
473 2405 572 2478 qui
590 2410 766 2460 totam
798 2403 1122 2471 Ecclesiam,
1145 2402 1305 2476 quasi
1345 2402 1557 2475 aliquid
1584 2419 1848 2474 spurcum

252 2499 313 2551 et
348 2495 660 2563 sordidum,
705 2497 764 2548 et
809 2492 1102 2565 indignum
1133 2509 1237 2548 sua
1265 2491 1599 2547 allocutione
1635 2490 1844 2562 abjicit,

248 2600 414 2640 suam
445 2588 636 2638 autem
661 2581 1001 2649 locutionem
1049 2581 1120 2638 ad
1161 2581 1346 2637 solum
1381 2581 1560 2636 Deum
1592 2579 1652 2635 in
1695 2579 1848 2635 caelis

251 2673 646 2746 praesidentem
690 2671 981 2739 convertit,
1032 2670 1326 2742 indignum
1371 2685 1476 2725 sua
1515 2670 1851 2724 allocutione

246 2762 514 2834 judicans
533 2761 799 2835 quicquid
813 2761 872 2817 in
892 2766 1046 2816 terra
1067 2760 1188 2816 est?
1207 2759 1380 2825 Quasi
1411 2759 1495 2813 fas
1514 2758 1589 2814 sit
1605 2763 1852 2813 contem-

251 2851 367 2924 ptis
386 2850 652 2906 membris
672 2850 920 2923 corporis
939 2847 1168 2916 Christi,
1191 2848 1263 2904 ad
1293 2848 1477 2920 ipsum
1497 2853 1667 2920 caput
1681 2847 1850 2902 verba

252 2939 520 3012 dirigere,
551 2957 682 2996 cum
701 2939 856 2996 nullo
877 2939 1044 2994 modo
1062 2942 1232 3010 caput
1259 2953 1294 2991 a
1310 2936 1579 2992 membris
1600 2936 1850 3009 separari

256 3029 452 3104 possit.
466 3029 646 3084 Nemo
665 3028 818 3084 enim
847 3027 1097 3083 ascendit
1121 3027 1182 3082 in
1229 3026 1450 3094 caelum,
1474 3025 1583 3081 nisi
1622 3025 1716 3098 qui
1760 3027 1852 3080 de-

1937 1979 1964 2013 α
1995 1961 2298 2017 adoramus
2325 1963 2482 2033 (Dan.
2518 1977 2599 2028 nr,
2633 1962 2742 2033 17).
2779 1980 2806 2016 ι
2847 1963 2940 2018 Sic
2979 1963 3131 2018 enim
3167 1963 3250 2018 illi
3293 1981 3358 2020 ex
3403 1964 3536 2020 ﬁdei

1933 2050 2202 2106 firmitate
2231 2055 2290 2106 et
2317 2051 2676 2124 professionis
2704 2051 3024 2106 humilitate
3051 2052 3122 2106 de
3149 2052 3278 2123 igne
3306 2053 3533 2110 liberari

1931 2145 2281 2207 meruerunt,
2313 2139 2625 2212 pertinacia
2653 2144 2840 2194 autem
2867 2140 3032 2196 istius
3056 2157 3224 2212 quem
3250 2141 3418 2195 ﬁnem
3440 2142 3540 2196 ha-

1928 2225 2062 2282 beat
2087 2227 2340 2298 ignotum
2373 2229 2554 2284 adhuc
2573 2233 2812 2284 constat.
2839 2227 3030 2284 Faciat
3048 2229 3319 2284 Dominus
3339 2229 3408 2284 de
3429 2229 3535 2285 hoc

1930 2317 2079 2388 quod
2100 2316 2308 2372 bonum
2321 2316 2396 2372 sit
2414 2317 2471 2372 in
2493 2317 2669 2373 oculis
2692 2317 2834 2388 ejus,
2861 2322 2918 2372 et
2938 2316 3138 2372 liberet
3155 2333 3256 2372 nos
3279 2315 3349 2371 ab
3379 2318 3531 2373 omni

1930 2405 2098 2472 malo,
2135 2412 2304 2478 amne
2335 2405 2599 2461 defendat
2621 2406 2693 2460 ab
2723 2406 2875 2461 omni
2903 2423 3112 2472 errore,
3141 2407 3346 2478 detque
3371 2405 3532 2461 nobis

1930 2511 2032 2548 sua
2049 2494 2236 2565 gratia
2253 2511 2352 2567 per
2371 2495 2537 2550 ﬁdem
2566 2500 2777 2550 rectam
2808 2501 2866 2551 et
2893 2495 3036 2551 bona
3067 2512 3236 2568 opera
3263 2501 3530 2550 aeternam

1929 2580 2335 2638 beatitudinem
2367 2584 2424 2638 in
2456 2591 2756 2657 conspectu
2795 2585 2917 2656 ejus
2947 2585 3272 2657 promereri,
3316 2591 3375 2640 et
3417 2585 3531 2640 vita

1932 2671 2141 2743 perfrui
2172 2672 2516 2744 sempiterna

2003 2761 2133 2816 Haec
2157 2761 2278 2827 tibi,
2303 2762 2629 2818 charissime
2643 2762 2838 2828 frater,
2860 2763 2992 2818 licet
3011 2762 3220 2817 rustico
3242 2763 3408 2835 style,
3442 2767 3529 2817 ta-

1932 2865 2062 2904 men
2081 2850 2280 2906 devoto
2299 2851 2488 2906 animo
2507 2851 2718 2906 dictata
2740 2851 2906 2907 modo
2927 2851 3227 2907 sufficiant.
3247 2853 3528 2908 Cmterum

1932 2939 2076 2994 scias
2093 2956 2202 3006 me,
2230 2940 2480 3012 quandiu
2505 2941 2712 3009 vixero,
2731 2957 2956 3013 semper
2987 2946 3248 3013 paratum
3275 2957 3396 2996 esse
3424 2945 3536 2997 tua

1933 3026 2321 3100 obtemperare
2349 3029 2508 3085 bonae
2537 3030 2812 3085 voluntati
2841 3035 2898 3085 et
2917 3046 3066 3085 sana:
3091 3029 3406 3085 consentire
3427 3029 3529 3084 do-

252 3117 476 3174 scendit
501 3117 572 3174 de
586 3117 724 3172 caelo
742 3115 916 3173 Filius
952 3115 1197 3172 hominis
1215 3115 1311 3188 qui
1344 3121 1430 3170 est
1469 3115 1529 3170 in
1565 3116 1724 3183 celo,
1756 3113 1907 3195 quia
1931 3116 2144 3172 ctrinaa.
2169 3117 2440 3174 Dominus
2462 3119 2818 3192 omnipotens
2841 3119 3009 3174 faciat
3027 3135 3149 3185 nos,
3167 3118 3416 3190 quandiu
3437 3117 3528 3173 hic

254 3207 328 3262 ad
357 3207 583 3262 Patrem
597 3223 764 3262 suum
779 3222 965 3274 orans,
989 3206 1058 3261 de
1077 3205 1366 3277 discipulis
1381 3205 1500 3260 suis
1518 3205 1600 3260 ait
1619 3223 1629 3259 :
1657 3223 1684 3258 ι
1716 3206 1852 3260 San-

259 3314 288 3349 s
317 3295 504 3352 ctiﬁca
523 3311 619 3352 eos
637 3295 697 3352 in
719 3295 971 3362 veritate,
991 3310 1176 3350 sermo
1196 3299 1329 3349 tuus
1347 3294 1552 3349 veritas
1571 3300 1674 3349 est.
1695 3294 1853 3349 Sicut

253 3404 282 3439 ι
313 3391 377 3441 tu
406 3401 498 3440 me
527 3384 731 3440 misisti
761 3384 819 3439 in
835 3383 1129 3451 mundum,
1149 3387 1206 3438 et
1223 3400 1327 3455 ego
1346 3383 1474 3438 misi
1499 3400 1594 3438 eos
1612 3383 1670 3438 in
1692 3400 1852 3438 mun-

255 3493 285 3529 ι
315 3473 474 3540 dum,
500 3477 558 3529 et
576 3490 678 3547 pro
692 3490 774 3529 eis
795 3489 899 3545 ego
919 3472 1206 3528 sanctiﬁco
1226 3471 1524 3544 meipsum,
1548 3475 1614 3527 ut
1635 3473 1856 3544 possint

253 3580 283 3618 ι
313 3567 376 3619 et
403 3562 511 3636 ipsi
533 3562 866 3618 sanctiﬁcari
892 3562 952 3618 in
981 3561 1238 3618 veritate.
1261 3562 1387 3617 Non
1415 3577 1517 3633 pro
1544 3560 1635 3616 his
1663 3567 1853 3617 autem

250 3669 281 3707 ι
312 3667 452 3723 rogo
479 3655 720 3719 tantum,
741 3651 840 3707 sed
859 3657 917 3706 et
929 3667 1032 3725 pro
1052 3651 1140 3706 his
1161 3650 1257 3722 qui
1292 3649 1560 3706 credituri
1596 3655 1730 3706 sunt
1756 3667 1856 3723 per

252 3761 278 3792 ι
313 3739 546 3796 verbum
567 3756 760 3796 eorum
782 3739 840 3796 in
856 3757 966 3803 me,
981 3744 1046 3796 ut
1060 3755 1256 3796 omnes
1273 3755 1448 3794 unum
1469 3738 1600 3806 sint,
1617 3730 1853 3803 sicuttu,

248 3847 279 3885 ι
311 3829 502 3896 Pater,
526 3829 585 3884 in
605 3846 715 3897 me,
731 3835 788 3886 et
808 3846 912 3901 ego
930 3830 991 3884 in
1012 3834 1088 3897 te,
1111 3833 1168 3884 et
1189 3834 1254 3884 ut
1270 3827 1376 3901 ipsi
1405 3828 1464 3882 in
1491 3826 1652 3883 nobis
1677 3843 1854 3884 unum

1933 3221 2147 3273 sumus,
2171 3205 2453 3263 vobiscum
2479 3214 2704 3280 gratum
2735 3209 3024 3264 servitium
3052 3209 3133 3264 illi
3163 3207 3441 3274 exhibere,
3475 3212 3536 3263 et

1931 3300 2060 3366 post
2085 3295 2254 3367 hujus
2269 3297 2394 3353 vitae
2408 3299 2717 3354 terminum
2737 3298 2794 3353 in
2814 3315 2988 3370 regno
3009 3298 3218 3354 caelesti
3241 3303 3538 3370 perpetua-

1932 3383 2064 3439 liter
2091 3385 2358 3456 gaudere.

2469 3458 2765 3514 ΕΡῙὸΤο
2781 3458 2884 3512 LA
2935 3458 2999 3510 V.

2529 3562 2600 3600 AD
2637 3560 2936 3612 NOTINGUM,

2199 3633 2338 3687 Cum
2369 3635 2511 3689 libro
2539 3635 2603 3687 de
2631 3635 3112 3689 Przdestinatr'onc
3147 3635 3258 3688 Dei.

2527 3737 2616 3795 (Ει
2649 3737 2944 3802 Sirmondo.)

2007 3830 2142 3885 Viro
2170 3826 2474 3883 venerabili
2499 3832 2557 3882 et
2585 3827 2739 3882 omni
2787 3827 3014 3882 nomine
3060 3826 3388 3898 dignissimo
3427 3827 3536 3882 No-

249 3936 280 3974 e
310 3919 447 3985 sint,
469 3923 536 3974 ut
551 3918 746 3974 credat
773 3918 1018 3974 mundus
1049 3918 1185 3990 quia
1211 3923 1276 3973 tu
1305 3934 1394 3972 me
1424 3917 1650 3984 misisti,
1675 3920 1733 3971 et
1751 3933 1854 3988 ego
1935 3935 2097 3976 TINGO
2126 3917 2302 3973 electo
2333 3915 2590 3988 episcopo
2613 3915 2880 3972 Rabanus
2922 3916 2978 3970 in
3013 3916 3236 3971 Christo
3272 3915 3533 3970 salutem.

247 4024 279 4063 ι
311 4007 631 4064 claritatem
652 4023 822 4080 quam
842 4007 1044 4062 dedisti
1060 4006 1196 4061 mihi
1215 4007 1342 4062 dedi
1354 4007 1454 4074 eis,
1470 4013 1534 4062 ut
1547 4006 1661 4062 sint
1677 4022 1853 4062 unum
2005 4010 2218 4080 Nuper,
2237 4005 2460 4077 quando
2480 4005 2552 4060 ad
2577 4005 2998 4062 serenissimum
3010 4005 3409 4077 imperatorem
3424 4006 3538 4061 Lu-

251 4117 278 4157 ς
311 4097 462 4154 sicut
483 4103 540 4152 et
567 4113 670 4153 nos
697 4113 875 4153 unum
897 4111 1112 4158 sumus,
1142 4112 1247 4168 ego
1276 4096 1335 4151 in
1365 4096 1447 4150 eis
1475 4100 1534 4150 et
1563 4101 1623 4151 tu
1653 4095 1712 4150 in
1741 4111 1851 4164 me,
1936 4097 2192 4154 dovicum
2223 4094 2280 4150 in
2309 4094 2553 4150 transitu
2575 4094 2942 4167 expeditionis
2964 4095 3184 4151 hostilis
3204 4094 3264 4149 in
3279 4095 3541 4168 pagoLo-

251 4205 278 4236 ι
310 4189 380 4242 ut
395 4185 512 4241 sint
527 4185 900 4242 consummati
917 4185 975 4242 in
993 4201 1190 4251 unum,
1212 4189 1279 4241 ut
1297 4184 1854 4258 cognoscatmundus
1932 4204 2093 4260 ganze
2121 4184 2344 4252 venisti,
2377 4189 2434 4239 et
2463 4183 2671 4240 ibidem
2709 4201 2930 4239 mecum
2980 4185 3202 4240 locutus
3236 4185 3306 4240 de
3339 4183 3540 4240 haeresi

253 4293 282 4328 α
315 4275 450 4347 quia
475 4279 539 4330 tu
566 4291 656 4329 me
682 4274 903 4342 misisti,
927 4281 985 4330 et
1014 4274 1258 4330 dilexisti
1279 4291 1374 4330 eos
1400 4273 1547 4330 sicut
1583 4279 1641 4329 et
1661 4289 1750 4328 me
1775 4273 1856 4328 di-
1937 4292 2106 4349 quam
2137 4274 2366 4346 quidam
2387 4274 2456 4328 de
2478 4273 2970 4346 praedestinatione
2984 4274 3083 4330 Dei
3103 4274 3295 4346 inique
3315 4279 3542 4328 conten-

253 4383 280 4415 ι
314 4363 520 4418 lexisti.
552 4363 739 4431 Pater,
775 4380 913 4436 quos
939 4363 1142 4419 dedisti
1189 4363 1329 4418 mihi
1372 4364 1497 4418 volo
1535 4368 1600 4418 ut
1627 4361 1724 4418 ubi
1753 4378 1855 4434 ego
1938 4365 2100 4431 dunt,
2135 4369 2388 4418 errantes
2417 4368 2476 4417 et
2498 4363 2636 4418 alios
2656 4363 2715 4418 in
2739 4379 2986 4418 errorem
3011 4363 3315 4428 mittentes,
3333 4377 3542 4417 sermo-

254 4470 283 4503 ι
309 4467 460 4517 sum,
507 4457 566 4506 et
611 4451 693 4506 illi
733 4451 850 4506 sint
885 4468 1126 4518 mecum,
1166 4457 1231 4506 ut
1270 4451 1495 4506 videant
1540 4451 1854 4506 claritatem

254 4557 284 4592 α
317 4555 524 4606 meam,
559 4555 727 4611 quam
751 4539 953 4594 dedisti
988 4539 1147 4606 mihi,
1174 4539 1308 4612 quia
1332 4539 1574 4595 dilexisti
1603 4555 1694 4594 me
1725 4544 1855 4594 ante

253 4647 286 4681 α
316 4627 778 4683 constitutionem
803 4629 998 4684 mundi
1023 4631 1202 4699 (Joan.
1226 4643 1362 4696 xvn,
1391 4629 1498 4699 17).
1532 4646 1560 4682 ι
1589 4627 1856 4700 Quisquis

249 4716 410 4773 enim
450 4721 657 4773 sanctae
703 4717 962 4772 Ecclesiae
1013 4717 1361 4773 salutiferam
1403 4717 1854 4773 communionem

250 4805 466 4862 habere
483 4805 710 4878 poterit,
731 4806 864 4878 quia
879 4806 998 4878 ipse
1017 4806 1088 4861 ad
1109 4806 1313 4862 electos
1337 4822 1468 4862 suos
1485 4807 1544 4862 in
1558 4806 1857 4879 Evangelio

247 4894 338 4952 ait
361 4909 379 4950 :
418 4911 446 4946 α
479 4894 587 4959 Qui
615 4911 712 4950 vos
739 4895 898 4950 audit
915 4912 1006 4950 me
1029 4895 1206 4963 audit,
1231 4901 1288 4950 et
1307 4896 1510 4968 quivos
1530 4896 1747 4969 spernit
1764 4912 1856 4950 me

255 5004 283 5036 ι
322 4983 542 5057 spernit
565 4984 718 5054 (Luc.
752 5000 808 5049 x,
838 4981 944 5055 16).
979 5003 1006 5036 υ
1041 4985 1159 5040 Hoc
1189 4990 1379 5040 autem
1405 4986 1554 5057 quod
1585 4985 1736 5040 idem
1766 5001 1856 5040 er-

250 5087 484 5140 roneus,
507 5071 669 5144 quasi
691 5072 762 5128 ad
777 5073 958 5128 Deum
977 5073 1237 5146 loquens,
1261 5073 1404 5146 petit
1423 5091 1658 5130 examen
1688 5073 1855 5146 ignis,

248 5165 322 5216 ut
346 5177 450 5233 per
469 5159 608 5216 illud
637 5161 843 5218 veritas
867 5163 991 5234 ejus
1007 5162 1158 5230 ﬁdei,
1174 5162 1287 5218 imo
1303 5163 1569 5235 perﬁdiae,
1603 5180 1858 5236 compro-

248 5249 444 5317 betur,
478 5250 658 5321 magis
687 5251 824 5306 mihi
843 5251 1068 5306 videtur
1087 5267 1152 5304 ex
1181 5251 1422 5306 elatione
1459 5252 1642 5306 cordis
1678 5253 1860 5324 prola-

249 5342 379 5394 tum
403 5353 546 5406 esse,
571 5354 740 5410 quam
759 5355 823 5394 ex
845 5340 1163 5396 constantia
1183 5340 1332 5394 ﬁdei.
1359 5341 1534 5412 Optat
1553 5341 1860 5412 enim,post

245 5427 667 5500 blasphemiam
683 5444 850 5500 quam
876 5429 1190 5502 impudenti
1207 5445 1304 5483 ore
1324 5429 1576 5500 protulit,
1593 5433 1657 5484 ut
1669 5445 1858 5484 coram

247 5516 508 5589 undique
535 5518 769 5572 collecta
797 5519 1132 5590 populorum
1169 5517 1550 5584 multitudine,
1583 5523 1858 5590 praesente

246 5607 430 5664 etiam
450 5607 609 5679 regni
629 5607 897 5680 principe,
921 5607 1091 5664 simul
1109 5625 1237 5666 cum
1257 5608 1586 5681 pontiﬁcum
1607 5611 1664 5663 et
1682 5625 1860 5663 sacer-

1938 4471 2068 4510 nem
2096 4452 2364 4518 habuisti,
2397 4452 2656 4506 convenit
2685 4452 2833 4506 inter
2861 4468 2964 4506 nos
2990 4458 3055 4506 ut
3087 4469 3117 4506 e
3161 4449 3364 4505 divinis
3396 4450 3542 4506 Scri-

1936 4543 2138 4616 pturis,
2173 4547 2232 4596 et
2257 4542 2328 4594 de
2359 4541 2795 4594 orthodoxorum
2825 4541 3055 4595 Patrum
3079 4539 3396 4606 sententiis,
3431 4539 3536 4594 ali-

1938 4631 2087 4704 quod
2117 4629 2447 4702 opusculum
2478 4630 2826 4695 conﬁcerem,
2864 4629 2934 4683 ad
2974 4629 3415 4706 convincendum
3459 4645 3544 4684 er-

1938 4731 2125 4776 rorem
2146 4735 2341 4774 eorum
2359 4717 2454 4789 qui
2470 4718 2540 4772 de
2559 4719 2674 4772 Deo
2702 4717 2847 4772 bono
2875 4723 2932 4773 et
2955 4719 3110 4789 justo
3138 4723 3256 4784 tam
3283 4718 3544 4791 nequiter

1938 4809 2279 4875 sentiunt,ut
2291 4808 2479 4862 dicant
2489 4808 2614 4878 ejus
2626 4807 3174 4878 praedestinationem
3186 4805 3542 4879 facere,quod

1937 4915 2040 4954 nec
2070 4898 2238 4952 homo
2268 4897 2338 4951 ad
2368 4896 2541 4950 vitam
2569 4896 3000 4968 praedestinatus
3027 4897 3205 4969 possit
3222 4897 3280 4952 in
3301 4901 3540 4951 mortem

1939 4986 2203 5053 incidere,
2225 5003 2327 5041 nec
2357 4985 2427 5040 ad
2459 4990 2700 5040 mortem
2714 4986 3144 5057 praedestinatus
3165 4985 3280 5041 ullo
3301 4984 3466 5040 modo
3481 5001 3542 5040 se

1939 5075 2119 5148 possit
2147 5074 2219 5129 ad
2261 5074 2433 5128 vitam
2469 5089 2802 5145 recuperare
2837 5092 2850 5128 :
2881 5091 3008 5130 cum
3047 5079 3243 5129 auctor
3287 5072 3543 5128 omnium

1941 5181 2131 5218 rerum
2162 5169 2220 5218 et
2257 5162 2514 5217 conditor
2541 5169 2872 5218 naturarum
2911 5164 3081 5230 Deus,
3120 5163 3330 5218 nullius
3359 5161 3541 5217 ruinae

1941 5259 2110 5324 atque
2132 5251 2394 5306 interitus
2413 5268 2584 5306 causa
2607 5252 2698 5319 sit,
2713 5252 2810 5307 sed
2827 5253 3134 5307 multorum
3147 5252 3305 5323 origo
3319 5251 3536 5306 salutis.

1940 5341 2182 5397 Proinde
2203 5341 2391 5412 accipe
2414 5357 2563 5396 nunc
2585 5341 2934 5412 opusculum,
2954 5341 3102 5412 quod
3121 5340 3222 5395 tibi
3245 5356 3541 5412 rogaveras

1941 5446 1976 5484 a
2004 5435 2196 5485 nostra
2228 5430 2530 5500 exiguitate
2549 5431 2743 5485 conﬁci
2779 5449 2790 5483 :
2826 5435 2884 5485 et
2909 5430 2956 5484 si
2986 5429 3121 5502 quid
3146 5429 3205 5484 in
3230 5447 3296 5487 eo
3314 5436 3542 5502 gratum

1941 5524 2110 5592 atque
2140 5519 2414 5574 catholico
2443 5535 2610 5574 sensu
2657 5520 2980 5590 explicitum
3010 5521 3306 5592 repereris,
3350 5521 3401 5576 ei
3439 5520 3544 5576 hoc

1941 5608 2179 5676 tribuas,
2213 5627 2246 5663 a
2274 5625 2384 5680 quo
2407 5625 2572 5663 omne
2599 5608 2808 5664 bonum
2833 5626 2952 5664 esse
2973 5610 3140 5678 nosti,
3155 5627 3356 5682 meque
3376 5627 3544 5666 nove-
