4018 6168
423 342 556 402 1531

1018 349 1080 404 Β.
1125 351 1398 408 RABANI
1437 353 1669 416 MAURI
1709 354 2045 412 ARCHIEP.
2085 325 2411 412 MOGUNT.
2454 353 2750 410 OPERUM
2791 353 2974 410 PARS
3013 355 3112 411 III.

3569 353 3714 413 1532

423 470 502 526 ris
525 472 792 544 quidquid
822 475 944 546 ejus
969 477 1154 548 gratia
1171 448 1418 550 possum,
1450 485 1560 536 tuae
1585 464 1876 536 charitatis
1906 481 2019 536 uti-
2039 481 2090 542 Α
2115 499 2138 531 ι
2173 477 2370 534 Omnis
2389 479 2558 534 homo
2588 479 2704 550 qui,
2729 479 2963 534 credens
2991 479 3052 534 in
3079 479 3306 536 Patrem
3336 487 3394 538 et
3419 482 3628 538 Filium
3657 487 3716 538 et

422 559 568 615 litati
609 562 860 618 conferre
901 581 1001 636 per
1034 567 1242 634 omnia,
1277 574 1335 623 et
1363 568 1422 623 in
1472 569 1731 624 omnibus
1766 575 2026 642 paratum

425 665 564 704 esse.
591 651 746 718 Vale,
781 659 839 708 et
868 659 1154 710 amantem
1181 662 1238 711 te
1269 657 1458 729 dilige,
1493 664 1810 731 nostraeque
1849 659 2029 732 parvi-

423 738 558 794 tatis
594 740 652 796 in
682 742 854 798 sacris
892 744 1240 800 orationibus
1270 763 1488 804 memor
1516 748 1638 803 ﬁeri
1668 765 1780 803 non
1808 748 2022 803 omitte.

947 888 1188 957 Explicit
1215 905 1332 958 prae
1341 891 1500 958 fctio.

899 1011 968 1048 DE
1001 1011 1525 1052 PREDESTINATIONE.

494 1097 553 1152 Si
581 1097 746 1154 homo
776 1099 1064 1156 rationalis
1085 1101 1195 1156 vim
1221 1119 1336 1157 suae
1365 1109 1697 1174 agnosceret
1717 1110 1951 1173 naturae,
1968 1112 2026 1160 et

425 1187 708 1242 Creatoris
725 1189 810 1243 sui
833 1190 1143 1260 potentiam
1165 1191 1270 1246 rite
1291 1192 1650 1263 intelligeret,
1667 1210 2023 1265 nequaquam

423 1275 610 1330 stultis
631 1294 692 1332 se
709 1277 1022 1350 implicaret
1034 1280 1454 1352 quaestionibus,
1473 1288 1530 1336 et
1548 1299 1670 1354 qua
1690 1282 2024 1338 Christianae

422 1363 680 1436 religioni
702 1372 834 1422 sunt
861 1369 1158 1436 contraria,
1185 1363 1287 1424 nec
1316 1387 1485 1426 sensu
1505 1376 1742 1438 teneret,
1767 1389 1870 1426 nec
1893 1389 2022 1427 voce

424 1453 716 1525 proferret.
749 1457 858 1510 Sed
897 1457 1030 1528 quia
1065 1459 1330 1530 antiquus
1370 1459 1564 1525 hostis,
1607 1461 1704 1532 qui
1742 1460 1812 1515 ab
1859 1461 2022 1516 initio

425 1542 683 1599 humana:
715 1545 913 1600 invidit
943 1547 1128 1614 saluti,
1170 1564 1461 1618 nunquam
1503 1549 1712 1604 desinit
1745 1549 1805 1604 in
1835 1555 2023 1622 segete

425 1632 634 1686 Christi
663 1635 1110 1705 superseminare
1139 1635 1368 1704 zizania,
1399 1637 1524 1692 ideo
1569 1655 1672 1710 per
1696 1638 2023 1711 vaniloquos

2110 568 2384 639 Spiritum
2402 572 2680 634 sanctum,
2715 575 3081 638 regeneratur
3109 570 3170 624 in
3199 569 3497 643 baptismo,
3533 577 3652 627 tam
3680 589 3714 628 a

2109 657 2352 730 propriis
2374 657 2615 730 peccatis
2637 675 2761 730 qua:
2780 659 2929 712 mala
2943 659 3230 715 voluntate
3256 665 3314 716 et
3341 661 3560 716 actione
3580 679 3714 717 con-

2108 746 2297 814 traxit,
2330 763 2501 818 quam
2547 746 2616 800 ab
2651 747 2910 818 originali
2938 749 3086 818 quod
3115 766 3150 803 a
3186 749 3516 821 parentibus
3545 751 3717 805 traxit

2108 835 2434 891 absolvitur.
2457 835 2566 892 Sed
2586 836 2871 908 relapsum
2900 843 3027 908 post
3049 836 3392 909 baptismum
3422 839 3492 894 ad
3521 839 3716 894 intide—

2107 924 2344 992 litatem,
2367 929 2425 980 et
2449 924 2652 998 impios
2672 941 2877 992 mores,
2898 925 2994 996 qui
3016 932 3187 998 negat
3207 927 3467 999 originali
3486 935 3714 1001 peccato

2107 1012 2280 1069 fuisse
2306 1019 2630 1086 purgatum,
2654 1020 2772 1068 tam
2797 1014 2939 1069 falsa
2959 1015 3220 1086 opinatur
3243 1033 3413 1088 quam
3435 1017 3534 1088 qui
3553 1033 3711 1072 eum-

2106 1103 2235 1157 dem
2261 1103 2462 1158 asserit
2489 1119 2602 1158 non
2632 1109 2842 1159 aeterna
2885 1112 3066 1159 morte
3093 1104 3263 1160 fuisse
3301 1105 3708 1162 damnandum.

2105 1191 2213 1257 Qui
2240 1192 2389 1248 enim
2419 1193 2632 1248 recedit
2657 1209 2690 1247 a
2713 1192 2957 1259 Christo,
2989 1199 3046 1248 et
3069 1182 3291 1249 alienus
3321 1211 3358 1249 a
3382 1195 3570 1266 gratia
3588 1195 3712 1250 ﬁnit

2105 1279 2250 1335 hanc
2276 1280 2468 1347 vitam,
2502 1282 2706 1336 cadens
2734 1281 2793 1337 in
2821 1282 3212 1353 perditionem,
3250 1299 3364 1338 non
3388 1283 3450 1338 in
3481 1283 3543 1338 id
3562 1284 3710 1356 quod

2104 1370 2404 1425 remissum
2433 1375 2520 1425 est
2545 1371 2763 1437 recidit,
2796 1387 2900 1426 nec
2927 1371 2986 1426 in
3003 1371 3262 1443 originali
3291 1379 3521 1444 peccato
3547 1372 3708 1428 dam-

2104 1458 2333 1514 nabitur
2353 1477 2365 1512 :
2389 1459 2487 1514 sed
2516 1465 2746 1532 propter
2765 1467 3052 1532 postrema
3077 1460 3317 1515 crimina
3341 1477 3408 1516 ea
3435 1465 3616 1516 morte
3633 1461 3710 1516 af-

2104 1547 2342 1615 ficietur,
2367 1565 2490 1620 quae
2519 1549 2571 1603 ei
2599 1563 2830 1620 propter
2856 1549 2953 1603 illa
2981 1566 3104 1620 qua:
3132 1549 3368 1604 remissa
3393 1555 3532 1605 sunt
3551 1549 3714 1605 debe

2103 1635 2290 1692 batur.
2319 1637 2481 1703 Quod
2511 1637 2647 1710 quia
2681 1637 2784 1693 Dei
2817 1637 3225 1710 praescientiam
3254 1655 3357 1693 nec
3383 1635 3572 1707 latuit,
3605 1655 3708 1695 nec

426 1736 540 1776 non
563 1722 746 1776 solum
776 1723 974 1790 otiosa,
993 1725 1090 1778 sed
1111 1737 1169 1779 et
1192 1726 1375 1792 noxia,
1401 1732 1458 1780 et
1477 1726 1838 1799 blasphemiis
1865 1728 2032 1799 plena
2109 1724 2323 1795 fefellit,
2375 1726 2498 1782 sine
2543 1725 2714 1782 dubio
2758 1727 2931 1782 talem
2987 1743 3279 1799 nunquam
3328 1728 3519 1798 elegit,
3573 1745 3711 1784 nun-

427 1809 638 1880 profert
657 1811 894 1883 eloquia.
915 1813 1000 1867 Ita
1021 1817 1084 1868 ut
1099 1814 1327 1885 quidam
1349 1831 1543 1870 eorum
1565 1816 1896 1888 perditionis
1912 1835 2026 1872 suae
2048 1799 2097 1860 Β
2115 1829 2284 1886 quam
2332 1813 2768 1887 praedestinavit,
2821 1821 2878 1870 et
2921 1814 3235 1888 periturum
3292 1831 3585 1888 nunquam
3640 1815 3711 1871 ab

426 1898 772 1954 conditorem
803 1907 1057 1956 asserant
1079 1908 1384 1968 auctorem,
1413 1905 1663 1960 dicentes
1693 1907 1835 1978 qucd
1867 1906 2030 1961 sicuti
2112 1909 2324 1958 aeterna
2344 1903 2658 1977 perditione
2679 1904 2956 1959 discrevit.
2981 1923 3010 1958 io
3028 1905 3367 1975 Igitursicut
3382 1904 3530 1960 bona
3543 1921 3712 1978 opera

427 1987 524 2058 qui
542 2005 644 2058 per
659 1989 1071 2060 'praescientiam
1083 1992 1184 2046 Dei
1199 2009 1264 2046 ac
1281 1994 1828 2064 praedestinationem
1853 1995 2030 2050 vocati
2112 1992 2185 2046 ad
2231 1993 2659 2065 inspirationem
2689 2010 2908 2058 eorum,
2937 1993 3020 2048 ita
3046 1993 3198 2048 mala
3227 1993 3298 2048 ad
3331 2011 3426 2049 eos
3455 2000 3593 2048 sunt
3620 2011 3711 2050 re-

427 2082 560 2131 sunt
583 2077 651 2132 ad
679 2077 1092 2150 percipiendam
1111 2081 1351 2152 gloriam
1365 2089 1589 2138 aeterna:
1611 2085 1754 2149 vitae,
1779 2101 1892 2140 non
1909 2101 2033 2157 pos-
2113 2081 2345 2135 ferenda
2375 2081 2472 2152 qui
2501 2087 2750 2153 peccant.
2787 2082 2914 2136 Non
2960 2081 3109 2136 enim
3141 2081 3320 2136 relicti
3355 2088 3489 2137 sunt
3536 2099 3572 2136 a
3601 2083 3714 2137 Deo

427 2171 560 2221 sunt
582 2183 696 2221 non
723 2168 944 2234 salvari,
963 2169 1041 2224 ita
1057 2175 1114 2224 et
1135 2171 1215 2224 illi
1236 2171 1330 2242 qui
1352 2173 1423 2226 ad
1445 2179 1716 2228 aeternum
1739 2173 2030 2228 interitum
2113 2173 2175 2224 ut
2224 2170 2610 2242 relinquerent
2640 2171 2840 2238 Deum,
2898 2171 2996 2226 sed
3052 2170 3444 2242 relinquerunt
3485 2187 3616 2226 eum
3661 2177 3716 2227 et

426 2253 1152 2326 vadunt,pra:destinatione
1173 2259 1274 2314 Dei
1291 2266 1586 2330 coguntur,
1603 2266 1660 2318 et
1675 2277 1786 2316 non
1799 2265 2036 2333 possunt
2114 2259 2295 2314 relicti
2341 2265 2492 2325 sunt,
2555 2263 2612 2314 et
2659 2276 2726 2314 ex
2755 2259 2901 2315 bono
2933 2260 2990 2313 in
3019 2261 3232 2314 malum
3263 2259 3494 2332 propria
3522 2260 3714 2316 volun-

427 2343 662 2399 evadere
692 2345 1004 2400 interitum.
1025 2347 1184 2412 Quod
1208 2365 1378 2420 quam
1409 2349 1714 2404 absurdum
1741 2351 1832 2417 sit,
1860 2351 2032 2405 etiam
2116 2353 2234 2403 tate
2265 2349 2470 2403 mutati
2503 2353 2655 2416 sunt,
2681 2333 2852 2420 atque
2887 2348 2956 2402 ob
2987 2349 3110 2416 hoc,
3133 2349 3265 2404 licet
3284 2349 3496 2404 fuerint
3515 2349 3712 2418 renati,

428 2431 675 2504 imperiti
694 2433 1008 2506 intelligere
1028 2442 1282 2507 possunt,
1307 2437 1438 2510 quia
1459 2439 1613 2493 nullo
1634 2439 1798 2494 modo
1818 2439 1913 2494 ille
1936 2440 2032 2511 qui
2115 2438 2248 2492 licet
2274 2437 2488 2492 fuerint
2513 2437 2826 2508 justificati,
2860 2437 2930 2492 ab
2957 2455 3022 2492 eo
3066 2443 3260 2493 tamen
3289 2438 3386 2509 qui
3417 2437 3544 2492 illos
3573 2439 3713 2494 tales

428 2527 628 2578 cuncta
645 2521 794 2578 bona
819 2525 1046 2592 creavit,
1065 2530 1122 2580 et
1138 2525 1418 2582 sanabiles
1441 2527 1572 2582 fecit
1600 2528 1858 2584 nationes
1881 2529 2032 2584 orbis
2115 2525 2408 2598 praescivit,
2434 2543 2547 2582 non
2573 2532 2706 2582 sunt
2726 2526 3128 2599 praedestinati.
3161 2527 3716 2582 Praedestinationem

428 2615 729 2679 terrarum,
762 2618 931 2685 atque
961 2615 1080 2669 vult
1109 2631 1302 2670 omnes
1330 2607 1588 2672 homines
1619 2605 1800 2672 salvos
1830 2618 1953 2672 ﬁeri
1977 2623 2035 2674 et
2115 2619 2306 2670 autem
2329 2615 2449 2681 Dei,
2484 2615 2598 2670 sive
2624 2616 2695 2670 ad
2729 2615 2935 2670 bonum
2961 2616 3076 2670 sive
3097 2615 3169 2670 ad
3190 2615 3422 2684 malum,
3448 2616 3510 2671 in
3537 2615 3716 2671 omni—

429 2701 500 2756 ad
520 2701 863 2772 agnitionem
893 2703 1146 2758 veritatis
1176 2705 1384 2773 venire,
1415 2706 1660 2778 aliquem
1683 2706 1835 2778 cogit
1861 2706 2035 2762 inter-
2115 2703 2219 2759 bus
2262 2704 2484 2776 operari
2539 2703 2888 2776 ineptissime
2936 2704 3144 2760 dicitur
3189 2723 3202 2759 :
3251 2721 3355 2759 nec
3389 2721 3588 2760 verum
3640 2709 3724 2759 est

428 2789 530 2855 ire,
553 2791 654 2846 sed
673 2791 852 2862 magis
872 2792 1003 2846 facit
1031 2798 1180 2848 recte
1203 2794 1543 2863 credentem,
1558 2813 1622 2850 ac
1640 2795 1882 2866 benigne
1905 2813 2034 2867 ope-
2119 2793 2374 2848 homines
2398 2793 2653 2865 quaedam
2675 2794 3009 2849 necessitate
3038 2793 3292 2865 implere,
3319 2810 3449 2848 cum
3476 2811 3537 2848 1n
3565 2793 3725 2848 bonis

429 2884 670 2946 rantem,
718 2881 787 2935 ad
819 2881 1057 2936 salutem
1089 2889 1360 2938 aeternam
1397 2885 1708 2955 pervenire.
1755 2885 1814 2940 Si
1859 2885 2030 2952 enim,
2116 2883 2374 2938 voluntas
2393 2899 2506 2937 non
2539 2882 2614 2937 sit
2641 2881 3008 2953 intelligenda
3033 2882 3155 2936 sine
3183 2881 3386 2953 gratia.
3411 2883 3548 2946 Quae
3571 2881 3722 2936 enim

429 2969 737 3023 secundum
760 2970 909 3040 ipsos
925 2971 1021 3042 qui
1043 2971 1180 3026 talia
1206 2973 1476 3040 sentiunt,
1497 2973 1596 3028 Dei
1614 2974 2032 3046 praedestinatio
2117 2971 2259 3026 ratio
2289 2977 2375 3026 est
2394 2977 2459 3026 ut
2479 2971 2628 3026 ullus
2649 2971 2744 3042 qui
2766 2987 2968 3026 sanum
2995 2971 3144 3042 sapit
3157 2970 3309 3026 dicat
3332 2989 3344 3024 :
3366 2971 3494 3026 Non
3519 2977 3607 3025 est
3628 2987 3722 3025 ne-

429 3055 668 3111 invitum
693 3058 978 3114 hominem
1001 3059 1134 3113 facit
1149 3077 1398 3131 peccare,
1422 3063 1700 3133 quomodo
1715 3063 2035 3133 justojudi-
2049 3107 2095 3170 Ο
2116 3076 2268 3115 cesse
2285 3059 2423 3114 mihi
2445 3065 2510 3114 ut
2523 3059 2770 3114 laborem
2791 3075 2892 3132 pro
2914 3058 3106 3130 requie
3128 3064 3186 3113 et
3217 3059 3400 3113 salute
3421 3075 3572 3125 mea,
3597 3059 3729 3131 quia

435 3143 513 3170 ηε..
536 3145 684 3170 nm-.-
708 3145 935 3170 J-........J.
954 3153 1268 3170 ---_A-..L-_-
1332 3165 1444 3170 -_____
1474 3150 1530 3170 ,ιι
1548 3167 1561 3170 _
1587 3167 1616 3170 κ-
1637 3167 1690 3170 ,Α
1725 3151 1910 3170 ηΑιμηλ
1928 3156 1971 3170 γι
1994 3169 2001 3170 ,
2121 3148 2161 3170 ,ε
2190 3147 2621 3170 μ--...1--ιε..-ι---
2654 3165 2770 3170 μη.-
2808 3165 2833 3170 -
2870 3149 2979 3170 1a--
3018 3148 3082 3170 Δ,1
3115 3147 3284 3170 μη---
3308 3152 3577 3170 ..Α-....--.
3633 3164 3693 3170 ,η

432 3143 516 3199 cio
536 3145 686 3200 Deus
705 3145 937 3202 damnat
952 3153 1294 3218 peccantem,
1325 3165 1451 3203 cum
1473 3150 1568 3204 ille
1587 3167 1698 3204 non
1724 3151 2030 3219 voluntate,
2049 3143 2095 3170 υ
2117 3148 2165 3203 si
2190 3147 2624 3220 praedestinatus
2651 3165 2778 3203 sum
2806 3165 2840 3202 a
2869 3149 2985 3203 Deo
3015 3148 3084 3202 ad
3115 3147 3290 3202 vitam
3306 3152 3604 3214 aeternam,
3633 3164 3726 3202 ve-

432 3233 530 3288 sed
559 3234 890 3289 necessitate
913 3237 1255 3308 peccaverit?
1277 3243 1376 3293 aut
1393 3239 1674 3309 quomodo
1703 3239 1852 3294 Deus
1876 3241 2033 3311 judi-
2117 3237 2218 3292 lim
2248 3238 2422 3293 nolim
2453 3237 2586 3292 illuc
2605 3238 2960 3310 perveniam:
2995 3237 3040 3292 si
3072 3242 3262 3291 autem
3293 3236 3728 3308 prmdestinatns

431 3321 580 3377 cabit
606 3323 898 3390 mundum,
933 3325 1029 3397 qui
1057 3332 1144 3380 est
1165 3327 1354 3397 justus
1379 3327 1572 3398 judex,
1609 3333 1665 3382 et
1691 3329 1887 3382 reddet
1912 3329 2037 3383 uni-
2117 3343 2231 3381 non
2260 3344 2406 3394 sum,
2440 3327 2582 3381 nihil
2611 3326 2750 3380 mihi
2771 3325 2994 3398 proﬁcit
3010 3325 3152 3381 bene
3167 3325 3390 3397 operari
3413 3342 3478 3380 ac
3510 3325 3730 3380 virtuti-

431 3412 632 3483 cuique
650 3413 958 3468 secundum
983 3431 1154 3486 opera
1181 3415 1319 3470 sua?
1342 3415 1625 3486 judicabit
1654 3416 1846 3471 orbem
1873 3422 2037 3472 terrae

432 3500 492 3556 in
537 3501 819 3574 aequitate,
853 3509 910 3557 et
954 3505 1188 3574 populos
1217 3505 1276 3558 in
1311 3505 1546 3560 veritate
1581 3506 1730 3560 sua?
1759 3507 1816 3580 Si
1847 3512 2036 3560 autem

433 3591 528 3661 huj
537 3591 754 3646 usmodi
770 3592 1198 3648 ratiocinatione
1217 3594 1435 3649 tollitur
1451 3596 1566 3649 Deo
1579 3611 1648 3648 ne
1663 3595 1832 3665 judex
1850 3597 2039 3666 justus

437 3678 527 3743 sit,
551 3685 958 3750 consequenter
971 3681 1226 3736 aufertur
1241 3683 1321 3736 illi
1347 3688 1404 3736 et
1429 3682 1584 3752 regia
1597 3682 1842 3754 dignitas
1867 3688 2040 3754 atque

439 3766 627 3822 divina
664 3769 950 3839 majestas.
985 3771 1092 3824 Sed
1141 3789 1172 3824 e
1205 3771 1482 3825 contrario
1517 3771 1807 3842 Scriptura
1834 3771 2042 3826 clamat

2118 3414 2222 3470 bus
2251 3431 2482 3487 operam
2510 3415 2663 3483 dare,
2689 3415 2821 3486 quia
2851 3421 3072 3470 aeternae
3101 3413 3466 3470 beatitudinis
3497 3413 3729 3486 praemia

2123 3521 2238 3560 non
2269 3503 2582 3576 possidebo.
2617 3504 2790 3569 Quasi
2821 3505 3000 3559 Deum
3031 3505 3321 3570 tentando,
3355 3522 3421 3558 ac
3451 3503 3728 3575 promissa

2120 3593 2299 3665 ipsius
2331 3593 2706 3666 despiciendo,
2731 3598 2788 3647 et
2815 3611 2929 3647 non
2962 3592 3142 3664 magis
3171 3609 3272 3663 per
3301 3593 3472 3646 fidem
3503 3598 3563 3647 et
3584 3593 3722 3646 dile-

2121 3684 2363 3738 ctionem
2391 3684 2586 3738 devote
2613 3683 2902 3737 serviendo
2923 3683 3141 3754 placere
3162 3681 3372 3754 possim
3400 3683 3726 3751 (Hypomnev

2121 3775 2296 3827 sticon
2318 3775 2412 3826 lib.
2439 3771 2533 3840 v1).
2559 3791 2584 3822 (ι
2605 3771 2769 3826 Prius
2795 3788 2929 3842 ergo
2961 3771 3145 3842 ipsum
3185 3787 3390 3825 nomen
3441 3770 3726 3841 praedesti-

437 3857 761 3929 prOphetica
791 3877 802 3912 :
839 3877 864 3909 «
900 3859 1176 3924 Quoniam
1209 3860 1362 3914 Deus
1393 3877 1634 3930 magnus
1663 3860 1952 3926 Dominus,
1986 3865 2045 3915 et
2122 3861 2292 3916 tionis
2331 3861 2464 3932 quid
2501 3860 2701 3915 indicit
2739 3877 3085 3932 exponamus
3117 3879 3130 3912 :
3189 3859 3393 3914 deinde
3430 3876 3554 3914 esse
3580 3859 3726 3930 apud

437 3965 463 3998 «
496 3963 591 4000 rex
631 3963 870 4016 magnus
907 3965 1077 4019 super
1107 3965 1300 4003 omnes
1336 3950 1469 4004 deos
1513 3952 1680 4018 (Psal.
1718 3966 1853 4016 xcrv,
1888 3948 1971 4016 3);
2014 3969 2039 4003 ι)
2123 3949 2430 4022 Deum,qui
2446 3950 2568 4004 sine
2598 3950 2920 4022 acceptione
2942 3965 3309 4020 personarum
3324 3947 3725 4020 est,pra2desti-

435 4040 493 4090 et
518 4035 654 4090 item
685 4055 694 4087 :
737 4055 758 4086 ι
791 4036 1070 4107 Regnabit
1102 4038 1377 4092 Dominus
1413 4055 1582 4109 super
1605 4055 1799 4093 omnes
1825 4043 2040 4110 gentes,
2125 4039 2410 4094 nationem
2443 4039 2759 4093 divinarum
2791 4039 3210 4109 Scripturarum
3231 4037 3570 4092 auctoritate
3603 4053 3726 4109 pro-

439 4143 464 4175 «
494 4125 642 4179 Deus
681 4125 840 4179 sedet
895 4142 1063 4196 super
1115 4127 1304 4180 sedem
1356 4133 1610 4182 sanctam
1655 4144 1816 4182 suam
1873 4130 2040 4195 (Psal.
2126 4127 2402 4182 habimus.
2445 4127 2868 4182 Praedestinatio
2923 4127 3129 4198 quippe
3183 4143 3222 4180 a
3265 4125 3644 4198 praevidendo,
3672 4131 3724 4180 et

441 4233 464 4265 ι
498 4229 612 4278 xm,
651 4213 720 4270 ll.
757 4233 784 4268 ν
815 4213 1014 4284 Igitur,
1039 4215 1186 4286 quod
1217 4231 1344 4270 cum
1375 4217 1480 4270 hac
1511 4217 1729 4271 ratione
1751 4217 2042 4288 perspicue
2129 4217 2532 4288 praeveniendo,
2548 4217 2635 4271 vel
2653 4215 3344 4287 prmordinandofuturum
3359 4215 3580 4285 aliquid
3600 4213 3728 4268 dici-

435 4302 760 4373 explicatur,
793 4309 970 4358 restat
995 4309 1060 4358 ut
1089 4304 1184 4375 qui
1213 4305 1347 4359 talia
1376 4304 1568 4373 sensit,
1605 4321 1673 4360 ex
1706 4323 1902 4360 eorum
1933 4323 2042 4360 nu-
2123 4311 2282 4362 turet
2300 4307 2426 4362 ideo
2450 4305 2712 4372 Deus,cui
2730 4304 3080 4376 praescientia
3097 4320 3210 4359 non
3237 4303 3493 4358 accidens
3506 4311 3611 4365 est,
3633 4303 3728 4358 sed

437 4408 590 4446 mero
610 4392 684 4446 sit
702 4393 772 4447 de
793 4391 994 4464 quibus
1013 4393 1311 4448 Psalmista
1331 4394 1412 4447 ait
1436 4412 1447 4446 :
1477 4414 1498 4444 ι
1523 4393 1675 4448 Dixit
1696 4393 1964 4466 insipiens
1982 4395 2039 4450 in
2057 4435 2103 4494 Β
2123 4395 2368 4450 essentia
2393 4393 2500 4449 fuit
2511 4410 2734 4465 semper
2745 4399 2915 4460 etest,
2944 4391 3216 4464 quidquid
3233 4395 3540 4462 antequam
3553 4391 3628 4445 sit
3647 4392 3724 4446 sic

439 4499 467 4536 α
499 4481 664 4536 corde
695 4499 796 4536 suo
821 4500 832 4534 :
866 4483 992 4537 Non
1014 4487 1100 4536 est
1119 4483 1285 4537 Deus.
1311 4483 1570 4554 Corrupti
1600 4489 1734 4538 sunt
1753 4488 1812 4538 et
1831 4483 2040 4538 abomi—
2057 4480 2100 4494 ⁶’
2120 4485 2342 4557 praescit
2366 4482 2752 4555 praedestinat,
2781 4487 2839 4537 et
2865 4487 3162 4554 propterea
3190 4480 3573 4552 praedestinat,
3599 4481 3730 4552 quia

439 4587 468 4620 α
499 4569 710 4624 nabiles
769 4571 896 4624 facti
951 4575 1084 4626 sunt
1133 4571 1192 4626 in
1258 4571 1638 4644 voluptatibus
1695 4573 1813 4626 suis
1871 4574 2032 4638 (Psal.
2121 4573 2284 4645 quale
2305 4572 2649 4641 futurumlsit
2667 4570 2906 4643 prazscit.
2935 4571 3065 4625 Ideo
3093 4575 3152 4624 et
3171 4569 3502 4640 Apostolus:
3535 4590 3558 4620 ι
3583 4570 3726 4624 Nam

440 4675 466 4710 «
499 4675 620 4724 XLV,
645 4660 718 4722 9).
747 4685 768 4708 ν
793 4659 955 4714 Hunc
981 4667 1169 4714 autem
1195 4677 1442 4715 errorem
1463 4666 1784 4716 sanctorum
1806 4661 2038 4716 Patrum
2125 4682 2150 4716 (ι
2187 4679 2326 4734 quos
2346 4661 2638 4733 praescivit,
2665 4661 2869 4729 inquit,
2891 4665 2946 4713 et
2965 4657 3382 4730 praedestinavit
3399 4658 3578 4730 (Rom.
3611 4671 3720 4724 nn,

437 4747 820 4818 multipliciter
857 4749 1110 4804 confutat
1138 4750 1410 4812 doctrina,
1445 4755 1502 4803 et
1529 4750 1810 4804 convincit
1849 4751 2040 4804 taliter

434 4837 759 4903 sentientes,
785 4855 888 4892 nec
915 4838 1330 4910 Scripturarum
1355 4840 1710 4905 auctoritate,
1731 4856 1834 4894 nec
1860 4841 2042 4894 veraci

433 4926 598 4982 inniti
621 4927 1068 4982 ratiocinatione.
1087 4929 1604 4984 Praedestinationis
1631 4929 1782 4982 enim
1801 4929 1936 4983 ﬁdes
1953 4931 2043 4982 fir-

436 5017 685 5072 missima
699 5023 1022 5072 sanctarum
1039 5017 1374 5072 auctoritate
1392 5017 1809 5088 Scripturarum
1825 5018 2044 5072 munita

435 5113 522 5164 est
553 5125 565 5160 :
593 5107 683 5162 cui
722 5108 878 5163 nullo
906 5094 1082 5162 'modo
1118 5108 1202 5162 fas
1232 5113 1318 5162 est
1354 5125 1421 5162 ea
1454 5124 1577 5179 quae
1621 5106 1691 5161 ab
1723 5107 2044 5162 hominibus

438 5197 584 5250 male
614 5202 859 5267 aguntur
887 5196 1110 5260 ascribi,
1141 5197 1235 5269 qui
1265 5197 1322 5252 in
1351 5196 1758 5269 proclivitatem
1787 5196 2040 5264 cadendi,

435 5302 546 5340 non
571 5304 636 5340 ex
659 5288 978 5343 conditione
1007 5287 1128 5354 Dei,
1163 5288 1261 5342 sed
1291 5305 1354 5341 ex
1385 5287 1550 5360 primi
1578 5287 1756 5359 patris
1781 5285 2044 5358 praevari-

435 5374 655 5430 catione
677 5383 966 5432 venerunt.
991 5378 1072 5432 De
1093 5377 1253 5447 cujus
1269 5393 1435 5448 paena
1451 5393 1614 5430 nemo
1636 5375 1910 5431 liberatur
1928 5374 2038 5430 nisi

435 5476 536 5531 per
551 5463 792 5530 gratiam
814 5465 1038 5520 Domini
1062 5465 1238 5520 nostri
1261 5465 1289 5520 J
1295 5482 1392 5519 esu
1421 5464 1646 5526 Christi.
1665 5470 2040 5535 praeparatam

435 5553 494 5602 et
511 5550 963 5618 prec-destinatam
985 5554 1042 5608 in
1068 5560 1278 5609 {sterno
1299 5554 1536 5609 consilio
1555 5553 1654 5606 Dei
1677 5558 1808 5606 ante
1835 5554 2042 5607 consti-

436 5636 715 5694 tutionem
773 5641 988 5695 mundi.
1050 5644 1300 5711 (Prosper
1352 5649 1544 5698 contra
1600 5643 1799 5698 Gallos.
1858 5659 1902 5696 c.
1965 5640 2040 5715 3.)

2127 4771 2152 4804 «
2188 4752 2296 4821 59).
2335 4771 2360 4804 »
2394 4750 2503 4805 Sed
2533 4766 2646 4804 non
2675 4765 2840 4804 omne
2870 4747 3018 4818 quod
3067 4747 3291 4819 pmscit
3340 4746 3718 4817 pmdesﬁnat.

2123 4840 2272 4895 Mala
2327 4839 2480 4894 enim
2535 4842 2759 4892 tantum
2789 4837 3028 4909 praescit,
3065 4841 3123 4892 et
3169 4853 3280 4891 non
3314 4835 3716 4908 predestinat:

2126 4928 2270 4984 bona
2298 4945 2428 4982 vero
2455 4932 2512 4982 et
2532 4927 2754 4998 praescit
2791 4932 2848 4981 et
2868 4925 3246 4998 praedestinat.
3275 4925 3440 4990 Quod
3469 4941 3605 4996 ergo
3632 4923 3716 4978 bo-

2125 5034 2261 5073 num
2283 5022 2371 5072 est
2407 5015 2758 5089 praescientia
2781 5015 3162 5088 praedestinat,
3193 5013 3252 5068 id
3279 5019 3366 5068 est
3394 5013 3715 5086 priusquam

2130 5107 2207 5162 sit
2233 5107 2292 5162 in
2321 5123 2382 5161 se
2421 5105 2800 5178 praeordinat:
2837 5105 2942 5160 hoc
2985 5120 3114 5159 cum
3166 5103 3286 5175 ipso
3334 5108 3569 5157 auctore
3605 5115 3715 5156 esse

2132 5194 2386 5266 cmperit,
2417 5199 2596 5262 vocat,
2620 5193 2847 5248 ordinat
2885 5197 2942 5248 et
2968 5190 3232 5264 disponit.
3265 5191 3426 5244 Unde
3455 5196 3512 5244 et
3538 5187 3713 5261 sequi-

2126 5288 2254 5338 tur:
2289 5301 2318 5336 α
2343 5283 2495 5348 Quos
2543 5281 2978 5354 prmdestinavit,
3004 5282 3105 5336 hos
3134 5285 3191 5335 et
3219 5279 3468 5334 vocavit:
3503 5283 3562 5333 et
3587 5293 3712 5350 quos

2134 5398 2150 5422 σ
2179 5372 2396 5428 vocavit
2412 5372 2537 5427 illos
2555 5378 2613 5427 et
2622 5370 2979 5442 justiﬁcavit;
3016 5386 3155 5441 quos
3189 5373 3380 5423 autem
3401 5365 3713 5438 justificavit

2125 5484 2152 5516 (ι
2181 5463 2305 5518 illos
2335 5467 2393 5518 et
2414 5460 2766 5534 glorificavit.
2795 5478 2822 5513 ι
2865 5461 2894 5515 J
2899 5476 2989 5514 am
3019 5457 3194 5530 igitur
3215 5457 3466 5530 apertius
3491 5457 3711 5511 dissera-

2124 5569 2249 5607 mus
2267 5552 2412 5623 quod
2437 5549 3038 5623 loquimur.Quomodo
3056 5565 3191 5620 erga
3211 5547 3524 5602 humanum
3543 5559 3708 5616 genus

2124 5641 2475 5714 praescientia
2495 5659 2600 5696 sua
2610 5646 2668 5697 et
2687 5638 3178 5714 praedestinatione
3197 5638 3347 5693 Deus
3363 5634 3700 5709 generaliter.
