4018 6168
289 377 316 431 1
329 373 434 436 533

290 590 454 646 mani
479 586 724 660 generis,
752 603 878 657 quae
903 585 963 640 in
993 585 1175 641 Adam
1197 593 1254 642 et
1284 590 1408 644 Evae
1439 585 1900 662 praevaricatione

292 678 636 736 damnabilis
661 675 1032 746 mortalisque
1076 676 1222 731 facta
1253 683 1358 746 est,
1390 695 1502 734 non
1562 677 1903 734 condemna-

295 771 456 825 tione
475 767 663 822 divina
688 764 1047 836 generaliter,
1099 767 1196 821 sed
1226 783 1293 822 ex
1321 767 1509 822 debito
1557 782 1723 840 pcrna
1775 781 1903 819 cru-

295 858 593 928 ciatusque
615 855 886 925 gehennae
932 853 1170 909 debetur
1201 874 1214 922 ;
1242 857 1402 910 venia
1453 873 1606 924 vero,
1641 871 1754 910 non
1784 869 1905 908 me-

294 947 430 1014 rito,
463 945 564 1000 sed
596 943 698 999 Dei
741 942 882 1014 justi
935 942 1145 1014 judicis
1188 945 1588 1000 misericordia:
1643 943 1906 1016 largitate

295 1035 603 1092 confertur.
628 1031 774 1098 Quia
799 1047 931 1086 vero
949 1033 1139 1102 justus
1171 1037 1229 1088 et
1247 1033 1562 1090 misericors
1580 1034 1733 1089 Deus
1759 1049 1904 1104 pra:-

295 1125 449 1180 scius
465 1128 554 1178 est
579 1121 917 1188 futurorum,
943 1137 1009 1175 ex
1029 1121 1148 1176 hac
1181 1121 1490 1178 damnabili
1542 1138 1747 1189 massa,
1791 1137 1905 1176 non

295 1228 670 1287 personarum
699 1211 1040 1282 acceptione,
1075 1211 1171 1265 sed
1197 1212 1410 1282 judicio
1457 1211 1738 1284 aequitatis
1789 1227 1904 1265 suae

295 1299 800 1374 irreprehensibili,
825 1315 966 1370 quos
993 1299 1216 1370 praescit
1245 1300 1629 1356 misericordia
1657 1299 1910 1372 gratuita

298 1395 598 1464 praeparat,
621 1388 680 1443 id
707 1394 794 1442 est
815 1387 1181 1459 praedestinat
1208 1389 1282 1444 ad
1295 1389 1466 1444 vitam
1485 1394 1774 1455 aeternam,
1790 1405 1909 1452 cae-

293 1486 450 1535 teros
477 1483 670 1534 autem
689 1493 874 1548 paena,
905 1482 970 1530 ut
997 1477 1248 1548 praedixi,
1285 1477 1478 1533 debita
1523 1478 1702 1550 punit,
1774 1475 1908 1548 quia

184 1614 193 1620 .
299 1569 439 1641 quid
467 1572 657 1622 essent
677 1565 850 1621 futuri
877 1566 1154 1637 praescivit
1181 1585 1194 1634 ;
1222 1583 1334 1622 non
1367 1572 1558 1622 tamen
1593 1565 1908 1638 puniendos

1743 369 2126 436 EPISTOLE.

288 500 356 556 in
381 515 494 572 quo
526 497 798 569 iniquitas
847 510 961 551 non
991 499 1093 561 est,
1120 497 1332 548 utatur.
1365 495 1563 551 Massa
1584 493 1774 567 itaque
1797 496 1968 560 hu-A
1987 515 2014 551 ε
2053 497 2156 567 13).
2187 497 2330 553 Ηίηο
2349 503 2406 552 et
2462 513 2561 569 per
2611 496 2817 552 Isaiam
2855 493 3061 550 dicitur
3087 514 3098 550 :
3137 514 3148 548 :

3438 369 3576 430 1534

3205 513 3235 547 α
3285 495 3415 550 Haec
3443 494 3580 549 dicit

1988 606 2009 638 ι
2045 585 2656 642 Dominus:Custodite
2679 584 2974 656 judicium,
3005 590 3062 639 et
3087 583 3252 640 facite
3275 583 3575 656 justitiam.

1991 699 2008 725 ι
2045 676 2190 742 Quia
2220 677 2385 747 juxta
2403 681 2489 731 est
2538 676 2689 730 salus
2722 691 2848 729 mea
2889 681 2954 730 ut
2994 673 3197 741 veniat,
3249 678 3307 728 et
3353 672 3579 744 justitia

1989 782 2175 820 «mea
2203 771 2266 820 ut
2300 765 2596 820 reveletur.
2649 765 2857 818 Beatus
2903 764 2989 817 vir
3034 763 3130 834 qui
3179 763 3308 818 iecit
3351 763 3473 828 hoc,
3524 767 3583 816 et

1991 875 2015 906 ι
2049 855 2201 909 ﬁlius
2219 854 2462 909 hominis
2481 853 2578 926 qui
2621 853 2994 925 apprehendit
3033 853 3205 918 istud,
3261 851 3581 906 custodiens

1991 965 2014 998 ι
2048 944 2338 1000 sabbatum
2392 960 2462 998 ne
2525 943 2738 1014 polluat
2793 941 2952 1006 illud,
3012 941 3332 996 custodiens
3381 955 3582 994 manus

1991 1053 2019 1090 α
2049 1051 2181 1090 suas
2209 1050 2279 1089 ne
2309 1033 2474 1088 faciat
2497 1048 2662 1087 omne
2719 1031 2930 1085 malum
2961 1033 3090 1097 (Isa.
3144 1047 3246 1095 LVI,
3307 1030 3324 1086 l
3383 1028 3511 1098 seq.)
3551 1046 3578 1080 ))

1985 1124 2067 1179 De
2095 1139 2206 1196 quo
2235 1128 2293 1178 et
2320 1139 2422 1194 per
2447 1121 2748 1176 Jeremiam
2780 1119 2986 1174 dicitur
3019 1139 3032 1174 :
3080 1139 3102 1171 ι
3137 1119 3270 1174 Haec
3315 1117 3450 1172 dicit
3469 1116 3582 1172 Do-
3621 1111 3632 1126 ”

1991 1233 2014 1266 ι
2049 1212 2238 1268 minus
2265 1211 2438 1266 Israel
2471 1229 2482 1264 :
2518 1211 2847 1265 Maledictus
2899 1211 2984 1264 vir
3036 1209 3132 1282 qui
3173 1227 3285 1264 non
3342 1207 3586 1264 audierit

1993 1321 2018 1355 «
2041 1300 2209 1357 verba
2229 1299 2377 1372 pacti
2401 1299 2588 1370 hujus,
2633 1299 2779 1370 quod
2795 1299 3031 1370 praecepi
3080 1298 3331 1371 patribus
3385 1297 3584 1352 vestris

1993 1410 2018 1444 α
2049 1391 2106 1446 in
2135 1390 2225 1446 die
2255 1405 2367 1461 qua
2388 1389 2552 1443 eduxi
2581 1404 2676 1442 eos
2689 1389 2758 1442 de
2777 1393 2932 1442 terra
2968 1389 3212 1460 Egypti,
3257 1389 3326 1443 de
3357 1387 3583 1442 fornace

1992 1499 2019 1534 ε
2049 1479 2250 1546 ferrea,
2290 1477 2480 1533 dicens
2513 1495 2525 1531 :
2573 1477 2778 1532 Audite
2832 1493 3020 1532 vocem
3062 1494 3267 1538 meam,
3326 1482 3383 1532 et
3419 1477 3582 1532 facite

1995 1592 2017 1620 ιι
2050 1568 2373 1640 omniaquae
2396 1565 2656 1639 praecipio
2685 1565 2856 1632 vobis,
2881 1571 2940 1621 et
2967 1566 3122 1621 eritis
3151 1566 3291 1622 mihi
3323 1566 3382 1620 in
3403 1583 3582 1638 popu-

299 1657 422 1730 ipse
437 1656 569 1712 fecit
596 1661 698 1712 aut
723 1655 1159 1727 praedestinavit,
1193 1657 1290 1711 sed
1319 1661 1632 1723 tantum,ut
1657 1656 1816 1720 dixit,
1847 1655 1908 1711 in
1994 1679 2022 1711 α
2049 1659 2186 1725 lum,
2219 1661 2278 1712 et
2304 1673 2408 1728 ego
2439 1673 2534 1711 ero
2565 1654 2719 1710 vobis
2755 1655 2815 1709 in
2835 1655 3035 1722 Deum,
3063 1659 3120 1709 et
3139 1655 3416 1710 suscitabo
3431 1657 3586 1726 jura-

299 1744 612 1802 damnabili
651 1760 842 1798 massa
883 1744 1178 1815 praescivit.
1231 1745 1393 1810 Quod
1421 1745 1470 1800 si
1499 1761 1532 1800 a
1577 1761 1669 1800 me
1701 1744 1904 1816 quaeris
1926 1777 1971 1840 Β
1993 1765 2020 1802 α
2051 1751 2303 1802 mentum
2326 1745 2474 1818 quod
2493 1745 2679 1817 juravi
2700 1745 2952 1817 patribus
2981 1743 3455 1799 vestrisdaturum
3495 1760 3585 1798 me

299 1835 446 1891 scire
467 1851 570 1889 cur
595 1833 738 1888 duas
759 1833 897 1887 istas
925 1832 1271 1888 diﬁ‘erentias
1297 1835 1444 1888 Deus
1467 1833 1654 1900 faciat,
1687 1833 1734 1888 si
1775 1850 1903 1904 per—
1926 1832 1966 1840 ’⁷
1995 1857 2018 1889 α
2053 1836 2135 1892 eis
2148 1841 2360 1890 terram
2381 1835 2648 1889 ﬂuentem
2663 1833 2808 1888 lacte
2833 1839 2891 1888 et
2914 1833 3079 1888 melle
3095 1833 3230 1902 (λεν.
3251 1848 3330 1899 x1,
3349 1832 3582 1902 Sscq.).»

297 1938 569 1978 sonarum
592 1927 851 1994 acceptor
879 1937 992 1976 non
1021 1927 1126 1988 est,
1160 1921 1295 1994 quia
1319 1923 1660 1993 generaliter
1683 1927 1783 1976 aut
1809 1939 1908 1993 pu-
1988 1926 2072 1981 Ad
2102 1924 2445 1980 Ezechielem
2486 1923 2758 1979 Dominus
2781 1922 2862 1976 ait
2893 1941 2904 1976 :
2936 1942 2957 1974 ι
2989 1924 3075 1978 Tu
3104 1939 3256 1992 ergo,
3299 1922 3379 1976 ﬁli
3408 1921 3588 1977 homi-

296 2012 422 2067 nire
445 2011 614 2066 debet
635 2009 879 2082 justitia,
911 2015 1013 2064 aut
1051 2011 1436 2066 misericordia
1475 2011 1734 2077 liberare,
1779 2027 1909 2065 con-
1993 2035 2018 2066 «
2050 2015 2156 2082 nis,
2181 2013 2272 2068 dic
2309 2013 2379 2067 ad
2411 2013 2640 2067 domum
2664 2012 2836 2068 Israel
2867 2031 2880 2079 ;
2909 2012 2990 2066 sic
3017 2011 3186 2066 locuti
3225 2011 3358 2066 estis
3396 2011 3588 2066 dicen-

295 2101 470 2156 tende
508 2116 636 2155 cum
666 2100 859 2166 Paulo,
887 2099 1001 2154 imo
1029 2099 1082 2153 si
1109 2100 1282 2155 audes
1311 2116 1486 2172 argue
1513 2101 1772 2170 Paulum,
1809 2099 1906 2172 qui
1993 2124 2015 2154 ι
2054 2109 2174 2159 tes:
2205 2102 2538 2174 Iniquitates
2558 2107 2764 2156 nostrae
2793 2106 2850 2156 et
2902 2105 3129 2172 peccata
3174 2105 3366 2154 nostra
3419 2115 3590 2170 super

299 2190 464 2254 dixit,
499 2189 721 2244 Christo
750 2189 807 2242 in
838 2205 899 2242 se
913 2187 1176 2259 loquente
1210 2207 1272 2242 :¢
1306 2189 1352 2244 Ο
1374 2189 1562 2256 homo,
1590 2194 1654 2244 tu
1684 2188 1811 2260 quis
1846 2205 1907 2243 es
1991 2211 2019 2246 ι(
2049 2210 2152 2248 nos
2171 2196 2321 2260 sunt,
2356 2195 2414 2246 et
2441 2191 2497 2244 in
2547 2190 2685 2262 ipsis
2733 2207 2834 2244 nos
2879 2189 3217 2244 tabescimus
3250 2207 3261 2242 :
3311 2187 3588 2260 quomodo

303 2298 330 2331 ε
367 2279 466 2352 qui
492 2277 803 2350 repondeas
825 2277 940 2331 Deo
970 2277 994 2330 ?
1021 2277 1290 2350 Nunquid
1318 2278 1454 2332 dicit
1490 2278 1824 2349 ﬁgmentum
1854 2277 1906 2332 ei
1993 2303 2015 2333 ε
2053 2299 2188 2354 ergo
2212 2281 2394 2335 vivere
2421 2279 2729 2351 poterimus
2757 2279 2782 2332 ?
2807 2279 2908 2334 Dic
2928 2277 2998 2333 ad
3029 2295 3124 2333 eos
3147 2278 3306 2333 :Haac
3331 2276 3467 2332 dicit
3483 2277 3591 2331 Do-

305 2387 332 2419 or
369 2367 466 2440 qui
496 2366 672 2434 ﬁnxit,
708 2365 916 2438 thuid
945 2382 1036 2420 me
1065 2365 1145 2420 sic
1169 2365 1350 2421 fecisti
1379 2367 1404 2420 ἱ)
1434 2367 1523 2421 An
1579 2381 1692 2421 non
1738 2365 1912 2420 habet
1995 2390 2020 2424 «
2053 2371 2241 2426 minus
2270 2389 2281 2424 :
2325 2369 2467 2425 Nolo
2523 2373 2762 2423 mortem
2796 2367 2974 2440 impii,
3033 2367 3129 2422 sed
3181 2371 3246 2422 ut
3298 2369 3590 2422 converta-

309 2477 333 2509 ι
369 2461 705 2528 potestatem
753 2455 959 2526 ﬁgulus
1006 2454 1111 2508 luti
1159 2471 1224 2509 ex
1280 2455 1475 2510 eadem
1511 2473 1696 2510 massa
1728 2456 1911 2512 facere
1997 2482 2019 2513 α
2053 2467 2148 2516 tur
2169 2459 2378 2531 impius
2408 2457 2552 2512 avia
2595 2474 2715 2523 sua,
2734 2462 2792 2512 et
2808 2457 2974 2512 vivat.
3005 2455 3424 2522 Convertimini,
3456 2471 3591 2510 con-

308 2565 338 2599 α
370 2545 526 2600 aliud
558 2544 788 2616 quidem
808 2559 904 2599 vas
931 2543 992 2598 in
1018 2544 1310 2612 honorem,
1335 2545 1488 2599 aliud
1513 2545 1572 2599 in
1619 2550 1912 2600 contume-

308 2653 340 2689 ι
380 2634 560 2690 liam?
593 2653 616 2685 ›
653 2635 822 2702 (Rom.
854 2649 930 2702 Ix,
964 2631 1075 2702 30.)
1109 2634 1225 2704 Ego
1245 2637 1435 2688 autem
1477 2634 1582 2688 hoc
1611 2634 1736 2688 dico
1765 2633 1913 2706 quod

311 2723 449 2788 dixi,
474 2722 607 2794 quia
634 2721 906 2794 quidquid
932 2723 1082 2778 Deus
1111 2722 1248 2793 agit,
1279 2722 1734 2790 misericorditer,
1758 2724 1914 2794 juste
1944 2795 1946 2798 ν

1995 2567 2022 2603 α
2055 2548 2339 2603 vertimini
2371 2546 2524 2616 aviis
2553 2547 2752 2601 vestris
2773 2546 3048 2617 pessimis,
3083 2550 3141 2600 et
3168 2561 3340 2616 quare
3383 2543 3591 2598 morie-
3659 2584 3669 2590 .

1999 2659 2022 2690 ι
2055 2636 2214 2703 mini,
2241 2637 2442 2692 domus
2461 2635 2638 2690 Israel
2667 2635 2794 2690 ?Tu
2823 2635 3035 2707 itaque,
3065 2634 3146 2689 ﬁli
3193 2632 3452 2699 hominis,-
3505 2631 3595 2686 dic

1998 2743 2026 2780 ι
2057 2726 2126 2781 ad
2160 2726 2305 2780 ﬁlios
2332 2724 2527 2797 populi
2572 2723 2689 2778 tui:
2720 2723 2948 2779 Justitia
2993 2723 3136 2796 justi
3181 2739 3294 2778 non
3335 2719 3597 2776 liberabit

308 2816 616 2882 sancteque
660 2809 796 2864 facit
830 2827 843 2864 :
883 2810 1017 2881 quia
1063 2811 1214 2866 solus
1262 2810 1382 2882 ipse
1427 2811 1770 2883 praesciendo
1809 2812 1916 2867 scit
1999 2833 2025 2867 ς(
2057 2831 2187 2871 eum
2233 2814 2290 2869 in
2346 2829 2698 2886 quacumque
2739 2812 2830 2867 die
2867 2812 3194 2884 peccaverit,
3237 2817 3295 2866 et
3333 2811 3595 2883 impietas

309 2901 465 2973 quod
485 2901 654 2956 homo
702 2899 1000 2954 nesciendo
1030 2899 1227 2955 nescit.
1280 2901 1416 2965 Quis
1465 2901 1616 2955 enim
1658 2901 1916 2972 cognovit
2001 2926 2024 2954 ι
2059 2903 2218 2975 impii
2249 2919 2364 2958 non
2385 2901 2606 2957 nocebit
2633 2901 2684 2956 ei
2713 2901 2770 2956 in
2793 2917 3126 2973 quacunque
3153 2900 3244 2956 die
3297 2916 3597 2956 conversus

308 3005 544 3046 sensum
569 2989 813 3055 Domini,
848 2989 975 3060 quis
1001 2989 1267 3044 instruxit
1293 3006 1442 3057 eum,
1475 2995 1576 3044 aut
1593 2990 1720 3060 quis
1739 2989 1916 3044 consi—
2001 3011 2024 3044 ι
2056 2993 2228 3048 fuerit
2253 2993 2321 3046 de
2349 2991 2642 3062 impietate
2671 3007 2775 3046 sua
2805 3009 2818 3059 ;
2843 2994 2901 3045 et
2920 2991 3110 3062 justus
3137 3005 3250 3044 non
3279 2987 3488 3061 poterit
3514 2987 3590 3042 vi-

313 3079 513 3134 liarius
532 3080 654 3150 ejus
683 3078 788 3133 fuit
809 3078 834 3131 ?
855 3083 955 3132 aut
969 3077 1094 3150 quis
1113 3078 1268 3150 prior
1285 3078 1436 3133 dedit
1467 3079 1548 3132 illi
1570 3084 1627 3133 et
1648 3077 1914 3134 retribui-
1936 3105 1981 3165 ρ
2002 3102 2024 3134 ι
2061 3099 2190 3136 vere
2208 3081 2266 3136 in
2282 3080 2504 3151 justitia
2543 3096 2647 3134 sua
2671 3081 2730 3134 in
2761 3095 3112 3150 quacumque
3142 3078 3232 3133 die
3261 3077 3590 3150 peccaverit.

307 3173 411 3224 tur
437 3167 490 3223 ei
511 3167 535 3222 ?
553 3172 653 3222 aut
681 3167 807 3239 quis
835 3166 970 3221 dicit
1001 3167 1071 3233 ei,
1121 3167 1476 3235 Quidfecisti
1505 3168 1531 3221 Ἰ
1559 3169 1686 3223 Non
1732 3173 1918 3242 potest
2001 3188 2028 3224 ι
2062 3171 2294 3226 Etiamsi
2323 3169 2515 3224 dixero
2541 3170 2696 3239 justo
2718 3169 2866 3240 quod
2904 3168 3018 3223 vita
3044 3167 3210 3233 vivat,
3245 3173 3304 3222 et
3355 3168 3598 3222 conﬁsus

312 3262 542 3312 tantum
579 3258 767 3327 justus
785 3255 894 3310 dici
923 3257 1094 3323 Deus,
1121 3261 1222 3310 aut
1255 3257 1437 3311 solum
1461 3257 1796 3323 misericors,
1819 3257 1918 3312 sed
2005 3281 2028 3312 ι
2063 3259 2122 3314 in
2146 3259 2371 3331 justitia
2398 3275 2502 3313 sua
2527 3257 2722 3312 fecerit
2744 3257 3118 3330 iniquitatem,
3154 3271 3349 3312 omnes
3362 3255 3598 3326 justitia:

309 3348 507 3418 justus
547 3351 606 3400 et
665 3345 1002 3400 misericors.
1049 3344 1139 3400 Sic
1200 3345 1459 3415 legimus,
1503 3346 1584 3400 sic
1615 3346 1914 3400 credimus.
2005 3369 2027 3400 ι
2062 3349 2185 3420 ejus
2205 3347 2468 3402 oblivioni
2487 3347 2802 3413 tradentur,
2827 3352 2884 3400 et
2910 3346 2968 3400 in
2997 3345 3410 3417 iniquitatesua
3429 3360 3600 3416 quam

320 3436 632 3508 Propterea
659 3434 882 3506 quando
913 3433 996 3488 liii
1023 3450 1151 3488 cum
1178 3433 1354 3488 David
1393 3433 1834 3490 misericordiam
1862 3439 1920 3489 et
2001 3456 2029 3492 α
2063 3442 2326 3508 operatus
2340 3442 2425 3490 est
2445 3435 2635 3507 inipsa
2655 3435 2946 3490 morietur.
2963 3434 3060 3489 Sin
3081 3439 3268 3488 autem
3293 3433 3486 3488 dixero
3499 3433 3601 3488 im-

307 3524 588 3598 judicium
607 3529 919 3589 cantamus,
953 3528 1246 3578 cantamus
1265 3528 1599 3590 metuentes,
1616 3539 1730 3578 non
1750 3523 1921 3579 inter—
2003 3545 2032 3579 α
2063 3525 2173 3597 pio,
2197 3526 2376 3580 Morte
2399 3524 2674 3588 morieris,
2703 3529 2760 3578 et
2787 3523 2965 3594 egerit
2991 3521 3380 3594 paenitentiam
3408 3537 3445 3577 a
3471 3537 3602 3594 pec-

314 3617 586 3686 rogamu’s
613 3629 736 3685 quae
763 3613 840 3668 sit
867 3613 1123 3668 voluntas
1140 3615 1282 3684 ejus,
1305 3612 1362 3667 in
1383 3612 1596 3684 judicio
1625 3618 1683 3668 et
1697 3613 1918 3668 miseri-
2003 3637 2028 3664 α
2061 3619 2186 3669 cato
2206 3612 2651 3682 suo,feceritque
2665 3610 2937 3682 judicium
2967 3618 3025 3664 et
3067 3610 3372 3682 justitiam,
3413 3615 3472 3664 et
3519 3609 3602 3682 pi-

315 3703 513 3760 cordia
537 3703 1014 3774 conquiescentes.
1053 3722 1076 3753 ι
1099 3703 1296 3758 Omnis
1326 3701 1476 3756 enim
1502 3702 1589 3756 lex
1607 3701 1797 3756 divina
1813 3703 1920 3757 hoc
2003 3721 2030 3756 α
2060 3720 2206 3774 gnus
2217 3700 2874 3771 restitueritilleimpius,
2891 3698 3596 3771 rapinamquereddiderit,

317 3794 505 3858 docet,
517 3797 693 3862 utper
713 3791 1088 3845 obedientiam
1100 3791 1496 3846 mandatorum
1513 3790 1615 3846 Dei
1636 3789 1920 3862 pervenia-
2005 3812 2030 3843 «
2063 3792 2121 3846 ίη
2141 3789 2422 3845 mandatis
2445 3789 2570 3844 vitae
2599 3787 2986 3854 ambulaverit,
3043 3805 3146 3842 nec
3196 3787 3392 3842 fecerit
3445 3787 3603 3859 quid-

316 3899 450 3937 mus
478 3882 548 3936 ad
570 3886 880 3936 creatorem
896 3885 1154 3934 nostrum
1179 3897 1310 3935 :nec
1328 3881 1478 3934 ullus
1490 3879 1707 3936 ratione
1728 3879 1921 3951 vigens
2008 3901 2030 3931 ι
2067 3895 2239 3951 quam
2252 3879 2548 3950 injustum,
2573 3877 2688 3932 vita
2706 3877 2854 3931 vivet
2867 3882 2924 3931 et
2953 3893 3063 3931 non
3091 3876 3383 3930 morietur.
3399 3875 3605 3931 Omnia

316 3971 446 4026 sine
476 3971 586 4025 ﬁde
609 3974 766 4026 recta
793 3974 850 4023 et
873 3968 1309 4040 bonisoperibus
1329 3969 1444 4023 Deo
1472 3969 1692 4040 placere
1717 3973 1918 4040 potest.
2009 3987 2031 4018 α
2065 3971 2294 4038 peccata
2311 3968 2433 4038 ejus
2468 3983 2590 4038 qua
2631 3965 2880 4037 peccavit
2917 3981 3029 4019 non
3075 3963 3504 4036 imputabuntur
3551 3965 3604 4019 ei

316 4059 487 4116 Unde
508 4064 567 4114 et
591 4058 918 4131 prophetica
945 4063 1115 4128 atque
1142 4057 1447 4130 apostolica
1477 4057 1701 4128 eloquia
1715 4056 1820 4111 hoc
1833 4073 1924 4111 re-
2009 4074 2036 4109 α
2075 4057 2292 4123 (Ezech.
2325 4071 2428 4108 xxx
2460 4071 2532 4120 ιη,
2596 4053 2662 4109 10
2701 4054 2855 4124 seq.).
2909 4073 2932 4105 ι
2977 4053 3064 4108 Ad
3091 4053 3606 4108 Nabuchodonosor

315 4151 546 4215 sonant,
579 4147 650 4202 ad
680 4149 784 4201 hoc
819 4147 1206 4212 exhortantur,
1230 4151 1295 4200 ut
1337 4151 1489 4200 recto
1520 4162 1686 4200 cursu
1716 4150 1924 4201 sancta:
2006 4160 2229 4216 quoque
2256 4144 2450 4199 Daniel
2481 4143 2755 4215 propheta
2783 4143 2862 4198 sic
2875 4142 2957 4197 ait
2981 4161 2993 4197 :
3016 4162 3038 4194 α
3065 4143 3110 4198 Ο
3153 4159 3268 4209 rex,
3309 4142 3605 4198 consilium

317 4235 764 4293 conversationis
789 4235 1184 4307 perveniamus
1209 4235 1280 4289 ad
1301 4240 1611 4288 creatorem
1645 4239 1921 4290 nostrum.
2010 4252 2036 4286 «
2068 4249 2256 4288 meum
2277 4234 2496 4305 placeat
2522 4232 2642 4299 tibi,
2665 4237 2722 4287 et
2749 4236 2978 4303 peccata
3006 4237 3105 4286 tua
3135 4231 3506 4304 eleemosynis
3521 4247 3606 4286 re-

318 4325 582 4396 Denique
609 4323 690 4378 sic
709 4325 928 4395 Moyses
955 4322 1036 4378 ait
1069 4341 1080 4376 :
1117 4341 1142 4376 α
1171 4325 1294 4377 Non
1332 4321 1576 4378 tentabis
1625 4323 1926 4378 Dominum
2013 4342 2035 4374 ι
2071 4318 2250 4390 ἀὶωθ,’
2273 4321 2668 4394 etiniquitates
2685 4327 2812 4376 tuas
2833 4321 3237 4376 misericordiis
3265 4337 3598 4392 pauperum,

267 4459 274 4464 .
325 4435 351 4468 ι
389 4415 573 4470 Deum
596 4418 777 4479 tuum,
797 4411 1184 4467 sicuttentasti
1205 4411 1262 4466 in
1293 4412 1413 4467 loco
1429 4411 1778 4478 tentationis,
1813 4413 1990 4480 Cu-D
2013 4431 2036 4463 ι
2071 4410 2308 4466 forsitan
2343 4411 2594 4481 ignoscat
2621 4412 2772 4465 Deus
2784 4410 3000 4464 delictis
3019 4409 3132 4463 tuis
3150 4411 3312 4476 (Dan.
3337 4426 3411 4474 VI,
3442 4407 3552 4480 24).
3574 4433 3602 4460 ιι

324 4524 350 4555 σ
393 4502 539 4558 stodi
566 4506 844 4574 praecepta
870 4500 1096 4556 Domini
1126 4500 1227 4556 Dei
1246 4501 1352 4566 tui,
1414 4518 1479 4556 ac
1501 4500 1842 4567 testimonia,
1867 4507 1927 4556 et
2007 4500 2151 4555 Hinc
2181 4506 2238 4555 et
2263 4516 2365 4572 per
2393 4501 2536 4555 Osee
2549 4499 2789 4553 dicitur:
2817 4515 2844 4550 α
2879 4497 3164 4553 Seminate
3191 4497 3349 4552 vobis
3368 4497 3426 4552 in
3441 4498 3606 4569 justi-

328 4610 360 4644 ι
391 4590 770 4656 caeremonias,
801 4607 942 4661 quas
971 4589 1236 4662 praecepit
1261 4589 1393 4644 tibi:
1424 4595 1482 4645 et
1509 4589 1594 4644 fac
1622 4589 1770 4662 quod
1803 4591 1924 4662 pla-

329 4698 360 4734 ε
394 4680 568 4734 citum
585 4685 673 4734 est
699 4683 756 4734 et
779 4679 988 4734 bonum
1008 4678 1068 4733 in
1089 4683 1390 4750 conSpectu
1419 4679 1664 4746 Domini,
1695 4684 1759 4734 ut
1785 4678 1926 4734 bene

329 4785 360 4823 α
393 4768 466 4822 sit
491 4768 614 4835 tibi,
635 4773 692 4823 et
711 4769 998 4840 ingressus
1020 4768 1529 4839 possideasterram
1541 4769 1832 4840 optimam,
1858 4768 1928 4823 de

330 4877 355 4911 ι
391 4874 504 4930 qua
539 4857 751 4929 juravit
807 4857 1080 4912 Dominus
1131 4856 1388 4928 patribus
1414 4857 1546 4923 tuis,
1603 4862 1668 4912 ut
1717 4857 1932 4912 deleret

328 4964 358 5002 α
391 4963 589 5002 omnes
619 4946 876 5001 inimicos
892 4951 1022 5002 tuos
1042 4962 1230 5002 coram
1257 4951 1334 5010 te,
1377 4947 1522 5002 sicut
1575 4947 1793 5002 locutus
1845 4951 1932 5002 est

329 5057 357 5089 «
396 5038 574 5106 (Deut.
619 5053 690 5102 v1,
733 5034 799 5090 16
837 5038 989 5105 scq.).
1047 5053 1070 5086 ι
1112 5036 1258 5090 Nam
1293 5035 1596 5091 Psalmista
1640 5035 1770 5091 hinc
1802 5037 1924 5090 ait:

329 5145 353 5178 ι
389 5125 528 5190 Quis
547 5129 634 5180 est
660 5125 829 5179 homo
853 5124 947 5196 qui
967 5125 1085 5179 vult
1110 5124 1301 5192 vitam,
1321 5129 1379 5180 et
1408 5125 1563 5197 cupit
1583 5125 1774 5180 videre
1813 5125 1932 5180 dies

325 5233 348 5264 (ι
388 5212 566 5268 bonos
585 5213 610 5267 ?
629 5214 898 5268 Coerceat
925 5213 1175 5284 linguam
1205 5229 1366 5267 suam
1407 5231 1442 5268 a
1463 5213 1630 5280 malo,
1693 5219 1750 5268 et
1781 5214 1932 5270 labia

325 5321 354 5356 ‹‹
390 5303 516 5373 ejus
541 5319 611 5358 ne
639 5302 945 5374 loquantur
974 5303 1185 5358 dolum.
1217 5302 1473 5358 Divertat
1497 5319 1532 5357 a
1558 5305 1725 5372 malo,
1759 5309 1816 5360 et
1844 5303 1930 5358 fa-

329 5411 355 5444 ε
390 5391 502 5446 ciat
517 5391 727 5446 bonum
744 5411 756 5460 ;
778 5392 1028 5464 inquirat
1041 5408 1234 5464 pacem
1253 5397 1311 5446 et
1325 5397 1597 5462 sequatur
1611 5409 1757 5448 eam.
1783 5393 1930 5458 Quia

332 5500 360 5531 «
397 5480 545 5535 oculi
574 5480 799 5536 Domini
825 5491 995 5553 super
1017 5483 1284 5552 justos,et
1321 5497 1485 5536 aures
1507 5483 1629 5552 ejus
1657 5483 1713 5536 in
1734 5499 1928 5554 preces

333 5590 358 5622 ε
395 5585 613 5624 eorum.
636 5571 838 5626 Vultus
855 5576 1044 5626 autem
1058 5571 1280 5626 Domini
1297 5588 1468 5642 super
1477 5571 1743 5626 facientes
1757 5573 1922 5638 mala,

335 5679 360 5711 ι
403 5663 470 5713 ut
499 5659 778 5732 perdatde
789 5666 946 5719 terra
965 5661 1296 5718 memoriam
1315 5676 1511 5718 eorum
1531 5663 1925 5733 (Psal.xxxvm,

2015 4611 2036 4638 ι
2067 4589 2166 4654 tia,
2201 4595 2258 4644 et
2275 4589 2470 4644 metite
2497 4588 2555 4642 in
2587 4605 2683 4642 ore
2712 4586 3127 4650 misericordia),
3162 4587 3422 4642 innovate
3451 4587 3606 4644 vobis

2013 4696 2039 4729 α
2071 4679 2300 4732 novale:
2331 4683 2554 4748 tempus
2585 4682 2773 4731 autem
2829 4675 3174 4747 requirendi,
3213 4692 3340 4731 cum
3391 4677 3608 4734 venerit

2015 4785 2044 4818 σι
2073 4767 2170 4837 qui
2191 4765 2410 4820 docebit
2428 4782 2523 4820 vos
2557 4765 2838 4836 justitiam
2871 4765 3002 4834 (Ose.
3039 4782 3092 4831 x,
3122 4764 3229 4836 42).
3285 4787 3306 4814 ι
3332 4765 3400 4820 Et
3428 4765 3564 4822 item
3591 4785 3602 4822 :

2015 4873 2041 4907 «
2073 4854 2821 4924 Convertere,inquit,lsrael
2833 4853 2903 4908 ad
2913 4853 3216 4908 Dominum
3230 4855 3407 4909 Deum
3420 4859 3602 4923 tuum,

2014 4961 2040 4998 α
2077 4945 2342 5016 quoniam
2363 4944 2625 4999 corruisti
2645 4943 2704 4998 in
2734 4941 3036 5014 iniquitate
3054 4943 3387 4998 tua.Tollite
3432 4943 3608 4999 vobis-

2021 5052 2048 5084 α
2074 5051 2200 5089 cum
2223 5034 2410 5102 verba,
2443 5039 2502 5089 et
2517 5031 2903 5089 convertimini
2917 5032 2990 5086 ad
3004 5031 3326 5098 Dominum,
3359 5037 3418 5088 et
3439 5032 3608 5090 dicite

2019 5147 2040 5179 ε
2077 5127 2126 5182 ei
2155 5123 2416 5179 :Omnem
2446 5124 2604 5178 aufer
2632 5121 3009 5194 iniquitatem,
3036 5127 3092 5176 et
3139 5120 3327 5192 accipe
3371 5121 3600 5191 bonum,

2016 5239 2043 5272 (ι
2071 5224 2130 5274 et
2154 5217 2455 5274 reddemus
2482 5213 2683 5267 vitulos
2708 5210 2985 5265 labiorum
2999 5215 3319 5264 nostrorum
3335 5211 3470 5283 (0w.
3493 5229 3602 5280 xvr,

2019 5327 2040 5359 α
2073 5307 2126 5376 2,
2147 5306 2222 5375 3).
2260 5323 2282 5356 ι
2318 5304 2376 5360 Si
2408 5300 2702 5375 quidemin
2722 5299 2880 5353 Joele
2903 5298 3260 5370 itascriptum
3287 5304 3398 5354 est:
3437 5318 3462 5353 «
3493 5301 3608 5356 Ma-

2016 5418 2038 5450 ι
2071 5413 2216 5469 gnus
2235 5393 2385 5449 enim
2405 5392 2524 5447 dies
2554 5388 2778 5445 Domini
2809 5393 2864 5441 et
2895 5386 3161 5442 terribilis
3186 5388 3376 5456 valde,
3395 5393 3452 5444 et
3482 5391 3609 5463 quis

2014 5505 2041 5540 (ι
2074 5482 2373 5540 sustinebit
2401 5499 2532 5538 eum
2551 5481 2576 5533 ?
2604 5481 2766 5534 Nunc
2787 5493 2920 5549 ergo
2950 5475 3087 5530 dicit
3114 5477 3386 5534 Dominus
3420 5498 3432 5535 :
3467 5480 3610 5535 Con-

2013 5595 2044 5629 α
2071 5573 2352 5630 vertimini
2382 5572 2451 5626 ad
2471 5589 2559 5625 me
2587 5571 2642 5626 in
2671 5577 2788 5626 toto
2817 5573 2984 5628 corde
3007 5577 3208 5637 vestro,
3242 5570 3299 5624 in
3316 5569 3535 5641 jejunio
3552 5576 3610 5624 et

2013 5683 2042 5718 (ι
2071 5665 2130 5720 in
2159 5665 2296 5720 ﬁetu
2320 5661 2445 5717 etin
2471 5662 2714 5734 planctu,
2751 5667 2809 5718 et
2856 5661 3089 5719 scindite
3118 5661 3289 5718 corda
3341 5665 3528 5717 vestra
3551 5666 3610 5720 et
