4018 6168
377 262 521 326 1535

1017 263 1079 319 B.
1113 244 1386 322 nariam
1415 266 1646 323 MAURI
1671 265 2008 326 ARCHIEP.
2036 263 2360 322 MOGUNT.
2394 264 2690 323 OPERUM
2717 266 2900 322 PARS
2929 267 3028 325 III.

3511 265 3651 324 1536

383 406 412 444 α
437 406 550 448 non
560 390 896 447 vestimenta
910 395 1177 460 vestra,et
1185 391 1572 450 convertimini
1582 394 1654 448 ad
1670 391 2038 452 Dominum-A
2063 407 2084 442 α
2119 390 2372 445 Judicate
2383 390 2660 462 judicium
2670 407 2863 447 verum
2874 397 2932 447 et
2947 392 3409 458 misericordiam,
3421 395 3482 447 et
3493 391 3657 447 mise-

385 497 411 531 ‹‹
443 480 624 536 Deum
649 484 918 547 vestrum,
955 481 1087 552 quia
1116 480 1390 552 benignus
1419 486 1476 536 et
1528 482 1842 538 misericors
1869 488 1970 548 est,

383 586 410 621 «
442 569 660 642 patiens
676 574 734 624 et
746 571 936 624 multae
953 570 1368 638 misericordiae,
1393 577 1451 626 et
1469 571 1786 643 prestabilis
1806 588 1976 642 super

383 674 410 710 α
441 657 658 712 malitia
685 677 696 711 :
727 658 852 730 quis
881 659 984 713 scit
997 659 1040 713 si
1061 664 1418 714 convertatur
1444 665 1503 714 et
1529 661 1782 730 ignoscat
1805 665 1863 714 et
1889 677 1974 715 re-

385 765 408 798 ι
442 745 800 819 linquatpost
818 765 876 802 se
897 747 1362 817 benedictionem,
1377 750 1750 805 sacrificiuum
1772 748 1974 804 etliba-

383 853 410 889 α
440 853 572 892 men
595 837 835 893 Domino
851 840 967 893 Deo
997 839 1229 894 nostro?
1259 857 1284 892 »
1323 842 1474 906 (Jocl.
1509 854 1570 906 Il,
1602 839 1710 908 11.)
1744 839 1888 894 Hinc
1917 843 1974 894 et

379 940 481 998 per
505 925 678 980 Amos
700 926 904 981 dicitur
933 946 943 980 :
979 947 999 978 ι
1021 927 1265 992 Quaerite
1292 927 1500 982 bonum
1518 933 1589 1006 __et
1615 944 1727 982 non
1759 928 1970 982 malum

384 1032 408 1065 ε
441 1019 506 1070 ut
534 1014 750 1081 vivatis,
784 1021 842 1070 et
875 1017 985 1071 erit
1020 1016 1292 1072 Dominus
1321 1018 1472 1073 Deus
1501 1004 1846 1072 exercituum
1877 1033 1972 1072 vo-

382 1120 407 1154 ι
438 1101 654 1160 biscum
667 1105 812 1159 sicut
827 1105 1062 1160 dixistis.
1108 1107 1271 1161 Odite
1303 1107 1534 1172 malum,
1559 1112 1616 1160 et
1645 1105 1861 1176 diligite
1883 1105 1974 1160 bo-

382 1209 408 1244 s
441 1207 598 1260 num,
619 1198 678 1248 et
694 1195 1018 1250 constituite
1038 1194 1096 1249 in
1126 1201 1289 1266 porta
1313 1196 1610 1266 judicium,
1641 1195 1688 1249 si
1710 1195 1852 1249 forte
1877 1195 1976 1249 mi-

379 1298 408 1334 ι
439 1288 694 1338 screatur
702 1282 975 1340 Dominus
990 1285 1139 1340 Deus
1149 1285 1492 1338 exercituum
1501 1283 1752 1355 reliquiis
1769 1284 1976 1354 Joseph

382 1388 410 1424 α
439 1371 620 1439 {Amos
657 1389 710 1440 v,
767 1372 830 1430 14
881 1377 1032 1444 seq).
1094 1393 1119 1426 »
1171 1375 1261 1428 Sic
1303 1379 1361 1428 et
1400 1372 1608 1428 Abdias
1653 1373 1970 1444 propheta:

381 1477 410 1513 ι
440 1461 609 1516 Juxta
621 1467 726 1529 est,
754 1465 960 1532 inquit,
985 1463 1105 1517 dies
1119 1461 1524 1534 Dominisuper
1543 1478 1738 1516 omnes
1752 1467 1970 1532 gentes:

2060 498 2085 532 α
2111 479 2358 537 rationes
2378 481 2544 535 facite
2574 481 2961 552 unusquisque
2979 499 3110 537 cum
3138 483 3310 536 fratre
3337 499 3463 544 suo,
3493 487 3550 536 et
3571 481 3654 536 vi-

2057 585 2084 620 α
2117 567 2286 622 duam
2307 573 2364 622 et
2389 569 2682 640 pupillum,
2706 575 2764 623 et
2787 570 3060 624 advenam
3081 576 3138 624 et
3157 587 3462 642 pauperem
3482 571 3655 624 nolite

2059 677 2082 708 α
2116 658 2467 726 calumniari,
2485 665 2543 713 et
2571 659 2660 712 vir
2687 658 2848 713 fratri
2869 675 2970 714 suo
2990 676 3102 714 non
3129 659 3336 730 cogitet
3364 659 3576 713 malum
3594 657 3654 713 in

2058 767 2082 798 «
2118 747 2284 801 corde
2311 764 2412 802 suo
2441 750 2624 818 (Zach.
2659 765 2748 814 vn,
2787 749 2820 804 7
2850 751 3001 818 seq)
3040 769 3062 800 ι
3097 749 3165 803 Et
3191 749 3364 803 item:
3407 768 3432 800 ι
3469 747 3655 802 Nolite

2059 855 2082 887 ι
2117 835 2336 890 timere.
2371 836 2500 891 Haec
2529 841 2663 891 sunt
2689 853 2822 907 ergo
2851 835 3020 890 verba
3049 853 3174 908 quia
3200 836 3430 892 facietis.
3455 837 3658 908 Loqui-

2059 944 2086 977 «
2110 925 2249 979 mini
2295 926 2594 981 veritatem
2634 925 3022 998 unusquisque
3061 941 3190 980 cum
3227 925 3481 997 proximo
3527 941 3650 980 suo.

2061 1033 2083 1063 α
2115 1013 2426 1069 Veritatem
2475 1021 2534 1070 et
2573 1014 2851 1086 judicium
2889 1015 3042 1086 pacis
3081 1015 3331 1085 judicate
3375 1015 3435 1069 in
3477 1014 3654 1086 portis

2060 1119 2085 1152 ε(
2118 1103 2333 1170 vestris,
2385 1108 2442 1158 et
2479 1103 2865 1175 unusquisque
2915 1105 3126 1158 malum
3170 1109 3367 1158 contra
3401 1103 3648 1158 amicum

2061 1207 2087 1242 α
2119 1207 2283 1247 suum
2311 1209 2381 1247 ne
2401 1193 2656 1262 cogitetis
2680 1193 2738 1248 in
2765 1193 3024 1248 cordibus
3051 1194 3268 1254 vestris,
3291 1199 3352 1248 et
3364 1195 3654 1265 juramen-

2062 1297 2086 1331 α
2117 1284 2240 1336 tum
2269 1282 2508 1336 mendax
2551 1299 2623 1337 ne
2661 1283 2927 1353 diligatis.
2969 1283 3173 1338 Omnia
3199 1288 3332 1338 sunt
3357 1283 3510 1338 enim
3536 1283 3654 1338 hac

2059 1388 2086 1423 α
2119 1357 2246 1441 quae
2269 1371 2380 1439 odi,
2413 1371 2550 1427 dicit
2575 1372 2849 1428 Dominus
2879 1373 3061 1440 (Zach.
3086 1390 3193 1438 vm,
3211 1369 3282 1428 16
3300 1376 3453 1441 seq.).
3489 1391 3519 1426 ι
3549 1373 3657 1427 Per

2054 1459 2386 1515 Malachiam
2415 1477 2638 1532 quoque
2665 1461 2748 1516 ait
2777 1479 2788 1515 :
2829 1481 2852 1513 ι
2885 1463 3290 1524 Convertimini
3317 1466 3376 1516 et
3398 1460 3656 1516 videbitis

381 1563 408 1600 α
443 1539 886 1604 sicutfecistiiiat
913 1549 1035 1616 tibi,
1057 1549 1484 1604 retributionem
1503 1555 1660 1604 tuam
1689 1555 1974 1604 convertet
2057 1565 2083 1600 «
2117 1549 2251 1620 quid
2275 1550 2350 1606 sit
2377 1551 2529 1606 inter
2551 1552 2773 1621 justum
2800 1557 2858 1608 et
2883 1551 3138 1624 impium,
3163 1557 3222 1606 et
3239 1551 3389 1606 inter
3414 1551 3655 1606 servien-

385 1657 409 1688 (
441 1637 501 1692 in
518 1643 688 1710 caput
722 1644 885 1693 tuum
913 1641 1070 1709 (Abd.
1113 1657 1146 1706 ι,
1202 1639 1302 1703 15).
1335 1641 1504 1694 Jonas
1540 1657 1762 1712 quoque
1789 1640 1848 1694 in
1876 1639 1972 1695 Ni—
1991 1706 2033 1712 _
2055 1653 2083 1690 α
2113 1641 2225 1692 tem
2249 1639 2365 1694 Deo
2395 1646 2453 1694 et
2478 1657 2594 1696 non
2622 1641 2958 1696 servientem
2988 1641 3245 1708 (illatam.
3275 1653 3357 1707 nl,
3385 1638 3658 1708 18).Εοαι

379 1725 507 1780 nive
532 1725 754 1782 civitate
775 1744 983 1799 magna
1008 1729 1330 1799 praedicavit
1365 1729 1752 1800 paenitentiam
1805 1746 1972 1800 agen-
1991 1706 2040 1769 Β
2061 1747 2086 1779 ι
2118 1727 2238 1782 dies
2257 1727 2444 1783 veniet
2464 1745 2733 1785 succensa
2751 1730 2912 1802 quasi
2929 1731 3185 1785 caminus
3198 1734 3452 1797 ,eterunt
3461 1745 3658 1784 omnes

381 1813 532 1882 dam,
558 1821 616 1870 et
640 1817 1088 1888 praedicaverunt
1112 1818 1161 1873 N
1167 1817 1371 1873 inivitae
1377 1817 1678 1889 jejunium,
1705 1824 1764 1874 et
1791 1819 1976 1873 vestiti
2061 1835 2087 1869 (ί
2116 1816 2362 1888 superbi,
2392 1824 2452 1872 et
2476 1835 2672 1874 omnes
2706 1823 3002 1891 cperantes
3039 1818 3418 1890 iniquitatem,
3448 1817 3660 1888 stipula

378 1907 514 1959 sunt
539 1905 713 1959 saccis
756 1921 790 1960 a
843 1907 1056 1977 majore
1084 1923 1261 1978 usque
1301 1907 1372 1961 ad
1414 1907 1709 1975 minorem,
1743 1913 1802 1962 et
1838 1907 1980 1962 vidit
2059 1923 2091 1960 κ
2121 1911 2180 1961 et
2217 1906 2594 1963 inﬂammabit
2635 1925 2731 1964 eos
2776 1908 2895 1964 dies
2942 1908 3172 1964 veniens
3209 1907 3348 1962 dicit
3383 1906 3657 1962 Dominus

377 1990 709 2065 Deusopera
736 2009 949 2060 eorum,
975 1995 1110 2066 quia
1138 1996 1388 2050 conversi
1435 2001 1569 2051 sunt
1617 1997 1686 2050 de
1731 1997 1820 2050 via
1841 2013 1973 2051 -sua
2063 2015 2086 2047 ai
2117 1995 2482 2064 exercituum,
2516 2013 2640 2069 quae
2690 2014 2804 2052 non
2849 1997 3128 2069 relinquet
3173 1997 3254 2050 eis
3303 1995 3554 2051 radicem
3599 2002 3658 2050 et

376 2081 546 2150 mala,
571 2087 630 2138 et
655 2083 920 2138 misertus
935 2089 1020 2138 est
1047 2085 1199 2140 Deus
1248 2101 1418 2157 super
1472 2085 1746 2140 malitiam
1801 2101 1970 2157 quam

373 2169 595 2226 locutus
620 2170 807 2228 fuerat
833 2178 900 2228 ut
925 2173 1134 2228 faceret
1152 2173 1252 2240 eis,
1287 2179 1344 2228 et
1387 2190 1500 2228 non
1527 2173 1658 2229 fecit
1689 2175 1864 2244 (Joan.
1893 2190 1967 2241 Ill,

375 2257 544 2330 3-10).
578 2260 722 2316 Hinc
743 2266 800 2316 et
818 2262 1076 2317 Michzeas
1098 2263 1350 2335 loquitur
1372 2263 1562 2318 dicens
1602 2281 1614 2316 :
1656 2286 1680 2311 α
1708 2261 1970 2318 Indicabo

379 2369 402 2396 α
433 2347 555 2414 tibi,
605 2349 792 2417 homo,
837 2351 970 2423 quid
1000 2352 1075 2406 sit
1110 2351 1340 2419 bonum,
1391 2356 1489 2406 aut
1534 2351 1668 2423 quid
1699 2351 1971 2406 Dominus

378 2454 404 2488 α
435 2437 585 2493 Deus
609 2442 742 2494 tuus
772 2440 1024 2511 requirat
1043 2458 1079 2495 a
1096 2445 1154 2495 te
1172 2458 1183 2494 :
1203 2441 1396 2512 utique
1409 2441 1591 2495 facere
1605 2439 1880 2512 judicium
1913 2445 1972 2495 et

379 2545 402 2577 α
437 2525 670 2598 diligere
679 2529 1142 2596 misericordiam,
1159 2534 1217 2584 et
1231 2529 1530 2585 sollicitum
1541 2529 1830 2584 ambulare
1840 2546 1967 2584 cum

379 2636 402 2665 ι
436 2615 552 2670 Deo
572 2621 670 2672 tuo
701 2619 884 2685 (Mich.
920 2636 988 2685 v1,
1014 2618 1092 2689 8).
1126 2637 1153 2672 io
1185 2618 1438 2692 Denique
1471 2619 1696 2674 Nahum
1734 2619 1815 2673 ita
1833 2634 1970 2690 prae-

2057 2103 2080 2136 α
2111 2101 2364 2156 germen.
2399 2085 2470 2140 Et
2503 2085 2718 2142 orietur
2757 2085 2912 2141 vobis
2943 2083 3274 2141 timentibus
3315 2099 3526 2140 nomen
3551 2084 3658 2139 Do-

2056 2191 2081 2224 «
2109 2173 2249 2228 mini
2268 2175 2348 2228 sol
2375 2173 2631 2245 justitiae,
2650 2179 2708 2230 et
2721 2175 2935 2230 sanitas
2952 2174 3014 2229 in
3040 2173 3240 2246 pennis
3259 2175 3404 2244 ejus,
3424 2177 3654 2244 etegre—

2057 2281 2080 2314 ι
2113 2261 2365 2328 diemini,
2389 2267 2448 2318 et
2473 2263 2685 2318 salietis
2712 2263 2857 2319 sicut
2884 2263 3047 2319 vituli
3067 2263 3138 2318 de
3168 2267 3445 2329 armento,
3469 2267 3530 2316 et
3549 2261 3657 2316 cal-

2056 2368 2082 2402 «
2114 2350 2312 2406 cabitis
2332 2351 2536 2423 impios
2560 2369 2688 2408 cum
2711 2351 2922 2407 fuerint
2942 2352 3085 2407 cinis
3104 2352 3208 2406 sub
3235 2352 3432 2424 planta
3448 2351 3652 2422 pedum

2055 2457 2082 2492 α
2113 2445 2424 2496 vestrorum
2442 2441 2503 2495 in
2523 2441 2614 2496 die
2633 2458 2746 2513 qua
2765 2459 2868 2512 ego
2887 2441 3048 2506 facio,
3065 2438 3202 2495 dicit
3215 2438 3489 2494 Dominus
3504 2439 3654 2493 Deus

2056 2549 2078 2581 κ
2104 2529 2468 2584 exercituum.
2523 2531 2864 2585 Mementote
2913 2530 3055 2601 legis
3084 2527 3264 2601 Moysi
3320 2527 3466 2582 servi
3522 2527 3650 2592 mei,

2054 2636 2081 2672 α
2113 2619 2210 2692 qui
2238 2619 2526 2673 mandavit
2544 2619 2625 2673 eis
2643 2620 2702 2674 in
2729 2618 2948 2674 Choreb
2977 2619 3046 2674 ad
3081 2633 3306 2672 omnem
3327 2615 3500 2671 Israel
3519 2633 3656 2687 pra:-

373 2703 526 2759 dicat
545 2705 736 2761 dicens
760 2725 807 2760 :u
823 2707 974 2762 Deus
986 2707 1280 2763 aemulator
1298 2714 1356 2762 et
1381 2708 1654 2764 ulciscens
1673 2707 1965 2772 Dominus,
2053 2727 2081 2759 ‹‹
2109 2713 2270 2780 cepta
2298 2713 2359 2762 et
2381 2707 2598 2779 judicia
2623 2709 2877 2775 (Malach.
2911 2725 2983 2773 1v,
3016 2707 3046 2762 1
3087 2710 3241 2776 seq).
3278 2725 3304 2759 »
3341 2705 3486 2760 Ηίηο
3510 2710 3571 2758 et
3595 2703 3654 2758 in

377 2811 406 2845 ((
437 2793 1294 2862 ulciscensDominus,ethabens
1309 2796 1850 2864 furorem,ulciscens
1863 2798 1968 2851 Do-
2051 2797 2364 2852 Proverbiis
2394 2797 2685 2868 Sapientia
2711 2797 2794 2852 ita
2821 2797 2986 2852 docet
3011 2796 3234 2851 dicens:
3272 2815 3296 2844 ι
3331 2793 3438 2848 Fili
3467 2793 3564 2859 mi,
3582 2809 3656 2848 ne

378 2898 408 2934 α
437 2881 626 2937 minus
649 2883 706 2937 in
727 2885 918 2940 hostes
933 2902 1084 2953 suos,
1113 2885 1428 2941 etirascens
1445 2886 1564 2958 ipse
1579 2885 1820 2941 inimicis
1849 2885 1967 2940 suis
2055 2904 2080 2939 «
2111 2885 2454 2941 obliviscaris
2481 2887 2620 2957 legis
2641 2903 2800 2952 mea,
2832 2891 2891 2940 et
2917 2890 3198 2958 praecepta
3218 2901 3348 2939 mea
3373 2882 3657 2939 custodiat

379 2988 404 3020 ι
439 2970 715 3038 Nahuml,
737 2972 810 3030 ‘2).
838 2991 859 3023 ι
881 2973 961 3028 De
975 2991 1086 3044 quo
1117 2981 1173 3028 et
1189 2974 1448 3029 Habacuc
1464 2975 1544 3029 ait
1570 2992 1628 3028 τα
1650 2976 1786 3029 Ecce
1817 2973 1967 3045 quod
2055 2997 2077 3026 ι
2111 2993 2207 3030 cor
2234 2981 2414 3034 tuum.
2449 2975 2884 3048 Longitudinem
2925 2975 3077 3030 enim
3116 2973 3339 3028 dierum
3376 2978 3436 3027 et
3474 2987 3656 3027 annos

378 3076 406 3111 ι
433 3058 755 3114 incredulus
784 3068 888 3129 est,
904 3079 1016 3116 non
1047 3063 1154 3116 erit
1166 3069 1318 3117 recta
1336 3063 1526 3117 anima
1541 3065 1663 3134 ejus
1678 3063 1732 3116 in
1764 3055 2024 3118 semet-C
2050 3085 2072 3116 ε
2103 3065 2244 3132 vitae,
2276 3071 2334 3120 et
2361 3082 2556 3137 pacem
2585 3070 2870 3136 apponent
2897 3063 3017 3118 tibi.
3051 3063 3437 3118 Misericordia
3465 3067 3527 3116 et
3555 3077 3650 3115 ve-

376 3164 406 3200 α
437 3147 576 3246 ipso.
596 3149 790 3204 Justus
804 3155 993 3205 autem
1009 3151 1067 3205 in
1089 3152 1625 3206 ﬁdelitatesuavivet
1653 3153 1873 3218 (Ilabac.
1899 3165 1961 3216 II,
2051 3173 2075 3205 «
2109 3155 2247 3246 ritas
2273 3171 2384 3209 non
2413 3155 2699 3221 deserant,
2736 3158 2796 3208 et
2838 3152 3125 3208 circumda
3153 3168 3248 3207 eas
3275 3151 3500 3222 gutturi
3527 3155 3647 3206 tuo.

377 3253 407 3290 α
437 3234 514 3307 4).
539 3237 833 3293 »Ειὶἀθω;
862 3241 994 3294 «Vae
1007 3240 1102 3310 qui
1118 3245 1422 3312 congregat
1447 3241 1964 3295 avaritiammalam
2051 3264 2072 3294 α
2107 3234 2170 3298 ρι’
2192 3243 2442 3298 describe
2471 3244 2531 3298 in
2555 3241 2762 3298 tabulis
2792 3242 2976 3297 cordis
2999 3242 3103 3304 tui,
3135 3246 3194 3296 et
3231 3239 3484 3295 invenies
3509 3255 3644 3309 gra-

377 3344 402 3377 α
433 3326 627 3382 domui
648 3334 866 3383 sutezut
884 3328 959 3382 sit
972 3330 1030 3383 in
1041 3330 1256 3384 excelso
1275 3329 1440 3386 nidus
1473 3331 1612 3400 ejus,
1643 3335 1701 3384 et
1737 3328 1964 3383 liberari
2048 3349 2076 3386 α
2107 3331 2246 3388 tiam
2275 3337 2334 3387 et
2360 3331 2712 3403 disciplinam
2737 3331 2944 3386 bonam
2962 3347 3151 3386 coram
3171 3330 3285 3384 Deo
3316 3333 3376 3384 et
3402 3327 3645 3383 homini-

375 3432 402 3468 «
435 3431 495 3470 se
519 3420 682 3488 putat
707 3417 776 3471 de
789 3433 960 3472 manu
978 3418 1112 3472 mali
1140 3421 1326 3487 (Ibid.,
1360 3435 1496 3473 vers.
1529 3420 1605 3488 9).
1625 3437 1652 3474 ι
1682 3420 1750 3474 Et
1776 3420 1912 3474 item
1947 3436 1959 3472 :

375 3522 398 3554 ι
431 3503 527 3560 Va:
551 3504 897 3577 quimdiﬁcat
923 3507 1204 3562 civitatem
1240 3508 1298 3562 in
1327 3508 1712 3580 sanguinibus,
1745 3517 1800 3564 et
1821 3527 1962 3582 prae-

373 3609 401 3644 α
432 3599 595 3665 parat
649 3593 926 3650 urbemin
972 3596 1291 3668 iniquitate.
1341 3598 1436 3652 Vae
1492 3597 1588 3669 qui
1634 3604 1828 3670 potum
1865 3600 1964 3654 dat

371 3699 400 3734 ‹‹
433 3683 612 3738 amico
641 3701 762 3751 suo,
795 3685 1026 3740 mittens
1055 3686 1128 3740 fel
1143 3703 1327 3754 suum,
1345 3692 1402 3742 et
1429 3687 1714 3743 inebrians
1741 3693 1805 3743 ut
1818 3689 1962 3761 aspi-

275 3841 282 3848 ἢ
374 3789 398 3820 ι
431 3771 544 3826 ciat
585 3773 898 3829 nuditatem
927 3776 1068 3846 ejus.
1103 3776 1369 3848 Repletus
1405 3781 1492 3830 est
1527 3777 1840 3847 ignominia
1861 3795 1962 3849 pro

373 3879 397 3910 ι
433 3859 633 3930 gloria.
664 3863 758 3917 Vae
775 3863 870 3934 qui
899 3864 1036 3918 dicit
1063 3863 1215 3934 ligno
1249 3883 1259 3919 :
1297 3865 1690 3942 Expergiscere
1725 3885 1737 3933 ;
1774 3883 1958 3938 surge,

369 3963 398 4001 α
439 3948 611 4020 lapidi
641 3951 874 4020 jacenti.
898 3953 1165 4022 Nunquid
1185 3953 1304 4024 ipse
1333 3953 1532 4008 docere
1560 3954 1802 4024 poterit?
1827 3955 1963 4011 Ecce

371 4055 400 4088 α
427 4036 548 4110 ipse
567 4045 863 4110 coopertus
887 4045 974 4095 est
998 4057 1136 4096 auro
1174 4046 1233 4095 et
1265 4047 1518 4112 argento,
1542 4048 1599 4096 et
1640 4044 1822 4098 omnis
1850 4044 1958 4115 spi-

370 4144 395 4178 α
429 4125 572 4181 ritus
601 4129 875 4183 nonestin
907 4128 1208 4184 visceribus
1228 4131 1368 4201 ejus.
1396 4131 1667 4186 Dominus
1682 4137 1870 4187 autem
1899 4133 1957 4187 in

371 4233 396 4265 ι
432 4215 642 4287 templo
664 4221 857 4271 sancto
881 4234 1004 4286 suo,
1038 4218 1202 4272 sileat
1226 4235 1261 4272 a
1286 4218 1425 4274 facie
1455 4221 1578 4290 ejus
1607 4221 1789 4275 omnis
1807 4227 1959 4276 terra

2051 3441 2073 3473 α
2106 3420 2210 3476 bus
2241 3422 2420 3490 (Prov.
2452 3438 2524 3488 Ill,
2560 3421 2584 3474 1
2619 3424 2773 3490 seq).
2814 3439 2838 3472 ι
2876 3419 3146 3475 Similiter
3188 3424 3246 3473 et
3283 3417 3648 3473 Ecclesiastes

2044 3510 2208 3564 docet
2233 3510 2424 3565 dicens
2453 3528 2464 3563 :
2508 3529 2534 3562 ι
2565 3511 2780 3565 Laetare
2805 3525 2939 3580 ergo
2962 3507 3183 3579 juvenis
3220 3507 3280 3560 in
3314 3507 3646 3560 adolescen-

2048 3599 2178 3654 «tia
2199 3605 2316 3666 tua,
2348 3605 2406 3653 et
2433 3598 2492 3654 in
2525 3599 2669 3653 bono
2697 3599 2773 3652 sit
2809 3615 2906 3653 cor
2931 3603 3093 3652 tuum
3119 3597 3178 3650 in
3205 3593 3406 3650 diebus
3439 3595 3646 3665 juven-

2047 3707 2072 3740 ε(
2099 3689 2238 3743 tutis
2264 3693 2395 3755 tuae,
2427 3694 2484 3742 et
2510 3687 2736 3742 ambula
2761 3685 2822 3741 in
2850 3686 2953 3741 viis
2981 3685 3166 3740 cordis
3193 3685 3299 3751 tui,
3347 3689 3407 3738 et
3441 3683 3518 3753 in]
3541 3683 3650 3736 vir-

2049 3797 2072 3828 ‹
2105 3783 2226 3833 tute
2260 3777 2550 3832 oculorum
2591 3782 2840 3842 tuorum,
2883 3779 2941 3830 et
2967 3774 3106 3829 scito
3147 3773 3299 3845 quod
3326 3788 3430 3844 pro
3458 3771 3644 3826 omni-

2049 3886 2071 3917 α
2113 3866 2220 3921 bus
2245 3867 2334 3920 his
2361 3865 2600 3920 adducet
2625 3869 2682 3918 te
2707 3865 2766 3918 in
2789 3863 3068 3934 judicium
3093 3863 3243 3917 Deus
3277 3857 3640 3933 (Eccle.n,9).

2047 3978 2073 4004 α
2102 3956 2276 4011 Aufer
2313 3956 2454 4009 iram
2497 3955 2704 4009 malam
2730 3953 2800 4007 de
2835 3952 3004 4006 corde
3025 3957 3142 4018 tuo,
3175 3957 3232 4006 et
3260 3965 3459 4005 amove
3487 3948 3646 4003 mali-

2048 4065 2070 4096 ι
2105 4045 2245 4106 tiam
2277 4061 2312 4098 a
2335 4059 2502 4098 carne
2540 4048 2639 4098 tua
2669 4061 2681 4096 :
2715 4040 3092 4096 adolescentia
3127 4039 3279 4094 enim
3301 4044 3360 4093 et
3388 4038 3646 4109 voluptas

2041 4151 2068 4186 α
2110 4150 2253 4188 vana
2270 4137 2421 4188 sunt.
2442 4133 2722 4186 Memento
2743 4130 3024 4186 Creatoris
3045 4129 3129 4184 tui
3149 4129 3209 4184 in
3229 4127 3427 4183 diebus
3446 4127 3646 4196 juven-

2043 4241 2066 4274 ι
2099 4223 2239 4278 tutis
2261 4228 2392 4287 tuae,
2423 4225 2727 4292 antequam
2753 4219 2945 4274 veniat
2967 4224 3193 4289 tempus
3217 4215 3562 4282 afflictionis,
3585 4220 3644 4269 et

367 4319 394 4354 ι
427 4303 750 4368 Ibz‘d.,'1:ers.
769 4303 980 4376 12-20).
1013 4325 1040 4359 θ
1067 4307 1212 4362 Hinc
1223 4312 1280 4362 et
1295 4307 1606 4380 Sophonias
1620 4309 1700 4364 ait
1722 4328 1733 4362 :
1759 4328 1786 4362 α
1802 4310 1958 4374 Quze-
1975 4321 2028 4383 ι)
2043 4331 2068 4364 a
2097 4311 2557 4384 appropinquent
2569 4309 2702 4363 anni
2728 4308 2950 4364 dierum
2967 4307 3038 4362 de
3067 4306 3270 4378 quibus
3291 4305 3446 4360 dicas
3473 4323 3485 4356 :
3517 4305 3642 4359 Non

369 4409 399 4444 α
430 4392 538 4447 rite
565 4393 868 4450 Dominum
913 4396 1094 4451 Deum
1124 4403 1393 4465 vestrum,
1427 4414 1622 4452 omnes
1677 4399 1956 4453 mansueti
2047 4422 2072 4451 ιι
2101 4401 2240 4454 mihi
2265 4400 2488 4470 placent
2513 4419 2523 4452 :
2561 4403 2864 4468 antequam
2892 4395 3286 4452 tenebrescant
3311 4394 3396 4448 sol
3419 4399 3477 4448 et
3505 4393 3640 4447 luna

370 4499 394 4534 ι
427 4485 609 4550 terrae,
655 4485 751 4555 qui
777 4485 1052 4556 judicium
1085 4487 1207 4556 ejus
1249 4487 1382 4541 estis
1413 4487 1630 4558 Operati
1665 4505 1676 4541 :
1726 4487 1957 4558 quaerite
2042 4511 2068 4539 α
2104 4495 2162 4544 et
2178 4489 2372 4554 stellae,
2402 4492 2459 4542 et
2481 4491 2836 4544 revertantur
2855 4485 3032 4541 nubes
3050 4483 3433 4556 postpluviam
3446 4482 3639 4553 (ane.

367 4586 396 4622 α
420 4571 907 4643 justum,quaerite
919 4581 1298 4642 mansuetum,
1329 4576 1376 4630 si
1405 4576 1626 4647 quando
1647 4575 1957 4632 absconda-

367 4677 391 4710 ε
424 4659 563 4714 mini
583 4661 640 4715 in
669 4661 759 4716 die
772 4663 974 4719 furoris
1000 4665 1226 4720 Domini
1245 4665 1430 4738 (Soph.
1462 4680 1522 4729 II,
1557 4665 1632 4735 3).
1666 4684 1692 4718 ιι
1725 4667 1871 4721 Nam
1903 4671 1960 4720 et

362 4749 601 4820 Aggaaus
622 4750 703 4804 ita
724 4751 807 4806 ait
833 4769 845 4804 :
872 4773 894 4803 ι
930 4753 1058 4808 Haec
1081 4754 1220 4808 dicit
1243 4754 1514 4810 Dominus
1553 4755 1704 4809 Deus
1748 4755 1959 4810 exerci-

363 4856 392 4890 α
422 4841 620 4894 tuum:
656 4841 853 4896 Punite
878 4842 1046 4896 corda
1094 4848 1278 4898 vestra
1333 4859 1504 4914 super
1547 4843 1667 4898 vias
1700 4849 1948 4898 vestras:

363 4943 392 4981 α
419 4929 702 4984 ascendite
729 4929 787 4984 in
816 4935 1083 4990 montem.
1109 4936 1329 5003 portate
1350 4932 1588 5002 lignum,
1613 4937 1668 4987 et
1685 4933 1956 4988 aediﬁcate

362 5034 390 5068 (ι
421 5015 670 5083 domum,
703 5025 761 5074 et
787 5019 1140 5093 acceptabilis
1173 5021 1312 5075 mihi
1340 5021 1466 5088 erit,
1496 5027 1553 5076 et
1579 5021 1950 5092 glorificabor,

363 5123 390 5157 ‹‹
420 5106 552 5163 dicit
592 5109 884 5164 Dominus.
930 5109 1266 5182 Respexistis
1306 5111 1374 5165 ad
1424 5111 1686 5182 amplius,
1728 5117 1786 5166 et
1829 5129 1954 5168 ecce

361 5212 389 5248 α
420 5195 626 5252 factum
665 5205 752 5254 est
783 5199 986 5267 minus,
1018 5204 1075 5253 et
1094 5199 1362 5254 intulistis
1389 5201 1446 5254 in
1485 5199 1736 5267 domum,
1760 5207 1816 5255 et
1843 5202 1954 5256 suf-

363 5302 392 5336 α
425 5284 553 5338 ﬂavi
581 5285 638 5340 in
665 5287 820 5342 illud.
849 5290 1029 5352 Quam
1073 5289 1142 5342 ob
1198 5305 1425 5344 causam
1491 5290 1628 5344 dicit
1682 5290 1951 5346 Dominus

361 5393 383 5423 α
418 5373 568 5428 Deus
601 5377 941 5432 exercituum
959 5380 982 5432 ?
997 5379 1141 5442 Quia
1160 5379 1360 5433 domus
1391 5395 1518 5434 mea
1539 5380 1760 5434 deserta
1788 5383 1956 5444 est,et

363 5480 390 5516 α
423 5462 729 5518 festinastis
744 5483 839 5519 vos
870 5469 1254 5538 unusquisque
1282 5469 1339 5522 in
1361 5470 1588 5524 domum
1610 5485 1766 5524 suam
1798 5471 1950 5539 (Agg.

364 5569 390 5602 «
425 5564 464 5617 1,
497 5547 530 5604 7
559 5556 710 5622 seq).
743 5570 768 5604 ι
801 5555 905 5607 Per
928 5555 1250 5612 Zachariam
1286 5574 1506 5628 quoque
1539 5558 1809 5614 Dominus
1829 5560 1910 5614 ait
1940 5580 1949 5613 :

2043 4599 2066 4630 π
2099 4597 2190 4645 xu,
2225 4578 2249 4632 '1
2283 4580 2434 4648 seq).
2467 4598 2490 4630 ι
2524 4577 2668 4632 Hinc
2696 4582 2755 4630 et
2781 4574 2926 4630 iiber
2964 4574 3060 4645 qui
3088 4573 3296 4628 dicitur
3323 4570 3630 4642 Sapientia,

2039 4667 2118 4722 sic
2131 4667 2389 4723 inchoat:
2416 4683 2442 4719 α
2464 4665 2689 4737 Diligite
2702 4663 2986 4735 justitiam
3005 4663 3101 4734 qui
3114 4661 3384 4732 judicatis
3406 4665 3617 4715 terram

2046 4775 2072 4807 α
2107 4757 2324 4812 Sentite
2354 4756 2424 4811 de
2452 4754 2689 4811 Domino
2718 4753 2780 4808 in
2807 4753 3076 4818 bonitate,
3109 4755 3169 4806 et
3195 4750 3254 4804 in
3280 4747 3638 4820 simplicitate

2039 4867 2066 4895 α
2089 4847 2271 4902 cordis
2297 4843 2529 4916 quaerite
2547 4843 2726 4910 illum,
2749 4841 3014 4914 quoniam
3041 4839 3326 4894 invenitur
3348 4837 3420 4892 ab
3442 4837 3514 4892 iis
3541 4835 3633 4908 qui

2041 4953 2068 4988 α
2093 4951 2208 4990 non
2235 4937 2460 4989 tentant
2471 4933 2648 4998 illum,
2664 4936 2900 5003 apparet
2911 4937 3102 4984 autem
3123 4929 3204 4984 eis
3225 4927 3321 4998 qui
3352 4927 3524 4981 fidem
3543 4925 3634 4981 ha-

2041 5041 2067 5076 α
2094 5023 2229 5079 bent
2241 5023 2300 5078 in
2314 5023 2492 5078 illum.
2513 5022 2794 5076 Perversae
2813 5018 2964 5074 enim
2980 5016 3353 5089 cogitationes
3374 5019 3634 5086 separant

2041 5132 2066 5168 α
2098 5130 2133 5168 a
2159 5113 2293 5178 Deo,
2331 5109 2567 5184 probata
2593 5115 2783 5166 autem
2813 5108 2987 5162 virtus
3007 5106 3238 5178 corripit
3263 5104 3592 5175 insipientes
3616 5115 3630 5153 :

2038 5221 2064 5256 α
2089 5201 2356 5273 quoniam
2386 5201 2444 5255 in
2477 5199 2805 5254 malevolam
2835 5197 3085 5252 animam
3115 5211 3228 5251 non
3255 5192 3520 5248 introibit
3545 5207 3633 5246 sa-

2038 5309 2063 5344 «
2086 5291 2315 5363 pientia,
2333 5307 2436 5345 nec
2453 5287 2790 5344 inhabitabit
2803 5287 2862 5341 in
2883 5301 3114 5358 corpore
3133 5283 3357 5340 subdito
3369 5279 3628 5354 peccatis.

2042 5399 2064 5430 ι
2099 5380 2336 5434 Sanctus
2367 5377 2516 5432 enim
2559 5377 2789 5448 spiritus
2830 5373 3136 5446 disciplinae
3163 5371 3396 5442 eﬂ‘ugiet
3423 5371 3626 5431 ﬁctum,

2041 5488 2066 5523 α
2100 5475 2156 5523 et
2182 5469 2367 5524 aufert
2392 5485 2450 5523 se
2471 5483 2505 5521 a
2533 5463 2962 5537 cogitationibus
2990 5479 3113 5534 quae
3135 5467 3268 5517 sunt
3281 5460 3402 5515 sine
3423 5457 3631 5514 intelle-

2045 5582 2064 5612 α
2094 5565 2207 5626 ctu,
2235 5563 2293 5613 et
2311 5557 2642 5628 corripietur
2667 5553 3092 5626 superveniente
3118 5551 3415 5624 iniquitate
3429 5547 3620 5615 (Sap.1,
