4018 6168
288 277 415 334 1537
1743 282 1887 338 ΕΡΙΕ

1972 281 2125 338 )LIE.
3424 283 3562 341 1538

283 421 312 457 α
343 403 374 458 1
403 405 560 471 seq.).
588 420 613 455 ›)
647 403 714 458 Et
742 403 953 459 iterum
986 423 997 458 :
1037 425 1058 458 ι
1080 405 1370 462 Custodite
1397 423 1530 477 ergo
1557 423 1652 462 vos
1668 423 1872 463 amur-
1893 411 1945 470 Α
1971 425 1996 459 α
2032 407 2166 478 quia
2185 407 2339 462 mitis
2356 425 2481 464 sum
2500 415 2558 464 et
2586 401 2817 465 humilis
2837 409 3032 477 corde;
3073 412 3131 464 et
3150 407 3449 464 invenietis
3475 425 3564 466 re-

285 512 307 544 ι
346 491 688 559 muratione,
721 509 845 564 quae
893 493 1034 548 nihil
1080 496 1330 566 prodest,
1357 501 1414 551 et
1457 514 1493 550 a
1539 497 1884 551 detractione
1969 513 1995 546 (ί
2027 495 2217 566 quiem
2247 496 2541 551 animabus
2555 487 2994 568 vestri’sJugum
3014 497 3165 553 enim
3187 513 3562 555 meumsuave

285 601 308 632 ι
343 579 558 652 parcite
576 580 780 652 linguae
815 601 826 636 :
858 583 1127 654 quoniam
1154 601 1491 657 responsum
1509 584 1806 653 obscurum
1825 585 1884 640 in
1969 601 1993 636 «
2027 589 2130 649 est,
2165 589 2223 639 et
2250 600 2390 638 onus
2447 601 2635 640 meum
2685 587 2804 640 leve
2853 593 2938 640 est
2962 587 3178 654 (Matth.
3219 601 3296 654 x1,
3322 587 3412 653 18,
3448 583 3556 657 30).

283 688 311 722 «ι
343 685 584 725 vacuum
614 687 728 725 non
748 669 888 740 ibit;
923 689 985 728 os
1014 679 1206 728 autem
1229 675 1378 745 quod
1401 675 1670 730 mentitur
1683 675 1885 730 occidit
1970 691 1992 724 ι
2030 673 2206 728 Filius
2223 673 2374 728 enim
2417 673 2660 728 hominis
2681 680 2950 730 venturus
2972 681 3058 730 est
3077 675 3136 730 in
3163 675 3346 746 gloria
3375 675 3562 732 Patris

282 777 310 814 ι
341 759 614 814 animam.
645 760 834 816 Nolite
861 761 1042 816 zelare
1073 771 1314 818 mortem
1345 765 1404 818 in
1433 781 1622 818 errore
1643 764 1767 818 vitae
1787 781 1882 818 ve-

285 866 312 903 ι
343 855 496 918 straa,
551 866 734 921 neque
791 851 1098 922 acquiratis
1130 853 1504 924 perditionem
1530 853 1588 907 in
1619 853 1882 924 operibus

286 956 313 992 α
345 954 618 994 manuum
639 945 974 1009 vestrarum,
1010 942 1278 1013 quoniam
1306 943 1458 998 Deus
1499 948 1740 998 mortem
1768 959 1882 998 non

285 1045 314 1082 ι
342 1027 492 1096 fecit,
515 1045 619 1084 nec
640 1029 958 1084 delectatur
982 1031 1042 1085 in
1064 1031 1380 1103 perditione
1404 1031 1674 1086 vivorum.
1711 1033 1881 1087 Crea-

287 1135 315 1169 «
347 1117 429 1172 vit
445 1117 597 1172 enim
623 1125 688 1174 ut
706 1125 896 1174 essent
919 1119 1128 1188 omnia,
1163 1127 1220 1176 et
1239 1120 1518 1176 sanabiles
1545 1121 1679 1176 facit
1698 1120 1882 1176 natio-

289 1223 314 1258 (ς
347 1221 450 1261 nes
477 1205 629 1262 orbis
675 1213 976 1275 terrarum,
1012 1215 1072 1264 et
1098 1226 1211 1264 non
1238 1215 1326 1264 est
1376 1210 1436 1264 in
1475 1209 1586 1264 illis
1615 1209 1882 1281 praedica-

287 1313 316 1348 ι
345 1301 604 1351 mentum
644 1298 982 1367 exterminii,
1028 1315 1132 1354 nec
1175 1298 1484 1354 inferorum
1541 1313 1778 1369 regnum
1827 1299 1885 1353 in

290 1403 319 1438 ι
346 1391 502 1440 terra
557 1384 711 1456 (Sap.
746 1401 784 1454 I,
834 1387 899 1442 11
962 1387 1114 1459 δερ.)
1151 1407 1177 1441 »
1229 1387 1503 1443 Similiter
1550 1393 1608 1442 et
1655 1388 1712 1442 in
1743 1386 1884 1442 libro

287 1474 420 1529 Jesu
438 1473 540 1530 filii
572 1475 790 1542 Sirach,
837 1476 1127 1548 Sapientia
1154 1477 1319 1532 docet
1345 1477 1480 1548 quid
1509 1477 1801 1532 vitandum
1831 1482 1888 1531 et

289 1563 425 1634 quid
465 1563 782 1619 faciendum
811 1565 924 1619 sit:
963 1585 985 1616 ι
1037 1565 1146 1630 Qui
1185 1565 1416 1632 timetis,
1449 1566 1650 1638 inquit,
1701 1565 1889 1620 Domi-

1969 780 1994 815 «
2027 763 2115 816 sui
2133 779 2261 817 cum
2283 763 2498 833 angelis
2529 763 2664 831 suis,
2698 769 2756 818 et
2773 769 2909 818 tunc
2928 764 3126 819 reddet
3145 764 3450 838 unicuique
3477 781 3558 822 se-

1968 869 1994 902 «
2027 852 2272 907 cundum
2303 869 2475 923 Opera
2498 853 2639 924 ejus.
2659 853 2740 908 De
2765 852 2856 908 die
2885 858 3077 915 autem
3097 853 3195 908 illa
3209 854 3293 910 vel
3311 855 3454 910 hora
3467 871 3562 911 ne-

1967 958 1993 992 «
2018 956 2110 994 mo
2140 941 2262 1007 scit,
2299 957 2480 1013 neque
2515 943 2699 1013 angeli
2727 942 2786 997 in
2815 943 2973 1009 coelo,
3015 959 3198 1015 neque
3226 943 3420 1012 Filius,
3452 943 3562 1000 nisi

1970 1047 1992 1078 ι
2021 1029 2206 1083 Pater.
2258 1031 2476 1096 Videte,
2528 1031 2773 1102 vigilate,
2810 1037 2868 1088 et
2923 1037 3100 1088 orate.
3139 1032 3378 1088 Nescitis
3407 1033 3562 1090 enim

1969 1137 1992 1168 ι
2023 1119 2483 1190 quandotempus
2495 1120 2588 1174 sit.
2625 1120 2782 1176 Sicut
2795 1121 2964 1177 homo
2987 1121 3083 1194 qui
3113 1137 3348 1193 peregre
3374 1121 3564 1194 profe-

1969 1224 1995 1259 «
2023 1213 2152 1262 ctus
2181 1207 2410 1278 reliquit
2467 1209 2697 1264 domum
2739 1227 2922 1278 suam,
2970 1216 3026 1265 et
3065 1210 3220 1265 dedit
3245 1210 3418 1266 servis
3445 1209 3563 1266 suis

1971 1317 1994 1347 ι
2030 1301 2368 1368 potestatem
2405 1299 2675 1368 cujusque
2704 1299 2908 1371 operis,
2945 1303 3001 1354 et
3023 1299 3255 1371 janitori
3298 1299 3566 1372 praecepit

1971 1406 1996 1436 ι(
2029 1392 2094 1440 ut
2123 1385 2399 1456 vigilaret.
2433 1387 2676 1456 Vigilate
2697 1405 2829 1458 ergo
2855 1406 2867 1440 :
2900 1388 3124 1443 nescitis
3145 1389 3370 1460 quando
3389 1389 3566 1444 domi-

1971 1493 1998 1526 c
2031 1490 2138 1528 nus
2156 1475 2359 1530 domus
2378 1473 2581 1542 veniet,
2627 1492 2750 1530 sero
2781 1493 2853 1530 an
2885 1476 3072 1530 media
3113 1483 3294 1545 nocte,
3330 1495 3404 1532 an
3429 1478 3566 1548 galli

1973 1581 1999 1614 (ί
2029 1568 2218 1626 cantu,
2252 1581 2326 1618 an
2358 1581 2543 1632 mane,
2580 1581 2650 1618 ne
2670 1581 2801 1620 cum
2823 1565 3040 1620 venerit
3056 1572 3288 1638 repente
3315 1567 3568 1624 inveniat

295 1670 320 1702 ε
351 1667 507 1716 num,
531 1653 740 1707 credite
763 1653 866 1720 illi,
897 1658 956 1708 et
1003 1654 1062 1708 in
1105 1653 1477 1720 oblectatione
1521 1655 1708 1710 veniet
1737 1653 1888 1709 vobis
1974 1669 2116 1708 «vos
2145 1653 2508 1708 dormientes.
2534 1654 2694 1719 Quod
2725 1660 2914 1709 autem
2941 1653 3094 1710 vobis
3124 1655 3270 1723 dico,
3305 1655 3566 1712 omnibus

294 1757 323 1794 α
352 1741 754 1796 misericordia.
773 1743 881 1806 Qui
897 1742 1110 1798 timetis
1125 1743 1450 1810 Dominum,
1467 1743 1685 1814 diligite
1705 1743 1882 1810 illum,
1905 1732 1952 1792 B
1973 1757 1999 1792 ci
2030 1741 2171 1807 dico,
2199 1741 2421 1811 vigilate
2456 1743 2671 1809 (Matth.
2705 1743 2871 1812 xxxv).
2909 1763 2934 1796 »
2959 1743 3104 1799 Hinc
3120 1749 3178 1799 et
3189 1743 3399 1800 Paulus
3437 1761 3568 1816 apo-

295 1848 322 1881 «
355 1835 412 1884 et
435 1830 906 1886 illuminabuntur
957 1833 1130 1887 corda
1175 1838 1378 1888 vestra.
1429 1832 1727 1904 Respicite,
1761 1832 1883 1900 ﬁlii,
1969 1831 2144 1885 stolus
2161 1831 2232 1885 ad
2250 1831 2533 1886 Romanos
2555 1831 2804 1886 scribens
2823 1833 2932 1887 ait:
2965 1854 2987 1882 σι
3007 1833 3571 1890 Revelaturenimira

297 1938 320 1970 ι
346 1919 603 1974 nationes
625 1920 940 1988 hominum,
965 1925 1024 1976 et
1040 1921 1237 1976 scitote
1267 1921 1400 1992 quia
1427 1922 1616 1977 nullus
1644 1920 1888 1994 speravit

297 2027 320 2060 ι
354 2008 416 2062 ἱη
441 2008 698 2077 Domino,
721 2014 778 2064 et
797 2009 1061 2065 confusus
1093 2016 1197 2064 est.
1231 2011 1369 2076 Quis
1398 2011 1548 2066 enim
1577 2009 1890 2082 permansit

295 2114 324 2150 α
355 2097 416 2152 in
435 2099 714 2154 mandatis
726 2099 849 2170 ejus
869 2104 927 2154 et
945 2099 1246 2155 derelictus
1268 2106 1371 2167 est,
1403 2105 1503 2154 aut
1530 2100 1656 2171 quis
1673 2099 1890 2154 invoca-

297 2204 324 2239 α
355 2187 436 2242 vit
460 2187 640 2254 illum,
663 2193 721 2243 et
742 2188 998 2260 despexit
1023 2190 1192 2244 eum?
1221 2190 1500 2254 Quoniam
1530 2189 1656 2260 pius
1693 2196 1750 2243 et
1779 2188 1886 2244 mi-

299 2295 324 2328 ι
358 2276 598 2341 sericors
623 2281 710 2332 est
729 2278 900 2344 Deus,
919 2283 976 2332 et
993 2279 1249 2334 remittet
1277 2279 1334 2332 in
1363 2283 1618 2350 tempore
1645 2277 1885 2333 tribula-

298 2384 322 2416 ι
351 2365 520 2420 tionis
572 2372 818 2438 peccata,
851 2373 908 2422 et
961 2373 1246 2439 protector
1273 2372 1361 2422 est
1405 2367 1666 2422 omnibus
1690 2367 1885 2438 exqui-

297 2471 323 2505 α
351 2453 605 2510 rentibus
630 2471 690 2510 se
715 2455 772 2509 in
801 2455 1056 2511 veritate.
1081 2457 1178 2510 Vae
1201 2455 1410 2528 duplici
1441 2456 1607 2510 corde
1641 2462 1699 2511 et
1725 2455 1886 2511 labiis

297 2563 324 2592 ιι
349 2543 655 2611 sceleratis,
690 2549 750 2598 et
775 2545 1036 2600 manibus
1064 2545 1211 2599 male
1237 2545 1591 2613 facientibus,
1615 2551 1672 2600 et
1699 2561 1888 2616 pecca-

300 2651 324 2685 ι
355 2633 465 2687 tori
487 2637 699 2688 terram
719 2633 1060 2704 ingredienti
1087 2633 1306 2689 duabus
1337 2633 1458 2690 viis.
1480 2634 1575 2688 Vae
1605 2634 1890 2690 dissolutis

299 2741 330 2774 ι
357 2721 542 2788 corde,
557 2722 780 2794 quinon
795 2723 1035 2778 credunt
1051 2724 1188 2790 Deo,
1211 2729 1270 2778 et
1297 2723 1424 2778 ideo
1449 2739 1564 2780 non
1583 2728 1889 2796 protegun-

302 2829 328 2861 (ε
359 2819 452 2865 tur
478 2810 549 2864 ab
579 2828 664 2866 eo.
699 2812 796 2866 Vae
833 2811 921 2866 his
941 2812 1038 2883 qui
1069 2812 1439 2884 perdiderunt
1467 2812 1886 2882 sustinentiam,

302 2920 326 2951 ι
361 2904 418 2954 et
441 2900 537 2969 qui
557 2900 985 2972 dereliquerunt
1033 2901 1151 2956 vias
1196 2907 1399 2969 rectas,
1435 2909 1492 2956 et
1540 2902 1892 2957 divertcrunt

303 3008 327 3040 ε
357 2988 415 3043 in
449 2990 562 3044 vias
579 3006 797 3061 pravas,
834 2996 892 3044 et
911 2990 1045 3061 quid
1075 2990 1290 3046 facietis
1319 3007 1446 3046 cum
1474 2991 1748 3062 inspicere
1775 3007 1888 3046 caa-

300 3097 324 3130 ε
357 3078 503 3150 perit
532 3079 806 3134 Dominus
824 3079 850 3132 ?
877 3079 984 3144 Qui
1015 3080 1220 3134 timent
1245 3080 1569 3146 Dominum,
1593 3097 1707 3135 non
1722 3052 1948 3135 eruntC

297 3185 326 3219 α
355 3167 707 3222 incredibiles
753 3167 920 3223 verbo
950 3169 1118 3234 illius,
1153 3176 1211 3224 et
1259 3169 1356 3240 qui
1409 3169 1652 3240 diligunt
1702 3169 1883 3237 illum,

299 3273 327 3308 ι
355 3255 766 3312 conservabunt
791 3255 939 3311 viam
990 3257 1160 3311 illius.
1193 3258 1301 3322 Qui
1348 3258 1554 3312 timent
1581 3257 1888 3312 Dominum

295 3363 326 3394 ι
357 3343 642 3416 inquirent
677 3362 800 3416 quae
832 3345 1181 3417 beneplacita
1201 3345 1515 3413 suntilli,et
1529 3347 1625 3418 qui
1646 3346 1890 3417 diligunt

298 3453 321 3484 ι
351 3432 510 3488 illum
521 3433 889 3504 replebuntur
907 3435 1029 3505 lege
1045 3434 1356 3506 ipsius.Qui
1367 3435 1572 3489 timent
1582 3435 1888 3490 Dominum

295 3541 320 3572 ι
357 3521 753 3594 pmparabunt
781 3523 950 3578 corda
967 3540 1089 3591 sua,
1105 3529 1162 3578 et
1193 3524 1251 3578 in
1267 3528 1567 3596 conspectu
1595 3523 1744 3579 illius
1765 3540 1889 3578 san-

296 3629 319 3662 ι
343 3610 668 3666 ctiﬂcabunt
683 3612 902 3667 animas
930 3629 1080 3668 suas.
1103 3613 1211 3678 Qui
1240 3613 1447 3668 timent
1473 3612 1775 3668 Dominum
1795 3629 1888 3666 cu-

291 3717 323 3753 ι
353 3701 606 3756 stodiunt
618 3701 886 3757 mandata
897 3701 1130 3770 illius,et
1143 3702 1476 3772 patientiam
1487 3701 1698 3757 habent
1710 3717 1888 3773 usque

290 3804 327 3842 ι
353 3789 424 3843 ad
467 3789 873 3861 inspectionem
926 3790 1078 3846 illius
1111 3792 1298 3858 (Eccli.
1337 3805 1400 3859 II,
1429 3788 1465 3848 8
1511 3792 1659 3860 πᾳ).
1693 3811 1719 3843 ››
1756 3791 1886 3845 Haec

286 3893 423 3948 ergo
441 3879 635 3934 omnia
651 3880 909 3951 regulam
937 3895 1088 3934 sanae
1107 3879 1240 3935 ﬁdei
1261 3879 1482 3946 docent,
1517 3885 1616 3934 aut
1635 3883 1886 3952 peccato-

285 3965 446 4022 ribus
456 3983 558 4038 pro
571 3969 735 4023 malis
751 3968 1016 4040 operibus
1031 3985 1226 4042 poenas
1247 3969 1574 4040 praedicunt,
1601 3973 1700 4024 aut
1715 3969 1886 4039 justis

287 4072 392 4127 pro
409 4055 713 4111 benefactis
742 4058 974 4128 praemia
1010 4058 1306 4129 spondent.
1340 4058 1410 4112 Et
1428 4057 1706 4128 quomodo
1737 4057 1886 4128 quis-

287 4161 398 4216 que
410 4148 702 4218 praesumit
742 4147 948 4213 dicere,
982 4163 1094 4202 non
1109 4148 1294 4219 justos
1333 4145 1480 4202 bona
1498 4147 1702 4200 merita
1729 4146 1886 4216 adju-

285 4249 440 4304 vare,
455 4251 636 4306 neque
667 4235 888 4307 iniquos
901 4239 1130 4308 peccata
1146 4237 1367 4303 laedere,
1397 4236 1496 4291 sed
1515 4251 1886 4306 unumquem-

289 4339 400 4395 que
447 4324 958 4394 praedestinationis
995 4326 1327 4382 necessitate
1374 4331 1474 4380 aut
1501 4323 1757 4380 coronari
1786 4329 1887 4378 aut

287 4413 522 4486 puniri?
548 4414 858 4470 Videamus
877 4431 1012 4485 ergo
1050 4415 1184 4486 quid
1214 4416 1284 4469 de
1317 4416 1424 4470 hoc
1449 4416 1668 4470 Novum
1696 4415 1886 4468 Testa-

285 4507 543 4558 mentum
571 4503 733 4559 nobis
761 4505 1026 4560 insinuet.
1059 4505 1210 4560 Dicit
1236 4505 1386 4560 enim
1422 4504 1546 4576 ipsa
1574 4503 1796 4558 Veritas
1827 4503 1886 4557 in

1973 1937 1998 1972 α
2031 1919 2130 1974 Dei
2147 1919 2216 1974 de
2234 1920 2371 1974 caelo
2383 1937 2554 1992 super
2563 1937 2788 1976 omnem
2801 1920 3149 1992 impietatem
3165 1927 3222 1977 et
3232 1923 3310 1994 inj
3319 1921 3570 1978 ustitiam

1973 2026 1999 2058 «
2027 2007 2316 2064 hominum
2347 2026 2562 2077 eorum,
2595 2011 2690 2082 qui
2729 2011 3026 2066 veritatem
3057 2012 3158 2066 Dei
3199 2011 3261 2066 in
3289 2011 3572 2084 injustitia

1975 2115 2000 2150 ((
2027 2096 2301 2153 detinent.
2321 2099 2422 2153 His
2437 2105 2628 2154 autem
2644 2099 2738 2170 qui
2759 2105 2893 2154 sunt
2913 2117 2979 2154 ex
3001 2101 3378 2169 contentione,
3397 2106 3454 2156 et
3471 2100 3570 2173 qui

1973 2206 1995 2238 ε
2025 2202 2139 2240 non
2155 2187 2520 2258 acquiescunt
2538 2187 2780 2255 veritati,
2799 2189 3038 2244 credunt
3057 2189 3566 2262 auteminiquitati,

1973 2295 1995 2326 ι
2029 2274 2115 2329 ira
2131 2280 2189 2329 et
2207 2275 2541 2346 indignatio,
2575 2276 2870 2332 tribulatio
2893 2283 2950 2332 et
2971 2279 3237 2350 angustia
3255 2278 3314 2334 in
3343 2295 3568 2335 omnem

1972 2384 1995 2417 ι
2029 2365 2279 2419 animam
2299 2365 2542 2420 hominis
2555 2367 2840 2438 operantis
2859 2367 3090 2434 malum,
3113 2367 3293 2423 Judaei
3321 2367 3568 2440 primum

1973 2474 2002 2507 α
2033 2461 2091 2509 et
2110 2454 2289 2509 Graeci
2324 2473 2336 2508 :
2373 2453 2557 2526 gloria
2587 2461 2777 2510 autem
2805 2462 2863 2510 et
2889 2456 3064 2512 virtus
3086 2461 3144 2511 et
3164 2457 3361 2524 honor,
3377 2461 3435 2512 et
3460 2473 3568 2530 pax

1975 2565 1997 2596 ι
2033 2543 2184 2598 omni
2208 2543 2465 2614 operanti
2495 2543 2724 2611 bonum,
2758 2545 2950 2600 Judan
2989 2545 3236 2617 primum
3266 2550 3324 2600 et
3351 2546 3566 2603 Graeco.

1978 2653 2000 2684 ι
2029 2634 2155 2688 Non
2186 2637 2272 2688 est
2302 2633 2452 2688 enim
2480 2649 2850 2706 personarum
2891 2633 3138 2706 acceptio
3186 2634 3337 2706 apud
3363 2635 3568 2695 Deum.

1981 2741 2002 2772 ι
2035 2721 2368 2794 Quicunque
2400 2723 2552 2777 enim
2581 2722 2702 2778 sine
2731 2721 2854 2793 lege
2874 2727 3263 2794 peccaverunt,
3295 2723 3417 2779 sine
3445 2723 3570 2796 lege

1975 2829 2002 2862 (ι
2032 2810 2298 2881 peribunt
2331 2831 2342 2865 :
2377 2815 2435 2866 et
2455 2809 2773 2882 quicunque
2803 2811 2863 2866 in
2889 2811 3013 2882 lege
3043 2818 3432 2883 peccaverunt,
3463 2829 3566 2885 per

1975 2918 2000 2954 α
2033 2899 2211 2970 legem
2219 2901 2773 2972 judicabuntur.Non
2803 2901 2954 2955 enim
2975 2900 3263 2956 auditores
3279 2901 3567 2974 legisjusti

1977 3011 1997 3038 σι
2033 2996 2166 3044 sunt
2191 2989 2340 3061 apud
2351 2990 2550 3057 Deum,
2566 2990 2663 3044 sed
2685 2989 2922 3044 factores
2945 2990 3085 3061 legis
3106 2988 3569 3061 justificabuntur

1973 3097 2000 3131 α
2035 3079 2206 3148 (Rom.
2253 3094 2291 3138 ι.
2332 3077 2402 3134 18
2451 3082 2605 3148 seq.).
2658 3079 2782 3134 Non
2811 3096 2945 3150 ergo
2966 3085 3165 3150 regnet
3191 3083 3482 3152 peccatum
3506 3079 3566 3136 in

1971 3185 1996 3220 α
2028 3173 2213 3222 vestro
2251 3164 2474 3222 mertali
2506 3184 2738 3240 corpore
2768 3169 2838 3222 ad
2869 3167 3246 3224 obediendum
3273 3169 3567 3225 desideriis

1972 3274 1998 3309 α
2027 3257 2150 3328 ejus
2174 3275 2184 3310 :
2221 3257 2318 3312 sed
2348 3273 2532 3329 neque
2563 3257 2870 3313 exhibeatis
2900 3257 3156 3313 membra
3199 3262 3385 3313 vestra
3407 3272 3568 3314 arma

1973 3364 1998 3396 «
2033 3345 2348 3418 iniquitatis
2365 3352 2611 3417 peccato,
2641 3347 2740 3402 sed
2769 3346 3024 3402 exhibete
3053 3363 3149 3402 vos
3167 3347 3566 3422 Deotanquam

1974 3453 1998 3486 ε
2033 3451 2100 3489 ex
2131 3435 2369 3488 mortuis
2381 3436 2647 3500 viventes,
2671 3441 2728 3489 et
2746 3435 2998 3489 membra
3020 3441 3205 3490 vestra
3228 3452 3387 3490 arma
3400 3435 3566 3507 justi-

1976 3541 1998 3572 σ
2032 3523 2126 3578 tiae
2142 3523 2581 3578 Dco.Peccatum
2596 3523 2746 3577 enim
2772 3523 2830 3578 in
2849 3523 3003 3578 vobis
3023 3541 3137 3580 non
3159 3524 3564 3584 dominabitur.

1975 3637 1996 3660 ιι
2023 3611 2149 3666 lion
2162 3611 2312 3666 enim
2340 3611 2444 3666 sub
2466 3613 2588 3682 lege
2625 3611 2776 3678 estis,
2807 3613 2904 3667 sed
2937 3612 3041 3667 sub
3069 3611 3255 3683 gratia
3276 3613 3452 3684 (Rom.
3485 3627 3562 3682 v1,

1973 3717 2002 3754 ι
2028 3699 2100 3756 12
2127 3700 2283 3770 δαίμ).
2305 3720 2325 3750 ι
2365 3701 2508 3754 Hinc
2539 3707 2596 3755 et
2620 3700 2858 3755 Jacobus
2881 3701 2963 3756 ait
2995 3721 3011 3756 :
3040 3723 3062 3754 ι
3100 3702 3295 3758 Estote
3323 3702 3564 3759 factores

1971 3806 1999 3842 α
2033 3789 2186 3844 verbi
2205 3795 2264 3844 et
2281 3805 2394 3844 non
2408 3789 2694 3844 auditores
2709 3793 2955 3858 tantum,
2975 3790 3230 3846 fallentes
3247 3807 3345 3846 vos
3363 3791 3565 3864 metip-

1972 3895 1998 3930 α
2030 3894 2120 3932 sos
2153 3880 2283 3946 (Jac.
2320 3891 2360 3941 ι,
2411 3875 2526 3947 22).
2564 3897 2587 3928 ι
2641 3878 2710 3932 Et
2744 3877 2912 3932 item:
2949 3898 2972 3931 ι
3003 3878 3150 3942 Quid
3177 3878 3424 3951 prodest,
3455 3879 3566 3935 fra-

1971 3985 1997 4020 α
2031 3972 2146 4020 tres
2161 3966 2355 4033 mei,si
2382 3966 2553 4020 ﬁdem
2585 3967 2710 4037 quis
2730 3967 2882 4022 dicat
2904 3983 2964 4022 se
2993 3967 3222 4035 habere,
3267 3984 3441 4040 opera
3467 3985 3564 4024 au-

1973 4073 1998 4107 α
2030 4060 2145 4108 tem
2178 4071 2291 4109 non
2337 4055 2578 4111 habeat?
2622 4055 2890 4127 Nunquid
2943 4056 3150 4128 poterit
3177 4056 3318 4112 ﬁdes
3346 4058 3564 4113 salvare

1973 4165 1994 4196 ι
2031 4160 2158 4199 eum
2189 4143 2372 4217 ?(Jac.
2417 4159 2478 4212 ιι,
2524 4146 2636 4213 44)
2676 4165 2701 4198 ››
2763 4147 2832 4199 Et
2869 4163 3065 4201 rursus
3099 4165 3110 4200 :
3145 4145 3365 4202 Subditi
3391 4145 3567 4219 igitur

1969 4251 1996 4286 «
2032 4237 2210 4287 estote
2240 4233 2376 4300 Deo,
2432 4235 2675 4288 resistite
2727 4240 2916 4288 autem
2974 4234 3214 4302 diabolo,
3241 4242 3300 4291 et
3321 4235 3502 4306 fugiet
3529 4251 3567 4292 a

1972 4341 1996 4374 «
2029 4322 2204 4376 vobis.
2232 4323 2690 4394 Appropinquate
2719 4323 2978 4390 Domino,
3006 4328 3063 4378 et
3093 4323 3566 4397 appropinquabit

1976 4431 1999 4463 ι
2035 4410 2210 4468 vobis.
2247 4412 2562 4466 Emundate
2611 4429 2830 4476 manus,
2865 4417 3207 4483 peccatores,
3257 4418 3314 4468 et
3369 4412 3564 4485 puriﬁ-

1973 4521 1995 4548 ι
2029 4505 2153 4554 cate
2181 4499 2373 4566 corda,
2405 4499 2654 4570 duplices
2685 4499 2896 4554 animo.
2944 4500 3134 4554 Miseri
3166 4506 3364 4569 estote,
3397 4506 3455 4558 et
3481 4502 3566 4559 lu-

287 4591 588 4662 Evangelio
609 4609 622 4647 :
641 4613 663 4645 (
681 4595 896 4648 Intrate
912 4610 1015 4665 per
1025 4599 1325 4664 angustam
1346 4599 1587 4665 portam,
1614 4592 1747 4664 quia
1770 4593 1887 4646 lata
1970 4605 1997 4641 α
2018 4593 2166 4659 gete,
2200 4595 2257 4642 et
2275 4589 2491 4659 plorato
2517 4607 2530 4656 ;
2561 4588 2708 4643 risus
2733 4593 2920 4644 vester
2946 4589 3005 4642 in
3029 4589 3244 4644 luctum
3271 4596 3564 4647 converta-

289 4699 314 4731 ι
344 4686 511 4752 porta
529 4686 588 4736 et
599 4683 847 4753 spatiosa
864 4683 952 4736 via
969 4687 1055 4738 est
1073 4700 1194 4754 quae
1218 4683 1374 4738 ducit
1395 4683 1466 4736 ad
1486 4681 1880 4754 perditionem,
1971 4695 1998 4730 α
2029 4683 2142 4743 tur,
2175 4683 2232 4732 et
2250 4677 2520 4747 gaudium
2543 4677 2599 4731 in
2619 4693 2937 4732 maerorem.
2961 4677 3351 4736 Humiliamini
3366 4681 3427 4736 in
3437 4697 3566 4738 con-

289 4788 315 4822 α
349 4777 410 4825 et
434 4770 598 4826 multi
640 4778 774 4826 sunt
789 4773 884 4843 qui
905 4773 1120 4832 intrant
1141 4789 1242 4845 per
1261 4789 1414 4828 eam:
1451 4787 1621 4842 quam
1649 4777 1890 4841 angusta
1974 4785 2002 4818 α
2031 4771 2226 4837 spectu
2254 4766 2497 4832 Domini,
2543 4772 2601 4820 et
2626 4766 2895 4822 exaltabit
2922 4785 3018 4823 vos
3067 4767 3130 4846 in
3175 4773 3430 4842 tempore
3455 4771 3563 4850 tri-

289 4879 313 4911 s
349 4865 535 4930 porta,
568 4865 625 4914 et
653 4866 808 4915 arcta
838 4861 928 4915 via
953 4877 1076 4934 quae
1124 4861 1279 4916 ducit
1307 4862 1377 4915 ad
1405 4862 1596 4927 vitam,
1633 4865 1689 4914 et
1726 4859 1888 4931 pauci
1973 4875 1996 4908 α
2033 4854 2337 4910 bulationis
2374 4858 2506 4922 (ιΙαοο
2553 4870 2615 4922 ῙῙτ
2663 4853 2832 4926 7·¹Ο)σ
2868 4875 2894 4909 ³)
2950 4856 3207 4922 Qualiter
3230 4865 3422 4914 autem
3448 4857 3564 4914 Vir-

287 4966 316 5003 ε
351 4947 650 5004 inveniunt
679 4966 804 5004 eam
857 4952 1074 5016 (Matth.
1131 4964 1229 5016 vn,
1259 4949 1350 5020 13,
1411 4949 1518 5014 14)·
1553 4949 1888 5005 Contendite
1967 4950 2060 4999 tus
2081 4945 2212 5000 ﬁdei
2235 4945 2410 5000 salvet
2429 4945 2736 5012 hominem,
2770 4952 2828 5001 et
2847 4947 2996 5018 quod
3025 4947 3190 5002 ruina
3217 4952 3414 5002 nostra
3449 4963 3565 5004 non

289 5058 314 5090 ι
350 5054 456 5110 per
475 5044 785 5110 angustam
813 5046 1036 5110 portam
1059 5039 1270 5094 intrare
1289 5042 1433 5108 (Luc.
1465 5054 1587 5106 xm,
1619 5038 1728 5109 20).
1762 5040 1888 5094 Non
1969 5035 2042 5089 sit
2069 5035 2186 5088 Deo
2215 5034 2554 5106 deputanda,
2587 5051 2622 5088 a
2651 5051 2760 5105 quo
2790 5041 2877 5088 est
2913 5053 3078 5090 omne
3106 5034 3335 5105 bonum,
3367 5036 3564 5108 praedi-

285 5146 315 5183 s
351 5128 536 5182 omnis
551 5127 646 5200 qui
667 5129 803 5183 dicit
822 5128 980 5194 mihi,
1005 5128 1261 5194 Domine,
1277 5129 1530 5196 Domine,
1565 5127 1802 5183 intrabit
1828 5129 1886 5182 in
1968 5127 2090 5178 ctus
2121 5125 2408 5196 apostolus
2436 5123 2494 5176 in
2525 5123 2722 5177 eadem
2751 5124 2999 5195 Epistola
3029 5125 3293 5193 ostendit,
3319 5125 3513 5183 dicens
3544 5144 3556 5181 :

286 5237 310 5268 ι
346 5231 591 5287 regnum
608 5219 878 5272 caelorum
906 5235 919 5272 ι
955 5216 1054 5272 sed
1085 5217 1182 5286 qui
1198 5216 1330 5272 facit
1343 5218 1690 5272 voluntatem
1701 5217 1886 5272 Patris
1971 5229 1999 5265 α
2029 5213 2090 5268 Si
2118 5212 2244 5284 quis
2263 5217 2453 5267 autem
2480 5216 2730 5266 vestrum
2758 5213 2976 5284 indiget
2995 5214 3291 5286 sapientia,
3307 5200 3560 5288 [postulet

284 5325 310 5358 ι
345 5305 463 5360 mei
491 5306 588 5376 qui
606 5305 665 5361 in
700 5307 852 5362 ccelis
881 5312 984 5374 est,
1010 5305 1132 5378 ipse
1161 5305 1395 5360 intrabit
1421 5305 1480 5360 in
1517 5321 1754 5376 regnum
1773 5323 1884 5360 cce-
1972 5322 1997 5356 «
2029 5319 2064 5357 a
2092 5303 2228 5370 Deo,
2264 5301 2356 5372 qui
2389 5301 2486 5355 dat
2510 5301 2770 5356 omnibus
2803 5301 3119 5372 afﬂuenter,
3145 5309 3202 5359 et
3230 5304 3554 5378 nonimpro-

242 5390 264 5402 ’
283 5414 315 5448 ι
347 5394 536 5450 lorum
567 5396 782 5462 (Matth.
833 5410 930 5462 vn,
983 5394 1096 5466 21).
1126 5393 1325 5450 Venite
1353 5395 1424 5450 ad
1453 5411 1545 5448 me
1565 5410 1760 5448 omnes
1791 5395 1886 5466 qui
1975 5411 2000 5445 «
2033 5397 2214 5464 perat,
2239 5397 2296 5447 et
2324 5389 2552 5445 dabitur
2573 5391 2644 5448 ei.
2696 5391 2952 5446 Postulet
2979 5397 3172 5449 autem
3199 5393 3260 5449 in
3286 5393 3398 5449 fide
3421 5395 3518 5450 nil.
3550 5398 3558 5449 I

281 5501 312 5536 ι
341 5481 618 5540 laboratis
676 5490 735 5540 et
765 5485 987 5541 onerati
1015 5485 1170 5552 estis,
1228 5489 1285 5539 et
1331 5501 1434 5555 ego
1495 5483 1745 5538 reﬁciam
1766 5500 1882 5540 vos.
1975 5502 2000 5535 ‹‹
2035 5481 2318 5538 haesitans.
2354 5480 2461 5546 Qui
2513 5485 2701 5535 autem
2752 5480 2974 5536 hmsitat
3025 5481 3224 5539 similis
3251 5488 3340 5540 est
3365 5484 3499 5541 ﬂucl
3549 5488 3561 5539 ἱ

280 5592 310 5624 (ι
346 5572 553 5629 Tollite
581 5575 785 5646 jugum
819 5591 1008 5632 meum
1055 5591 1226 5648 super
1260 5591 1374 5644 vos,
1413 5579 1470 5628 et
1498 5572 1692 5628 discite
1739 5591 1772 5628 a
1799 5590 1888 5628 me
1978 5594 1999 5625 α
2033 5573 2203 5634 maris
2225 5571 2377 5644 quia
2419 5576 2580 5626 vento
2611 5576 2868 5628 movetur
2907 5576 2964 5627 et
2992 5571 3402 5634 circumfertur.
3433 5575 3482 5633 Ν
3528 5595 3556 5630 ,ι
