4018 6168
506 287 642 342 1539
1098 285 1156 338 Β.
1199 281 1469 337 RABANI
1509 273 1738 334 MAURI
1777 279 2112 334 ARCIIIEP.
2153 279 2477 337 MOGUNT.
2521 281 2816 336 OPERUM
2857 281 3038 338 PARS
3075 283 3174 338 III.
3639 274 3776 332 1540

505 433 531 466 α
563 429 697 484 ergo
719 411 960 467 aestimet
974 410 1141 464 homo
1157 408 1250 462 ille
1264 406 1412 478 quod
1435 405 1670 476 accipiat
1689 405 1901 475 aliquid
1923 422 1956 458 a
1985 405 2159 465 DeoA
2182 406 2299 460 lum
2331 423 2440 460 non
2473 405 2866 472 confundetur,
2893 407 3038 462 sicut
3061 407 3182 478 ipse
3209 405 3323 460 ait:
3353 421 3376 456 α
3410 405 3528 473 Ego
3547 418 3674 456 sum
3693 417 3778 454 re-

507 523 530 554 ι
571 505 702 572 (Jac.
727 519 762 568 ι,
781 499 832 567 5,
847 500 901 566 6,
933 500 1205 568 7).Nemo
1226 513 1354 552 cum
1374 502 1627 550 tentatur
1657 494 1808 548 dicat
1836 493 2102 565 quoniam
2187 514 2211 546 (ι
2245 495 2517 550 surrectio
2547 501 2604 550 et
2631 495 2777 550 vita:
2813 496 2908 568 qui
2931 495 3110 550 credit
3135 495 3194 549 in
3229 511 3320 548 me
3355 509 3470 548 non
3507 490 3779 545 morietur

505 611 530 644 ι
564 591 730 645 aDeo
749 588 1186 644 tentatur.Deus
1198 586 1346 640 enim
1364 585 1673 639 intentatur
1688 583 1963 637 malorum
1987 588 2096 636 est:
2188 603 2214 636 α
2241 584 2300 638 in
2330 590 2602 639 aeternum
2635 587 2814 655 (Joan.
2847 599 2928 650 x1,
2975 583 3090 652 25),
3117 603 3143 637 θ
3176 583 3456 655 quomodo
3484 581 3580 635 isti
3621 579 3776 634 vani-

509 700 532 732 ι
566 680 686 751 ipse
723 683 912 734 autem
969 677 1251 732 neminem
1304 679 1505 729 tentat.
1539 673 1938 743 Unusquisque
1973 687 2104 726 vero
2185 673 2338 745 loqui
2357 674 2618 744 garriunt
2635 674 2784 745 quod
2807 674 2947 728 nihil
2967 673 3144 745 prosit
3163 673 3456 727 hominum
3479 667 3778 724 rectaﬁdes

507 788 532 822 «
557 773 855 824 tentatura
867 763 1317 838 concupiscentia
1329 781 1430 818 sua
1445 763 1762 817 abstractus
1774 768 1832 815 et
1846 761 2064 816 illectus
2087 779 2098 813 :
2186 768 2244 817 et
2266 762 2416 817 bona
2431 763 2700 835 operatio,
2733 763 3001 834 quoniam
3027 763 3076 816 si
3097 778 3210 816 non
3238 762 3314 816 sit
3349 758 3777 832 praedestinatus

507 878 532 910 (ί
565 857 766 913 deinde
793 855 1250 927 concupiscentia
1279 870 1406 908 cum
1435 851 1770 924 conceperit,
1794 850 1942 922 parit
1972 866 2102 922 pec-
2185 852 2332 924 quis,
2356 869 2468 907 non
2495 851 2680 907 veniet
2697 851 2770 907 ad
2799 851 2994 918 vitam,
3023 867 3151 906 cum
3193 847 3615 921 praedestinatio
3641 845 3776 900 nihil

511 970 534 1002 ι
567 952 757 1002 catum
787 963 798 999 :
833 949 1119 1017 peccatum
1141 960 1270 997 vero
1300 959 1428 996 cum
1457 944 1906 995 consummatum
1935 938 2104 993 fuerit
2185 941 2338 998 aliud
2367 941 2442 996 sit
2467 941 2576 996 nisi
2596 941 2720 996 vitae
2748 941 2998 1008 donatio,
3030 957 3145 995 non
3179 938 3511 1011 perditionis
3545 937 3779 991 damna-

511 1056 536 1088 «
567 1042 803 1107 generat
833 1040 1094 1088 mortem.
1110 1033 1298 1087 Nolite
1320 1031 1511 1102 itaque
1535 1047 1744 1094 errare,
1759 1029 1961 1083 fratres
1991 1027 2100 1082 mei
2184 1029 2302 1084 tio?
2320 1029 2479 1084 Unde
2507 1029 2801 1085 manifeste
2823 1030 3114 1101 Scriptura
3133 1028 3272 1084 dicit
3293 1047 3304 1082 :
3325 1045 3352 1080 ι
3370 1027 3524 1082 Deus
3544 1030 3780 1080 mortem

509 1144 536 1179 α
568 1123 938 1179 dilectissimi.
971 1123 1151 1178 Omne
1179 1122 1375 1176 datum
1402 1120 1697 1192 Optimum,
1731 1124 1788 1173 et
1805 1134 1970 1172 omne
2001 1117 2103 1171 do-
2191 1139 2212 1169 ι
2239 1135 2352 1174 non
2379 1118 2528 1186 fecit,
2549 1135 2651 1174 nec
2669 1118 2968 1174 lmtaturin
2997 1117 3312 1189 perditione
3329 1114 3783 1170 vivorum.me

513 1235 535 1264 ι
568 1230 703 1268 num
729 1212 1036 1285 perfectum
1065 1211 1364 1265 desursum
1392 1215 1478 1262 est
1505 1207 1849 1262 descendens
1878 1223 1912 1260 a
1936 1207 2104 1261 Patre
2189 1227 2215 1260 «
2241 1207 2322 1262 vit
2344 1207 2496 1262 enim
2520 1213 2585 1262 ut
2612 1213 2802 1262 essent
2828 1208 3036 1275 omnia,
3063 1213 3120 1262 et
3139 1204 3418 1262 sanabiles
3443 1204 3580 1258 fecit
3607 1203 3784 1257 natio-

510 1323 536 1357 α
571 1303 868 1368 luminum,
899 1301 1052 1372 apud
1088 1317 1254 1372 quem
1285 1315 1397 1353 non
1426 1305 1513 1352 est
1556 1297 1970 1361 transmutatio,
2001 1311 2104 1350 nec
2191 1317 2214 1348 ι
2251 1313 2350 1352 nes
2379 1295 2530 1351 orbis
2558 1303 2842 1352 terrarum
2862 1297 3015 1366 (Sap.
3049 1311 3089 1361 Ι,
3125 1293 3232 1364 13).
3260 1314 3284 1348 υ
3319 1295 3390 1349 Et
3412 1309 3514 1366 per
3540 1292 3782 1365 prophe-

512 1413 535 1445 ι
572 1391 968 1446 vicissitudinis
999 1388 1353 1444 obumbratio
1375 1388 1535 1454 (Ibid.
1568 1402 1704 1440 vers.
1727 1383 1935 1454 13-17).
1972 1405 1996 1437 »
2023 1385 2104 1439 De
2185 1391 2304 1440 tam
2332 1385 2452 1457 ipse
2481 1386 2754 1440 Dominus
2783 1385 2862 1440 ait
2889 1405 2900 1439 :
2934 1404 2958 1438 α
2991 1385 3134 1440 Nolo
3182 1389 3421 1438 mortem
3453 1381 3780 1454 peccatoris,

507 1483 613 1536 hoc
632 1487 689 1535 et
709 1482 910 1535 Petrus
923 1477 1149 1550 scripsit
1176 1477 1392 1531 dicens:
1413 1499 1434 1523 «ι
1453 1476 1689 1546 Propter
1709 1475 1857 1546 quod
1885 1473 2104 1528 succin-
2191 1493 2215 1527 α
2249 1475 2347 1529 sed
2371 1479 2436 1529 ut
2462 1480 2820 1530 convertatur
2865 1480 2922 1530 et
2967 1474 3115 1528 vivat
3146 1473 3352 1543 (Ezech.
3383 1485 3584 1536 xxxm,
3619 1468 3723 1539 ll).
3752 1487 3779 1522 ι

509 1583 540 1620 ι
559 1565 605 1622 ti
619 1564 839 1620 lumbos
866 1563 1071 1618 mentis
1083 1569 1297 1626 vestrae,
1329 1560 1499 1614 sobrii
1514 1560 1774 1632 perfecte,
1797 1564 2018 1630 sperate
2047 1558 2106 1613 in
2190 1563 2248 1618 Si
2273 1569 2463 1619 autem
2488 1580 2600 1618 non
2637 1563 2757 1619 vult
2783 1563 3057 1619 Dominus
3101 1567 3344 1616 mortem
3381 1560 3543 1631 impii
3572 1566 3633 1614 et
3657 1575 3783 1630 pec-

509 1677 532 1706 ι
569 1671 693 1709 eam
706 1671 828 1725 quas
849 1653 1082 1707 offertur
1100 1649 1256 1705 vobis
1280 1649 1593 1720 gratiamin
1611 1649 1948 1703 revelatione
1973 1649 2156 1725 Jesu_
2189 1653 2415 1720 catoris,
2465 1653 2744 1724 quomodo
2795 1651 3159 1724 preedestinat
3219 1667 3350 1705 eum
3403 1649 3476 1704 ad
3524 1654 3780 1712 mortem,

517 1764 540 1794 ι
571 1722 799 1810 Christi,
823 1741 985 1813 quasi
1011 1741 1110 1795 ﬁlii
1133 1739 1607 1805 obedientizemon
1639 1722 2313 1808 conﬁguratimo-Bcum
2343 1722 2497 1796 nihil:
2511 1741 2583 1796 sit
2614 1741 2767 1796 aliud
2795 1722 2935 1812 ejus
2982 1741 3122 1796 velle
3150 1757 3318 1826 quam
3347 1736 3786 1811 praedestinare?

513 1853 537 1884 ι
571 1832 728 1887 ribus
755 1829 1085 1902 ignorantiae
1105 1833 1304 1883 vestrae
1325 1828 1634 1892 desideriis,
1671 1828 1768 1882 sed
1798 1825 2105 1881 secundum
2189 1832 2369 1885 Causa
2399 1830 2549 1886 enim
2570 1830 2824 1885 omnium
2835 1846 3028 1885 rerum
3045 1831 3305 1884 voluntas
3329 1833 3416 1883 est
3431 1827 3536 1883 Dei
3553 1828 3786 1899 ejusque

517 1941 546 1974 α
569 1939 700 1977 eum
721 1921 818 1992 qui
834 1919 1048 1974 vocavit
1064 1935 1166 1973 nos
1183 1923 1460 1981 sanctum,
1477 1923 1534 1972 et
1546 1917 1650 1988 ipsi
1671 1917 1848 1972 sancti
1876 1916 1933 1970 in
1955 1915 2106 1970 omni
2188 1919 2330 1974 velle
2347 1923 2452 1986 est,
2469 1935 2572 1973 nec
2584 1919 2818 1992 simplex
2830 1924 3037 1974 natura
3063 1919 3311 1989 aliquam
3332 1916 3789 1972 contrarietatem

517 2032 539 2062 α
573 2009 996 2064 conversatione
1017 2013 1216 2078 estote,
1243 2005 1508 2078 quoniam
1525 2007 1796 2077 scriptum
1817 2010 1934 2060 est:
1971 2005 2110 2059 San—
2193 2007 2248 2062 in
2279 2024 2340 2062 se
2367 2006 2555 2062 habet.
2588 2007 2698 2062 Sed
2729 2007 2878 2061 idem
2922 2007 3194 2062 Dominus
3218 2006 3473 2061 omnium
3501 2013 3606 2070 est,
3637 2004 3790 2058 dives

514 2118 538 2150 α
569 2098 645 2154 cti
670 2097 846 2163 eritis,
880 2095 1146 2168 quoniam
1167 2112 1270 2166 ego
1299 2099 1526 2150 sanctus
1556 2111 1681 2148 sum
1715 2096 1766 2162 (1
1780 2095 1926 2148 Patr.
1953 2111 1988 2160 ι,
2016 2091 2110 2150 13-
2193 2097 2252 2150 in
2272 2095 2532 2151 omnibus
2551 2097 2647 2167 qui
2667 2096 2928 2150 invocant
2953 2095 3132 2150 illum.
3155 2097 3354 2166 Itaque
3375 2093 3790 2166 praedestinatio

511 2207 537 2241 α
576 2183 680 2254 16).
717 2209 738 2236 ιι
775 2186 846 2242 Et
873 2185 1010 2240 item
1043 2205 1054 2240 :
1096 2205 1117 2238 σ
1153 2183 1548 2239 Humiliamini
1571 2183 1744 2254 igitur
1762 2182 1867 2237 sub
1895 2181 2111 2254 potenti
2194 2185 2250 2240 in
2279 2184 2426 2240 bono
2454 2185 2680 2256 legitur,
2705 2201 2817 2239 non
2842 2185 2900 2239 in
2931 2185 3274 2240 malo.Unde
3290 2183 3741 2254 dicitApostolus
3771 2201 3784 2236 :

518 2294 542 2329 ς
575 2292 748 2330 manu
779 2274 900 2341 Dei,
934 2281 998 2328 ut
1026 2291 1123 2328 vos
1153 2274 1361 2328 exaltet
1387 2272 1443 2326 in
1473 2278 1728 2344 tempore
1758 2269 2108 2326 visitationis.
2199 2296 2220 2326 ι
2253 2276 2404 2340 Quos
2431 2275 2709 2346 praescivit
2757 2279 2815 2329 et
2867 2274 3286 2346 praedestinavit
3321 2269 3636 2328 conformes
3672 2271 3794 2326 ﬁeri

515 2387 534 2415 σ
560 2365 798 2421 Omnem
812 2363 1243 2418 sollicitudinem
1259 2367 1499 2417 vestram
1514 2360 1874 2433 projicientes
1885 2361 1942 2414 in
1958 2377 2109 2426 eum,
2200 2384 2224 2415 «
2256 2363 2520 2433 imaginis
2538 2363 2660 2418 Filii
2681 2363 2860 2430 sui,ut
2874 2363 2948 2418 sit
2965 2363 3086 2434 ipse
3104 2363 3514 2433 primogenitus
3525 2362 3588 2416 in
3602 2360 3795 2416 multis

513 2474 536 2506 ι
571 2453 839 2526 quoniam
865 2453 974 2524 ipsi
1006 2468 1142 2507 cura
1189 2456 1276 2506 est
1305 2451 1375 2506 de
1404 2449 1578 2504 vobis.
1623 2448 1804 2504 Sobrii
1841 2455 2020 2504 estote
2059 2454 2114 2504 et
2202 2473 2224 2505 ι
2265 2451 2554 2506 fratribus.
2582 2452 2735 2516 Quos
2764 2457 2952 2506 autem
2985 2451 3422 2524 praedestinavit,
3435 2451 3540 2505 hos
3556 2456 3617 2504 et
3639 2466 3801 2504 voea-

514 2563 540 2597 «
576 2543 818 2614 vigilate,
855 2542 987 2613 quia
1017 2540 1372 2596 adversarius
1418 2547 1603 2594 vester
1635 2538 1890 2593 diabolus
1914 2539 2114 2594 circuit
2196 2560 2224 2595 α
2255 2541 2371 2609 vit;
2427 2546 2485 2596 et
2512 2557 2652 2612 quos
2704 2543 2937 2607 vocavit,
2970 2542 3098 2596 illos
3149 2546 3208 2595 et
3247 2539 3614 2611 justificavit;
3655 2556 3800 2610 quos

517 2650 544 2683 α
573 2648 829 2703 quaerens
859 2647 1028 2702 quem
1056 2630 1314 2684 devoret:
1339 2628 1430 2682 cui
1452 2628 1698 2683 resistite
1717 2627 1888 2682 fortes
1908 2627 1966 2681 in
1979 2627 2109 2695 fide,
2199 2651 2225 2681 «
2252 2636 2441 2685 autem
2469 2629 2816 2702 justificavit,
2849 2629 2974 2684 illos
3022 2635 3080 2684 et
3108 2629 3441 2701 gloriﬁcavit
3471 2631 3646 2690 (Rom.
3675 2642 3800 2692 τω,

441 2705 456 2722 ’
519 2742 540 2770 ι
577 2719 815 2774 scientes
845 2719 1101 2773 eamdem
1125 2717 1441 2789 passionem
1471 2715 1521 2770 ei
1551 2733 1676 2788 quae
1703 2715 1759 2770 in
1791 2715 2000 2770 mundo
2028 2720 2114 2770 est
2199 2742 2224 2768 κ
2252 2717 2342 2786 29,
2369 2715 2484 2789 30).
2520 2737 2549 2773 ι
2580 2719 2730 2774 Nota
2759 2719 2908 2790 quod
2936 2718 3091 2786 dicit,
3128 2737 3155 2772 «
3187 2719 3338 2784 Quos
3383 2717 3806 2790 praedestinavit

520 2829 539 2860 ς
577 2814 778 2863 vestrae
823 2806 1172 2862 fraternitati
1225 2806 1347 2861 fieri
1374 2806 1432 2877 (Ι
1457 2809 1597 2860 Patr.
1644 2822 1694 2870 v,
1726 2801 1860 2871 6-9).
1901 2823 1928 2858 ι
1971 2803 2114 2859 Hinc
2195 2808 2299 2863 hos
2327 2813 2385 2863 et
2410 2808 2650 2874 vocavit,
2687 2826 2713 2862 ι
2747 2824 2879 2874 non,
2911 2824 3052 2879 quos
3097 2807 3517 2879 praedestinavit
3569 2806 3697 2861 illos
3744 2815 3803 2860 et

516 2918 536 2948 α
583 2912 805 2968 quoque
833 2897 1079 2952 Joannes
1098 2895 1180 2950 ait
1202 2915 1212 2950 :
1235 2914 1261 2950 α
1278 2893 1625 2958 Charissimi,
1645 2893 1820 2948 nolite
1841 2893 2116 2964 omnispi-
2197 2897 2502 2952 damnavit.
2518 2897 2688 2951 Amat
2707 2896 2856 2951 enim
2877 2895 3058 2951 bonus
3070 2897 3247 2952 factor
3273 2901 3593 2951 creaturam
3611 2911 3797 2956 suam.

519 3006 544 3037 «
578 2986 714 3041 ritui
745 2986 991 3052 credere,
1026 2985 1126 3040 sed
1153 2983 1385 3056 probate
1415 2983 1647 3054 spiritus
1668 2983 1714 3037 si
1727 2999 1792 3037 ex
1811 2983 1928 3038 Deo
1946 2989 2109 3037 sunt:
2154 3057 2163 3058 ί
2197 3002 2300 3040 nec
2317 2985 2600 3040 immerito
2619 2985 2865 3058 aliquam
2883 2985 3132 3040 damnat.
3147 2986 3226 3040 De
3245 3001 3358 3057 quo
3376 2984 3512 3040 alibi
3523 2984 3798 3056 scriptum

518 3102 538 3126 σι
578 3075 842 3147 quoniam
865 3075 1028 3130 multi
1051 3073 1550 3146 pseudoprophetaa
1577 3071 1831 3126 exierunt
1859 3071 1917 3126 in
1945 3087 2111 3154 mune
2132 3057 2177 3119 θ
2198 3079 2284 3130 est
2315 3093 2327 3127 :
2365 3094 2393 3128 α
2424 3057 2733 3130 Misereris
2757 3074 3032 3140 omnium,
3065 3075 3322 3140 Domine,
3351 3079 3410 3129 et
3455 3073 3601 3129 nihil
3631 3073 3802 3128 odisti

519 3183 540 3215 (ί
573 3163 730 3218 dum.
762 3164 826 3218 In
855 3165 960 3218 hoc
989 3162 1345 3232 cognoscitur
1372 3161 1603 3232 spiritus
1629 3161 1729 3216 Dei
1763 3179 1774 3214 :
1805 3161 1987 3216 omnis
2005 3161 2114 3233 spi-
2199 3183 2226 3216 ς(
2251 3179 2446 3219 eorum
2476 3179 2599 3235 quae
2626 3163 2825 3231 fecisti,
2857 3163 3218 3218 dissimulans
3237 3169 3467 3234 peccata
3503 3163 3803 3218 hominum

518 3274 544 3307 «
579 3253 722 3308 ritus
743 3251 841 3324 qui
868 3253 1169 3306 conﬁtetur
1192 3251 1220 3306 J
1226 3267 1384 3306 esum
1415 3249 1700 3305 Christum
1727 3251 1786 3305 in
1824 3267 1992 3306 carne
2019 3269 2112 3306 ve-
2200 3271 2227 3307 α
2261 3257 2490 3325 propter
2511 3251 2920 3324 paenitentiam,
2953 3257 3013 3307 et
3035 3268 3270 3324 parcens
3298 3252 3428 3319 illis,
3457 3251 3594 3323 quia
3629 3257 3694 3306 tu
3742 3268 3802 3305 es

518 3363 542 3394 ((
578 3342 747 3409 uisse,
780 3358 846 3396 ex
871 3341 987 3396 Deo
1017 3345 1134 3407 est;
1163 3345 1222 3395 et
1249 3338 1434 3394 omnis
1462 3339 1696 3410 spiritus
1721 3339 1817 3412 qui
1833 3339 1998 3395 solvit
2019 3341 2113 3395 Je-
2200 3360 2227 3394 α
2256 3342 2408 3396 Deus
2426 3341 2815 3396 universorum
2848 3340 2994 3411 (Sap;
3040 3355 3118 3408 x1,
3144 3339 3258 3409 24).
3289 3360 3315 3392 »
3339 3340 3640 3412 Multiplici
3669 3356 3802 3412 ergo

515 3453 537 3484 ε
573 3449 718 3498 sum,
744 3447 810 3486 ex
843 3430 960 3485 Deo
999 3445 1111 3484 non
1143 3433 1264 3496 est;
1299 3433 1356 3483 et
1377 3428 1466 3482 hic
1491 3433 1577 3483 est
1619 3429 2014 3496 Antichristus,
2045 3429 2114 3484 de
2194 3435 2358 3486 reatu
2387 3429 2494 3485 iste
2510 3429 2932 3500 constringitur,
2949 3429 3044 3501 qui
3064 3429 3575 3502 praedestinationis
3586 3427 3799 3484 bonum

513 3542 535 3572 ε
568 3537 678 3592 quo
707 3518 948 3574 audistis
971 3517 1236 3589 quoniam
1255 3515 1425 3582 venit,
1450 3521 1508 3571 et
1521 3533 1670 3572 nunc
1681 3518 1800 3588 jam
1820 3517 1879 3572 in
1903 3517 2115 3572 mundo
2196 3519 2256 3574 in
2309 3535 2544 3591 pravum
2593 3535 2821 3574 sensum
2863 3524 3105 3585 vertens,
3137 3518 3394 3574 nefandis
3446 3517 3807 3573 sermonibus

455 3597 468 3612 ’
520 3629 545 3662 (ι
579 3615 686 3664 est.
701 3608 816 3662 Vos
841 3623 907 3662 ex
952 3607 1070 3662 Deo
1090 3605 1246 3674 estis,
1280 3606 1458 3673 ﬁlioli,
1497 3612 1556 3660 et
1574 3605 1782 3660 vicistis
1797 3622 1945 3674 eum,
1974 3622 2115 3679 quo-
2197 3607 2589 3680 blasphemare
2651 3607 2962 3680 praesumit.
3024 3608 3234 3674 Primo,
3294 3607 3446 3678 quod
3486 3612 3805 3662 creatorem

516 3715 544 3748 (‹
569 3696 722 3752 niam
751 3696 936 3766 major
950 3699 1038 3750 est
1057 3694 1229 3766 quiin
1243 3692 1398 3748 vobis
1419 3697 1522 3760 est,
1539 3709 1709 3765 quam
1727 3693 1824 3766 qui
1854 3694 1914 3748 in
1947 3710 2115 3748 mun-
2197 3713 2382 3766 suum,
2417 3697 2514 3769 qui
2542 3701 2630 3752 est
2657 3713 2876 3752 summe
2897 3695 3096 3764 bonus,
3129 3695 3468 3751 malevolum
3508 3711 3687 3751 ausus
3721 3701 3808 3751 est

513 3805 540 3840 ι
571 3787 678 3842 do:
708 3783 816 3857 ipsi
841 3783 901 3838 in
930 3783 1140 3838 mundo
1157 3787 1308 3849 sunt,
1331 3781 1457 3837 ideo
1477 3782 1546 3836 de
1559 3783 1768 3838 mundo
1789 3783 2114 3855 loquuntur,
2199 3785 2405 3853 dicere,
2438 3791 2497 3840 et
2544 3785 2692 3858 quod
2749 3802 2891 3857 opus
2947 3801 3110 3840 suum
3159 3784 3370 3840 frustm
3397 3789 3456 3840 et
3479 3786 3606 3840 sine
3635 3800 3806 3840 causa

523 3895 545 3927 ι
583 3879 641 3929 et
663 3873 906 3928 mundus
928 3889 1024 3927 eos
1053 3871 1240 3926 audit:
1262 3886 1364 3925 nos
1386 3887 1451 3925 ex
1466 3871 1582 3926 Deo
1607 3887 1822 3926 sumus.
1839 3871 1945 3936 Qui
1965 3871 2120 3928 novit
2199 3875 2465 3930 decernat
2492 3874 2744 3930 interire.
2773 3875 3050 3941 Secundo,
3081 3874 3230 3947 quod
3267 3873 3450 3946 ipsam
3486 3873 3804 3930 Veritatem

515 3985 541 4018 ιι
575 3964 776 4030 Deum,
810 3962 970 4016 audit
998 3952 1136 4028 nos;
1169 3960 1265 4032 qui
1293 3976 1406 4014 non
1437 3966 1523 4014 est
1566 3977 1632 4014 ex
1659 3960 1794 4027 Deo,
1827 3977 1940 4016 non
1959 3961 2118 4016 audit
2197 3960 2390 4018 fallere
2431 3962 2635 4018 nititur
2652 3980 2922 4030 asserere,
2956 3980 3078 4035 quae
3105 3979 3207 4034 per
3226 3963 3550 4034 Scripturas
3581 3969 3805 4018 sanctas

521 4072 545 4098 ιι
586 4065 706 4103 nos.
737 4047 802 4102 In
831 4046 938 4101 hoc
950 4046 1336 4116 cognoscimus
1357 4045 1617 4116 spiritum
1645 4046 1916 4112 veritatis,
1931 4051 1988 4101 et
2009 4047 2118 4118 spi-
2198 4057 2348 4107 recte
2375 4051 2733 4106 credentibus
2763 4059 2822 4108 et
2864 4052 3007 4107 bene
3031 4051 3394 4124 operantibus
3423 4057 3658 4107 aeterna:
3683 4053 3805 4107 vita

519 4157 542 4188 α
574 4135 747 4190 ritum
779 4133 987 4188 erroris
1011 4136 1063 4202 (Ι
1078 4138 1239 4190 Joan.
1275 4151 1347 4200 IV,
1388 4133 1524 4206 1-6).
1560 4154 1585 4188 »
1615 4137 1684 4191 Et
1701 4136 1838 4191 item
1871 4154 1882 4190 :
1921 4156 1946 4187 ι
1979 4139 2116 4193 Om-

518 4243 545 4278 (
581 4225 667 4280 nis
697 4224 794 4296 qui
813 4223 995 4278 credit
1025 4223 1290 4294 quoniam
1319 4224 1481 4279 Jesus
1502 4229 1587 4279 est
1609 4225 1880 4290 Christus,
1907 4243 1974 4280 ex
2002 4226 2118 4280 Deo

516 4335 542 4366 (ι
577 4319 744 4368 natus
786 4318 907 4380 est;
939 4317 997 4366 et
1026 4312 1208 4366 omnis
1237 4313 1332 4383 qui
1381 4312 1566 4384 diligit
1607 4330 1736 4368 eum
1771 4314 1868 4386 qui
1903 4314 2116 4386 genuit,

521 4422 546 4456 α
579 4401 767 4474 diligit
794 4405 852 4456 et
875 4417 1006 4456 eum
1037 4400 1133 4471 qui
1162 4405 1328 4455 natus
1353 4407 1440 4455 est
1466 4418 1532 4455 ex
1561 4417 1646 4456 eo.
1680 4402 1744 4456 In
1773 4402 1879 4457 hoc
1912 4419 2119 4472 cogno-

527 4513 546 4542 ι
573 4491 780 4546 scimus
809 4489 1372 4562 quoniamdiligimus
1399 4495 1562 4544 natos
1575 4490 1676 4544 Dei
1689 4507 1816 4545 cum
1837 4491 2014 4546 Deum
2030 4492 2118 4546 di-

518 4598 542 4631 (ι
573 4579 836 4650 ligamus,
871 4585 928 4632 et
958 4578 1225 4633 mandata
1256 4579 1378 4650 ejus
1407 4579 1842 4634 faciamusilzec
1862 4587 1949 4635 est
1969 4580 2119 4636 enim

521 4667 824 4734 «.charitas
871 4665 993 4732 Dei,
1025 4671 1092 4721 ut
1151 4667 1418 4722 mandata
1463 4669 1586 4738 ejus
1613 4669 2021 4738 custodiamus;
2064 4675 2122 4726 et

519 4777 540 4808 ι
578 4755 848 4811 mandata
877 4756 1000 4826 ejus
1043 4756 1238 4826 gravia
1287 4773 1399 4811 non
1444 4762 1594 4811 sunt.
1647 4757 1922 4823 Quoniam
1955 4777 2120 4815 omne

517 4865 546 4899 α
579 4845 728 4918 quod
757 4849 953 4900 natum
983 4849 1070 4898 est
1088 4861 1154 4898 ex
1183 4845 1299 4899 Deo
1345 4845 1518 4900 vincit
1551 4846 1829 4902 mundum
1863 4865 1874 4902 :
1909 4855 1968 4902 ct
2003 4849 2122 4904 haec

520 4954 544 4989 «
587 4939 676 4990 est
703 4933 936 4988 victoria
956 4950 1079 5004 quae
1102 4933 1276 4988 vincit
1300 4934 1573 4989 mundum
1598 4935 1736 4990 fides
1753 4941 1964 4992 nostra.
1981 4937 2118 5002 Quis

523 5044 546 5078 σ
583 5030 670 5080 est
697 5023 793 5096 qui
819 5021 994 5077 vincit
1021 5023 1316 5090 mundum,
1345 5022 1454 5078 nisi
1508 5024 1603 5096 qui
1635 5025 1814 5081 credit
1852 5027 2117 5098 quoniam

522 5115 732 5170 «Jesus
770 5117 858 5168 est
903 5111 1077 5166 Filius
1118 5111 1262 5165 Dei?
1296 5131 1318 5162 ι
1363 5113 1416 5180 (Ι
1441 5115 1602 5168 Joan.
1627 5130 1682 5180 v,
1711 5113 1848 5185 1-5).
1882 5117 1940 5171 Si
1971 5117 2121 5172 enim

515 5203 760 5260 charitas
787 5201 890 5256 Dei
911 5199 1194 5254 neminem
1219 5200 1396 5271 juvat,
1428 5217 1530 5257 nec
1559 5202 1657 5257 filii
1710 5203 1810 5258 Dei
1861 5205 1961 5260 filii
1989 5212 2124 5262 sunt

517 5291 678 5356 lucis,
698 5287 978 5361 quomodo
994 5288 1048 5342 id
1071 5288 1218 5360 quod
1235 5295 1428 5344 natum
1451 5296 1538 5345 est
1557 5308 1622 5346 ex
1637 5293 1752 5348 Deo
1763 5293 1936 5348 vincit
1953 5311 2122 5350 mun-

521 5378 698 5433 dum?
727 5384 785 5433 et
803 5377 1081 5449 quomodo
1102 5377 1336 5432 victoria
1372 5380 1566 5435 mundi
1591 5387 1679 5436 est
1700 5382 1840 5436 ﬁdes
1869 5383 2075 5438 Christi
2097 5384 2123 5438 ?

522 5466 581 5521 Si
609 5473 802 5522 autem
833 5466 972 5520 ﬁdes
1007 5466 1237 5534 Christi,
1267 5484 1391 5539 qua:
1421 5485 1522 5540 per
1549 5469 1905 5526 dilectionem
1929 5489 2124 5544 opera-

526 5561 640 5624 tur,
673 5570 806 5608 vera
826 5554 976 5608 salus
1005 5561 1090 5610 est
1125 5554 1436 5634 hominum,
1471 5557 1602 5628 quia
1631 5559 1727 5631 qui
1758 5561 1937 5616 credit
1964 5561 2022 5616 in
2053 5561 2123 5616 il-

2197 4140 2438 4211 spondet
2466 4141 2716 4212 praemia,
2755 4146 2812 4196 et
2857 4141 3241 4213 peccatoribus
3276 4145 3448 4211 atque
3476 4157 3594 4196 non
3623 4141 3806 4213 paeni-

2201 4229 2454 4285 tentibus
2478 4231 2678 4286 mortis
2697 4230 2950 4303 praedicit
2968 4247 3180 4303 poenas.
3196 4231 3404 4297 Tertio,
3421 4231 3574 4302 quod
3585 4233 3806 4303 justum

2196 4319 2466 4389 judicem,
2497 4319 2592 4390 qui
2623 4320 2683 4374 in
2731 4320 2999 4392 aequitate
3044 4321 3401 4390 judicaturus
3438 4325 3530 4374 est
3557 4321 3717 4374 vivos
3753 4328 3808 4374 et

2200 4408 2749 4480 mortuos,prazdicat
2759 4408 3053 4480 injustum,
3068 4409 3333 4480 quoniam
3345 4409 3807 4464 Dominumbene

2201 4496 2498 4568 agentibus
2522 4497 2772 4570 prmmia,
2805 4504 2863 4553 et
2888 4499 3034 4553 male
3062 4498 3360 4569 agentibus
3377 4504 3672 4554 tormenta
3697 4515 3806 4553 non

2201 4586 2436 4642 reddere
2465 4586 2730 4642 affirmat.
2750 4587 2982 4654 Quarto,
3007 4587 3156 4659 quod
3176 4588 3594 4659 redemptorem
3611 4586 3809 4643 mundi

2199 4674 2410 4730 frustra
2455 4675 2789 4746 sanguinem
2837 4692 3005 4731 suum
3061 4675 3270 4730 fudisse
3323 4691 3437 4730 non
3491 4676 3665 4730 timet
3711 4692 3812 4748 per

2201 4780 2452 4820 errorem
2503 4780 2668 4818 suum
2723 4765 2954 4836 fingere,
3006 4765 3103 4836 qui
3153 4765 3212 4820 in
3264 4782 3325 4820 se
3351 4764 3722 4821 credentibus
3757 4770 3810 4818 et

2202 4851 2559 4924 sperantibus
2588 4859 2818 4924 propter
2857 4853 3364 4925 praedestinationis
3411 4853 3810 4910 necessitatem

2200 4958 2315 4998 non
2346 4941 2525 5014 possit
2589 4942 2904 4997 subvenire.
2927 4943 3154 5009 Quinto,
3188 4939 3337 5015 quod
3382 4960 3486 4999 nec
3533 4944 3608 4999 de
3649 4944 3811 4999 bonis

2201 5029 2414 5101 angelis
2445 5045 2642 5085 eorum
2672 5047 2973 5086 numerum
3003 5047 3169 5102 quem
3198 5029 3456 5087 diabolus
3484 5048 3592 5104 per
3616 5049 3812 5104 super-

2202 5119 2353 5174 biam
2375 5135 2642 5176 corruens
2656 5118 2876 5187 minuit,
2894 5119 3150 5176 Salvator
3176 5125 3370 5176 noster
3387 5137 3489 5192 per
3507 5122 3810 5177 hominum

2203 5207 2581 5264 conditionem
2613 5209 2938 5281 adimpleat.
2961 5209 3149 5276 Sexto,
3166 5210 3312 5281 quod
3333 5210 3516 5281 magis
3535 5210 3692 5266 favet
3710 5227 3810 5265 sua

2205 5297 2467 5369 opinione
2494 5297 2738 5366 diabolo,
2774 5298 3041 5371 quoniam
3071 5299 3146 5354 ad
3171 5300 3294 5370 ejus
3313 5299 3658 5371 perditionis
3683 5317 3807 5355 sor-

2201 5392 2319 5442 tem
2372 5386 2609 5441 tradidit
2647 5404 2764 5456 eos,
2795 5404 2936 5461 quos
2991 5387 3180 5444 divina
3222 5389 3408 5460 gratia
3449 5389 3708 5445 decrevit
3739 5389 3806 5444 ad

2204 5475 2446 5532 salutem
2473 5482 2744 5532 aeternam
2787 5479 3126 5550 pertingere.
3149 5479 3420 5552 Septimo,
3449 5479 3604 5550 quod
3631 5481 3808 5535 totius

2204 5564 2436 5621 humani
2450 5566 2675 5637 generis
2684 5584 2925 5622 maxime
2944 5568 3208 5624 inimicus
3229 5569 3320 5636 sit,
3335 5585 3464 5624 cum
3483 5568 3624 5624 illud
3637 5569 3806 5633 dixit,
