4018 6168
379 265 517 324 1541

1839 263 2222 322 EPISTOLIE.

3529 270 3552 324 l
3565 267 3670 330 542

377 409 484 464 per
513 391 726 448 Christi
759 389 929 445 fidem
955 395 1012 444 et
1034 388 1299 460 baptismi
1327 391 1744 444 sacramentum
1761 387 1976 460 aprimi
1998 389 2046 450 A
2065 389 2269 445 salvari
2294 390 2486 457 velint,
2501 390 2610 466 nisi
2623 390 2822 462 aliqua:
2835 406 3016 445 causae
3061 389 3304 446 existant
3346 390 3416 445 de
3443 388 3666 462 quibus,

379 481 631 552 parentis
651 481 830 551 lapsu,
862 476 1330 550 propriorumque
1359 479 1634 534 scelerum
1666 482 1850 544 reatu,
1883 493 1986 531 nec

382 587 498 626 non
517 575 574 624 et
603 569 673 624 ab
703 565 952 623 hostium
1010 572 1316 645 postestate
1366 585 1480 622 non
1521 584 1683 640 posse
1714 567 1855 633 erui,
1886 566 1986 620 sed

381 659 694 732 obligatum
713 658 880 712 noxia
899 657 1112 729 opiﬁcis
1137 657 1225 712 sui
1255 658 1749 730 praedestinatione
1779 657 1839 711 in
1866 661 1987 710 tar-

381 746 854 818 tarumdemergi.
880 747 1092 819 Hisque
1121 746 1382 802 omnibus
1413 747 1494 802 ita
1536 747 1794 815 ostensis,
1854 762 1990 800 suus

382 837 647 909 proprius
699 836 943 890 maxime
979 835 1241 892 inimicus
1285 853 1408 892 esse
1449 836 1815 904 convincitur,
1861 851 1988 891 cum

383 941 499 980 non
530 925 712 980 solum
741 924 849 980 sibi
864 925 924 980 in
955 925 1061 980 hoc
1081 926 1354 997 gehennae
1372 925 1560 996 ignem
1575 929 1871 998 praeparat,
1890 923 1986 980 sed

384 1013 559 1069 etiam
587 1013 646 1070 in
670 1031 756 1082 eo,
777 1014 926 1086 quod
957 1014 1098 1069 alios
1127 1031 1228 1087 per
1255 1014 1463 1069 erroris
1493 1014 1580 1069 sui
1613 1013 1925 1069 doctrinam
1957 1029 1990 1067 a

323 1099 327 1106 ”
383 1103 474 1158 via
491 1103 741 1159 veritatis
768 1103 1083 1159 seducendo
1113 1121 1229 1159 suae
1276 1102 1653 1158 damnationis
1684 1103 1819 1158 facit
1869 1118 1991 1157 esse

383 1197 816 1264 consorteszpro
847 1191 1048 1264 quibus
1076 1192 1196 1264 ipse
1227 1192 1348 1247 sine
1360 1191 1530 1247 dubio
1544 1192 1603 1247 in
1633 1192 1764 1263 igne
1783 1197 1992 1246 aeterno

382 1297 580 1354 pinnas
623 1281 930 1352 condignas
955 1281 1150 1338 solvet.
1192 1281 1352 1337 Unde
1401 1287 1458 1336 et
1487 1286 1680 1354 pastor
1736 1281 1991 1356 Ecclesia

383 1371 468 1426 ait
497 1389 508 1424 :
545 1391 569 1424 ί
603 1371 858 1426 Fuerunt
886 1387 1016 1426 vero
1045 1375 1102 1425 et
1127 1370 1630 1443 pseudOprophetae
1661 1371 1721 1425 in
1763 1369 1987 1442 populo,

389 1479 418 1512 α
450 1460 599 1515 sicut
621 1465 678 1514 et
712 1460 772 1514 in
824 1458 980 1515 vobis
1026 1465 1196 1516 erunt
1244 1459 1504 1531 magistri
1545 1459 1860 1526 mendaces,
1893 1458 1988 1530 qui

2068 479 2322 547 quamvis
2351 479 2466 533 sint
2492 478 2652 533 nobis
2678 479 3164 550 incognoscibiles,
3179 479 3300 552 ipse
3317 484 3512 536 tamen
3522 479 3672 550 judi-

2067 573 2176 633 cat,
2204 568 2274 622 de
2307 585 2418 639 quo
2449 567 2558 623 dici
2580 585 2694 622 non
2722 573 2924 639 potest,
2975 568 3140 623 aliter
3183 585 3314 623 eum
3359 568 3668 640 quidquam

2069 659 2250 713 facere
2278 657 2539 714 debuisse
2585 673 2753 729 quam
2803 657 3044 712 fecerit?
3073 659 3310 714 Remota
3335 657 3510 730 igitur
3565 657 3670 714 hac

2070 747 2427 815 discretione,
2469 763 2640 819 quam
2686 747 2877 802 divina
2923 747 3156 802 scientia
3200 747 3352 802 intra
3389 752 3669 802 secretum

2066 838 2302 909 justitiae
2329 853 2444 892 suae
2468 837 2734 904 continet,
2751 835 3126 891 sincerissime
3142 836 3484 892 credendum
3500 841 3670 908 atque

2070 926 2449 998 proﬁtendum
2477 931 2562 980 est
2587 926 2768 980 Deum
2793 925 2932 980 velle
2951 931 3018 980 ut
3042 941 3238 980 omnes
3258 925 3516 981 homines
3533 925 3670 981 salvi

2071 1017 2226 1070 fiant.
2273 1015 2563 1086 Siquidem
2605 1017 3100 1088 Apostolus,cujus
3127 1015 3235 1071 ista
3253 1015 3536 1070 sententia
3562 1021 3667 1083 est,

2071 1103 2468 1160 sollicitissime
2512 1105 2779 1176 praecipit,
2814 1105 2964 1176 quod
3000 1105 3058 1159 in
3103 1105 3364 1160 omnibus
3409 1104 3670 1160 Ecclesiis

2073 1192 2326 1266 piissime
2353 1193 2688 1260 custoditur,
2714 1200 2780 1248 ut
2798 1195 2913 1248 Deo
2933 1211 3035 1266 pro
3065 1193 3324 1250 omnibus
3345 1192 3670 1249 hominibus

2072 1282 2448 1354 supplicetur:
2477 1299 2542 1336 ex
2573 1281 2775 1354 quibus
2805 1282 2953 1353 quod
2981 1283 3144 1338 multi
3162 1288 3419 1355 pereunt,
3435 1298 3672 1354 pereun-

2071 1371 2216 1426 tium
2245 1375 2331 1426 est
2359 1371 2658 1438 meritum;
2689 1371 2838 1442 quod
2876 1372 3042 1426 multi
3072 1372 3379 1439 salvantur,
3405 1372 3672 1428 salvantis

2073 1467 2160 1517 est
2175 1463 2406 1540 donum.
2433 1461 2508 1516 Ut
2535 1459 2685 1516 enim
2705 1477 2838 1516 reus
2858 1460 3176 1528 damnetur,
3215 1461 3568 1533 inculpabilis
3587 1467 3675 1517 est

389 1569 418 1601 ς(
450 1549 720 1605 inducent
753 1555 934 1604 sectas
972 1549 1324 1620 perditionis,
1356 1555 1414 1604 et
1444 1566 1572 1604 eum
1604 1549 1700 1620 qui
1726 1548 1873 1604 eruit
1895 1564 1990 1603 eos
2071 1551 2174 1607 Dei
2189 1551 2450 1622 justitia:
2486 1555 2550 1606 ut
2575 1555 2766 1605 autem
2796 1567 2926 1605 reus
2978 1550 3342 1620 justificetur,
3376 1549 3674 1606 ineﬂ‘abilis

389 1656 419 1691 α
451 1638 754 1693 Dominum
784 1643 1075 1710 negantes,
1127 1639 1566 1710 superducentes
1612 1637 1718 1693 sibi
1749 1637 2045 1710 celerem_
2071 1637 2173 1691 Dei
2193 1635 2378 1707 gratia
2429 1641 2533 1690 est.
2570 1635 2707 1700 Quis
2751 1640 2942 1690 autem
2983 1633 3178 1688 dicunt
3215 1635 3364 1706 quod
3401 1636 3674 1706 majorem

389 1745 418 1780 α
452 1704 948 1799 ρθΐάίῐίοηθωῗΕι
976 1704 1140 1782 multi
1170 1704 1478 1799 sequentur
1507 1743 1702 1782 eorum
1715 1727 1985 1794 luxurias,
2005 1704 2052 1765 Β
2071 1704 2293 1798 partem
2311 1726 2463 1780 Deus
2483 1723 2716 1779 humani
2743 1724 2968 1794 generis
2998 1724 3070 1778 ad
3097 1724 3200 1779 hoc
3227 1704 3394 1790 creet,
3427 1704 3506 1779 uti
3520 1723 3674 1778 illam

394 1837 417 1868 ι
450 1833 554 1888 per
579 1833 718 1887 quos
742 1816 828 1870 via
854 1817 1109 1872 veritatis
1125 1815 1642 1889 blasphemabitur;
1668 1821 1726 1871 et
1760 1815 1818 1870 in
1866 1832 1992 1870 ava-
2073 1813 2338 1886 perdatin
2355 1819 2648 1879 aeternum,
2665 1829 2730 1866 eo
2752 1811 2900 1882 quod
2921 1811 3086 1866 multi
3099 1813 3274 1866 latam
3293 1817 3351 1866 et
3369 1811 3675 1883 spatiosam

389 1924 417 1958 α
447 1905 580 1960 ritia
607 1905 752 1960 ﬁctis
768 1904 948 1961 verbis
984 1905 1054 1961 de
1081 1905 1238 1960 vobis
1276 1905 1716 1977 negotiabuntur
1743 1923 1754 1958 :
1789 1903 1992 1976 quibus
2073 1904 2223 1958 viam
2253 1902 2464 1957 vadunt
2484 1917 2606 1973 quae
2654 1901 2808 1956 ducit
2854 1900 2927 1955 ad
2978 1907 3240 1967 mortem,
3283 1906 3340 1954 et
3373 1899 3540 1972 pauci
3576 1916 3678 1972 per

392 2014 416 2045 ι
446 1994 725 2065 judicium
747 1995 868 2065 jam
899 1993 1033 2049 olim
1061 2011 1176 2050 non
1201 2001 1402 2055 cessat.
1439 2001 1498 2049 et
1525 1993 1766 2066 perditio
1795 2009 1992 2049 eorum
2077 1997 2377 2064 angustam
2395 2007 2516 2062 quae
2537 1989 2722 2044 tendit
2752 1989 2822 2043 ad
2853 1989 3026 2043 vitam
3046 1994 3316 2044 aeternam
3341 2007 3353 2042 :
3376 1989 3679 2060 plurimus-

394 2105 420 2138 σ
453 2101 566 2140 non
586 2084 856 2140 dormitat
883 2086 966 2150 (ΙΙ
991 2087 1136 2140 Patr.
1179 2099 1242 2151 11,
1279 2083 1418 2153 l-3).
1450 2103 1472 2134 ι
1495 2085 1577 2140 De
1596 2100 1706 2156 quo
1736 2089 1794 2138 et
1821 2083 1995 2138 Judas
2078 2097 2186 2152 que
2213 2085 2299 2134 est
2325 2094 2594 2134 numerus
2622 2077 2954 2142 inﬁdelium,
2970 2079 3027 2130 et
3055 2077 3152 2148 qui
3171 2077 3292 2132 sine
3320 2075 3678 2148 baptismatis

390 2174 454 2230 in
481 2173 733 2246 Epistola
762 2190 864 2229 sua
891 2174 1140 2230 scribens
1169 2174 1279 2228 ait:
1305 2192 1330 2225 (ι
1363 2173 1820 2228 Subintroierunt
1843 2171 1996 2228 enim
2079 2167 2326 2225 remedio
2355 2172 2656 2222 transeunt
2673 2163 2742 2220 de
2777 2165 2883 2220 hoc
2910 2165 3141 2232 mundo,
3167 2171 3226 2220 et
3251 2166 3379 2222 ideo
3409 2181 3520 2221 non
3542 2182 3676 2238 pos-

400 2283 430 2318 ι
461 2263 692 2335 quidam
721 2262 997 2330 homines,
1031 2263 1128 2334 qui
1157 2263 1292 2318 olim
1329 2262 1612 2334 praecripti
1645 2267 1778 2316 sunt
1804 2261 1864 2316 in
1891 2261 1999 2316 hoc

398 2371 428 2406 α
451 2351 727 2424 judicium
736 2351 1148 2424 impii,Domini
1160 2351 1582 2422 nostrigratiam
1595 2350 1997 2406 transferentes

402 2463 426 2494 ι
461 2441 520 2496 in
549 2441 849 2507 luxuriam,
883 2445 941 2496 et
965 2441 1150 2496 solum
1173 2439 1584 2517 dominatorem
1617 2447 1674 2495 et
1692 2440 1995 2495 Dominum

401 2549 430 2583 cz
463 2536 720 2586 nostrum
735 2531 763 2586 J
769 2547 928 2585 esum
948 2530 1236 2585 Christum
1256 2535 1526 2600 negantes
1549 2531 1736 2599 (Judz,
1769 2527 1842 2597 4).
1878 2549 1904 2582 »
1929 2529 1999 2584 Et

397 2620 604 2675 iterum
630 2639 641 2672 :
670 2640 692 2672 ι
728 2619 1002 2674 Similiter
1013 2625 1305 2675 etcarnem
1318 2619 1546 2692 quidem
1575 2619 1880 2685 maculant,
1894 2618 1996 2672 do-

403 2731 422 2756 ι
459 2707 827 2763 minationem
857 2711 1048 2762 autem
1081 2712 1375 2778 spernunt,
1390 2707 1771 2778 Jnajestatem
1804 2710 1996 2762 autem

403 2816 431 2851 ι
465 2796 877 2869 blasphemant.
911 2797 1053 2852 Cum
1084 2796 1319 2852 Michael
1339 2797 1708 2868 archangelus
1726 2812 1855 2850 cum
1881 2795 1999 2850 dia-

401 2907 424 2938 ι
459 2885 588 2940 bolo
605 2886 900 2958 disputans
913 2886 1284 2941 altercaretur
1319 2886 1389 2940 de
1409 2885 1590 2958 Moysi
1610 2901 1861 2958 corpore,
1884 2900 1998 2940 non

401 2996 426 3028 (ί
457 2981 545 3030 est
565 2992 736 3030 ausus
754 2975 1031 3046 judicium
1060 2974 1268 3030 inferre
1280 2975 1658 3047 blasphemiae.
1688 2975 1788 3030 sed
1816 2974 1993 3030 dixit:

2078 2264 2211 2314 sunt
2239 2256 2448 2312 absolvi
2478 2257 2548 2311 de
2573 2253 2862 2326 originalis
2888 2254 3102 2327 peccati
3118 2255 3360 2324 vinculo,
3379 2255 3538 2326 quasi
3559 2255 3680 2311 haec

2079 2347 2270 2402 omnia
2301 2347 2374 2400 ad
2413 2345 2759 2400 conditorem
2788 2343 3021 2399 humani
3067 2343 3291 2415 generis
3333 2343 3672 2416 pertineant,

2081 2437 2240 2508 quasi
2263 2436 2384 2508 ipse
2413 2451 2509 2490 eos
2539 2435 2635 2506 qui
2668 2434 2956 2488 intereunt
2981 2433 3105 2505 ipsa
3125 2433 3258 2488 velit
3285 2433 3538 2501 interire,
3561 2449 3677 2490 non

2077 2529 2229 2580 recte
2284 2524 2553 2580 sentiunt.
2597 2541 2624 2576 »
2675 2523 2929 2592 (Objectzo
2999 2524 3141 2577 Vino.
3194 2527 3293 2592 IV.)
3333 2544 3356 2574 ι
3407 2523 3676 2580 Omnium

2080 2613 2305 2686 quidem
2347 2613 2639 2668 hominum
2686 2613 2836 2667 Deus
2860 2616 3079 2667 creator
3107 2617 3230 2667 est:
3274 2611 3373 2666 sed
3402 2627 3567 2667 nemo
3604 2611 3676 2666 ab

2081 2719 2146 2756 eo
2182 2701 2308 2757 ideo
2335 2706 2556 2756 creatus
2585 2707 2689 2767 est,
2711 2707 2778 2756 ut
2803 2700 3030 2772 periret,
3063 2700 3195 2772 quia
3241 2699 3354 2755 alia
3394 2706 3482 2755 est
3508 2715 3678 2759 causa

2079 2790 2362 2857 nascendi,
2397 2795 2456 2846 et
2495 2790 2608 2844 alia
2637 2794 2724 2844 est
2757 2789 3048 2861 pereundi.
3080 2790 3157 2844 Ut
3190 2789 3342 2844 enim
3369 2795 3678 2845 nascantur

2079 2880 2357 2945 homines,
2391 2879 2698 2934 conditoris
2727 2884 2814 2933 est
2839 2877 3171 2933 beneficium
3203 2897 3216 2932 :
3239 2883 3304 2934 ut
3332 2883 3524 2934 autem
3543 2893 3675 2950 per-

2081 2974 2231 3036 eant,
2259 2968 2701 3040 praevaricatoris
2734 2973 2818 3022 est
2847 2967 3130 3022 meritum.
3151 2969 3215 3022 In
3243 2968 3423 3022 Adam
3447 2967 3672 3040 quippe,
3779 3029 3786 3034 ,

402 3084 427 3115 (ι
462 3067 710 3136 Imperet
732 3039 836 3120 tibi
868 3065 1037 3120 Deus.
1073 3065 1144 3119 Ili
1164 3071 1356 3120 autem
1377 3039 1742 3137 quaecumque
1766 3064 1992 3136 quidem
2013 3039 2138 3113 Cin
2167 3039 2276 3131 quo
2302 3057 2556 3114 omnium
2584 3057 2878 3112 hominum
2923 3056 3284 3128 praeformata
3336 3062 3541 3112 natura
3570 3039 3674 3124 est,

399 3175 430 3206 α
460 3153 725 3224 ignorant
760 3152 1174 3226 blasphemant,
1219 3170 1342 3226 quae
1392 3159 1582 3208 autem
1663 3151 2000 3208 naturaliter

405 3266 427 3289 ιι
464 3249 735 3316 tanquam
773 3243 1044 3298 animalia
1085 3249 1312 3311 norunt,
1345 3243 1404 3298 in
1432 3243 1521 3298 his
1559 3247 1999 3315 corrumpuntur

404 3352 428 3382 ι
476 3333 657 3402 (Ibid,
689 3328 859 3399 8-10).
895 3349 922 3386 ι
955 3333 1026 3387 Et
1051 3333 1218 3404 paulo
1231 3337 1388 3404 post:
1415 3352 1436 3384 ι
1480 3333 1618 3388 Ecce
1644 3332 1798 3386 venit
1811 3331 2000 3387 Domi-

401 3439 429 3474 α
462 3437 569 3476 nus
597 3421 657 3476 in
687 3420 1278 3477 sanctismillibussuis
1294 3421 1477 3476 facere
1485 3421 1762 3492 judicium
1805 3425 2002 3476 contra

405 3531 428 3562 ι
462 3527 677 3579 omnes,
702 3516 760 3566 et
787 3527 1025 3582 arguere
1063 3527 1259 3566 omnes
1271 3510 1474 3582 impios
1495 3511 1565 3566 de
1591 3509 1850 3566 omnibus
1873 3527 2001 3582 ope-

403 3619 430 3652 (ι
463 3599 618 3656 ribus
638 3599 944 3672 impietatis
965 3616 1181 3666 eorum,
1227 3599 1430 3672 quibus
1469 3599 1638 3672 impie
1656 3604 1910 3670 egerunt.
1945 3603 1999 3654 et

403 3710 428 3740 ι
463 3689 534 3744 de
570 3689 830 3744 omnibus
857 3689 1014 3744 duris
1053 3707 1176 3762 quae
1203 3689 1372 3745 locuti
1427 3693 1561 3745 sunt
1612 3694 1808 3744 contra
1868 3705 2000 3744 eum

405 3798 430 3826 α
466 3783 784 3850 peccatores
813 3779 993 3851 impii.
1035 3778 1109 3833 Hi
1137 3784 1273 3834 sunt
1299 3784 1764 3846 murmuratores,
1797 3795 2001 3851 queru-

407 3889 433 3920 α
465 3868 591 3936 losi,
631 3869 940 3923 secundum
969 3867 1250 3923 desideria
1277 3885 1382 3924 sua
1418 3867 1794 3935 ambulantes,
1855 3873 1914 3922 et
1938 3885 2000 3922 os

404 3974 434 4009 ι
465 3957 971 4030 illorum'loquitur
1015 3955 1357 4028 superbiam,
1388 3957 1661 4012 mirantes
1702 3973 2002 4029 personam

403 4064 432 4100 α
467 4052 712 4118 quaestus
739 4063 906 4102 causa
931 4047 1110 4117 (Ibid,
1144 4043 1346 4113 14-16).
1375 4066 1400 4100 ››
1435 4047 1566 4102 Haec
1593 4050 1784 4102 autem
1799 4046 2002 4119 quaede

399 4135 604 4190 divinis
632 4135 938 4207 Scriptum-is
956 4135 1283 4191 testimonia
1303 4135 1661 4207 protulimus,
1683 4135 1754 4190 ad
1771 4135 2005 4190 confun-

401 4224 652 4279 dendum
679 4241 928 4280 errorem
956 4224 1183 4279 illorum
1211 4224 1308 4296 qui
1336 4224 1888 4296 praedestinationem
1899 4223 2000 4279 Dei

2079 3164 2275 3202 omnes
2295 3153 2686 3220 peccaverunt,
2721 3146 3029 3218 eademque
3075 3145 3358 3202 sententia
3384 3161 3554 3217 quam
3581 3145 3679 3202 ille

2080 3236 2296 3309 accepit
2315 3236 2567 3292 obstricti
2587 3241 2722 3292 sunt
2743 3255 2753 3289 :
2789 3252 2971 3308 neque
2982 3235 3052 3290 ab
3078 3235 3182 3290 hoc
3197 3235 3438 3303 vinculo,
3455 3233 3680 3292 etiamsi

2080 3326 2324 3398 propriis
2348 3326 2592 3397 peccatis
2619 3329 2866 3391 careant,
2891 3324 3264 3391 resolvuntur,
3279 3323 3387 3378 nisi
3408 3323 3468 3378 in
3487 3340 3677 3380 sacra-

2081 3420 2272 3470 mento
2300 3416 2500 3469 mortis
2543 3419 2600 3468 et
2653 3411 3080 3468 resurrectionis
3126 3411 3335 3467 Christi
3375 3411 3436 3466 in
3465 3412 3679 3483 Spiritu

2081 3507 2275 3558 sancto
2294 3507 2678 3557 renascantur.
2713 3501 2894 3556 Nimis
2929 3517 3062 3572 ergo
3093 3500 3301 3572 impius
3331 3505 3388 3554 et
3421 3499 3680 3556 indoctus

2083 3597 2185 3656 est,
2219 3591 2312 3662 qui
2356 3591 2555 3645 vitium
2605 3595 2824 3644 natura:
2874 3605 2988 3644 non
3034 3588 3304 3644 discernit
3347 3587 3418 3643 ab
3449 3593 3678 3646 auctore

2080 3686 2316 3749 naturae,
2339 3697 2374 3735 a
2396 3695 2506 3752 quo
2521 3696 2750 3751 prorsus
2785 3678 3030 3733 alienum
3049 3683 3136 3733 est
3155 3677 3427 3750 quidquid
3458 3679 3516 3732 in
3545 3694 3682 3736 uno-

2083 3787 2304 3842 quoque
2335 3770 2719 3825 damnandum
2759 3775 2862 3824 est.
2899 3769 3070 3824 Creat
3097 3767 3246 3822 enim
3275 3767 3552 3836 homines,
3579 3785 3684 3824 nec

2081 3859 2522 3931 multiplicandis
2569 3857 2999 3929 generationum
3046 3855 3490 3914 successionibus
3517 3857 3682 3930 opiﬁ-

2082 3949 2233 4006 cium
2261 3965 2428 4004 suum
2477 3947 2777 4015 subtrahit,
2811 3947 3120 4002 secundum
3173 3946 3470 4003 consilium
3523 3945 3684 4004 bona:

2083 4037 2386 4093 voluntatis
2414 4054 2547 4104 sum,
2570 4041 2934 4107 reparaturus
2961 4036 3020 4090 in
3039 4035 3231 4092 multis
3252 4037 3402 4108 quod
3429 4035 3550 4108 ipse
3569 4051 3684 4090 non

2083 4127 2234 4184 fecit.
2270 4147 2296 4180 ι)
2347 4127 2604 4196 (Objectz'o
2671 4127 2934 4192 Vincent,
2987 4132 3066 4196 ν.)
3090 4145 3116 4178 «
3165 4125 3325 4191 Quod
3373 4131 3566 4182 autem
3595 4124 3684 4180 di-

2087 4222 2238 4284 cunt,
2271 4223 2629 4288 peccatorum
2670 4220 2990 4270 nostrorum
3035 4215 3160 4270 ideo
3187 4216 3368 4271 Deum
3395 4219 3684 4270 auctorem

402 4329 631 4368 causam
650 4314 846 4368 dicunt
861 4329 982 4368 esse
999 4283 1718 4385 perditidnis‘perditorum,
1748 4319 1806 4368 et
1828 4313 1899 4368 ad
1918 4329 2005 4368 os-
2023 4283 2072 4344 θ
2089 4283 2391 4378 essequod
2445 4305 2652 4360 malam
2683 4305 2814 4359 facit
2857 4304 3204 4358 voluntatem
3229 4305 3546 4371 hominum,
3580 4304 3686 4360 hoc

401 4402 611 4458 tenden
627 4403 749 4458 ium
764 4403 912 4474 quod
923 4403 1073 4458 Deus
1084 4403 1219 4458 velit
1234 4420 1334 4476 per
1353 4403 1524 4459 ﬁdem
1552 4409 1764 4458 rectam
1787 4409 1844 4458 et
1861 4402 2010 4459 bona
2090 4400 2178 4450 est
2194 4393 2583 4466 blasphemare
2611 4392 3005 4459 substantiam,
3036 4392 3195 4464 quasi
3235 4393 3482 4448 naturali
3525 4397 3684 4448 motu

403 4507 576 4562 opera
596 4491 825 4564 pra-mia
838 4491 1056 4563 acquiri
1078 4491 1236 4563 regni
1263 4491 1523 4559 caelestis,
1537 4507 1718 4564 pauca
1741 4491 1811 4545 de
1834 4492 2006 4562 pluri-
2087 4500 2202 4539 non
2229 4483 2407 4556 possit
2451 4482 2559 4538 nisi
2615 4498 2862 4554 peccare.
2914 4481 3070 4536 Istud
3101 4497 3202 4536 nos
3226 4497 3261 4534 a
3287 4497 3457 4538 sensu
3491 4487 3683 4538 nostro

404 4581 752 4652 misexcepta
765 4580 1030 4652 prudenti
1043 4581 1238 4636 lectori
1249 4581 1550 4637 sufficiant.
1584 4580 1796 4636 Dehinc
1813 4586 2004 4636 autem
2087 4574 2312 4645 penitus
2347 4573 2691 4639 ubdicamus.
2725 4572 2821 4644 qui
2861 4573 3040 4627 Deum
3089 4573 3310 4644 justum
3351 4571 3582 4640 bonum,
3603 4573 3684 4628 8ίο

403 4669 540 4742 quid
561 4669 619 4724 in
632 4675 955 4726 sanctorum
967 4669 1258 4726 doctorum
1276 4687 1340 4725 ac
1361 4669 1762 4726 catholicorum
1773 4669 2004 4726 Patrum
2089 4663 2350 4718 humanae
2377 4661 2723 4728 substantiae,
2755 4668 2813 4716 et
2853 4660 3186 4717 interiorum
3233 4661 3684 4735 exteriorumque

401 4759 698 4814 sententiis
728 4759 1042 4832 expositum
1069 4760 1139 4814 de
1186 4759 1676 4832 praedestinatione
1704 4759 1806 4814 Dei
1846 4758 2006 4814 inve-

400 4848 654 4903 nerimus
683 4848 974 4904 edicimus.
1009 4851 1258 4919 (Prosper
1295 4850 1586 4919 objections
1638 4851 1878 4906 Vincerat.
1918 4853 2004 4916 II.)

407 4955 434 4991 α
468 4938 613 4992 Nam
647 4937 729 4992 illi
743 4937 839 5010 qui
860 4938 1055 4994 dicunt
1064 4939 1212 5010 quod
1225 4938 1374 4994 Deus
1395 4939 1539 4994 nolit
1555 4955 1750 4994 omnes
1768 4939 2002 5005 salvere,

2088 4767 2320 4806 sensum
2354 4750 2612 4805 novimus
2639 4754 2970 4817 creatorem,
2986 4755 3052 4805 ut
3086 4749 3338 4806 alienum
3365 4766 3595 4822 prorsus
3613 4745 3698 4804 ab"

2088 4839 2186 4894 illo
2207 4839 2283 4894 sit
2310 4839 2584 4912 quidquid
2611 4844 2804 4894 contra
2832 4843 3094 4895 naturam
3118 4844 3222 4894 est.
3257 4840 3554 4895 Peccatum
3579 4854 3684 4894 au-

2087 4934 2204 4985 tem
2225 4935 2422 4984 contra
2440 4933 2704 4984 naturam
2733 4934 2836 4996 est,
2852 4929 2922 4983 de
2951 4945 3061 5000 quo
3090 4945 3244 4984 mors
3276 4933 3334 4983 et
3352 4926 3544 4983 omnia
3561 4943 3685 4998 quae

2087 5024 2220 5074 sunt
2247 5017 2446 5073 mortis
2461 5018 2738 5072 oriuntur.
2763 5017 2977 5082 Quibus
3003 5017 3166 5072 malis
3183 5022 3320 5074 tunc
3334 5033 3394 5072 se
3411 5015 3580 5071 homo
3595 5014 3686 5071 in-

2089 5107 2229 5176 duit,
2263 5107 2486 5180 quando
2506 5107 2664 5162 illum
2695 5107 2805 5160 ﬁde
2847 5106 3276 5178 obedientiaque
3316 5105 3598 5178 privatum
3626 5105 3688 5162 in

404 5025 628 5082 etiamsi
647 5043 843 5083 omnes
871 5027 1075 5083 salvari
1094 5027 1286 5094 velint,
1337 5032 1613 5099 quantum
1643 5033 1851 5096 errent,
1882 5044 2006 5083 om-

404 5112 571 5169 nibus
585 5120 903 5186 p;‘.tet,cum
932 5115 1154 5170 Veritas
1195 5115 1373 5170 dicat:
1413 5133 1438 5168 α
1481 5116 1541 5172 Si
1570 5133 1686 5183 vos,
1718 5133 1846 5172 cum
1884 5115 2006 5170 sitis

408 5221 436 5256 ι
477 5204 632 5272 mali,
664 5205 841 5260 nostis
868 5204 1020 5260 bona
1049 5204 1183 5258 data
1213 5203 1349 5258 dare
1377 5205 1506 5260 ﬁliis
1549 5205 1768 5270 vestris,
1798 5209 2008 5277 quanto
2090 5213 2220 5252 suas
2240 5195 2642 5268 promissiones
2669 5193 2925 5250 diabolus
2953 5196 3106 5251 aDei
3135 5195 3260 5267 lege
3287 5193 3555 5262 traduxit,
3570 5211 3688 5252 om-

409 5313 432 5344 ι
467 5294 648 5365 magis
662 5294 830 5351 Pater
846 5299 1032 5350 vester
1069 5294 1309 5350 caelestis
1327 5293 1487 5348 dabit
1507 5293 1656 5348 bona
1691 5295 2010 5367 petentibus
2091 5287 2296 5357 nisque
2325 5285 2432 5341 sibi
2475 5284 2818 5357 posteritatis
2871 5284 3130 5355 germina
3174 5300 3276 5356 per
3309 5283 3686 5356 perditionem

409 5401 437 5435 ς(
470 5399 531 5438 se
560 5382 584 5436 τ
623 5400 652 5437 ι
683 5385 918 5452 (Magum
949 5398 1051 5452 γη,
1107 5382 1214 5452 [1,)
1256 5382 1548 5448 Quomodo
1577 5383 1701 5438 ﬁeri
1735 5389 1920 5456 potest
1948 5388 2013 5439 ut
2093 5376 2408 5447 depravatae
2435 5375 2627 5448 stirpis
2655 5373 2970 5430 obstrinxit.
3000 5375 3128 5430 Non
3151 5373 3326 5445 igitur
3351 5375 3682 5446 cujusquam

405 5471 558 5528 Deus
583 5472 676 5546 qui
701 5472 872 5528 etiam
883 5473 1010 5529 illos
1037 5472 1218 5528 salvat
1241 5471 1310 5527 de
1338 5471 1543 5544 quibus
1563 5471 1674 5528 dici
1685 5489 1799 5528 non
1826 5477 2013 5544 potest
2092 5465 2306 5538 peccati
2351 5469 2547 5520 auctor
2601 5469 2688 5520 cst
2716 5463 2886 5532 DeHS,
2918 5463 3016 5519 sed
3046 5469 3262 5520 naturae
3293 5468 3530 5534 creator,
3563 5480 3684 5537 qua‘

409 5563 558 5632 quod
617 5561 818 5617 salvari
857 5563 1050 5630 velint,
1099 5562 1239 5618 nolit
1269 5561 1486 5633 aliquos
1525 5561 1747 5630 salvari,
1789 5561 2008 5618 etiamsi
2093 5576 2216 5614 cum
2241 5561 2579 5630 potestatem
2617 5555 2878 5613 habuerit
2922 5572 3034 5612 non
3077 5552 3458 5627 delinquendi,
3487 5560 3680 5628 sponte
