  <div class='ocr_page' id='page_1' title='image "/cluster/home/n/w/nwhite01/storage/ocr_20150623/112/hvd.32044054759774/777.png"; bbox 0 0 4018 6168; ppageno 0'>
   <div class='ocr_carea' id='block_1_1' title="bbox 511 287 3725 386">
    <p class='ocr_par' dir='ltr' id='par_1_1' title="bbox 511 287 3725 386">
     <span class='ocr_line' id='line_1_1' title="bbox 511 287 3725 386; baseline 0.001 -14"><span class='ocrx_word' id='word_1_1' title='bbox 511 317 652 373; x_wconf 66' lang='lat'><strong>1543</strong></span> <span class='ocrx_word' id='word_1_2' title='bbox 1119 315 1180 369; x_wconf 82' lang='grc' dir='ltr'><strong>Β.</strong></span> <span class='ocrx_word' id='word_1_3' title='bbox 1223 287 1494 373; x_wconf 78' lang='lat' dir='ltr'><strong>RABANI</strong></span> <span class='ocrx_word' id='word_1_4' title='bbox 1531 315 1762 375; x_wconf 78' lang='lat' dir='ltr'><strong>MAURI</strong></span> <span class='ocrx_word' id='word_1_5' title='bbox 1800 315 2136 374; x_wconf 80' lang='lat' dir='ltr'><strong>ARCHIEP.</strong></span> <span class='ocrx_word' id='word_1_6' title='bbox 2177 316 2502 376; x_wconf 85' lang='lat' dir='ltr'><strong>MOGUNT.</strong></span> <span class='ocrx_word' id='word_1_7' title='bbox 2541 317 2838 376; x_wconf 80' lang='lat' dir='ltr'><strong>OPERUM</strong></span> <span class='ocrx_word' id='word_1_8' title='bbox 2875 315 3057 374; x_wconf 67' lang='lat' dir='ltr'><strong>mas</strong></span> <span class='ocrx_word' id='word_1_9' title='bbox 3093 317 3192 374; x_wconf 86' lang='lat' dir='ltr'><strong>III.</strong></span> <span class='ocrx_word' id='word_1_10' title='bbox 3613 325 3725 386; x_wconf 64' lang='lat' dir='ltr'><strong>15a</strong></span> 
     </span>
    </p>
   </div>
   <div class='ocr_carea' id='block_1_2' title="bbox 511 441 3724 522">
    <p class='ocr_par' dir='ltr' id='par_1_2' title="bbox 511 441 3724 522">
     <span class='ocr_line' id='line_1_2' title="bbox 511 441 3724 522; baseline 0.002 -23"><span class='ocrx_word' id='word_1_11' title='bbox 511 443 767 516; x_wconf 87' lang='lat' dir='ltr'><strong>deliquit,</strong></span> <span class='ocrx_word' id='word_1_12' title='bbox 798 447 856 498; x_wconf 92' lang='lat' dir='ltr'><strong>et</strong></span> <span class='ocrx_word' id='word_1_13' title='bbox 873 441 1156 513; x_wconf 90' lang='lat' dir='ltr'><strong>deceptori</strong></span> <span class='ocrx_word' id='word_1_14' title='bbox 1185 457 1288 497; x_wconf 91' lang='lat' dir='ltr'><strong>suo</strong></span> <span class='ocrx_word' id='word_1_15' title='bbox 1303 444 1532 516; x_wconf 91' lang='lat' dir='ltr'><strong>propria</strong></span> <span class='ocrx_word' id='word_1_16' title='bbox 1566 445 1854 500; x_wconf 82' lang='lat' dir='ltr'><strong>voluntate</strong></span> <span class='ocrx_word' id='word_1_17' title='bbox 1884 460 1944 498; x_wconf 91' lang='lat' dir='ltr'><strong>se</strong></span> <span class='ocrx_word' id='word_1_18' title='bbox 1974 443 2108 498; x_wconf 87' lang='lat' dir='ltr'><strong>sub-</strong></span> <span class='ocrx_word' id='word_1_19' title='bbox 2125 447 2176 506; x_wconf 83' lang='lat' dir='ltr'><strong>A</strong></span> <span class='ocrx_word' id='word_1_20' title='bbox 2195 443 2546 516; x_wconf 85' lang='lat' dir='ltr'><strong>signaculum</strong></span> <span class='ocrx_word' id='word_1_21' title='bbox 2577 446 2682 500; x_wconf 89' lang='lat' dir='ltr'><strong>hoc</strong></span> <span class='ocrx_word' id='word_1_22' title='bbox 2699 465 2714 500; x_wconf 94' lang='lat'><em>:</em></span> <span class='ocrx_word' id='word_1_23' title='bbox 2733 462 2760 498; x_wconf 75' lang='grc' dir='ltr'><strong>α</strong></span> <span class='ocrx_word' id='word_1_24' title='bbox 2791 441 3047 516; x_wconf 81' lang='lat' dir='ltr'><strong>cognovit</strong></span> <span class='ocrx_word' id='word_1_25' title='bbox 3063 442 3332 499; x_wconf 86' lang='lat' dir='ltr'><strong>Dominus</strong></span> <span class='ocrx_word' id='word_1_26' title='bbox 3347 444 3438 517; x_wconf 87' lang='lat' dir='ltr'><strong>qui</strong></span> <span class='ocrx_word' id='word_1_27' title='bbox 3450 451 3724 522; x_wconf 63' lang='lat' dir='ltr'><strong>suntejus.»</strong></span> 
     </span>
    </p>
   </div>
   <div class='ocr_carea' id='block_1_3' title="bbox 513 531 3728 606">
    <p class='ocr_par' dir='ltr' id='par_1_3' title="bbox 513 531 3728 606">
     <span class='ocr_line' id='line_1_3' title="bbox 513 531 3728 606; baseline 0.001 -18"><span class='ocrx_word' id='word_1_28' title='bbox 513 532 658 588; x_wconf 87' lang='lat' dir='ltr'><strong>didit</strong></span> <span class='ocrx_word' id='word_1_29' title='bbox 689 549 702 586; x_wconf 93' lang='lat'><strong>:</strong></span> <span class='ocrx_word' id='word_1_30' title='bbox 734 548 838 587; x_wconf 90' lang='lat' dir='ltr'><strong>nec</strong></span> <span class='ocrx_word' id='word_1_31' title='bbox 866 531 1131 599; x_wconf 79' lang='lat' dir='ltr'><strong>naturali,</strong></span> <span class='ocrx_word' id='word_1_32' title='bbox 1174 533 1271 586; x_wconf 91' lang='lat' dir='ltr'><strong>sed</strong></span> <span class='ocrx_word' id='word_1_33' title='bbox 1321 533 1538 606; x_wconf 90' lang='lat' dir='ltr'><strong>captivo</strong></span> <span class='ocrx_word' id='word_1_34' title='bbox 1588 539 1746 590; x_wconf 88' lang='lat' dir='ltr'><strong>motu</strong></span> <span class='ocrx_word' id='word_1_35' title='bbox 1772 539 2029 590; x_wconf 89' lang='lat' dir='ltr'><strong>versatur</strong></span> <span class='ocrx_word' id='word_1_36' title='bbox 2055 535 2116 590; x_wconf 93' lang='lat' dir='ltr'><strong>in</strong></span> <span class='ocrx_word' id='word_1_37' title='bbox 2201 535 2282 605; x_wconf 86' lang='grc' dir='ltr'><strong>(ΙΙ</strong></span> <span class='ocrx_word' id='word_1_38' title='bbox 2306 536 2446 590; x_wconf 78' lang='lat' dir='ltr'><strong>Tim.</strong></span> <span class='ocrx_word' id='word_1_39' title='bbox 2487 534 2686 604; x_wconf 73' lang='lat'><strong>11,19.)</strong></span> <span class='ocrx_word' id='word_1_40' title='bbox 2727 533 2894 588; x_wconf 89' lang='lat' dir='ltr'><strong>Nullo</strong></span> <span class='ocrx_word' id='word_1_41' title='bbox 2942 532 3116 604; x_wconf 79' lang='lat' dir='ltr'><strong>igitur</strong></span> <span class='ocrx_word' id='word_1_42' title='bbox 3160 533 3324 588; x_wconf 91' lang='lat' dir='ltr'><strong>modo</strong></span> <span class='ocrx_word' id='word_1_43' title='bbox 3370 535 3728 606; x_wconf 65' lang='lat' dir='ltr'><strong>predestinatio</strong></span> 
     </span>
    </p>
   </div>
   <div class='ocr_carea' id='block_1_4' title="bbox 513 620 3725 696">
    <p class='ocr_par' dir='ltr' id='par_1_4' title="bbox 513 620 3725 696">
     <span class='ocr_line' id='line_1_4' title="bbox 513 620 3725 696; baseline 0.003 -22"><span class='ocrx_word' id='word_1_44' title='bbox 513 621 668 690; x_wconf 88' lang='lat' dir='ltr'><strong>vitio,</strong></span> <span class='ocrx_word' id='word_1_45' title='bbox 693 621 869 676; x_wconf 90' lang='lat' dir='ltr'><strong>donec</strong></span> <span class='ocrx_word' id='word_1_46' title='bbox 912 621 1191 676; x_wconf 81' lang='lat' dir='ltr'><strong>moriatur</strong></span> <span class='ocrx_word' id='word_1_47' title='bbox 1245 628 1489 694; x_wconf 90' lang='lat' dir='ltr'><strong>peccato,</strong></span> <span class='ocrx_word' id='word_1_48' title='bbox 1524 627 1582 678; x_wconf 91' lang='lat' dir='ltr'><strong>et</strong></span> <span class='ocrx_word' id='word_1_49' title='bbox 1605 623 1754 678; x_wconf 81' lang='lat' dir='ltr'><strong>vivat</strong></span> <span class='ocrx_word' id='word_1_50' title='bbox 1799 624 1935 690; x_wconf 90' lang='lat' dir='ltr'><strong>Deo,</strong></span> <span class='ocrx_word' id='word_1_51' title='bbox 1969 622 2116 696; x_wconf 92' lang='lat' dir='ltr'><strong>quod</strong></span> <span class='ocrx_word' id='word_1_52' title='bbox 2197 623 2300 678; x_wconf 88' lang='lat' dir='ltr'><strong>Dei</strong></span> <span class='ocrx_word' id='word_1_53' title='bbox 2341 621 2494 692; x_wconf 83' lang='lat' dir='ltr'><strong>facit,</strong></span> <span class='ocrx_word' id='word_1_54' title='bbox 2527 626 2592 678; x_wconf 90' lang='lat' dir='ltr'><strong>ut</strong></span> <span class='ocrx_word' id='word_1_55' title='bbox 2640 621 2816 694; x_wconf 85' lang='lat' dir='ltr'><strong>aliqui</strong></span> <span class='ocrx_word' id='word_1_56' title='bbox 2871 638 2940 675; x_wconf 86' lang='lat' dir='ltr'><strong>ex</strong></span> <span class='ocrx_word' id='word_1_57' title='bbox 2987 620 3117 675; x_wconf 91' lang='lat' dir='ltr'><strong>ﬁliis</strong></span> <span class='ocrx_word' id='word_1_58' title='bbox 3162 620 3265 676; x_wconf 87' lang='lat' dir='ltr'><strong>Dei</strong></span> <span class='ocrx_word' id='word_1_59' title='bbox 3296 621 3391 676; x_wconf 89' lang='lat' dir='ltr'><strong>ﬁlii</strong></span> <span class='ocrx_word' id='word_1_60' title='bbox 3416 623 3520 679; x_wconf 91' lang='lat' dir='ltr'><strong>sint</strong></span> <span class='ocrx_word' id='word_1_61' title='bbox 3541 625 3725 696; x_wconf 87' lang='lat' dir='ltr'><strong>diaboli,</strong></span> 
     </span>
    </p>
   </div>
   <div class='ocr_carea' id='block_1_5' title="bbox 511 709 3730 785">
    <p class='ocr_par' dir='ltr' id='par_1_5' title="bbox 511 709 3730 785">
     <span class='ocr_line' id='line_1_5' title="bbox 511 709 3730 785; baseline -0.001 -19"><span class='ocrx_word' id='word_1_62' title='bbox 511 711 634 766; x_wconf 85' lang='lat' dir='ltr'><strong>sine</strong></span> <span class='ocrx_word' id='word_1_63' title='bbox 661 710 846 782; x_wconf 88' lang='lat' dir='ltr'><strong>gratia</strong></span> <span class='ocrx_word' id='word_1_64' title='bbox 868 710 970 766; x_wconf 91' lang='lat' dir='ltr'><strong>Dei</strong></span> <span class='ocrx_word' id='word_1_65' title='bbox 1001 709 1186 765; x_wconf 89' lang='lat' dir='ltr'><strong>facere</strong></span> <span class='ocrx_word' id='word_1_66' title='bbox 1231 728 1344 766; x_wconf 91' lang='lat' dir='ltr'><strong>non</strong></span> <span class='ocrx_word' id='word_1_67' title='bbox 1384 718 1588 784; x_wconf 86' lang='lat' dir='ltr'><strong>potest,</strong></span> <span class='ocrx_word' id='word_1_68' title='bbox 1618 713 1750 785; x_wconf 87' lang='lat' dir='ltr'><strong>quia</strong></span> <span class='ocrx_word' id='word_1_69' title='bbox 1800 712 2118 768; x_wconf 90' lang='lat' dir='ltr'><strong>libertatem</strong></span> <span class='ocrx_word' id='word_1_70' title='bbox 2199 717 2299 767; x_wconf 92' lang='lat' dir='ltr'><strong>aut</strong></span> <span class='ocrx_word' id='word_1_71' title='bbox 2317 729 2382 766; x_wconf 84' lang='lat' dir='ltr'><strong>ex</strong></span> <span class='ocrx_word' id='word_1_72' title='bbox 2407 711 2618 784; x_wconf 89' lang='lat' dir='ltr'><strong>templo</strong></span> <span class='ocrx_word' id='word_1_73' title='bbox 2665 710 2846 766; x_wconf 82' lang='lat' dir='ltr'><strong>sancti</strong></span> <span class='ocrx_word' id='word_1_74' title='bbox 2891 709 3132 782; x_wconf 84' lang='lat' dir='ltr'><strong>Spiritus</strong></span> <span class='ocrx_word' id='word_1_75' title='bbox 3175 710 3382 782; x_wconf 88' lang='lat' dir='ltr'><strong>templa</strong></span> <span class='ocrx_word' id='word_1_76' title='bbox 3430 711 3535 768; x_wconf 89' lang='lat' dir='ltr'><strong>sint</strong></span> <span class='ocrx_word' id='word_1_77' title='bbox 3558 714 3730 772; x_wconf 67' lang='lat' dir='ltr'><strong>demo-</strong></span> 
     </span>
    </p>
   </div>
   <div class='ocr_carea' id='block_1_6' title="bbox 513 797 3731 874">
    <p class='ocr_par' dir='ltr' id='par_1_6' title="bbox 513 797 3731 874">
     <span class='ocr_line' id='line_1_6' title="bbox 513 797 3731 874; baseline 0.002 -20"><span class='ocrx_word' id='word_1_78' title='bbox 513 816 686 872; x_wconf 91' lang='lat' dir='ltr'><strong>quam</strong></span> <span class='ocrx_word' id='word_1_79' title='bbox 713 799 980 871; x_wconf 87' lang='lat' dir='ltr'><strong>perdidit,</strong></span> <span class='ocrx_word' id='word_1_80' title='bbox 1015 799 1123 854; x_wconf 90' lang='lat' dir='ltr'><strong>nisi</strong></span> <span class='ocrx_word' id='word_1_81' title='bbox 1153 799 1376 855; x_wconf 87' lang='lat' dir='ltr'><strong>Christo</strong></span> <span class='ocrx_word' id='word_1_82' title='bbox 1425 801 1702 857; x_wconf 90' lang='lat' dir='ltr'><strong>liberante</strong></span> <span class='ocrx_word' id='word_1_83' title='bbox 1753 819 1865 858; x_wconf 91' lang='lat' dir='ltr'><strong>non</strong></span> <span class='ocrx_word' id='word_1_84' title='bbox 1896 800 2113 874; x_wconf 86' lang='lat' dir='ltr'><strong>recipit.</strong></span> <span class='ocrx_word' id='word_1_85' title='bbox 2197 816 2354 868; x_wconf 88' lang='lat' dir='ltr'><strong>num,</strong></span> <span class='ocrx_word' id='word_1_86' title='bbox 2389 806 2489 856; x_wconf 91' lang='lat' dir='ltr'><strong>aut</strong></span> <span class='ocrx_word' id='word_1_87' title='bbox 2515 817 2581 854; x_wconf 86' lang='lat' dir='ltr'><strong>ex</strong></span> <span class='ocrx_word' id='word_1_88' title='bbox 2609 798 2875 855; x_wconf 88' lang='lat' dir='ltr'><strong>membris</strong></span> <span class='ocrx_word' id='word_1_89' title='bbox 2902 797 3110 853; x_wconf 84' lang='lat' dir='ltr'><strong>Christi</strong></span> <span class='ocrx_word' id='word_1_90' title='bbox 3157 798 3298 854; x_wconf 89' lang='lat' dir='ltr'><strong>ﬁant</strong></span> <span class='ocrx_word' id='word_1_91' title='bbox 3334 799 3564 857; x_wconf 85' lang='lat' dir='ltr'><strong>membra</strong></span> <span class='ocrx_word' id='word_1_92' title='bbox 3588 820 3731 860; x_wconf 84' lang='lat' dir='ltr'><strong>mere-</strong></span> 
     </span>
    </p>
   </div>
   <div class='ocr_carea' id='block_1_7' title="bbox 513 886 3730 962">
    <p class='ocr_par' dir='ltr' id='par_1_7' title="bbox 513 886 3730 962">
     <span class='ocr_line' id='line_1_7' title="bbox 513 886 3730 962; baseline 0.001 -17"><span class='ocrx_word' id='word_1_93' title='bbox 513 890 642 945; x_wconf 89' lang='lat' dir='ltr'><strong>Non</strong></span> <span class='ocrx_word' id='word_1_94' title='bbox 671 894 759 944; x_wconf 90' lang='lat' dir='ltr'><strong>est</strong></span> <span class='ocrx_word' id='word_1_95' title='bbox 785 888 936 943; x_wconf 90' lang='lat' dir='ltr'><strong>enim</strong></span> <span class='ocrx_word' id='word_1_96' title='bbox 965 889 1120 944; x_wconf 86' lang='lat' dir='ltr'><strong>aliud</strong></span> <span class='ocrx_word' id='word_1_97' title='bbox 1147 905 1352 945; x_wconf 87' lang='lat' dir='ltr'><strong>nomen</strong></span> <span class='ocrx_word' id='word_1_98' title='bbox 1381 890 1484 946; x_wconf 90' lang='lat' dir='ltr'><strong>sub</strong></span> <span class='ocrx_word' id='word_1_99' title='bbox 1507 891 1646 946; x_wconf 72' lang='lat' dir='ltr'><strong>coelo</strong></span> <span class='ocrx_word' id='word_1_100' title='bbox 1667 891 1858 946; x_wconf 90' lang='lat' dir='ltr'><strong>datum</strong></span> <span class='ocrx_word' id='word_1_101' title='bbox 1872 890 2118 946; x_wconf 90' lang='lat' dir='ltr'><strong>homini-</strong></span> <span class='ocrx_word' id='word_1_102' title='bbox 2198 890 2387 958; x_wconf 86' lang='lat' dir='ltr'><strong>tricis;</strong></span> <span class='ocrx_word' id='word_1_103' title='bbox 2429 889 2526 945; x_wconf 90' lang='lat' dir='ltr'><strong>sed</strong></span> <span class='ocrx_word' id='word_1_104' title='bbox 2583 889 2772 962; x_wconf 88' lang='lat' dir='ltr'><strong>potius</strong></span> <span class='ocrx_word' id='word_1_105' title='bbox 2817 886 3236 960; x_wconf 71' lang='lat' dir='ltr'><strong>praedestinatio</strong></span> <span class='ocrx_word' id='word_1_106' title='bbox 3288 887 3414 942; x_wconf 82' lang='lat' dir='ltr'><strong>facit</strong></span> <span class='ocrx_word' id='word_1_107' title='bbox 3450 895 3510 944; x_wconf 92' lang='lat' dir='ltr'><strong>ut</strong></span> <span class='ocrx_word' id='word_1_108' title='bbox 3547 908 3605 946; x_wconf 78' lang='lat' dir='ltr'><strong>ex</strong></span> <span class='ocrx_word' id='word_1_109' title='bbox 3625 893 3730 949; x_wconf 82' lang='lat' dir='ltr'><strong>ﬁliis</strong></span> 
     </span>
    </p>
   </div>
   <div class='ocr_carea' id='block_1_8' title="bbox 511 975 3730 1052">
    <p class='ocr_par' dir='ltr' id='par_1_8' title="bbox 511 975 3730 1052">
     <span class='ocr_line' id='line_1_8' title="bbox 511 975 3730 1052; baseline 0.002 -20"><span class='ocrx_word' id='word_1_110' title='bbox 511 977 636 1046; x_wconf 92' lang='lat' dir='ltr'><strong>bus,</strong></span> <span class='ocrx_word' id='word_1_111' title='bbox 683 978 742 1032; x_wconf 90' lang='lat' dir='ltr'><strong>in</strong></span> <span class='ocrx_word' id='word_1_112' title='bbox 787 994 896 1050; x_wconf 91' lang='lat' dir='ltr'><strong>quo</strong></span> <span class='ocrx_word' id='word_1_113' title='bbox 931 983 1190 1049; x_wconf 84' lang='lat' dir='ltr'><strong>oporteat</strong></span> <span class='ocrx_word' id='word_1_114' title='bbox 1235 979 1416 1034; x_wconf 89' lang='lat' dir='ltr'><strong>salvos</strong></span> <span class='ocrx_word' id='word_1_115' title='bbox 1447 980 1587 1034; x_wconf 87' lang='lat' dir='ltr'><strong>ﬁeri.</strong></span> <span class='ocrx_word' id='word_1_116' title='bbox 1632 1000 1656 1032; x_wconf 73' lang='grc' dir='ltr'><strong><em>ι</em></strong></span> <span class='ocrx_word' id='word_1_117' title='bbox 1694 981 1946 1052; x_wconf 75' lang='lat' dir='ltr'><strong>(Objectz&#39;o</strong></span> <span class='ocrx_word' id='word_1_118' title='bbox 1986 981 2118 1035; x_wconf 75' lang='lat' dir='ltr'><strong>Vin-</strong></span> <span class='ocrx_word' id='word_1_119' title='bbox 2199 977 2406 1034; x_wconf 89' lang='lat' dir='ltr'><strong>diaboli</strong></span> <span class='ocrx_word' id='word_1_120' title='bbox 2434 979 2575 1034; x_wconf 89' lang='lat' dir='ltr'><strong>ﬁant</strong></span> <span class='ocrx_word' id='word_1_121' title='bbox 2601 977 2702 1033; x_wconf 88' lang='lat' dir='ltr'><strong>ﬁlii</strong></span> <span class='ocrx_word' id='word_1_122' title='bbox 2723 977 2844 1046; x_wconf 89' lang='lat' dir='ltr'><strong>Dei,</strong></span> <span class='ocrx_word' id='word_1_123' title='bbox 2867 983 2934 1032; x_wconf 92' lang='lat' dir='ltr'><strong>ut</strong></span> <span class='ocrx_word' id='word_1_124' title='bbox 2961 993 3026 1031; x_wconf 83' lang='lat' dir='ltr'><strong>ex</strong></span> <span class='ocrx_word' id='word_1_125' title='bbox 3055 975 3281 1048; x_wconf 81' lang='lat' dir='ltr'><strong>templis</strong></span> <span class='ocrx_word' id='word_1_126' title='bbox 3302 975 3590 1035; x_wconf 67' lang='lat' dir='ltr'><strong>daemonum</strong></span> <span class='ocrx_word' id='word_1_127' title='bbox 3612 987 3730 1039; x_wconf 82' lang='lat' dir='ltr'><strong>tem-</strong></span> 
     </span>
    </p>
   </div>
   <div class='ocr_carea' id='block_1_9' title="bbox 514 1064 3725 1142">
    <p class='ocr_par' dir='ltr' id='par_1_9' title="bbox 514 1064 3725 1142">
     <span class='ocr_line' id='line_1_9' title="bbox 514 1064 3725 1142; baseline 0 -19"><span class='ocrx_word' id='word_1_128' title='bbox 514 1072 654 1124; x_wconf 79' lang='lat' dir='ltr'><strong>cent.</strong></span> <span class='ocrx_word' id='word_1_129' title='bbox 679 1071 756 1138; x_wconf 87' lang='lat' dir='ltr'><strong>x.)</strong></span> <span class='ocrx_word' id='word_1_130' title='bbox 785 1085 808 1119; x_wconf 71' lang='grc' dir='ltr'>ι</span> <span class='ocrx_word' id='word_1_131' title='bbox 832 1066 993 1132; x_wconf 87' lang='lat' dir='ltr'><strong>Quod</strong></span> <span class='ocrx_word' id='word_1_132' title='bbox 1012 1072 1201 1122; x_wconf 89' lang='lat' dir='ltr'><strong>autem</strong></span> <span class='ocrx_word' id='word_1_133' title='bbox 1224 1067 1449 1138; x_wconf 90' lang='lat' dir='ltr'><strong>quidam</strong></span> <span class='ocrx_word' id='word_1_134' title='bbox 1467 1069 1662 1124; x_wconf 91' lang='lat' dir='ltr'><strong>dicunt</strong></span> <span class='ocrx_word' id='word_1_135' title='bbox 1673 1069 1823 1142; x_wconf 93' lang='lat' dir='ltr'><strong>quod</strong></span> <span class='ocrx_word' id='word_1_136' title='bbox 1840 1068 2120 1124; x_wconf 89' lang='lat' dir='ltr'><strong>adulteria</strong></span> <span class='ocrx_word' id='word_1_137' title='bbox 2199 1069 2356 1140; x_wconf 89' lang='lat' dir='ltr'><strong>plum</strong></span> <span class='ocrx_word' id='word_1_138' title='bbox 2388 1068 2462 1123; x_wconf 90' lang='lat' dir='ltr'><strong>sit</strong></span> <span class='ocrx_word' id='word_1_139' title='bbox 2487 1067 2730 1140; x_wconf 89' lang='lat' dir='ltr'><strong>Spiritus</strong></span> <span class='ocrx_word' id='word_1_140' title='bbox 2757 1065 2957 1134; x_wconf 87' lang='lat' dir='ltr'><strong>sancti,</strong></span> <span class='ocrx_word' id='word_1_141' title='bbox 2987 1069 3046 1120; x_wconf 91' lang='lat' dir='ltr'><strong>et</strong></span> <span class='ocrx_word' id='word_1_142' title='bbox 3071 1082 3138 1121; x_wconf 83' lang='lat' dir='ltr'><strong>ex</strong></span> <span class='ocrx_word' id='word_1_143' title='bbox 3166 1064 3429 1122; x_wconf 75' lang='lat' dir='ltr'><strong>membris</strong></span> <span class='ocrx_word' id='word_1_144' title='bbox 3453 1070 3725 1140; x_wconf 70' lang='lat' dir='ltr'><strong>meretricis,</strong></span> 
     </span>
    </p>
   </div>
   <div class='ocr_carea' id='block_1_10' title="bbox 514 1153 3730 1230">
    <p class='ocr_par' dir='ltr' id='par_1_10' title="bbox 514 1153 3730 1230">
     <span class='ocr_line' id='line_1_10' title="bbox 514 1153 3730 1230; baseline 0.001 -18"><span class='ocrx_word' id='word_1_145' title='bbox 514 1161 573 1212; x_wconf 90' lang='lat' dir='ltr'><strong>et</strong></span> <span class='ocrx_word' id='word_1_146' title='bbox 587 1157 934 1228; x_wconf 86' lang='lat' dir='ltr'><strong>corruptelas</strong></span> <span class='ocrx_word' id='word_1_147' title='bbox 961 1155 1244 1227; x_wconf 85' lang='lat' dir='ltr'><strong>virginum</strong></span> <span class='ocrx_word' id='word_1_148' title='bbox 1275 1173 1581 1226; x_wconf 89' lang='lat' dir='ltr'><strong>sacrarum,</strong></span> <span class='ocrx_word' id='word_1_149' title='bbox 1618 1158 1922 1214; x_wconf 90' lang='lat' dir='ltr'><strong>homicidia</strong></span> <span class='ocrx_word' id='word_1_150' title='bbox 1947 1163 2118 1230; x_wconf 91' lang='lat' dir='ltr'><strong>atque</strong></span> <span class='ocrx_word' id='word_1_151' title='bbox 2198 1157 2454 1214; x_wconf 90' lang='lat' dir='ltr'><strong>membra</strong></span> <span class='ocrx_word' id='word_1_152' title='bbox 2489 1157 2605 1212; x_wconf 91' lang='lat' dir='ltr'><strong>sint</strong></span> <span class='ocrx_word' id='word_1_153' title='bbox 2646 1155 2853 1212; x_wconf 86' lang='lat' dir='ltr'><strong>Christi</strong></span> <span class='ocrx_word' id='word_1_154' title='bbox 2885 1155 3060 1226; x_wconf 91' lang='lat' dir='ltr'><strong>:quia</strong></span> <span class='ocrx_word' id='word_1_155' title='bbox 3101 1155 3225 1227; x_wconf 89' lang='lat' dir='ltr'><strong>ipse</strong></span> <span class='ocrx_word' id='word_1_156' title='bbox 3253 1153 3444 1227; x_wconf 83' lang='lat' dir='ltr'><strong>alligat</strong></span> <span class='ocrx_word' id='word_1_157' title='bbox 3481 1155 3730 1226; x_wconf 85' lang='lat' dir='ltr'><strong>fortem,et</strong></span> 
     </span>
    </p>
   </div>
   <div class='ocr_carea' id='block_1_11' title="bbox 511 1243 3726 1319">
    <p class='ocr_par' dir='ltr' id='par_1_11' title="bbox 511 1243 3726 1319">
     <span class='ocr_line' id='line_1_11' title="bbox 511 1243 3726 1319; baseline 0 -17"><span class='ocrx_word' id='word_1_158' title='bbox 511 1251 716 1302; x_wconf 63' lang='lat' dir='ltr'><strong>caetera</strong></span> <span class='ocrx_word' id='word_1_159' title='bbox 742 1245 958 1316; x_wconf 87' lang='lat' dir='ltr'><strong>ﬂagitia</strong></span> <span class='ocrx_word' id='word_1_160' title='bbox 982 1245 1108 1300; x_wconf 91' lang='lat' dir='ltr'><strong>ideo</strong></span> <span class='ocrx_word' id='word_1_161' title='bbox 1137 1245 1306 1301; x_wconf 89' lang='lat' dir='ltr'><strong>homo</strong></span> <span class='ocrx_word' id='word_1_162' title='bbox 1336 1247 1680 1302; x_wconf 88' lang='lat' dir='ltr'><strong>commiserit</strong></span> <span class='ocrx_word' id='word_1_163' title='bbox 1705 1247 1836 1319; x_wconf 89' lang='lat' dir='ltr'><strong>quia</strong></span> <span class='ocrx_word' id='word_1_164' title='bbox 1864 1263 1977 1302; x_wconf 91' lang='lat' dir='ltr'><strong>non</strong></span> <span class='ocrx_word' id='word_1_165' title='bbox 1993 1263 2118 1319; x_wconf 92' lang='lat' dir='ltr'><strong>pos-</strong></span> <span class='ocrx_word' id='word_1_166' title='bbox 2197 1263 2331 1302; x_wconf 89' lang='lat' dir='ltr'><strong>vasa</strong></span> <span class='ocrx_word' id='word_1_167' title='bbox 2355 1247 2479 1319; x_wconf 88' lang='lat' dir='ltr'><strong>ejus</strong></span> <span class='ocrx_word' id='word_1_168' title='bbox 2508 1246 2676 1318; x_wconf 88' lang='lat' dir='ltr'><strong>rapit,</strong></span> <span class='ocrx_word' id='word_1_169' title='bbox 2695 1261 2898 1300; x_wconf 88' lang='lat' dir='ltr'><strong>eruens</strong></span> <span class='ocrx_word' id='word_1_170' title='bbox 2915 1259 2984 1298; x_wconf 90' lang='lat' dir='ltr'><strong>ea</strong></span> <span class='ocrx_word' id='word_1_171' title='bbox 3007 1243 3077 1298; x_wconf 91' lang='lat' dir='ltr'><strong>de</strong></span> <span class='ocrx_word' id='word_1_172' title='bbox 3105 1249 3382 1316; x_wconf 86' lang='lat' dir='ltr'><strong>potestate</strong></span> <span class='ocrx_word' id='word_1_173' title='bbox 3406 1244 3726 1316; x_wconf 80' lang='lat' dir='ltr'><strong>tenebrarum,</strong></span> 
     </span>
    </p>
   </div>
   <div class='ocr_carea' id='block_1_12' title="bbox 513 1331 3726 1407">
    <p class='ocr_par' dir='ltr' id='par_1_12' title="bbox 513 1331 3726 1407">
     <span class='ocr_line' id='line_1_12' title="bbox 513 1331 3726 1407; baseline 0.001 -18"><span class='ocrx_word' id='word_1_174' title='bbox 513 1333 588 1390; x_wconf 89' lang='lat' dir='ltr'><strong>sit</strong></span> <span class='ocrx_word' id='word_1_175' title='bbox 613 1335 710 1388; x_wconf 86' lang='lat' dir='ltr'><strong>illa</strong></span> <span class='ocrx_word' id='word_1_176' title='bbox 728 1333 926 1402; x_wconf 89' lang='lat' dir='ltr'><strong>vitare,</strong></span> <span class='ocrx_word' id='word_1_177' title='bbox 943 1334 1103 1405; x_wconf 90' lang='lat' dir='ltr'><strong>quasi</strong></span> <span class='ocrx_word' id='word_1_178' title='bbox 1125 1333 1251 1390; x_wconf 89' lang='lat' dir='ltr'><strong>illas</strong></span> <span class='ocrx_word' id='word_1_179' title='bbox 1274 1335 1423 1389; x_wconf 91' lang='lat' dir='ltr'><strong>Deus</strong></span> <span class='ocrx_word' id='word_1_180' title='bbox 1445 1350 1712 1406; x_wconf 87' lang='lat' dir='ltr'><strong>personas</strong></span> <span class='ocrx_word' id='word_1_181' title='bbox 1743 1335 1814 1389; x_wconf 85' lang='lat' dir='ltr'><strong>ad</strong></span> <span class='ocrx_word' id='word_1_182' title='bbox 1835 1335 1940 1389; x_wconf 90' lang='lat' dir='ltr'><strong>hoc</strong></span> <span class='ocrx_word' id='word_1_183' title='bbox 1968 1351 2114 1407; x_wconf 69' lang='lat' dir='ltr'><strong>prae-</strong></span> <span class='ocrx_word' id='word_1_184' title='bbox 2197 1341 2254 1392; x_wconf 91' lang='lat' dir='ltr'><strong>et</strong></span> <span class='ocrx_word' id='word_1_185' title='bbox 2276 1335 2622 1390; x_wconf 84' lang='lat' dir='ltr'><strong>transferens</strong></span> <span class='ocrx_word' id='word_1_186' title='bbox 2651 1333 2720 1388; x_wconf 91' lang='lat' dir='ltr'><strong>de</strong></span> <span class='ocrx_word' id='word_1_187' title='bbox 2739 1331 3084 1388; x_wconf 88' lang='lat' dir='ltr'><strong>contumelia</strong></span> <span class='ocrx_word' id='word_1_188' title='bbox 3121 1331 3182 1387; x_wconf 91' lang='lat' dir='ltr'><strong>in</strong></span> <span class='ocrx_word' id='word_1_189' title='bbox 3219 1331 3472 1404; x_wconf 87' lang='lat' dir='ltr'><strong>gloriam.</strong></span> <span class='ocrx_word' id='word_1_190' title='bbox 3492 1333 3554 1390; x_wconf 85' lang='lat' dir='ltr'><strong>Hi</strong></span> <span class='ocrx_word' id='word_1_191' title='bbox 3577 1339 3726 1394; x_wconf 84' lang='lat' dir='ltr'><strong>autem</strong></span> 
     </span>
    </p>
   </div>
   <div class='ocr_carea' id='block_1_13' title="bbox 510 1419 3726 1496">
    <p class='ocr_par' dir='ltr' id='par_1_13' title="bbox 510 1419 3726 1496">
     <span class='ocr_line' id='line_1_13' title="bbox 510 1419 3726 1496; baseline 0.002 -20"><span class='ocrx_word' id='word_1_192' title='bbox 510 1421 950 1478; x_wconf 87' lang='lat' dir='ltr'><strong>destinaveritut</strong></span> <span class='ocrx_word' id='word_1_193' title='bbox 964 1429 1116 1478; x_wconf 90' lang='lat' dir='ltr'><strong>certo</strong></span> <span class='ocrx_word' id='word_1_194' title='bbox 1135 1427 1390 1495; x_wconf 89' lang='lat' dir='ltr'><strong>tempore</strong></span> <span class='ocrx_word' id='word_1_195' title='bbox 1418 1424 1478 1479; x_wconf 90' lang='lat' dir='ltr'><strong>in</strong></span> <span class='ocrx_word' id='word_1_196' title='bbox 1492 1423 1729 1479; x_wconf 87' lang='lat' dir='ltr'><strong>diversis</strong></span> <span class='ocrx_word' id='word_1_197' title='bbox 1769 1424 1919 1479; x_wconf 89' lang='lat' dir='ltr'><strong>vitiis</strong></span> <span class='ocrx_word' id='word_1_198' title='bbox 1947 1423 2112 1480; x_wconf 91' lang='lat' dir='ltr'><strong>cade-</strong></span> <span class='ocrx_word' id='word_1_199' title='bbox 2196 1424 2266 1480; x_wconf 91' lang='lat' dir='ltr'><strong>de</strong></span> <span class='ocrx_word' id='word_1_200' title='bbox 2295 1423 2498 1496; x_wconf 86' lang='lat' dir='ltr'><strong>quibus</strong></span> <span class='ocrx_word' id='word_1_201' title='bbox 2518 1423 2724 1478; x_wconf 91' lang='lat' dir='ltr'><strong>dicitur</strong></span> <span class='ocrx_word' id='word_1_202' title='bbox 2750 1441 2762 1476; x_wconf 91' lang='lat'><strong>:</strong></span> <span class='ocrx_word' id='word_1_203' title='bbox 2801 1441 2828 1476; x_wconf 77' lang='grc' dir='ltr'><strong>α</strong></span> <span class='ocrx_word' id='word_1_204' title='bbox 2861 1422 2940 1476; x_wconf 84' lang='lat' dir='ltr'><strong>Ex</strong></span> <span class='ocrx_word' id='word_1_205' title='bbox 2959 1419 3122 1476; x_wconf 89' lang='lat' dir='ltr'><strong>nobis</strong></span> <span class='ocrx_word' id='word_1_206' title='bbox 3157 1421 3512 1491; x_wconf 87' lang='lat' dir='ltr'><strong>transierunt,</strong></span> <span class='ocrx_word' id='word_1_207' title='bbox 3537 1423 3620 1480; x_wconf 86' lang='lat' dir='ltr'><strong>sed</strong></span> <span class='ocrx_word' id='word_1_208' title='bbox 3639 1441 3726 1482; x_wconf 80' lang='lat' dir='ltr'><strong>non</strong></span> 
     </span>
    </p>
   </div>
   <div class='ocr_carea' id='block_1_14' title="bbox 513 1509 3728 1585">
    <p class='ocr_par' dir='ltr' id='par_1_14' title="bbox 513 1509 3728 1585">
     <span class='ocr_line' id='line_1_14' title="bbox 513 1509 3728 1585; baseline 0.001 -19"><span class='ocrx_word' id='word_1_209' title='bbox 513 1517 660 1578; x_wconf 90' lang='lat' dir='ltr'><strong>rent,</strong></span> <span class='ocrx_word' id='word_1_210' title='bbox 691 1512 1024 1567; x_wconf 83' lang='lat' dir='ltr'><strong>detestanda</strong></span> <span class='ocrx_word' id='word_1_211' title='bbox 1053 1512 1281 1585; x_wconf 90' lang='lat' dir='ltr'><strong>quidem</strong></span> <span class='ocrx_word' id='word_1_212' title='bbox 1309 1519 1366 1568; x_wconf 91' lang='lat' dir='ltr'><strong>et</strong></span> <span class='ocrx_word' id='word_1_213' title='bbox 1390 1512 1767 1568; x_wconf 87' lang='lat' dir='ltr'><strong>abominanda</strong></span> <span class='ocrx_word' id='word_1_214' title='bbox 1781 1513 1934 1568; x_wconf 90' lang='lat' dir='ltr'><strong>omni</strong></span> <span class='ocrx_word' id='word_1_215' title='bbox 1959 1514 2116 1569; x_wconf 87' lang='lat' dir='ltr'><strong>Chri-</strong></span> <span class='ocrx_word' id='word_1_216' title='bbox 2199 1532 2226 1568; x_wconf 86' lang='grc'><strong>‹‹</strong></span> <span class='ocrx_word' id='word_1_217' title='bbox 2259 1514 2491 1568; x_wconf 89' lang='lat' dir='ltr'><strong>fuerunt</strong></span> <span class='ocrx_word' id='word_1_218' title='bbox 2520 1529 2588 1568; x_wconf 85' lang='lat' dir='ltr'><strong>ex</strong></span> <span class='ocrx_word' id='word_1_219' title='bbox 2609 1511 2789 1574; x_wconf 86' lang='lat' dir='ltr'><strong>nobis,</strong></span> <span class='ocrx_word' id='word_1_220' title='bbox 2811 1510 2860 1566; x_wconf 92' lang='lat' dir='ltr'><strong>si</strong></span> <span class='ocrx_word' id='word_1_221' title='bbox 2889 1509 3039 1566; x_wconf 90' lang='lat' dir='ltr'><strong>enim</strong></span> <span class='ocrx_word' id='word_1_222' title='bbox 3068 1509 3312 1566; x_wconf 88' lang='lat' dir='ltr'><strong>fuissent</strong></span> <span class='ocrx_word' id='word_1_223' title='bbox 3330 1527 3396 1566; x_wconf 81' lang='lat' dir='ltr'><strong>ex</strong></span> <span class='ocrx_word' id='word_1_224' title='bbox 3439 1509 3580 1566; x_wconf 89' lang='lat' dir='ltr'><strong>nobis</strong></span> <span class='ocrx_word' id='word_1_225' title='bbox 3607 1529 3728 1570; x_wconf 80' lang='lat' dir='ltr'><strong>man-</strong></span> 
     </span>
    </p>
   </div>
   <div class='ocr_carea' id='block_1_15' title="bbox 512 1598 3727 1675">
    <p class='ocr_par' dir='ltr' id='par_1_15' title="bbox 512 1598 3727 1675">
     <span class='ocr_line' id='line_1_15' title="bbox 512 1598 3727 1675; baseline 0.001 -19"><span class='ocrx_word' id='word_1_226' title='bbox 512 1601 697 1656; x_wconf 89' lang='lat' dir='ltr'><strong>stiano</strong></span> <span class='ocrx_word' id='word_1_227' title='bbox 719 1601 836 1656; x_wconf 63' lang='lat' dir='ltr'><strong>haec</strong></span> <span class='ocrx_word' id='word_1_228' title='bbox 864 1601 1051 1673; x_wconf 90' lang='lat' dir='ltr'><strong>opinio</strong></span> <span class='ocrx_word' id='word_1_229' title='bbox 1083 1607 1186 1668; x_wconf 89' lang='lat' dir='ltr'><strong>est,</strong></span> <span class='ocrx_word' id='word_1_230' title='bbox 1221 1618 1332 1674; x_wconf 89' lang='lat' dir='ltr'><strong>qua</strong></span> <span class='ocrx_word' id='word_1_231' title='bbox 1358 1603 1539 1658; x_wconf 90' lang='lat' dir='ltr'><strong>Deum</strong></span> <span class='ocrx_word' id='word_1_232' title='bbox 1574 1604 1907 1675; x_wconf 88' lang='lat' dir='ltr'><strong>cujusquam</strong></span> <span class='ocrx_word' id='word_1_233' title='bbox 1955 1603 2116 1658; x_wconf 89' lang='lat' dir='ltr'><strong>malae</strong></span> <span class='ocrx_word' id='word_1_234' title='bbox 2201 1621 2226 1656; x_wconf 88' lang='grc'><strong>‹‹</strong></span> <span class='ocrx_word' id='word_1_235' title='bbox 2258 1603 2465 1658; x_wconf 88' lang='lat' dir='ltr'><strong>sissent</strong></span> <span class='ocrx_word' id='word_1_236' title='bbox 2517 1604 2713 1673; x_wconf 86' lang='lat' dir='ltr'><strong>utique</strong></span> <span class='ocrx_word' id='word_1_237' title='bbox 2765 1598 3076 1668; x_wconf 88' lang='lat' dir='ltr'><strong>nobiscum,</strong></span> <span class='ocrx_word' id='word_1_238' title='bbox 3107 1617 3134 1652; x_wconf 64' lang='grc' dir='ltr'><strong>η</strong></span> <span class='ocrx_word' id='word_1_239' title='bbox 3165 1601 3215 1668; x_wconf 89' lang='grc'><strong>(1</strong></span> <span class='ocrx_word' id='word_1_240' title='bbox 3241 1601 3400 1654; x_wconf 86' lang='lat' dir='ltr'><strong>Joan.</strong></span> <span class='ocrx_word' id='word_1_241' title='bbox 3428 1613 3485 1668; x_wconf 78' lang='lat' dir='ltr'><strong>II,</strong></span> <span class='ocrx_word' id='word_1_242' title='bbox 3515 1600 3589 1670; x_wconf 85' lang='lat' dir='ltr'><strong>l9)</strong></span> <span class='ocrx_word' id='word_1_243' title='bbox 3607 1619 3629 1654; x_wconf 81' lang='grc' dir='ltr'>ι</span> <span class='ocrx_word' id='word_1_244' title='bbox 3653 1619 3727 1658; x_wconf 84' lang='lat' dir='ltr'><strong>vo-</strong></span> 
     </span>
    </p>
   </div>
   <div class='ocr_carea' id='block_1_16' title="bbox 513 1687 3728 1764">
    <p class='ocr_par' dir='ltr' id='par_1_16' title="bbox 513 1687 3728 1764">
     <span class='ocr_line' id='line_1_16' title="bbox 513 1687 3728 1764; baseline 0.001 -20"><span class='ocrx_word' id='word_1_245' title='bbox 513 1690 816 1745; x_wconf 83' lang='lat' dir='ltr'><strong>voluntatis</strong></span> <span class='ocrx_word' id='word_1_246' title='bbox 844 1695 945 1744; x_wconf 90' lang='lat' dir='ltr'><strong>aut</strong></span> <span class='ocrx_word' id='word_1_247' title='bbox 972 1690 1132 1746; x_wconf 87' lang='lat' dir='ltr'><strong>malae</strong></span> <span class='ocrx_word' id='word_1_248' title='bbox 1152 1691 1387 1746; x_wconf 89' lang='lat' dir='ltr'><strong>actionis</strong></span> <span class='ocrx_word' id='word_1_249' title='bbox 1417 1692 1594 1746; x_wconf 86' lang='lat' dir='ltr'><strong>credit</strong></span> <span class='ocrx_word' id='word_1_250' title='bbox 1613 1696 1932 1748; x_wconf 91' lang='lat' dir='ltr'><strong>auctorem:</strong></span> <span class='ocrx_word' id='word_1_251' title='bbox 1955 1693 2116 1764; x_wconf 88' lang='lat' dir='ltr'><strong>cujus</strong></span> <span class='ocrx_word' id='word_1_252' title='bbox 2197 1692 2414 1748; x_wconf 90' lang='lat' dir='ltr'><strong>luntate</strong></span> <span class='ocrx_word' id='word_1_253' title='bbox 2469 1691 2744 1758; x_wconf 86' lang='lat' dir='ltr'><strong>exierunt,</strong></span> <span class='ocrx_word' id='word_1_254' title='bbox 2802 1689 3092 1744; x_wconf 83' lang='lat' dir='ltr'><strong>voluntate</strong></span> <span class='ocrx_word' id='word_1_255' title='bbox 3147 1687 3498 1758; x_wconf 87' lang='lat' dir='ltr'><strong>ceciderunt;</strong></span> <span class='ocrx_word' id='word_1_256' title='bbox 3535 1693 3585 1745; x_wconf 89' lang='lat' dir='ltr'><strong>et</strong></span> <span class='ocrx_word' id='word_1_257' title='bbox 3624 1690 3728 1763; x_wconf 80' lang='lat' dir='ltr'><strong>quia</strong></span> 
     </span>
    </p>
   </div>
   <div class='ocr_carea' id='block_1_17' title="bbox 512 1765 3727 1854">
    <p class='ocr_par' dir='ltr' id='par_1_17' title="bbox 512 1765 3727 1854">
     <span class='ocr_line' id='line_1_17' title="bbox 512 1765 3727 1854; baseline 0 -21"><span class='ocrx_word' id='word_1_258' title='bbox 512 1778 930 1852; x_wconf 86' lang='lat' dir='ltr'><strong>praedestinatio</strong></span> <span class='ocrx_word' id='word_1_259' title='bbox 961 1795 1249 1852; x_wconf 89' lang='lat' dir='ltr'><strong>nunquam</strong></span> <span class='ocrx_word' id='word_1_260' title='bbox 1277 1785 1436 1835; x_wconf 82' lang='lat' dir='ltr'><strong>extra</strong></span> <span class='ocrx_word' id='word_1_261' title='bbox 1464 1780 1790 1848; x_wconf 87' lang='lat' dir='ltr'><strong>bonitatem,</strong></span> <span class='ocrx_word' id='word_1_262' title='bbox 1820 1798 2110 1854; x_wconf 89' lang='lat' dir='ltr'><strong>nunquam</strong></span> <span class='ocrx_word' id='word_1_263' title='bbox 2127 1765 2176 1825; x_wconf 78' lang='grc' dir='ltr'>Β</span> <span class='ocrx_word' id='word_1_264' title='bbox 2191 1780 2434 1854; x_wconf 80' lang='lat' dir='ltr'><strong>praesciti</strong></span> <span class='ocrx_word' id='word_1_265' title='bbox 2457 1782 2592 1835; x_wconf 88' lang='lat' dir='ltr'><strong>sunt</strong></span> <span class='ocrx_word' id='word_1_266' title='bbox 2617 1776 2818 1846; x_wconf 87' lang='lat' dir='ltr'><strong>casuri,</strong></span> <span class='ocrx_word' id='word_1_267' title='bbox 2843 1793 2955 1832; x_wconf 90' lang='lat' dir='ltr'><strong>non</strong></span> <span class='ocrx_word' id='word_1_268' title='bbox 3009 1782 3143 1832; x_wconf 92' lang='lat' dir='ltr'><strong>sunt</strong></span> <span class='ocrx_word' id='word_1_269' title='bbox 3170 1776 3554 1850; x_wconf 68' lang='lat' dir='ltr'><strong>praedestinati,</strong></span> <span class='ocrx_word' id='word_1_270' title='bbox 3581 1786 3727 1834; x_wconf 71' lang='lat' dir='ltr'><strong>essent</strong></span> 
     </span>
    </p>
   </div>
   <div class='ocr_carea' id='block_1_18' title="bbox 513 1866 3726 1942">
    <p class='ocr_par' dir='ltr' id='par_1_18' title="bbox 513 1866 3726 1942">
     <span class='ocr_line' id='line_1_18' title="bbox 513 1866 3726 1942; baseline 0.001 -22"><span class='ocrx_word' id='word_1_271' title='bbox 513 1872 672 1921; x_wconf 84' lang='lat' dir='ltr'><strong>extra</strong></span> <span class='ocrx_word' id='word_1_272' title='bbox 692 1866 972 1938; x_wconf 87' lang='lat' dir='ltr'><strong>justitiam</strong></span> <span class='ocrx_word' id='word_1_273' title='bbox 1003 1872 1106 1922; x_wconf 90' lang='lat' dir='ltr'><strong>est.</strong></span> <span class='ocrx_word' id='word_1_274' title='bbox 1142 1868 1424 1924; x_wconf 85' lang='lat' dir='ltr'><strong>Universae</strong></span> <span class='ocrx_word' id='word_1_275' title='bbox 1459 1871 1612 1925; x_wconf 92' lang='lat' dir='ltr'><strong>enim</strong></span> <span class='ocrx_word' id='word_1_276' title='bbox 1639 1870 1739 1926; x_wconf 62' lang='lat' dir='ltr'><strong>vim</strong></span> <span class='ocrx_word' id='word_1_277' title='bbox 1767 1870 1992 1926; x_wconf 87' lang='lat' dir='ltr'><strong>Domini</strong></span> <span class='ocrx_word' id='word_1_278' title='bbox 2011 1870 2114 1925; x_wconf 87' lang='lat' dir='ltr'><strong>mi-</strong></span> <span class='ocrx_word' id='word_1_279' title='bbox 2194 1876 2386 1926; x_wconf 88' lang='lat' dir='ltr'><strong>autem</strong></span> <span class='ocrx_word' id='word_1_280' title='bbox 2414 1867 2818 1942; x_wconf 86' lang='lat' dir='ltr'><strong>praedestinati,</strong></span> <span class='ocrx_word' id='word_1_281' title='bbox 2840 1867 2888 1922; x_wconf 94' lang='lat' dir='ltr'><strong>si</strong></span> <span class='ocrx_word' id='word_1_282' title='bbox 2909 1872 3099 1922; x_wconf 89' lang='lat' dir='ltr'><strong>essent</strong></span> <span class='ocrx_word' id='word_1_283' title='bbox 3124 1866 3424 1934; x_wconf 87' lang='lat' dir='ltr'><strong>reversuri,</strong></span> <span class='ocrx_word' id='word_1_284' title='bbox 3445 1871 3498 1922; x_wconf 91' lang='lat' dir='ltr'><strong>et</strong></span> <span class='ocrx_word' id='word_1_285' title='bbox 3528 1867 3581 1923; x_wconf 88' lang='lat' dir='ltr'><strong>in</strong></span> <span class='ocrx_word' id='word_1_286' title='bbox 3601 1883 3726 1923; x_wconf 82' lang='lat' dir='ltr'><strong>sano-</strong></span> 
     </span>
    </p>
   </div>
   <div class='ocr_carea' id='block_1_19' title="bbox 511 1954 3728 2028">
    <p class='ocr_par' dir='ltr' id='par_1_19' title="bbox 511 1954 3728 2028">
     <span class='ocr_line' id='line_1_19' title="bbox 511 1954 3728 2028; baseline 0.001 -18"><span class='ocrx_word' id='word_1_287' title='bbox 511 1954 818 2010; x_wconf 87' lang='lat' dir='ltr'><strong>serioordia</strong></span> <span class='ocrx_word' id='word_1_288' title='bbox 843 1961 901 2010; x_wconf 91' lang='lat' dir='ltr'><strong>et</strong></span> <span class='ocrx_word' id='word_1_289' title='bbox 926 1955 1152 2011; x_wconf 89' lang='lat' dir='ltr'><strong>veritas.</strong></span> <span class='ocrx_word' id='word_1_290' title='bbox 1183 1957 1478 2014; x_wconf 85' lang='lat' dir='ltr'><strong>Adulteria</strong></span> <span class='ocrx_word' id='word_1_291' title='bbox 1505 1959 1658 2014; x_wconf 91' lang='lat' dir='ltr'><strong>enim</strong></span> <span class='ocrx_word' id='word_1_292' title='bbox 1694 1959 2026 2015; x_wconf 89' lang='lat' dir='ltr'><strong>maritarum</strong></span> <span class='ocrx_word' id='word_1_293' title='bbox 2057 1964 2115 2016; x_wconf 92' lang='lat' dir='ltr'><strong>et</strong></span> <span class='ocrx_word' id='word_1_294' title='bbox 2191 1959 2356 2016; x_wconf 90' lang='lat' dir='ltr'><strong>titate</strong></span> <span class='ocrx_word' id='word_1_295' title='bbox 2383 1976 2448 2014; x_wconf 91' lang='lat' dir='ltr'><strong>ac</strong></span> <span class='ocrx_word' id='word_1_296' title='bbox 2475 1957 2710 2013; x_wconf 86' lang='lat' dir='ltr'><strong>veritate</strong></span> <span class='ocrx_word' id='word_1_297' title='bbox 2739 1955 3017 2013; x_wconf 87' lang='lat' dir='ltr'><strong>mansuri:</strong></span> <span class='ocrx_word' id='word_1_298' title='bbox 3038 1972 3104 2010; x_wconf 89' lang='lat' dir='ltr'><strong>ac</strong></span> <span class='ocrx_word' id='word_1_299' title='bbox 3131 1973 3241 2028; x_wconf 90' lang='lat' dir='ltr'><strong>per</strong></span> <span class='ocrx_word' id='word_1_300' title='bbox 3255 1955 3362 2011; x_wconf 88' lang='lat' dir='ltr'><strong>hoc</strong></span> <span class='ocrx_word' id='word_1_301' title='bbox 3378 1955 3728 2028; x_wconf 68' lang='lat' dir='ltr'><strong>praedestinatio</strong></span> 
     </span>
    </p>
   </div>
   <div class='ocr_carea' id='block_1_20' title="bbox 511 2043 3731 2119">
    <p class='ocr_par' dir='ltr' id='par_1_20' title="bbox 511 2043 3731 2119">
     <span class='ocr_line' id='line_1_20' title="bbox 511 2043 3731 2119; baseline 0 -20"><span class='ocrx_word' id='word_1_302' title='bbox 511 2044 856 2116; x_wconf 89' lang='lat' dir='ltr'><strong>corruptelas</strong></span> <span class='ocrx_word' id='word_1_303' title='bbox 904 2044 1186 2115; x_wconf 87' lang='lat' dir='ltr'><strong>virginum</strong></span> <span class='ocrx_word' id='word_1_304' title='bbox 1232 2063 1344 2102; x_wconf 90' lang='lat' dir='ltr'><strong>non</strong></span> <span class='ocrx_word' id='word_1_305' title='bbox 1392 2046 1690 2104; x_wconf 87' lang='lat' dir='ltr'><strong>instituere</strong></span> <span class='ocrx_word' id='word_1_306' title='bbox 1729 2049 1882 2104; x_wconf 90' lang='lat' dir='ltr'><strong>novit</strong></span> <span class='ocrx_word' id='word_1_307' title='bbox 1917 2053 2114 2104; x_wconf 89' lang='lat' dir='ltr'><strong>sancta</strong></span> <span class='ocrx_word' id='word_1_308' title='bbox 2191 2048 2294 2105; x_wconf 91' lang='lat' dir='ltr'><strong>Dei</strong></span> <span class='ocrx_word' id='word_1_309' title='bbox 2320 2047 2512 2104; x_wconf 84' lang='lat' dir='ltr'><strong>multis</strong></span> <span class='ocrx_word' id='word_1_310' title='bbox 2541 2053 2628 2103; x_wconf 89' lang='lat' dir='ltr'><strong>est</strong></span> <span class='ocrx_word' id='word_1_311' title='bbox 2679 2063 2848 2102; x_wconf 90' lang='lat' dir='ltr'><strong>causa</strong></span> <span class='ocrx_word' id='word_1_312' title='bbox 2894 2044 3102 2114; x_wconf 86' lang='lat' dir='ltr'><strong>standi,</strong></span> <span class='ocrx_word' id='word_1_313' title='bbox 3130 2043 3346 2101; x_wconf 89' lang='lat' dir='ltr'><strong>nemini</strong></span> <span class='ocrx_word' id='word_1_314' title='bbox 3376 2049 3459 2100; x_wconf 89' lang='lat' dir='ltr'><strong>est</strong></span> <span class='ocrx_word' id='word_1_315' title='bbox 3484 2049 3639 2119; x_wconf 59' lang='lat' dir='ltr'><strong>pausa</strong></span> <span class='ocrx_word' id='word_1_316' title='bbox 3664 2045 3731 2100; x_wconf 75' lang='lat' dir='ltr'><strong>la-</strong></span> 
     </span>
    </p>
   </div>
   <div class='ocr_carea' id='block_1_21' title="bbox 510 2131 3730 2210">
    <p class='ocr_par' dir='ltr' id='par_1_21' title="bbox 510 2131 3730 2210">
     <span class='ocr_line' id='line_1_21' title="bbox 510 2131 3730 2210; baseline 0.001 -23"><span class='ocrx_word' id='word_1_317' title='bbox 510 2131 796 2200; x_wconf 89' lang='lat' dir='ltr'><strong>divinitas,</strong></span> <span class='ocrx_word' id='word_1_318' title='bbox 817 2134 916 2188; x_wconf 89' lang='lat' dir='ltr'><strong>sed</strong></span> <span class='ocrx_word' id='word_1_319' title='bbox 945 2135 1243 2204; x_wconf 78' lang='lat' dir='ltr'><strong>damnare;</strong></span> <span class='ocrx_word' id='word_1_320' title='bbox 1267 2153 1369 2192; x_wconf 86' lang='lat' dir='ltr'><strong>nec</strong></span> <span class='ocrx_word' id='word_1_321' title='bbox 1405 2136 1722 2208; x_wconf 87' lang='lat' dir='ltr'><strong>disponere,</strong></span> <span class='ocrx_word' id='word_1_322' title='bbox 1748 2137 1848 2194; x_wconf 89' lang='lat' dir='ltr'><strong>sed</strong></span> <span class='ocrx_word' id='word_1_323' title='bbox 1885 2138 2106 2210; x_wconf 90' lang='lat' dir='ltr'><strong>punire.</strong></span> <span class='ocrx_word' id='word_1_324' title='bbox 2191 2137 2378 2193; x_wconf 91' lang='lat' dir='ltr'><strong>bendi.</strong></span> <span class='ocrx_word' id='word_1_325' title='bbox 2433 2159 2454 2190; x_wconf 80' lang='grc' dir='ltr'>ι</span> <span class='ocrx_word' id='word_1_326' title='bbox 2508 2138 2688 2208; x_wconf 78' lang='lat' dir='ltr'><strong>(Vino.</strong></span> <span class='ocrx_word' id='word_1_327' title='bbox 2740 2137 2886 2204; x_wconf 80' lang='lat' dir='ltr'><strong>xm.)</strong></span> <span class='ocrx_word' id='word_1_328' title='bbox 2921 2153 2951 2187; x_wconf 75' lang='grc' dir='ltr'>ι</span> <span class='ocrx_word' id='word_1_329' title='bbox 3007 2133 3286 2190; x_wconf 84' lang='lat' dir='ltr'><strong>Omnibus</strong></span> <span class='ocrx_word' id='word_1_330' title='bbox 3331 2133 3543 2206; x_wconf 86' lang='lat' dir='ltr'><strong>quidem</strong></span> <span class='ocrx_word' id='word_1_331' title='bbox 3585 2151 3616 2190; x_wconf 88' lang='lat' dir='ltr'><strong>a</strong></span> <span class='ocrx_word' id='word_1_332' title='bbox 3645 2134 3730 2190; x_wconf 83' lang='lat' dir='ltr'><strong>ﬁde</strong></span> 
     </span>
    </p>
   </div>
   <div class='ocr_carea' id='block_1_22' title="bbox 511 2221 3730 2298">
    <p class='ocr_par' dir='ltr' id='par_1_22' title="bbox 511 2221 3730 2298">
     <span class='ocr_line' id='line_1_22' title="bbox 511 2221 3730 2298; baseline 0.001 -22"><span class='ocrx_word' id='word_1_333' title='bbox 511 2221 646 2286; x_wconf 84' lang='lat' dir='ltr'><strong>Quae</strong></span> <span class='ocrx_word' id='word_1_334' title='bbox 661 2221 812 2277; x_wconf 89' lang='lat' dir='ltr'><strong>mala</strong></span> <span class='ocrx_word' id='word_1_335' title='bbox 828 2222 1084 2278; x_wconf 89' lang='lat' dir='ltr'><strong>homines</strong></span> <span class='ocrx_word' id='word_1_336' title='bbox 1098 2241 1227 2278; x_wconf 91' lang='lat' dir='ltr'><strong>cum</strong></span> <span class='ocrx_word' id='word_1_337' title='bbox 1240 2225 1568 2293; x_wconf 78' lang='lat' dir='ltr'><strong>admittunt,</strong></span> <span class='ocrx_word' id='word_1_338' title='bbox 1592 2226 1708 2281; x_wconf 91' lang='lat' dir='ltr'><strong>suis</strong></span> <span class='ocrx_word' id='word_1_339' title='bbox 1723 2225 2114 2298; x_wconf 83' lang='lat' dir='ltr'><strong>concupiscen—</strong></span> <span class='ocrx_word' id='word_1_340' title='bbox 2191 2227 2263 2282; x_wconf 92' lang='lat' dir='ltr'><strong>ad</strong></span> <span class='ocrx_word' id='word_1_341' title='bbox 2275 2225 2688 2292; x_wconf 88' lang='lat' dir='ltr'><strong>inﬁdelitatem,</strong></span> <span class='ocrx_word' id='word_1_342' title='bbox 2705 2241 2739 2280; x_wconf 93' lang='lat' dir='ltr'><strong>a</strong></span> <span class='ocrx_word' id='word_1_343' title='bbox 2751 2223 3050 2279; x_wconf 89' lang='lat' dir='ltr'><strong>sanctitate</strong></span> <span class='ocrx_word' id='word_1_344' title='bbox 3071 2223 3142 2278; x_wconf 91' lang='lat' dir='ltr'><strong>ad</strong></span> <span class='ocrx_word' id='word_1_345' title='bbox 3161 2222 3507 2295; x_wconf 88' lang='lat' dir='ltr'><strong>impietatem</strong></span> <span class='ocrx_word' id='word_1_346' title='bbox 3525 2223 3730 2296; x_wconf 78' lang='lat' dir='ltr'><strong>relapsis.</strong></span> 
     </span>
    </p>
   </div>
   <div class='ocr_carea' id='block_1_23' title="bbox 509 2310 3735 2389">
    <p class='ocr_par' dir='ltr' id='par_1_23' title="bbox 509 2310 3735 2389">
     <span class='ocr_line' id='line_1_23' title="bbox 509 2310 3735 2389; baseline 0 -22"><span class='ocrx_word' id='word_1_347' title='bbox 509 2310 605 2367; x_wconf 91' lang='lat' dir='ltr'><strong>tiis</strong></span> <span class='ocrx_word' id='word_1_348' title='bbox 626 2316 684 2366; x_wconf 90' lang='lat' dir='ltr'><strong>et</strong></span> <span class='ocrx_word' id='word_1_349' title='bbox 707 2311 1107 2384; x_wconf 89' lang='lat' dir='ltr'><strong>cupiditatibus</strong></span> <span class='ocrx_word' id='word_1_350' title='bbox 1135 2313 1403 2383; x_wconf 89' lang='lat' dir='ltr'><strong>serviunt,</strong></span> <span class='ocrx_word' id='word_1_351' title='bbox 1430 2332 1570 2388; x_wconf 90' lang='lat' dir='ltr'><strong>quas</strong></span> <span class='ocrx_word' id='word_1_352' title='bbox 1589 2315 1658 2370; x_wconf 91' lang='lat' dir='ltr'><strong>ab</strong></span> <span class='ocrx_word' id='word_1_353' title='bbox 1686 2316 1783 2371; x_wconf 90' lang='lat' dir='ltr'><strong>illa</strong></span> <span class='ocrx_word' id='word_1_354' title='bbox 1809 2316 1995 2389; x_wconf 90' lang='lat' dir='ltr'><strong>prima</strong></span> <span class='ocrx_word' id='word_1_355' title='bbox 2013 2333 2110 2372; x_wconf 94' lang='lat' dir='ltr'><strong>vo-</strong></span> <span class='ocrx_word' id='word_1_356' title='bbox 2191 2321 2250 2372; x_wconf 88' lang='lat' dir='ltr'><strong>et</strong></span> <span class='ocrx_word' id='word_1_357' title='bbox 2276 2320 2407 2371; x_wconf 89' lang='lat' dir='ltr'><strong>ante</strong></span> <span class='ocrx_word' id='word_1_358' title='bbox 2435 2315 2606 2370; x_wconf 88' lang='lat' dir='ltr'><strong>ﬁnem</strong></span> <span class='ocrx_word' id='word_1_359' title='bbox 2624 2313 2749 2370; x_wconf 83' lang='lat' dir='ltr'><strong>vitae</strong></span> <span class='ocrx_word' id='word_1_360' title='bbox 2776 2313 2935 2368; x_wconf 89' lang='lat' dir='ltr'><strong>nulla</strong></span> <span class='ocrx_word' id='word_1_361' title='bbox 2955 2311 3354 2367; x_wconf 89' lang='lat' dir='ltr'><strong>emendatione</strong></span> <span class='ocrx_word' id='word_1_362' title='bbox 3363 2310 3735 2384; x_wconf 67' lang='lat' dir='ltr'><strong>purgatismihil</strong></span> 
     </span>
    </p>
   </div>
   <div class='ocr_carea' id='block_1_24' title="bbox 508 2399 3735 2478">
    <p class='ocr_par' dir='ltr' id='par_1_24' title="bbox 508 2399 3735 2478">
     <span class='ocr_line' id='line_1_24' title="bbox 508 2399 3735 2478; baseline 0 -22"><span class='ocrx_word' id='word_1_363' title='bbox 508 2401 754 2456; x_wconf 89' lang='lat' dir='ltr'><strong>luntarie</strong></span> <span class='ocrx_word' id='word_1_364' title='bbox 770 2401 1242 2473; x_wconf 83' lang='lat' dir='ltr'><strong>praevaricationis</strong></span> <span class='ocrx_word' id='word_1_365' title='bbox 1260 2403 1386 2459; x_wconf 89' lang='lat' dir='ltr'><strong>labe</strong></span> <span class='ocrx_word' id='word_1_366' title='bbox 1422 2410 1733 2461; x_wconf 84' lang='lat' dir='ltr'><strong>traxerunt.</strong></span> <span class='ocrx_word' id='word_1_367' title='bbox 1751 2405 1892 2461; x_wconf 90' lang='lat' dir='ltr'><strong>Cum</strong></span> <span class='ocrx_word' id='word_1_368' title='bbox 1919 2412 2111 2462; x_wconf 89' lang='lat' dir='ltr'><strong>autem</strong></span> <span class='ocrx_word' id='word_1_369' title='bbox 2193 2405 2346 2460; x_wconf 89' lang='lat' dir='ltr'><strong>aliud</strong></span> <span class='ocrx_word' id='word_1_370' title='bbox 2377 2422 2546 2478; x_wconf 88' lang='lat' dir='ltr'><strong>quam</strong></span> <span class='ocrx_word' id='word_1_371' title='bbox 2604 2421 2756 2458; x_wconf 90' lang='lat' dir='ltr'><strong>mors</strong></span> <span class='ocrx_word' id='word_1_372' title='bbox 2811 2407 3024 2458; x_wconf 68' lang='lat' dir='ltr'><strong>ietema</strong></span> <span class='ocrx_word' id='word_1_373' title='bbox 3073 2399 3337 2458; x_wconf 85' lang='lat' dir='ltr'><strong>debetur.</strong></span> <span class='ocrx_word' id='word_1_374' title='bbox 3365 2401 3468 2457; x_wconf 88' lang='lat' dir='ltr'><strong>Sed</strong></span> <span class='ocrx_word' id='word_1_375' title='bbox 3508 2399 3639 2456; x_wconf 83' lang='lat' dir='ltr'><strong>nefas</strong></span> <span class='ocrx_word' id='word_1_376' title='bbox 3667 2405 3735 2456; x_wconf 85' lang='lat' dir='ltr'><strong>est</strong></span> 
     </span>
    </p>
   </div>
   <div class='ocr_carea' id='block_1_25' title="bbox 509 2489 3734 2566">
    <p class='ocr_par' dir='ltr' id='par_1_25' title="bbox 509 2489 3734 2566">
     <span class='ocr_line' id='line_1_25' title="bbox 509 2489 3734 2566; baseline 0 -21"><span class='ocrx_word' id='word_1_377' title='bbox 509 2489 847 2546; x_wconf 88' lang='lat' dir='ltr'><strong>declinanta</strong></span> <span class='ocrx_word' id='word_1_378' title='bbox 876 2491 1025 2546; x_wconf 89' lang='lat' dir='ltr'><strong>malo</strong></span> <span class='ocrx_word' id='word_1_379' title='bbox 1049 2496 1108 2547; x_wconf 91' lang='lat' dir='ltr'><strong>et</strong></span> <span class='ocrx_word' id='word_1_380' title='bbox 1134 2493 1350 2551; x_wconf 87' lang='lat' dir='ltr'><strong>faciunt</strong></span> <span class='ocrx_word' id='word_1_381' title='bbox 1369 2493 1600 2562; x_wconf 89' lang='lat' dir='ltr'><strong>bonum,</strong></span> <span class='ocrx_word' id='word_1_382' title='bbox 1623 2511 1658 2549; x_wconf 92' lang='lat' dir='ltr'><strong>a</strong></span> <span class='ocrx_word' id='word_1_383' title='bbox 1697 2495 1936 2550; x_wconf 89' lang='lat' dir='ltr'><strong>Domino</strong></span> <span class='ocrx_word' id='word_1_384' title='bbox 1959 2511 2114 2566; x_wconf 83' lang='lat' dir='ltr'><strong>gres-</strong></span> <span class='ocrx_word' id='word_1_385' title='bbox 2193 2495 2308 2551; x_wconf 88' lang='lat' dir='ltr'><strong>Deo</strong></span> <span class='ocrx_word' id='word_1_386' title='bbox 2335 2493 2616 2549; x_wconf 88' lang='lat' dir='ltr'><strong>ascribere</strong></span> <span class='ocrx_word' id='word_1_387' title='bbox 2645 2507 2815 2548; x_wconf 80' lang='lat' dir='ltr'><strong>causa</strong></span> <span class='ocrx_word' id='word_1_388' title='bbox 2840 2491 3043 2548; x_wconf 91' lang='lat' dir='ltr'><strong>talium</strong></span> <span class='ocrx_word' id='word_1_389' title='bbox 3087 2490 3408 2558; x_wconf 87' lang='lat' dir='ltr'><strong>ruinarum,</strong></span> <span class='ocrx_word' id='word_1_390' title='bbox 3454 2489 3540 2563; x_wconf 92' lang='lat' dir='ltr'><strong>qui</strong></span> <span class='ocrx_word' id='word_1_391' title='bbox 3579 2489 3734 2545; x_wconf 81' lang='lat' dir='ltr'><strong>etsiex</strong></span> 
     </span>
    </p>
   </div>
   <div class='ocr_carea' id='block_1_26' title="bbox 510 2577 3734 2656">
    <p class='ocr_par' dir='ltr' id='par_1_26' title="bbox 510 2577 3734 2656">
     <span class='ocr_line' id='line_1_26' title="bbox 510 2577 3734 2656; baseline -0 -22"><span class='ocrx_word' id='word_1_392' title='bbox 510 2595 608 2634; x_wconf 88' lang='lat' dir='ltr'><strong>sus</strong></span> <span class='ocrx_word' id='word_1_393' title='bbox 635 2579 926 2636; x_wconf 88' lang='lat' dir='ltr'><strong>hominum</strong></span> <span class='ocrx_word' id='word_1_394' title='bbox 956 2580 1298 2652; x_wconf 87' lang='lat' dir='ltr'><strong>diriguntur,</strong></span> <span class='ocrx_word' id='word_1_395' title='bbox 1315 2587 1373 2637; x_wconf 94' lang='lat' dir='ltr'><strong>et</strong></span> <span class='ocrx_word' id='word_1_396' title='bbox 1392 2583 1538 2638; x_wconf 90' lang='lat' dir='ltr'><strong>viam</strong></span> <span class='ocrx_word' id='word_1_397' title='bbox 1567 2584 1689 2655; x_wconf 88' lang='lat' dir='ltr'><strong>ejus</strong></span> <span class='ocrx_word' id='word_1_398' title='bbox 1719 2584 2113 2656; x_wconf 80' lang='lat' dir='ltr'><strong>volunt.Prop—</strong></span> <span class='ocrx_word' id='word_1_399' title='bbox 2191 2589 2400 2640; x_wconf 86' lang='lat' dir='ltr'><strong>aeterna</strong></span> <span class='ocrx_word' id='word_1_400' title='bbox 2415 2581 2651 2638; x_wconf 89' lang='lat' dir='ltr'><strong>scientia</strong></span> <span class='ocrx_word' id='word_1_401' title='bbox 2670 2579 3072 2654; x_wconf 73' lang='lat' dir='ltr'><strong>praecognitum</strong></span> <span class='ocrx_word' id='word_1_402' title='bbox 3097 2577 3276 2634; x_wconf 85' lang='lat' dir='ltr'><strong>habet</strong></span> <span class='ocrx_word' id='word_1_403' title='bbox 3293 2578 3424 2652; x_wconf 92' lang='lat' dir='ltr'><strong>quid</strong></span> <span class='ocrx_word' id='word_1_404' title='bbox 3440 2577 3734 2650; x_wconf 65' lang='lat' dir='ltr'><strong>uniuscujuto</strong></span> 
     </span>
    </p>
   </div>
   <div class='ocr_carea' id='block_1_27' title="bbox 513 2665 3734 2746">
    <p class='ocr_par' dir='ltr' id='par_1_27' title="bbox 513 2665 3734 2746">
     <span class='ocr_line' id='line_1_27' title="bbox 513 2665 3734 2746; baseline -0 -23"><span class='ocrx_word' id='word_1_405' title='bbox 513 2672 604 2723; x_wconf 89' lang='lat' dir='ltr'><strong>ter</strong></span> <span class='ocrx_word' id='word_1_406' title='bbox 669 2669 817 2741; x_wconf 92' lang='lat' dir='ltr'><strong>quod</strong></span> <span class='ocrx_word' id='word_1_407' title='bbox 863 2669 1000 2725; x_wconf 90' lang='lat' dir='ltr'><strong>dicit</strong></span> <span class='ocrx_word' id='word_1_408' title='bbox 1043 2671 1346 2742; x_wconf 87' lang='lat' dir='ltr'><strong>Apostolus</strong></span> <span class='ocrx_word' id='word_1_409' title='bbox 1387 2691 1398 2725; x_wconf 89' lang='lat'>:</span> <span class='ocrx_word' id='word_1_410' title='bbox 1437 2691 1464 2726; x_wconf 72' lang='grc' dir='ltr'><strong>α</strong></span> <span class='ocrx_word' id='word_1_411' title='bbox 1507 2672 1748 2728; x_wconf 88' lang='lat' dir='ltr'><strong>Oramus</strong></span> <span class='ocrx_word' id='word_1_412' title='bbox 1803 2678 1994 2728; x_wconf 90' lang='lat' dir='ltr'><strong>autem</strong></span> <span class='ocrx_word' id='word_1_413' title='bbox 2039 2672 2112 2728; x_wconf 90' lang='lat' dir='ltr'><strong>ad</strong></span> <span class='ocrx_word' id='word_1_414' title='bbox 2193 2689 2303 2746; x_wconf 91' lang='lat' dir='ltr'><strong>que</strong></span> <span class='ocrx_word' id='word_1_415' title='bbox 2333 2671 2552 2728; x_wconf 88' lang='lat' dir='ltr'><strong>meritis</strong></span> <span class='ocrx_word' id='word_1_416' title='bbox 2581 2669 2963 2738; x_wconf 89' lang='lat' dir='ltr'><strong>retributurus</strong></span> <span class='ocrx_word' id='word_1_417' title='bbox 2981 2667 3074 2734; x_wconf 86' lang='lat' dir='ltr'><strong>sit,</strong></span> <span class='ocrx_word' id='word_1_418' title='bbox 3097 2668 3316 2724; x_wconf 86' lang='lat' dir='ltr'><strong>nemini</strong></span> <span class='ocrx_word' id='word_1_419' title='bbox 3343 2673 3522 2724; x_wconf 86' lang='lat' dir='ltr'><strong>tamen</strong></span> <span class='ocrx_word' id='word_1_420' title='bbox 3546 2665 3734 2740; x_wconf 71' lang='lat' dir='ltr'><strong>perime</strong></span> 
     </span>
    </p>
   </div>
   <div class='ocr_carea' id='block_1_28' title="bbox 519 2755 3735 2833">
    <p class='ocr_par' dir='ltr' id='par_1_28' title="bbox 519 2755 3735 2833">
     <span class='ocr_line' id='line_1_28' title="bbox 519 2755 3735 2833; baseline 0 -23"><span class='ocrx_word' id='word_1_421' title='bbox 519 2775 545 2808; x_wconf 72' lang='grc' dir='ltr'><strong>ει</strong></span> <span class='ocrx_word' id='word_1_422' title='bbox 578 2757 901 2823; x_wconf 90' lang='lat' dir='ltr'><strong>Dominum,</strong></span> <span class='ocrx_word' id='word_1_423' title='bbox 943 2763 1009 2814; x_wconf 91' lang='lat' dir='ltr'><strong>ut</strong></span> <span class='ocrx_word' id='word_1_424' title='bbox 1052 2758 1198 2814; x_wconf 90' lang='lat' dir='ltr'><strong>nihil</strong></span> <span class='ocrx_word' id='word_1_425' title='bbox 1251 2759 1386 2815; x_wconf 90' lang='lat' dir='ltr'><strong>mali</strong></span> <span class='ocrx_word' id='word_1_426' title='bbox 1441 2760 1676 2828; x_wconf 82' lang='lat' dir='ltr'><strong>faciatis,</strong></span> <span class='ocrx_word' id='word_1_427' title='bbox 1718 2778 1832 2818; x_wconf 93' lang='lat' dir='ltr'><strong>non</strong></span> <span class='ocrx_word' id='word_1_428' title='bbox 1889 2766 1955 2817; x_wconf 90' lang='lat' dir='ltr'><strong>ut</strong></span> <span class='ocrx_word' id='word_1_429' title='bbox 2008 2778 2111 2818; x_wconf 90' lang='lat' dir='ltr'><strong>nos</strong></span> <span class='ocrx_word' id='word_1_430' title='bbox 2194 2762 2342 2833; x_wconf 91' lang='lat' dir='ltr'><strong>quod</strong></span> <span class='ocrx_word' id='word_1_431' title='bbox 2369 2761 2487 2817; x_wconf 89' lang='lat' dir='ltr'><strong>falli</strong></span> <span class='ocrx_word' id='word_1_432' title='bbox 2516 2777 2631 2816; x_wconf 91' lang='lat' dir='ltr'><strong>non</strong></span> <span class='ocrx_word' id='word_1_433' title='bbox 2659 2764 2862 2833; x_wconf 86' lang='lat' dir='ltr'><strong>potest,</strong></span> <span class='ocrx_word' id='word_1_434' title='bbox 2893 2762 2994 2814; x_wconf 86' lang='lat' dir='ltr'><strong>aut</strong></span> <span class='ocrx_word' id='word_1_435' title='bbox 3019 2757 3434 2826; x_wconf 90' lang='lat' dir='ltr'><strong>necessitatem,</strong></span> <span class='ocrx_word' id='word_1_436' title='bbox 3470 2761 3560 2812; x_wconf 88' lang='lat' dir='ltr'><strong>aut</strong></span> <span class='ocrx_word' id='word_1_437' title='bbox 3584 2755 3735 2812; x_wconf 87' lang='lat' dir='ltr'><strong>volun-</strong></span> 
     </span>
    </p>
   </div>
   <div class='ocr_carea' id='block_1_29' title="bbox 521 2843 3734 2923">
    <p class='ocr_par' dir='ltr' id='par_1_29' title="bbox 521 2843 3734 2923">
     <span class='ocr_line' id='line_1_29' title="bbox 521 2843 3734 2923; baseline 0.001 -25"><span class='ocrx_word' id='word_1_438' title='bbox 521 2866 544 2898; x_wconf 76' lang='grc' dir='ltr'>ιι</span> <span class='ocrx_word' id='word_1_439' title='bbox 572 2845 792 2918; x_wconf 87' lang='lat' dir='ltr'><strong>probati</strong></span> <span class='ocrx_word' id='word_1_440' title='bbox 812 2863 1206 2920; x_wconf 85' lang='lat' dir='ltr'><strong>appareamus,</strong></span> <span class='ocrx_word' id='word_1_441' title='bbox 1238 2849 1336 2904; x_wconf 89' lang='lat' dir='ltr'><strong>sed</strong></span> <span class='ocrx_word' id='word_1_442' title='bbox 1384 2855 1449 2905; x_wconf 91' lang='lat' dir='ltr'><strong>ut</strong></span> <span class='ocrx_word' id='word_1_443' title='bbox 1474 2867 1570 2906; x_wconf 89' lang='lat' dir='ltr'><strong>vos</strong></span> <span class='ocrx_word' id='word_1_444' title='bbox 1599 2851 1748 2923; x_wconf 91' lang='lat' dir='ltr'><strong>quod</strong></span> <span class='ocrx_word' id='word_1_445' title='bbox 1777 2849 1987 2908; x_wconf 90' lang='lat' dir='ltr'><strong>bonum</strong></span> <span class='ocrx_word' id='word_1_446' title='bbox 2026 2856 2112 2906; x_wconf 89' lang='lat' dir='ltr'><strong>est</strong></span> <span class='ocrx_word' id='word_1_447' title='bbox 2191 2856 2369 2906; x_wconf 88' lang='lat' dir='ltr'><strong>tatem</strong></span> <span class='ocrx_word' id='word_1_448' title='bbox 2387 2849 2582 2906; x_wconf 88' lang='lat' dir='ltr'><strong>intulit</strong></span> <span class='ocrx_word' id='word_1_449' title='bbox 2605 2847 3064 2920; x_wconf 88' lang='lat' dir='ltr'><strong>delinquendi.Si</strong></span> <span class='ocrx_word' id='word_1_450' title='bbox 3079 2863 3216 2920; x_wconf 89' lang='lat' dir='ltr'><strong>ergo</strong></span> <span class='ocrx_word' id='word_1_451' title='bbox 3233 2845 3556 2920; x_wconf 85' lang='lat' dir='ltr'><strong>ajustitiaet</strong></span> <span class='ocrx_word' id='word_1_452' title='bbox 3567 2843 3734 2919; x_wconf 79' lang='lat' dir='ltr'><strong>pietate</strong></span> 
     </span>
    </p>
   </div>
   <div class='ocr_carea' id='block_1_30' title="bbox 517 2935 3737 3016">
    <p class='ocr_par' dir='ltr' id='par_1_30' title="bbox 517 2935 3737 3016">
     <span class='ocr_line' id='line_1_30' title="bbox 517 2935 3737 3016; baseline 0.001 -28"><span class='ocrx_word' id='word_1_453' title='bbox 517 2955 540 2987; x_wconf 79' lang='grc' dir='ltr'>ι</span> <span class='ocrx_word' id='word_1_454' title='bbox 571 2935 790 2990; x_wconf 85' lang='lat' dir='ltr'><strong>faciatis</strong></span> <span class='ocrx_word' id='word_1_455' title='bbox 821 2939 902 3006; x_wconf 85' lang='lat' dir='ltr'><strong>(II</strong></span> <span class='ocrx_word' id='word_1_456' title='bbox 926 2937 1047 2993; x_wconf 76' lang='lat' dir='ltr'><strong>Cor.</strong></span> <span class='ocrx_word' id='word_1_457' title='bbox 1082 2954 1200 3006; x_wconf 84' lang='lat' dir='ltr'><strong>xm,</strong></span> <span class='ocrx_word' id='word_1_458' title='bbox 1226 2940 1301 3009; x_wconf 91' lang='lat'><strong>7).</strong></span> <span class='ocrx_word' id='word_1_459' title='bbox 1340 2959 1364 2990; x_wconf 74' lang='grc' dir='ltr'><strong><em>ι</em></strong></span> <span class='ocrx_word' id='word_1_460' title='bbox 1395 2940 1522 2994; x_wconf 90' lang='lat' dir='ltr'><strong>Non</strong></span> <span class='ocrx_word' id='word_1_461' title='bbox 1573 2957 1706 3011; x_wconf 85' lang='lat' dir='ltr'><strong>ergo</strong></span> <span class='ocrx_word' id='word_1_462' title='bbox 1748 2951 1911 2996; x_wconf 86' lang='lat' dir='ltr'><strong>casus</strong></span> <span class='ocrx_word' id='word_1_463' title='bbox 1938 2957 2110 2996; x_wconf 88' lang='lat' dir='ltr'><strong>ruen-</strong></span> <span class='ocrx_word' id='word_1_464' title='bbox 2193 2941 2319 3012; x_wconf 89' lang='lat' dir='ltr'><strong>quis</strong></span> <span class='ocrx_word' id='word_1_465' title='bbox 2373 2939 2580 3007; x_wconf 88' lang='lat' dir='ltr'><strong>deﬁcit,</strong></span> <span class='ocrx_word' id='word_1_466' title='bbox 2611 2955 2715 2994; x_wconf 89' lang='lat' dir='ltr'><strong>suo</strong></span> <span class='ocrx_word' id='word_1_467' title='bbox 2755 2938 2814 2994; x_wconf 88' lang='lat' dir='ltr'><strong>in</strong></span> <span class='ocrx_word' id='word_1_468' title='bbox 2865 2954 3110 3010; x_wconf 70' lang='lat' dir='ltr'><strong>praeceps</strong></span> <span class='ocrx_word' id='word_1_469' title='bbox 3153 2937 3343 3016; x_wconf 84' lang='lat' dir='ltr'><strong>fertur</strong></span> <span class='ocrx_word' id='word_1_470' title='bbox 3398 2935 3625 3002; x_wconf 87' lang='lat' dir='ltr'><strong>arbitrio,</strong></span> <span class='ocrx_word' id='word_1_471' title='bbox 3657 2949 3737 2990; x_wconf 82' lang='lat' dir='ltr'><strong>sua</strong></span> 
     </span>
    </p>
   </div>
   <div class='ocr_carea' id='block_1_31' title="bbox 514 3023 3734 3102">
    <p class='ocr_par' dir='ltr' id='par_1_31' title="bbox 514 3023 3734 3102">
     <span class='ocr_line' id='line_1_31' title="bbox 514 3023 3734 3102; baseline -0.001 -22"><span class='ocrx_word' id='word_1_472' title='bbox 514 3025 787 3092; x_wconf 88' lang='lat' dir='ltr'><strong>tium,nec</strong></span> <span class='ocrx_word' id='word_1_473' title='bbox 803 3025 1212 3096; x_wconf 83' lang='lat' dir='ltr'><strong>malignitatem</strong></span> <span class='ocrx_word' id='word_1_474' title='bbox 1225 3027 1566 3100; x_wconf 89' lang='lat' dir='ltr'><strong>iniquorum,</strong></span> <span class='ocrx_word' id='word_1_475' title='bbox 1581 3045 1764 3100; x_wconf 89' lang='lat' dir='ltr'><strong>neque</strong></span> <span class='ocrx_word' id='word_1_476' title='bbox 1775 3029 2110 3102; x_wconf 89' lang='lat' dir='ltr'><strong>cupiditates</strong></span> <span class='ocrx_word' id='word_1_477' title='bbox 2126 3082 2168 3102; x_wconf 61' lang='grc' dir='ltr'>η</span> <span class='ocrx_word' id='word_1_478' title='bbox 2193 3029 2641 3102; x_wconf 87' lang='lat' dir='ltr'><strong>concupiscentia</strong></span> <span class='ocrx_word' id='word_1_479' title='bbox 2671 3028 2934 3094; x_wconf 87' lang='lat' dir='ltr'><strong>trahitur,</strong></span> <span class='ocrx_word' id='word_1_480' title='bbox 2967 3043 3071 3082; x_wconf 89' lang='lat' dir='ltr'><strong>sua</strong></span> <span class='ocrx_word' id='word_1_481' title='bbox 3097 3026 3463 3099; x_wconf 74' lang='lat' dir='ltr'><strong>persuasione</strong></span> <span class='ocrx_word' id='word_1_482' title='bbox 3489 3023 3734 3098; x_wconf 80' lang='lat' dir='ltr'><strong>decipitur.</strong></span> 
     </span>
    </p>
   </div>
   <div class='ocr_carea' id='block_1_32' title="bbox 512 3082 3736 3188">
    <p class='ocr_par' dir='ltr' id='par_1_32' title="bbox 512 3082 3736 3188">
     <span class='ocr_line' id='line_1_32' title="bbox 512 3082 3736 3188; baseline 0.001 -24"><span class='ocrx_word' id='word_1_483' title='bbox 512 3082 886 3183; x_wconf 81' lang='lat' dir='ltr'><strong>peccantium,</strong></span> <span class='ocrx_word' id='word_1_484' title='bbox 937 3082 1354 3182; x_wconf 63' lang='lat' dir='ltr'><strong>praedestinatio</strong></span> <span class='ocrx_word' id='word_1_485' title='bbox 1402 3082 1502 3168; x_wconf 78' lang='lat' dir='ltr'><strong>Dei</strong></span> <span class='ocrx_word' id='word_1_486' title='bbox 1557 3082 2170 3184; x_wconf 53' lang='grc' dir='ltr'><strong>ἐιιιίωέοίἶᾶἑὲἶξᾷιᾷἐθ</strong></span> <span class='ocrx_word' id='word_1_487' title='bbox 2191 3082 2481 3174; x_wconf 28' lang='lat' dir='ltr'><strong>nihilini—</strong></span> <span class='ocrx_word' id='word_1_488' title='bbox 2501 3082 2720 3185; x_wconf 45' lang='lat' dir='ltr'><strong>&quot;Pater,</strong></span> <span class='ocrx_word' id='word_1_489' title='bbox 2753 3082 2894 3172; x_wconf 88' lang='lat' dir='ltr'><strong>nihil</strong></span> <span class='ocrx_word' id='word_1_490' title='bbox 2923 3082 3136 3184; x_wconf 42' lang='lat' dir='ltr'><strong>&#39;Filius,</strong></span> <span class='ocrx_word' id='word_1_491' title='bbox 3181 3082 3326 3172; x_wconf 81' lang='lat' dir='ltr'><strong>nihil</strong></span> <span class='ocrx_word' id='word_1_492' title='bbox 3380 3115 3494 3188; x_wconf 85' lang='lat' dir='ltr'><strong>agit</strong></span> <span class='ocrx_word' id='word_1_493' title='bbox 3539 3082 3736 3187; x_wconf 72' lang='lat' dir='ltr'><strong>Spiritus</strong></span> 
     </span>
    </p>
   </div>
   <div class='ocr_carea' id='block_1_33' title="bbox 509 3199 3734 3278">
    <p class='ocr_par' dir='ltr' id='par_1_33' title="bbox 509 3199 3734 3278">
     <span class='ocr_line' id='line_1_33' title="bbox 509 3199 3734 3278; baseline 0.001 -24"><span class='ocrx_word' id='word_1_494' title='bbox 509 3199 706 3265; x_wconf 87' lang='lat' dir='ltr'><strong>suasit,</strong></span> <span class='ocrx_word' id='word_1_495' title='bbox 735 3205 834 3254; x_wconf 90' lang='lat' dir='ltr'><strong>aut</strong></span> <span class='ocrx_word' id='word_1_496' title='bbox 863 3201 1118 3272; x_wconf 88' lang='lat' dir='ltr'><strong>impulit:</strong></span> <span class='ocrx_word' id='word_1_497' title='bbox 1151 3202 1250 3256; x_wconf 91' lang='lat' dir='ltr'><strong>sed</strong></span> <span class='ocrx_word' id='word_1_498' title='bbox 1286 3203 1452 3274; x_wconf 87' lang='lat' dir='ltr'><strong>plane</strong></span> <span class='ocrx_word' id='word_1_499' title='bbox 1491 3204 1912 3275; x_wconf 77' lang='lat' dir='ltr'><strong>praedestinavit</strong></span> <span class='ocrx_word' id='word_1_500' title='bbox 1952 3207 2108 3278; x_wconf 89' lang='lat' dir='ltr'><strong>judi-</strong></span> <span class='ocrx_word' id='word_1_501' title='bbox 2193 3212 2446 3264; x_wconf 86' lang='lat' dir='ltr'><strong>sanctus:</strong></span> <span class='ocrx_word' id='word_1_502' title='bbox 2469 3223 2573 3263; x_wconf 92' lang='lat' dir='ltr'><strong>nec</strong></span> <span class='ocrx_word' id='word_1_503' title='bbox 2586 3206 2924 3278; x_wconf 87' lang='lat' dir='ltr'><strong>talinegotio</strong></span> <span class='ocrx_word' id='word_1_504' title='bbox 2945 3205 3260 3278; x_wconf 80' lang='lat' dir='ltr'><strong>quidquam</strong></span> <span class='ocrx_word' id='word_1_505' title='bbox 3271 3203 3468 3260; x_wconf 67' lang='lat' dir='ltr'><strong>divine</strong></span> <span class='ocrx_word' id='word_1_506' title='bbox 3485 3201 3734 3260; x_wconf 71' lang='lat' dir='ltr'><strong>voluntatis</strong></span> 
     </span>
    </p>
   </div>
   <div class='ocr_carea' id='block_1_34' title="bbox 508 3288 3734 3368">
    <p class='ocr_par' dir='ltr' id='par_1_34' title="bbox 508 3288 3734 3368">
     <span class='ocr_line' id='line_1_34' title="bbox 508 3288 3734 3368; baseline 0.001 -25"><span class='ocrx_word' id='word_1_507' title='bbox 508 3288 659 3344; x_wconf 90' lang='lat' dir='ltr'><strong>cium</strong></span> <span class='ocrx_word' id='word_1_508' title='bbox 673 3306 976 3361; x_wconf 88' lang='lat' dir='ltr'><strong>suum,quo</strong></span> <span class='ocrx_word' id='word_1_509' title='bbox 1006 3289 1309 3362; x_wconf 90' lang='lat' dir='ltr'><strong>unicuique</strong></span> <span class='ocrx_word' id='word_1_510' title='bbox 1325 3292 1703 3348; x_wconf 87' lang='lat' dir='ltr'><strong>retributurus</strong></span> <span class='ocrx_word' id='word_1_511' title='bbox 1715 3298 1801 3348; x_wconf 90' lang='lat' dir='ltr'><strong>est</strong></span> <span class='ocrx_word' id='word_1_512' title='bbox 1812 3301 1981 3367; x_wconf 91' lang='lat' dir='ltr'><strong>prout</strong></span> <span class='ocrx_word' id='word_1_513' title='bbox 1988 3312 2110 3366; x_wconf 48' lang='lat' dir='ltr'><strong>gesp</strong></span> <span class='ocrx_word' id='word_1_514' title='bbox 2191 3296 2511 3364; x_wconf 87' lang='lat' dir='ltr'><strong>intervenit,</strong></span> <span class='ocrx_word' id='word_1_515' title='bbox 2529 3297 2692 3368; x_wconf 87' lang='lat' dir='ltr'><strong>cujus</strong></span> <span class='ocrx_word' id='word_1_516' title='bbox 2711 3311 2879 3368; x_wconf 90' lang='lat' dir='ltr'><strong>opere</strong></span> <span class='ocrx_word' id='word_1_517' title='bbox 2907 3293 3115 3364; x_wconf 86' lang='lat' dir='ltr'><strong>multos</strong></span> <span class='ocrx_word' id='word_1_518' title='bbox 3133 3294 3348 3350; x_wconf 85' lang='lat' dir='ltr'><strong>scimus</strong></span> <span class='ocrx_word' id='word_1_519' title='bbox 3375 3311 3446 3350; x_wconf 92' lang='lat' dir='ltr'><strong>ne</strong></span> <span class='ocrx_word' id='word_1_520' title='bbox 3463 3292 3734 3348; x_wconf 82' lang='lat' dir='ltr'><strong>laberentur</strong></span> 
     </span>
    </p>
   </div>
   <div class='ocr_carea' id='block_1_35' title="bbox 509 3377 3730 3455">
    <p class='ocr_par' dir='ltr' id='par_1_35' title="bbox 509 3377 3730 3455">
     <span class='ocr_line' id='line_1_35' title="bbox 509 3377 3730 3455; baseline 0 -21"><span class='ocrx_word' id='word_1_521' title='bbox 509 3377 602 3446; x_wconf 88' lang='lat' dir='ltr'><strong>sit,</strong></span> <span class='ocrx_word' id='word_1_522' title='bbox 623 3377 738 3434; x_wconf 88' lang='lat' dir='ltr'><strong>sive</strong></span> <span class='ocrx_word' id='word_1_523' title='bbox 757 3378 986 3446; x_wconf 90' lang='lat' dir='ltr'><strong>bonum,</strong></span> <span class='ocrx_word' id='word_1_524' title='bbox 1012 3378 1126 3434; x_wconf 89' lang='lat' dir='ltr'><strong>sive</strong></span> <span class='ocrx_word' id='word_1_525' title='bbox 1141 3380 1372 3436; x_wconf 91' lang='lat' dir='ltr'><strong>malum.</strong></span> <span class='ocrx_word' id='word_1_526' title='bbox 1398 3381 1557 3447; x_wconf 87' lang='lat' dir='ltr'><strong>Quod</strong></span> <span class='ocrx_word' id='word_1_527' title='bbox 1563 3381 1838 3454; x_wconf 90' lang='lat' dir='ltr'><strong>judicium</strong></span> <span class='ocrx_word' id='word_1_528' title='bbox 1856 3383 2110 3440; x_wconf 89' lang='lat' dir='ltr'><strong>futurum</strong></span> <span class='ocrx_word' id='word_1_529' title='bbox 2191 3391 2458 3455; x_wconf 89' lang='lat' dir='ltr'><strong>retentos,</strong></span> <span class='ocrx_word' id='word_1_530' title='bbox 2491 3385 2676 3441; x_wconf 86' lang='lat' dir='ltr'><strong>nullos</strong></span> <span class='ocrx_word' id='word_1_531' title='bbox 2729 3389 2920 3440; x_wconf 89' lang='lat' dir='ltr'><strong>autem</strong></span> <span class='ocrx_word' id='word_1_532' title='bbox 2959 3389 3022 3439; x_wconf 92' lang='lat' dir='ltr'><strong>ut</strong></span> <span class='ocrx_word' id='word_1_533' title='bbox 3076 3381 3410 3439; x_wconf 84' lang='lat' dir='ltr'><strong>laberentur</strong></span> <span class='ocrx_word' id='word_1_534' title='bbox 3431 3381 3685 3455; x_wconf 82' lang='lat' dir='ltr'><strong>impulsos.</strong></span> <span class='ocrx_word' id='word_1_535' title='bbox 3707 3395 3730 3432; x_wconf 73' lang='grc' dir='ltr'><strong>ι</strong></span> 
     </span>
    </p>
   </div>
   <div class='ocr_carea' id='block_1_36' title="bbox 510 3466 3733 3546">
    <p class='ocr_par' dir='ltr' id='par_1_36' title="bbox 510 3466 3733 3546">
     <span class='ocr_line' id='line_1_36' title="bbox 510 3466 3733 3546; baseline 0.001 -25"><span class='ocrx_word' id='word_1_536' title='bbox 510 3467 739 3522; x_wconf 90' lang='lat' dir='ltr'><strong>omnino</strong></span> <span class='ocrx_word' id='word_1_537' title='bbox 766 3483 879 3522; x_wconf 91' lang='lat' dir='ltr'><strong>non</strong></span> <span class='ocrx_word' id='word_1_538' title='bbox 909 3471 1074 3534; x_wconf 89' lang='lat' dir='ltr'><strong>esset,</strong></span> <span class='ocrx_word' id='word_1_539' title='bbox 1096 3467 1144 3522; x_wconf 90' lang='lat' dir='ltr'><strong>si</strong></span> <span class='ocrx_word' id='word_1_540' title='bbox 1175 3469 1430 3525; x_wconf 90' lang='lat' dir='ltr'><strong>homines</strong></span> <span class='ocrx_word' id='word_1_541' title='bbox 1459 3469 1562 3525; x_wconf 90' lang='lat' dir='ltr'><strong>Dei</strong></span> <span class='ocrx_word' id='word_1_542' title='bbox 1599 3471 1882 3527; x_wconf 87' lang='lat' dir='ltr'><strong>voluntate</strong></span> <span class='ocrx_word' id='word_1_543' title='bbox 1909 3489 2106 3545; x_wconf 90' lang='lat' dir='ltr'><strong>pecca-</strong></span> <span class='ocrx_word' id='word_1_544' title='bbox 2189 3476 2370 3544; x_wconf 73' lang='lat' dir='ltr'><strong>(Vinc.</strong></span> <span class='ocrx_word' id='word_1_545' title='bbox 2393 3478 2578 3542; x_wconf 74' lang='lat' dir='ltr'><strong>x1v.)¢</strong></span> <span class='ocrx_word' id='word_1_546' title='bbox 2602 3473 2856 3546; x_wconf 90' lang='lat' dir='ltr'><strong>Denique</strong></span> <span class='ocrx_word' id='word_1_547' title='bbox 2881 3472 2952 3528; x_wconf 90' lang='lat' dir='ltr'><strong>ad</strong></span> <span class='ocrx_word' id='word_1_548' title='bbox 2980 3472 3496 3544; x_wconf 71' lang='lat' dir='ltr'><strong>praevaricationem</strong></span> <span class='ocrx_word' id='word_1_549' title='bbox 3521 3469 3656 3542; x_wconf 84' lang='lat' dir='ltr'><strong>legis,</strong></span> <span class='ocrx_word' id='word_1_550' title='bbox 3677 3466 3733 3523; x_wconf 80' lang='lat' dir='ltr'><strong>ad</strong></span> 
     </span>
    </p>
   </div>
   <div class='ocr_carea' id='block_1_37' title="bbox 506 3555 3732 3635">
    <p class='ocr_par' dir='ltr' id='par_1_37' title="bbox 506 3555 3732 3635">
     <span class='ocr_line' id='line_1_37' title="bbox 506 3555 3732 3635; baseline 0.002 -25"><span class='ocrx_word' id='word_1_551' title='bbox 506 3559 654 3610; x_wconf 85' lang='lat' dir='ltr'><strong>rent.</strong></span> <span class='ocrx_word' id='word_1_552' title='bbox 686 3555 809 3610; x_wconf 88' lang='lat' dir='ltr'><strong>Erit</strong></span> <span class='ocrx_word' id='word_1_553' title='bbox 855 3559 1046 3611; x_wconf 88' lang='lat' dir='ltr'><strong>autem</strong></span> <span class='ocrx_word' id='word_1_554' title='bbox 1095 3557 1569 3628; x_wconf 82' lang='lat' dir='ltr'><strong>manifestissime,</strong></span> <span class='ocrx_word' id='word_1_555' title='bbox 1604 3565 1663 3614; x_wconf 88' lang='lat' dir='ltr'><strong>et</strong></span> <span class='ocrx_word' id='word_1_556' title='bbox 1709 3561 1892 3616; x_wconf 92' lang='lat' dir='ltr'><strong>omnis</strong></span> <span class='ocrx_word' id='word_1_557' title='bbox 1935 3561 2104 3618; x_wconf 89' lang='lat' dir='ltr'><strong>homo</strong></span> <span class='ocrx_word' id='word_1_558' title='bbox 2186 3564 2504 3635; x_wconf 88' lang='lat' dir='ltr'><strong>neglectum</strong></span> <span class='ocrx_word' id='word_1_559' title='bbox 2531 3561 2837 3635; x_wconf 90' lang='lat' dir='ltr'><strong>religionis,</strong></span> <span class='ocrx_word' id='word_1_560' title='bbox 2867 3561 2940 3617; x_wconf 89' lang='lat' dir='ltr'><strong>ad</strong></span> <span class='ocrx_word' id='word_1_561' title='bbox 2968 3561 3350 3634; x_wconf 88' lang='lat' dir='ltr'><strong>corruptelam</strong></span> <span class='ocrx_word' id='word_1_562' title='bbox 3367 3555 3732 3633; x_wconf 47' lang='lat' dir='ltr'><strong>disciplinas!!!</strong></span> 
     </span>
    </p>
   </div>
   <div class='ocr_carea' id='block_1_38' title="bbox 506 3644 3736 3724">
    <p class='ocr_par' dir='ltr' id='par_1_38' title="bbox 506 3644 3736 3724">
     <span class='ocr_line' id='line_1_38' title="bbox 506 3644 3736 3724; baseline 0.002 -24"><span class='ocrx_word' id='word_1_563' title='bbox 506 3659 677 3717; x_wconf 88' lang='lat' dir='ltr'><strong>quem</strong></span> <span class='ocrx_word' id='word_1_564' title='bbox 695 3644 959 3701; x_wconf 89' lang='lat' dir='ltr'><strong>discretio</strong></span> <span class='ocrx_word' id='word_1_565' title='bbox 985 3645 1188 3701; x_wconf 69' lang='lat' dir='ltr'><strong>divinae</strong></span> <span class='ocrx_word' id='word_1_566' title='bbox 1209 3647 1456 3703; x_wconf 70' lang='lat' dir='ltr'><strong>scientiae</strong></span> <span class='ocrx_word' id='word_1_567' title='bbox 1501 3648 1731 3704; x_wconf 89' lang='lat' dir='ltr'><strong>sinistra</strong></span> <span class='ocrx_word' id='word_1_568' title='bbox 1751 3650 2106 3707; x_wconf 89' lang='lat' dir='ltr'><strong>constituerit</strong></span> <span class='ocrx_word' id='word_1_569' title='bbox 2189 3652 2567 3709; x_wconf 86' lang='lat' dir='ltr'><strong>desertionem</strong></span> <span class='ocrx_word' id='word_1_570' title='bbox 2591 3651 2743 3720; x_wconf 89' lang='lat' dir='ltr'><strong>ﬁdei,</strong></span> <span class='ocrx_word' id='word_1_571' title='bbox 2777 3651 2848 3707; x_wconf 89' lang='lat' dir='ltr'><strong>ad</strong></span> <span class='ocrx_word' id='word_1_572' title='bbox 2875 3650 3359 3724; x_wconf 87' lang='lat' dir='ltr'><strong>perpetrationem</strong></span> <span class='ocrx_word' id='word_1_573' title='bbox 3386 3648 3736 3724; x_wconf 70' lang='lat' dir='ltr'><strong>qualiscunque</strong></span> 
     </span>
    </p>
   </div>
   <div class='ocr_carea' id='block_1_39' title="bbox 509 3733 3737 3816">
    <p class='ocr_par' dir='ltr' id='par_1_39' title="bbox 509 3733 3737 3816">
     <span class='ocr_line' id='line_1_39' title="bbox 509 3733 3737 3816; baseline 0.001 -28"><span class='ocrx_word' id='word_1_574' title='bbox 509 3738 690 3805; x_wconf 89' lang='lat' dir='ltr'><strong>parte,</strong></span> <span class='ocrx_word' id='word_1_575' title='bbox 720 3733 1102 3802; x_wconf 87' lang='lat' dir='ltr'><strong>damnabitur,</strong></span> <span class='ocrx_word' id='word_1_576' title='bbox 1135 3735 1232 3806; x_wconf 88' lang='lat' dir='ltr'><strong>qui</strong></span> <span class='ocrx_word' id='word_1_577' title='bbox 1257 3753 1372 3792; x_wconf 91' lang='lat' dir='ltr'><strong>non</strong></span> <span class='ocrx_word' id='word_1_578' title='bbox 1402 3737 1522 3804; x_wconf 91' lang='lat' dir='ltr'><strong>Dei,</strong></span> <span class='ocrx_word' id='word_1_579' title='bbox 1571 3737 1669 3792; x_wconf 91' lang='lat' dir='ltr'><strong>sed</strong></span> <span class='ocrx_word' id='word_1_580' title='bbox 1698 3753 1858 3794; x_wconf 90' lang='lat' dir='ltr'><strong>suam</strong></span> <span class='ocrx_word' id='word_1_581' title='bbox 1887 3755 2110 3796; x_wconf 86' lang='lat' dir='ltr'><strong>exsecu-</strong></span> <span class='ocrx_word' id='word_1_582' title='bbox 2189 3743 2424 3816; x_wconf 88' lang='lat' dir='ltr'><strong>peccati,</strong></span> <span class='ocrx_word' id='word_1_583' title='bbox 2445 3743 2604 3798; x_wconf 91' lang='lat' dir='ltr'><strong>nulla</strong></span> <span class='ocrx_word' id='word_1_584' title='bbox 2649 3741 2878 3801; x_wconf 89' lang='lat' dir='ltr'><strong>omnino</strong></span> <span class='ocrx_word' id='word_1_585' title='bbox 2932 3745 3020 3796; x_wconf 90' lang='lat' dir='ltr'><strong>est</strong></span> <span class='ocrx_word' id='word_1_586' title='bbox 3057 3740 3479 3813; x_wconf 63' lang='lat' dir='ltr'><strong>praedestinatio</strong></span> <span class='ocrx_word' id='word_1_587' title='bbox 3505 3736 3597 3794; x_wconf 87' lang='lat' dir='ltr'><strong>Dei</strong></span> <span class='ocrx_word' id='word_1_588' title='bbox 3623 3755 3634 3791; x_wconf 90' lang='lat'><strong>:</strong></span> <span class='ocrx_word' id='word_1_589' title='bbox 3657 3748 3737 3790; x_wconf 84' lang='lat' dir='ltr'><strong>nec</strong></span> 
     </span>
    </p>
   </div>
   <div class='ocr_carea' id='block_1_40' title="bbox 507 3823 3734 3910">
    <p class='ocr_par' dir='ltr' id='par_1_40' title="bbox 507 3823 3734 3910">
     <span class='ocr_line' id='line_1_40' title="bbox 507 3823 3734 3910; baseline 0.002 -32"><span class='ocrx_word' id='word_1_590' title='bbox 507 3826 603 3878; x_wconf 89' lang='lat' dir='ltr'><strong>tus</strong></span> <span class='ocrx_word' id='word_1_591' title='bbox 630 3827 718 3910; x_wconf 85' lang='lat' dir='ltr'><strong>est</strong></span> <span class='ocrx_word' id='word_1_592' title='bbox 743 3823 1110 3878; x_wconf 89' lang='lat' dir='ltr'><strong>voluntatem.</strong></span> <span class='ocrx_word' id='word_1_593' title='bbox 1140 3843 1164 3876; x_wconf 72' lang='grc' dir='ltr'><strong><em>ι</em></strong></span> <span class='ocrx_word' id='word_1_594' title='bbox 1200 3826 1379 3894; x_wconf 81' lang='lat' dir='ltr'><strong>(Vino.</strong></span> <span class='ocrx_word' id='word_1_595' title='bbox 1413 3824 1518 3896; x_wconf 77' lang='lat' dir='ltr'><strong>x1.)</strong></span> <span class='ocrx_word' id='word_1_596' title='bbox 1539 3843 1568 3880; x_wconf 72' lang='grc' dir='ltr'><strong><em>α</em></strong></span> <span class='ocrx_word' id='word_1_597' title='bbox 1599 3826 1754 3882; x_wconf 89' lang='lat' dir='ltr'><strong>Nihil</strong></span> <span class='ocrx_word' id='word_1_598' title='bbox 1783 3844 1916 3900; x_wconf 90' lang='lat' dir='ltr'><strong>ergo</strong></span> <span class='ocrx_word' id='word_1_599' title='bbox 1936 3829 2109 3885; x_wconf 88' lang='lat' dir='ltr'><strong>malo-</strong></span> <span class='ocrx_word' id='word_1_600' title='bbox 2189 3832 2312 3888; x_wconf 89' lang='lat' dir='ltr'><strong>ﬁeri</strong></span> <span class='ocrx_word' id='word_1_601' title='bbox 2339 3837 2528 3905; x_wconf 89' lang='lat' dir='ltr'><strong>potest</strong></span> <span class='ocrx_word' id='word_1_602' title='bbox 2553 3836 2620 3886; x_wconf 91' lang='lat' dir='ltr'><strong>ut</strong></span> <span class='ocrx_word' id='word_1_603' title='bbox 2647 3847 2751 3903; x_wconf 89' lang='lat' dir='ltr'><strong>per</strong></span> <span class='ocrx_word' id='word_1_604' title='bbox 2775 3846 2945 3903; x_wconf 89' lang='lat' dir='ltr'><strong>quem</strong></span> <span class='ocrx_word' id='word_1_605' title='bbox 2985 3845 3020 3884; x_wconf 91' lang='lat' dir='ltr'><strong>a</strong></span> <span class='ocrx_word' id='word_1_606' title='bbox 3045 3828 3259 3910; x_wconf 78' lang='lat' dir='ltr'><strong>talibus</strong></span> <span class='ocrx_word' id='word_1_607' title='bbox 3314 3827 3477 3884; x_wconf 87' lang='lat' dir='ltr'><strong>malis</strong></span> <span class='ocrx_word' id='word_1_608' title='bbox 3510 3823 3734 3898; x_wconf 75' lang='lat' dir='ltr'><strong>surgitur.</strong></span> 
     </span>
    </p>
   </div>
   <div class='ocr_carea' id='block_1_41' title="bbox 509 3907 3738 3996">
    <p class='ocr_par' dir='ltr' id='par_1_41' title="bbox 509 3907 3738 3996">
     <span class='ocr_line' id='line_1_41' title="bbox 509 3907 3738 3996; baseline 0 -28"><span class='ocrx_word' id='word_1_609' title='bbox 509 3927 636 3968; x_wconf 89' lang='lat' dir='ltr'><strong>rum</strong></span> <span class='ocrx_word' id='word_1_610' title='bbox 658 3907 1014 3984; x_wconf 82' lang='lat' dir='ltr'><strong>negotiorum</strong></span> <span class='ocrx_word' id='word_1_611' title='bbox 1042 3913 1195 3968; x_wconf 90' lang='lat' dir='ltr'><strong>Deus</strong></span> <span class='ocrx_word' id='word_1_612' title='bbox 1224 3914 1642 3986; x_wconf 70' lang='lat' dir='ltr'><strong>praedestinavit</strong></span> <span class='ocrx_word' id='word_1_613' title='bbox 1691 3921 1757 3972; x_wconf 92' lang='lat' dir='ltr'><strong>ut</strong></span> <span class='ocrx_word' id='word_1_614' title='bbox 1799 3917 1979 3986; x_wconf 89' lang='lat' dir='ltr'><strong>ﬁeret,</strong></span> <span class='ocrx_word' id='word_1_615' title='bbox 2002 3933 2106 3974; x_wconf 90' lang='lat' dir='ltr'><strong>nec</strong></span> <span class='ocrx_word' id='word_1_616' title='bbox 2187 3937 2290 3996; x_wconf 88' lang='lat' dir='ltr'><strong>per</strong></span> <span class='ocrx_word' id='word_1_617' title='bbox 2317 3937 2449 3977; x_wconf 90' lang='lat' dir='ltr'><strong>eum</strong></span> <span class='ocrx_word' id='word_1_618' title='bbox 2477 3920 2538 3976; x_wconf 89' lang='lat' dir='ltr'><strong>in</strong></span> <span class='ocrx_word' id='word_1_619' title='bbox 2553 3919 2693 3976; x_wconf 90' lang='lat' dir='ltr'><strong>talia</strong></span> <span class='ocrx_word' id='word_1_620' title='bbox 2711 3919 3019 3976; x_wconf 88' lang='lat' dir='ltr'><strong>decidatur.</strong></span> <span class='ocrx_word' id='word_1_621' title='bbox 3045 3918 3104 3974; x_wconf 91' lang='lat' dir='ltr'><strong>Si</strong></span> <span class='ocrx_word' id='word_1_622' title='bbox 3125 3907 3261 3990; x_wconf 85' lang='lat' dir='ltr'><strong>ergo</strong></span> <span class='ocrx_word' id='word_1_623' title='bbox 3271 3917 3332 3974; x_wconf 89' lang='lat' dir='ltr'><strong>in</strong></span> <span class='ocrx_word' id='word_1_624' title='bbox 3351 3911 3738 3974; x_wconf 73' lang='lat' dir='ltr'><strong>sanctitatevivi-</strong></span> 
     </span>
    </p>
   </div>
   <div class='ocr_carea' id='block_1_42' title="bbox 507 4000 3736 4082">
    <p class='ocr_par' dir='ltr' id='par_1_42' title="bbox 507 4000 3736 4082">
     <span class='ocr_line' id='line_1_42' title="bbox 507 4000 3736 4082; baseline 0.002 -28"><span class='ocrx_word' id='word_1_625' title='bbox 507 4000 683 4056; x_wconf 86' lang='lat' dir='ltr'><strong>ullam</strong></span> <span class='ocrx_word' id='word_1_626' title='bbox 699 4001 947 4056; x_wconf 90' lang='lat' dir='ltr'><strong>animam</strong></span> <span class='ocrx_word' id='word_1_627' title='bbox 967 4003 1231 4074; x_wconf 88' lang='lat' dir='ltr'><strong>nequiter</strong></span> <span class='ocrx_word' id='word_1_628' title='bbox 1251 4004 1605 4077; x_wconf 90' lang='lat' dir='ltr'><strong>turpiterque</strong></span> <span class='ocrx_word' id='word_1_629' title='bbox 1622 4005 1894 4062; x_wconf 89' lang='lat' dir='ltr'><strong>victuram</strong></span> <span class='ocrx_word' id='word_1_630' title='bbox 1911 4007 1981 4062; x_wconf 84' lang='lat' dir='ltr'><strong>ad</strong></span> <span class='ocrx_word' id='word_1_631' title='bbox 1998 4007 2104 4063; x_wconf 92' lang='lat' dir='ltr'><strong>hoc</strong></span> <span class='ocrx_word' id='word_1_632' title='bbox 2185 4015 2297 4078; x_wconf 92' lang='lat' dir='ltr'><strong>tur,</strong></span> <span class='ocrx_word' id='word_1_633' title='bbox 2325 4010 2374 4066; x_wconf 89' lang='lat' dir='ltr'><strong>si</strong></span> <span class='ocrx_word' id='word_1_634' title='bbox 2403 4010 2464 4065; x_wconf 89' lang='lat' dir='ltr'><strong>in</strong></span> <span class='ocrx_word' id='word_1_635' title='bbox 2485 4009 2693 4064; x_wconf 88' lang='lat' dir='ltr'><strong>virtute</strong></span> <span class='ocrx_word' id='word_1_636' title='bbox 2721 4008 3031 4082; x_wconf 86' lang='lat' dir='ltr'><strong>proﬁcitur,</strong></span> <span class='ocrx_word' id='word_1_637' title='bbox 3059 4007 3108 4063; x_wconf 91' lang='lat' dir='ltr'><strong>si</strong></span> <span class='ocrx_word' id='word_1_638' title='bbox 3133 4007 3192 4063; x_wconf 91' lang='lat' dir='ltr'><strong>in</strong></span> <span class='ocrx_word' id='word_1_639' title='bbox 3235 4007 3403 4064; x_wconf 87' lang='lat' dir='ltr'><strong>bonis</strong></span> <span class='ocrx_word' id='word_1_640' title='bbox 3425 4004 3612 4063; x_wconf 81' lang='lat' dir='ltr'><strong>studiis</strong></span> <span class='ocrx_word' id='word_1_641' title='bbox 3634 4016 3736 4077; x_wconf 79' lang='lat' dir='ltr'><strong>per-</strong></span> 
     </span>
    </p>
   </div>
   <div class='ocr_carea' id='block_1_43' title="bbox 507 4090 3736 4170">
    <p class='ocr_par' dir='ltr' id='par_1_43' title="bbox 507 4090 3736 4170">
     <span class='ocr_line' id='line_1_43' title="bbox 507 4090 3736 4170; baseline 0 -23"><span class='ocrx_word' id='word_1_642' title='bbox 507 4093 574 4147; x_wconf 88' lang='lat' dir='ltr'><strong>ut</strong></span> <span class='ocrx_word' id='word_1_643' title='bbox 588 4090 781 4145; x_wconf 87' lang='lat' dir='ltr'><strong>taliter</strong></span> <span class='ocrx_word' id='word_1_644' title='bbox 803 4090 1013 4146; x_wconf 85' lang='lat' dir='ltr'><strong>viveret</strong></span> <span class='ocrx_word' id='word_1_645' title='bbox 1035 4092 1392 4163; x_wconf 70' lang='lat' dir='ltr'><strong>praeparavit,</strong></span> <span class='ocrx_word' id='word_1_646' title='bbox 1411 4094 1508 4148; x_wconf 91' lang='lat' dir='ltr'><strong>sed</strong></span> <span class='ocrx_word' id='word_1_647' title='bbox 1525 4095 1698 4150; x_wconf 90' lang='lat' dir='ltr'><strong>talem</strong></span> <span class='ocrx_word' id='word_1_648' title='bbox 1711 4094 1960 4150; x_wconf 87' lang='lat' dir='ltr'><strong>futuram</strong></span> <span class='ocrx_word' id='word_1_649' title='bbox 1991 4113 2104 4152; x_wconf 91' lang='lat' dir='ltr'><strong>non</strong></span> <span class='ocrx_word' id='word_1_650' title='bbox 2185 4103 2468 4167; x_wconf 90' lang='lat' dir='ltr'><strong>manetur,</strong></span> <span class='ocrx_word' id='word_1_651' title='bbox 2491 4098 2849 4154; x_wconf 88' lang='lat' dir='ltr'><strong>manifestum</strong></span> <span class='ocrx_word' id='word_1_652' title='bbox 2865 4113 3072 4154; x_wconf 90' lang='lat' dir='ltr'><strong>munus</strong></span> <span class='ocrx_word' id='word_1_653' title='bbox 3083 4102 3170 4152; x_wconf 87' lang='lat' dir='ltr'><strong>est</strong></span> <span class='ocrx_word' id='word_1_654' title='bbox 3181 4097 3304 4166; x_wconf 91' lang='lat' dir='ltr'><strong>Dei,</strong></span> <span class='ocrx_word' id='word_1_655' title='bbox 3320 4099 3442 4153; x_wconf 91' lang='lat' dir='ltr'><strong>sine</strong></span> <span class='ocrx_word' id='word_1_656' title='bbox 3468 4112 3570 4170; x_wconf 88' lang='lat' dir='ltr'><strong>quo</strong></span> <span class='ocrx_word' id='word_1_657' title='bbox 3585 4092 3736 4150; x_wconf 75' lang='lat' dir='ltr'><strong>nullus</strong></span> 
     </span>
    </p>
   </div>
   <div class='ocr_carea' id='block_1_44' title="bbox 505 4177 3736 4262">
    <p class='ocr_par' dir='ltr' id='par_1_44' title="bbox 505 4177 3736 4262">
     <span class='ocr_line' id='line_1_44' title="bbox 505 4177 3736 4262; baseline 0.001 -28"><span class='ocrx_word' id='word_1_658' title='bbox 505 4177 800 4250; x_wconf 85' lang='lat' dir='ltr'><strong>ignoravit,</strong></span> <span class='ocrx_word' id='word_1_659' title='bbox 816 4184 875 4234; x_wconf 91' lang='lat' dir='ltr'><strong>et</strong></span> <span class='ocrx_word' id='word_1_660' title='bbox 908 4180 978 4235; x_wconf 90' lang='lat' dir='ltr'><strong>de</strong></span> <span class='ocrx_word' id='word_1_661' title='bbox 1008 4181 1109 4234; x_wconf 88' lang='lat' dir='ltr'><strong>tali</strong></span> <span class='ocrx_word' id='word_1_662' title='bbox 1131 4183 1285 4252; x_wconf 89' lang='lat' dir='ltr'><strong>juste</strong></span> <span class='ocrx_word' id='word_1_663' title='bbox 1307 4199 1368 4238; x_wconf 91' lang='lat' dir='ltr'><strong>se</strong></span> <span class='ocrx_word' id='word_1_664' title='bbox 1399 4184 1784 4254; x_wconf 86' lang='lat' dir='ltr'><strong>judicaturum</strong></span> <span class='ocrx_word' id='word_1_665' title='bbox 1811 4203 1931 4241; x_wconf 84' lang='lat' dir='ltr'><strong>esse</strong></span> <span class='ocrx_word' id='word_1_666' title='bbox 1960 4203 2104 4258; x_wconf 79' lang='lat' dir='ltr'><strong>prae-</strong></span> <span class='ocrx_word' id='word_1_667' title='bbox 2186 4188 2318 4244; x_wconf 84' lang='lat' dir='ltr'><strong>boni</strong></span> <span class='ocrx_word' id='word_1_668' title='bbox 2379 4188 2566 4262; x_wconf 90' lang='lat' dir='ltr'><strong>operis</strong></span> <span class='ocrx_word' id='word_1_669' title='bbox 2617 4189 2833 4243; x_wconf 87' lang='lat' dir='ltr'><strong>fructus</strong></span> <span class='ocrx_word' id='word_1_670' title='bbox 2879 4187 3207 4259; x_wconf 89' lang='lat' dir='ltr'><strong>acquiritur.</strong></span> <span class='ocrx_word' id='word_1_671' title='bbox 3238 4188 3302 4243; x_wconf 85' lang='lat' dir='ltr'><strong>Si</strong></span> <span class='ocrx_word' id='word_1_672' title='bbox 3355 4192 3541 4243; x_wconf 88' lang='lat' dir='ltr'><strong>autem</strong></span> <span class='ocrx_word' id='word_1_673' title='bbox 3570 4183 3632 4240; x_wconf 88' lang='lat' dir='ltr'><strong>ab</strong></span> <span class='ocrx_word' id='word_1_674' title='bbox 3667 4180 3736 4237; x_wconf 73' lang='lat' dir='ltr'><strong>his</strong></span> 
     </span>
    </p>
   </div>
   <div class='ocr_carea' id='block_1_45' title="bbox 505 4266 3736 4350">
    <p class='ocr_par' dir='ltr' id='par_1_45' title="bbox 505 4266 3736 4350">
     <span class='ocr_line' id='line_1_45' title="bbox 505 4266 3736 4350; baseline 0.002 -26"><span class='ocrx_word' id='word_1_675' title='bbox 505 4266 666 4324; x_wconf 87' lang='lat' dir='ltr'><strong>scivit</strong></span> <span class='ocrx_word' id='word_1_676' title='bbox 695 4285 707 4322; x_wconf 93' lang='lat'>:</span> <span class='ocrx_word' id='word_1_677' title='bbox 741 4272 912 4339; x_wconf 90' lang='lat' dir='ltr'><strong>atque</strong></span> <span class='ocrx_word' id='word_1_678' title='bbox 952 4268 1036 4323; x_wconf 88' lang='lat' dir='ltr'><strong>ita</strong></span> <span class='ocrx_word' id='word_1_679' title='bbox 1085 4269 1156 4323; x_wconf 88' lang='lat' dir='ltr'><strong>ad</strong></span> <span class='ocrx_word' id='word_1_680' title='bbox 1209 4271 1758 4341; x_wconf 87' lang='lat' dir='ltr'><strong>praedestinationem</strong></span> <span class='ocrx_word' id='word_1_681' title='bbox 1803 4275 1926 4344; x_wconf 87' lang='lat' dir='ltr'><strong>ejus</strong></span> <span class='ocrx_word' id='word_1_682' title='bbox 1963 4275 2103 4330; x_wconf 91' lang='lat' dir='ltr'><strong>nihil</strong></span> <span class='ocrx_word' id='word_1_683' title='bbox 2186 4278 2484 4345; x_wconf 89' lang='lat' dir='ltr'><strong>receditur,</strong></span> <span class='ocrx_word' id='word_1_684' title='bbox 2516 4276 2666 4333; x_wconf 87' lang='lat' dir='ltr'><strong>etad</strong></span> <span class='ocrx_word' id='word_1_685' title='bbox 2699 4277 2815 4332; x_wconf 87' lang='lat' dir='ltr'><strong>vita</strong></span> <span class='ocrx_word' id='word_1_686' title='bbox 2841 4283 3012 4349; x_wconf 90' lang='lat' dir='ltr'><strong>atque</strong></span> <span class='ocrx_word' id='word_1_687' title='bbox 3056 4282 3288 4350; x_wconf 88' lang='lat' dir='ltr'><strong>peccata</strong></span> <span class='ocrx_word' id='word_1_688' title='bbox 3315 4278 3598 4343; x_wconf 87' lang='lat' dir='ltr'><strong>transitur,</strong></span> <span class='ocrx_word' id='word_1_689' title='bbox 3625 4269 3736 4328; x_wconf 78' lang='lat' dir='ltr'><strong>nihil</strong></span> 
     </span>
    </p>
   </div>
   <div class='ocr_carea' id='block_1_46' title="bbox 505 4355 3737 4434">
    <p class='ocr_par' dir='ltr' id='par_1_46' title="bbox 505 4355 3737 4434">
     <span class='ocr_line' id='line_1_46' title="bbox 505 4355 3737 4434; baseline 0.003 -22"><span class='ocrx_word' id='word_1_690' title='bbox 505 4355 658 4412; x_wconf 91' lang='lat' dir='ltr'><strong>aliud</strong></span> <span class='ocrx_word' id='word_1_691' title='bbox 677 4355 875 4412; x_wconf 86' lang='lat' dir='ltr'><strong>referri</strong></span> <span class='ocrx_word' id='word_1_692' title='bbox 901 4361 1104 4429; x_wconf 91' lang='lat' dir='ltr'><strong>potest,</strong></span> <span class='ocrx_word' id='word_1_693' title='bbox 1126 4357 1234 4414; x_wconf 89' lang='lat' dir='ltr'><strong>nisi</strong></span> <span class='ocrx_word' id='word_1_694' title='bbox 1263 4359 1410 4431; x_wconf 91' lang='lat' dir='ltr'><strong>quod</strong></span> <span class='ocrx_word' id='word_1_695' title='bbox 1441 4367 1540 4416; x_wconf 89' lang='lat' dir='ltr'><strong>aut</strong></span> <span class='ocrx_word' id='word_1_696' title='bbox 1570 4363 1640 4417; x_wconf 89' lang='lat' dir='ltr'><strong>ad</strong></span> <span class='ocrx_word' id='word_1_697' title='bbox 1661 4362 1905 4419; x_wconf 88' lang='lat' dir='ltr'><strong>debitam</strong></span> <span class='ocrx_word' id='word_1_698' title='bbox 1939 4364 2158 4434; x_wconf 89' lang='lat' dir='ltr'><strong>justi-_</strong></span> <span class='ocrx_word' id='word_1_699' title='bbox 2185 4365 2261 4420; x_wconf 90' lang='lat' dir='ltr'><strong>ibi</strong></span> <span class='ocrx_word' id='word_1_700' title='bbox 2288 4367 2440 4422; x_wconf 91' lang='lat' dir='ltr'><strong>Deus</strong></span> <span class='ocrx_word' id='word_1_701' title='bbox 2465 4367 2628 4423; x_wconf 86' lang='lat' dir='ltr'><strong>malae</strong></span> <span class='ocrx_word' id='word_1_702' title='bbox 2652 4367 2980 4422; x_wconf 84' lang='lat' dir='ltr'><strong>tentationis</strong></span> <span class='ocrx_word' id='word_1_703' title='bbox 3026 4367 3304 4434; x_wconf 90' lang='lat' dir='ltr'><strong>immittit,</strong></span> <span class='ocrx_word' id='word_1_704' title='bbox 3337 4373 3396 4422; x_wconf 92' lang='lat' dir='ltr'><strong>et</strong></span> <span class='ocrx_word' id='word_1_705' title='bbox 3428 4375 3737 4422; x_wconf 75' lang='lat' dir='ltr'><strong>recessurum</strong></span> 
     </span>
    </p>
   </div>
   <div class='ocr_carea' id='block_1_47' title="bbox 505 4426 3736 4527">
    <p class='ocr_par' dir='ltr' id='par_1_47' title="bbox 505 4426 3736 4527">
     <span class='ocr_line' id='line_1_47' title="bbox 505 4426 3736 4527; baseline 0.002 -27"><span class='ocrx_word' id='word_1_706' title='bbox 505 4445 597 4500; x_wconf 76' lang='lat' dir='ltr'><strong>tiae</strong></span> <span class='ocrx_word' id='word_1_707' title='bbox 621 4426 1066 4514; x_wconf 75' lang='lat' dir='ltr'><strong>retributionem,</strong></span> <span class='ocrx_word' id='word_1_708' title='bbox 1102 4451 1202 4502; x_wconf 89' lang='lat' dir='ltr'><strong>aut</strong></span> <span class='ocrx_word' id='word_1_709' title='bbox 1233 4426 1305 4503; x_wconf 82' lang='lat' dir='ltr'><strong>ad</strong></span> <span class='ocrx_word' id='word_1_710' title='bbox 1349 4449 1598 4505; x_wconf 85' lang='lat' dir='ltr'><strong>debitam</strong></span> <span class='ocrx_word' id='word_1_711' title='bbox 1635 4451 1878 4522; x_wconf 89' lang='lat' dir='ltr'><strong>pertinet</strong></span> <span class='ocrx_word' id='word_1_712' title='bbox 1907 4426 2100 4523; x_wconf 74' lang='lat' dir='ltr'><strong>gloriae</strong></span> <span class='ocrx_word' id='word_1_713' title='bbox 2116 4426 2166 4485; x_wconf 68' lang='grc' dir='ltr'><strong>Β</strong></span> <span class='ocrx_word' id='word_1_714' title='bbox 2183 4470 2296 4510; x_wconf 90' lang='lat' dir='ltr'><strong>non</strong></span> <span class='ocrx_word' id='word_1_715' title='bbox 2309 4453 2520 4509; x_wconf 89' lang='lat' dir='ltr'><strong>deserit</strong></span> <span class='ocrx_word' id='word_1_716' title='bbox 2541 4459 2846 4526; x_wconf 88' lang='lat' dir='ltr'><strong>antequam</strong></span> <span class='ocrx_word' id='word_1_717' title='bbox 2869 4453 3112 4522; x_wconf 89' lang='lat' dir='ltr'><strong>deserat,</strong></span> <span class='ocrx_word' id='word_1_718' title='bbox 3131 4426 3332 4510; x_wconf 83' lang='lat' dir='ltr'><strong>etfacit</strong></span> <span class='ocrx_word' id='word_1_719' title='bbox 3363 4455 3670 4527; x_wconf 88' lang='lat' dir='ltr'><strong>plerumque</strong></span> <span class='ocrx_word' id='word_1_720' title='bbox 3681 4463 3736 4502; x_wconf 78' lang='lat' dir='ltr'><strong>ne</strong></span> 
     </span>
    </p>
   </div>
   <div class='ocr_carea' id='block_1_48' title="bbox 505 4535 3735 4612">
    <p class='ocr_par' dir='ltr' id='par_1_48' title="bbox 505 4535 3735 4612">
     <span class='ocr_line' id='line_1_48' title="bbox 505 4535 3735 4612; baseline 0.002 -22"><span class='ocrx_word' id='word_1_721' title='bbox 505 4535 846 4604; x_wconf 80' lang='lat' dir='ltr'><strong>largitatem.</strong></span> <span class='ocrx_word' id='word_1_722' title='bbox 885 4555 910 4586; x_wconf 70' lang='grc' dir='ltr'><strong>ι)</strong></span> <span class='ocrx_word' id='word_1_723' title='bbox 934 4535 1192 4606; x_wconf 76' lang='lat' dir='ltr'><strong>(Objectz&#39;o</strong></span> <span class='ocrx_word' id='word_1_724' title='bbox 1224 4539 1370 4592; x_wconf 79' lang='lat' dir='ltr'><strong>Vino.</strong></span> <span class='ocrx_word' id='word_1_725' title='bbox 1409 4540 1524 4604; x_wconf 69' lang='grc' dir='ltr'><strong>ΧΠ.)</strong></span> <span class='ocrx_word' id='word_1_726' title='bbox 1561 4560 1583 4591; x_wconf 86' lang='grc'><strong>‹</strong></span> <span class='ocrx_word' id='word_1_727' title='bbox 1603 4539 1956 4612; x_wconf 84' lang='lat' dir='ltr'><strong>QuaprOpter</strong></span> <span class='ocrx_word' id='word_1_728' title='bbox 2005 4541 2101 4612; x_wconf 89' lang='lat' dir='ltr'><strong>qui</strong></span> <span class='ocrx_word' id='word_1_729' title='bbox 2183 4543 2424 4611; x_wconf 89' lang='lat' dir='ltr'><strong>deserat,</strong></span> <span class='ocrx_word' id='word_1_730' title='bbox 2459 4549 2560 4598; x_wconf 88' lang='lat' dir='ltr'><strong>aut</strong></span> <span class='ocrx_word' id='word_1_731' title='bbox 2584 4542 2808 4598; x_wconf 86' lang='lat' dir='ltr'><strong>etiamsi</strong></span> <span class='ocrx_word' id='word_1_732' title='bbox 2837 4542 3092 4598; x_wconf 88' lang='lat' dir='ltr'><strong>discessit</strong></span> <span class='ocrx_word' id='word_1_733' title='bbox 3116 4549 3182 4599; x_wconf 92' lang='lat' dir='ltr'><strong>ut</strong></span> <span class='ocrx_word' id='word_1_734' title='bbox 3207 4544 3423 4599; x_wconf 84' lang='lat' dir='ltr'><strong>redeat.</strong></span> <span class='ocrx_word' id='word_1_735' title='bbox 3445 4544 3554 4598; x_wconf 89' lang='lat' dir='ltr'><strong>Cur</strong></span> <span class='ocrx_word' id='word_1_736' title='bbox 3577 4545 3735 4595; x_wconf 82' lang='lat' dir='ltr'><strong>autem</strong></span> 
     </span>
    </p>
   </div>
   <div class='ocr_carea' id='block_1_49' title="bbox 504 4623 3738 4706">
    <p class='ocr_par' dir='ltr' id='par_1_49' title="bbox 504 4623 3738 4706">
     <span class='ocr_line' id='line_1_49' title="bbox 504 4623 3738 4706; baseline 0.001 -28"><span class='ocrx_word' id='word_1_737' title='bbox 504 4623 700 4678; x_wconf 91' lang='lat' dir='ltr'><strong>dicunt</strong></span> <span class='ocrx_word' id='word_1_738' title='bbox 718 4624 866 4694; x_wconf 90' lang='lat' dir='ltr'><strong>quod</strong></span> <span class='ocrx_word' id='word_1_739' title='bbox 881 4624 984 4678; x_wconf 91' lang='lat' dir='ltr'><strong>Dei</strong></span> <span class='ocrx_word' id='word_1_740' title='bbox 1010 4625 1502 4696; x_wconf 69' lang='lat' dir='ltr'><strong>praedestinatione</strong></span> <span class='ocrx_word' id='word_1_741' title='bbox 1531 4629 1846 4684; x_wconf 89' lang='lat' dir='ltr'><strong>efﬁciantur</strong></span> <span class='ocrx_word' id='word_1_742' title='bbox 1875 4631 1942 4684; x_wconf 79' lang='lat' dir='ltr'><strong>de</strong></span> <span class='ocrx_word' id='word_1_743' title='bbox 1971 4631 2102 4686; x_wconf 87' lang='lat' dir='ltr'><strong>ﬁliis</strong></span> <span class='ocrx_word' id='word_1_744' title='bbox 2185 4631 2334 4686; x_wconf 92' lang='lat' dir='ltr'><strong>hunc</strong></span> <span class='ocrx_word' id='word_1_745' title='bbox 2353 4630 2613 4700; x_wconf 90' lang='lat' dir='ltr'><strong>retineat,</strong></span> <span class='ocrx_word' id='word_1_746' title='bbox 2642 4631 2804 4687; x_wconf 91' lang='lat' dir='ltr'><strong>illum</strong></span> <span class='ocrx_word' id='word_1_747' title='bbox 2835 4647 2947 4685; x_wconf 91' lang='lat' dir='ltr'><strong>non</strong></span> <span class='ocrx_word' id='word_1_748' title='bbox 2974 4631 3236 4699; x_wconf 90' lang='lat' dir='ltr'><strong>retineat,</strong></span> <span class='ocrx_word' id='word_1_749' title='bbox 3267 4648 3372 4688; x_wconf 89' lang='lat' dir='ltr'><strong>nec</strong></span> <span class='ocrx_word' id='word_1_750' title='bbox 3397 4629 3643 4706; x_wconf 84' lang='lat' dir='ltr'><strong>possibile</strong></span> <span class='ocrx_word' id='word_1_751' title='bbox 3669 4629 3738 4680; x_wconf 81' lang='lat' dir='ltr'><strong>est</strong></span> 
     </span>
    </p>
   </div>
   <div class='ocr_carea' id='block_1_50' title="bbox 505 4710 3736 4792">
    <p class='ocr_par' dir='ltr' id='par_1_50' title="bbox 505 4710 3736 4792">
     <span class='ocr_line' id='line_1_50' title="bbox 505 4710 3736 4792; baseline 0.004 -28"><span class='ocrx_word' id='word_1_752' title='bbox 505 4711 606 4766; x_wconf 90' lang='lat' dir='ltr'><strong>Dei</strong></span> <span class='ocrx_word' id='word_1_753' title='bbox 637 4710 738 4766; x_wconf 85' lang='lat' dir='ltr'><strong>ﬁlii</strong></span> <span class='ocrx_word' id='word_1_754' title='bbox 767 4711 992 4779; x_wconf 90' lang='lat' dir='ltr'><strong>diaboli,</strong></span> <span class='ocrx_word' id='word_1_755' title='bbox 1028 4719 1086 4768; x_wconf 91' lang='lat' dir='ltr'><strong>et</strong></span> <span class='ocrx_word' id='word_1_756' title='bbox 1113 4715 1182 4768; x_wconf 93' lang='lat' dir='ltr'><strong>de</strong></span> <span class='ocrx_word' id='word_1_757' title='bbox 1203 4717 1430 4788; x_wconf 89' lang='lat' dir='ltr'><strong>templis</strong></span> <span class='ocrx_word' id='word_1_758' title='bbox 1458 4718 1666 4772; x_wconf 91' lang='lat' dir='ltr'><strong>sanctis</strong></span> <span class='ocrx_word' id='word_1_759' title='bbox 1677 4719 1887 4789; x_wconf 81' lang='lat' dir='ltr'><strong>templa</strong></span> <span class='ocrx_word' id='word_1_760' title='bbox 1900 4719 2104 4774; x_wconf 66' lang='lat' dir='ltr'><strong>daemo-</strong></span> <span class='ocrx_word' id='word_1_761' title='bbox 2183 4719 2676 4792; x_wconf 89' lang='lat' dir='ltr'><strong>comprehendere,</strong></span> <span class='ocrx_word' id='word_1_762' title='bbox 2709 4735 2813 4775; x_wconf 91' lang='lat' dir='ltr'><strong>nec</strong></span> <span class='ocrx_word' id='word_1_763' title='bbox 2839 4719 3058 4776; x_wconf 90' lang='lat' dir='ltr'><strong>licitum</strong></span> <span class='ocrx_word' id='word_1_764' title='bbox 3100 4720 3456 4792; x_wconf 89' lang='lat' dir='ltr'><strong>investigare,</strong></span> <span class='ocrx_word' id='word_1_765' title='bbox 3475 4735 3596 4775; x_wconf 89' lang='lat' dir='ltr'><strong>cum</strong></span> <span class='ocrx_word' id='word_1_766' title='bbox 3619 4715 3736 4771; x_wconf 69' lang='lat' dir='ltr'><strong>scire</strong></span> 
     </span>
    </p>
   </div>
   <div class='ocr_carea' id='block_1_51' title="bbox 505 4800 3735 4880">
    <p class='ocr_par' dir='ltr' id='par_1_51' title="bbox 505 4800 3735 4880">
     <span class='ocr_line' id='line_1_51' title="bbox 505 4800 3735 4880; baseline 0.001 -24"><span class='ocrx_word' id='word_1_767' title='bbox 505 4817 663 4869; x_wconf 88' lang='lat' dir='ltr'><strong>num,</strong></span> <span class='ocrx_word' id='word_1_768' title='bbox 678 4805 736 4855; x_wconf 92' lang='lat' dir='ltr'><strong>et</strong></span> <span class='ocrx_word' id='word_1_769' title='bbox 748 4800 817 4855; x_wconf 91' lang='lat' dir='ltr'><strong>de</strong></span> <span class='ocrx_word' id='word_1_770' title='bbox 838 4801 1106 4858; x_wconf 84' lang='lat' dir='ltr'><strong>membris</strong></span> <span class='ocrx_word' id='word_1_771' title='bbox 1119 4804 1325 4859; x_wconf 90' lang='lat' dir='ltr'><strong>Christi</strong></span> <span class='ocrx_word' id='word_1_772' title='bbox 1366 4805 1622 4862; x_wconf 90' lang='lat' dir='ltr'><strong>membra</strong></span> <span class='ocrx_word' id='word_1_773' title='bbox 1642 4808 1952 4862; x_wconf 81' lang='lat' dir='ltr'><strong>meretricis</strong></span> <span class='ocrx_word' id='word_1_774' title='bbox 1971 4825 2102 4880; x_wconf 84' lang='lat' dir='ltr'><strong>per—</strong></span> <span class='ocrx_word' id='word_1_775' title='bbox 2183 4808 2429 4864; x_wconf 83' lang='lat' dir='ltr'><strong>sufficiat</strong></span> <span class='ocrx_word' id='word_1_776' title='bbox 2448 4814 2506 4864; x_wconf 91' lang='lat' dir='ltr'><strong>et</strong></span> <span class='ocrx_word' id='word_1_777' title='bbox 2515 4807 2586 4862; x_wconf 90' lang='lat' dir='ltr'><strong>ab</strong></span> <span class='ocrx_word' id='word_1_778' title='bbox 2605 4808 2702 4864; x_wconf 92' lang='lat' dir='ltr'><strong>illo</strong></span> <span class='ocrx_word' id='word_1_779' title='bbox 2726 4825 2848 4864; x_wconf 91' lang='lat' dir='ltr'><strong>esse</strong></span> <span class='ocrx_word' id='word_1_780' title='bbox 2861 4809 3010 4880; x_wconf 89' lang='lat' dir='ltr'><strong>quod</strong></span> <span class='ocrx_word' id='word_1_781' title='bbox 3026 4812 3230 4876; x_wconf 88' lang='lat' dir='ltr'><strong>statur,</strong></span> <span class='ocrx_word' id='word_1_782' title='bbox 3249 4815 3307 4865; x_wconf 91' lang='lat' dir='ltr'><strong>et</strong></span> <span class='ocrx_word' id='word_1_783' title='bbox 3321 4825 3434 4865; x_wconf 90' lang='lat' dir='ltr'><strong>non</strong></span> <span class='ocrx_word' id='word_1_784' title='bbox 3453 4807 3521 4862; x_wconf 86' lang='lat' dir='ltr'><strong>ab</strong></span> <span class='ocrx_word' id='word_1_785' title='bbox 3536 4805 3624 4862; x_wconf 90' lang='lat' dir='ltr'><strong>illo</strong></span> <span class='ocrx_word' id='word_1_786' title='bbox 3638 4817 3735 4858; x_wconf 79' lang='lat' dir='ltr'><strong>esse</strong></span> 
     </span>
    </p>
   </div>
   <div class='ocr_carea' id='block_1_52' title="bbox 502 4890 3736 4970">
    <p class='ocr_par' dir='ltr' id='par_1_52' title="bbox 502 4890 3736 4970">
     <span class='ocr_line' id='line_1_52' title="bbox 502 4890 3736 4970; baseline -0 -24"><span class='ocrx_word' id='word_1_787' title='bbox 502 4890 870 4946; x_wconf 88' lang='lat' dir='ltr'><strong>niciosissime</strong></span> <span class='ocrx_word' id='word_1_788' title='bbox 913 4890 1118 4947; x_wconf 88' lang='lat' dir='ltr'><strong>fallunt</strong></span> <span class='ocrx_word' id='word_1_789' title='bbox 1163 4899 1334 4964; x_wconf 89' lang='lat' dir='ltr'><strong>atque</strong></span> <span class='ocrx_word' id='word_1_790' title='bbox 1380 4893 1653 4950; x_wconf 82' lang='lat' dir='ltr'><strong>falluntur</strong></span> <span class='ocrx_word' id='word_1_791' title='bbox 1681 4903 1934 4952; x_wconf 85' lang='lat' dir='ltr'><strong>errantes</strong></span> <span class='ocrx_word' id='word_1_792' title='bbox 1965 4897 2100 4954; x_wconf 91' lang='lat' dir='ltr'><strong>etin</strong></span> <span class='ocrx_word' id='word_1_793' title='bbox 2185 4897 2332 4969; x_wconf 87' lang='lat' dir='ltr'><strong>quod</strong></span> <span class='ocrx_word' id='word_1_794' title='bbox 2361 4895 2566 4953; x_wconf 89' lang='lat' dir='ltr'><strong>ruitur.</strong></span> <span class='ocrx_word' id='word_1_795' title='bbox 2597 4918 2618 4950; x_wconf 79' lang='grc' dir='ltr'><strong>ι</strong></span> <span class='ocrx_word' id='word_1_796' title='bbox 2651 4899 2911 4970; x_wconf 78' lang='lat' dir='ltr'><strong>(Objectio</strong></span> <span class='ocrx_word' id='word_1_797' title='bbox 2945 4899 3090 4952; x_wconf 77' lang='lat' dir='ltr'><strong>Vino.</strong></span> <span class='ocrx_word' id='word_1_798' title='bbox 3123 4897 3248 4968; x_wconf 81' lang='lat' dir='ltr'><strong>xv.)</strong></span> <span class='ocrx_word' id='word_1_799' title='bbox 3268 4918 3289 4951; x_wconf 73' lang='grc' dir='ltr'>ι</span> <span class='ocrx_word' id='word_1_800' title='bbox 3331 4897 3440 4964; x_wconf 89' lang='lat' dir='ltr'><strong>Qui</strong></span> <span class='ocrx_word' id='word_1_801' title='bbox 3477 4901 3652 4952; x_wconf 91' lang='lat' dir='ltr'><strong>autem</strong></span> <span class='ocrx_word' id='word_1_802' title='bbox 3671 4890 3736 4946; x_wconf 85' lang='lat' dir='ltr'><strong>di-</strong></span> 
     </span>
    </p>
   </div>
   <div class='ocr_carea' id='block_1_53' title="bbox 503 4977 3736 5060">
    <p class='ocr_par' dir='ltr' id='par_1_53' title="bbox 503 4977 3736 5060">
     <span class='ocr_line' id='line_1_53' title="bbox 503 4977 3736 5060; baseline 0.002 -26"><span class='ocrx_word' id='word_1_803' title='bbox 503 4993 753 5034; x_wconf 84' lang='lat' dir='ltr'><strong>arrorem</strong></span> <span class='ocrx_word' id='word_1_804' title='bbox 774 4978 1082 5034; x_wconf 89' lang='lat' dir='ltr'><strong>mittentes.</strong></span> <span class='ocrx_word' id='word_1_805' title='bbox 1120 4999 1144 5032; x_wconf 75' lang='grc' dir='ltr'><strong><em>ι</em></strong></span> <span class='ocrx_word' id='word_1_806' title='bbox 1179 4982 1356 5048; x_wconf 77' lang='lat' dir='ltr'><strong>(Vino.</strong></span> <span class='ocrx_word' id='word_1_807' title='bbox 1393 4986 1516 5052; x_wconf 71' lang='grc' dir='ltr'><strong>κη.)</strong></span> <span class='ocrx_word' id='word_1_808' title='bbox 1555 5002 1581 5036; x_wconf 84' lang='grc'><strong>&lt;‹</strong></span> <span class='ocrx_word' id='word_1_809' title='bbox 1613 4983 1794 5054; x_wconf 85' lang='lat' dir='ltr'><strong>Igitur</strong></span> <span class='ocrx_word' id='word_1_810' title='bbox 1821 4985 2102 5056; x_wconf 66' lang='lat' dir='ltr'><strong>praedesti-</strong></span> <span class='ocrx_word' id='word_1_811' title='bbox 2181 4991 2318 5042; x_wconf 90' lang='lat' dir='ltr'><strong>cunt</strong></span> <span class='ocrx_word' id='word_1_812' title='bbox 2346 4986 2495 5059; x_wconf 90' lang='lat' dir='ltr'><strong>quod</strong></span> <span class='ocrx_word' id='word_1_813' title='bbox 2523 5003 2717 5042; x_wconf 92' lang='lat' dir='ltr'><strong>omnes</strong></span> <span class='ocrx_word' id='word_1_814' title='bbox 2764 4986 2845 5041; x_wconf 90' lang='lat' dir='ltr'><strong>illi</strong></span> <span class='ocrx_word' id='word_1_815' title='bbox 2874 4986 3086 5054; x_wconf 88' lang='lat' dir='ltr'><strong>ﬁdeles,</strong></span> <span class='ocrx_word' id='word_1_816' title='bbox 3119 4991 3177 5042; x_wconf 93' lang='lat' dir='ltr'><strong>et</strong></span> <span class='ocrx_word' id='word_1_817' title='bbox 3203 4985 3429 5060; x_wconf 87' lang='lat' dir='ltr'><strong>quidem</strong></span> <span class='ocrx_word' id='word_1_818' title='bbox 3453 4983 3640 5050; x_wconf 84' lang='lat' dir='ltr'><strong>sancti,</strong></span> <span class='ocrx_word' id='word_1_819' title='bbox 3659 4977 3736 5053; x_wconf 74' lang='lat' dir='ltr'><strong>qui</strong></span> 
     </span>
    </p>
   </div>
   <div class='ocr_carea' id='block_1_54' title="bbox 503 5067 3732 5148">
    <p class='ocr_par' dir='ltr' id='par_1_54' title="bbox 503 5067 3732 5148">
     <span class='ocr_line' id='line_1_54' title="bbox 503 5067 3732 5148; baseline 0.003 -25"><span class='ocrx_word' id='word_1_820' title='bbox 503 5068 660 5123; x_wconf 88' lang='lat' dir='ltr'><strong>natio</strong></span> <span class='ocrx_word' id='word_1_821' title='bbox 683 5067 806 5135; x_wconf 89' lang='lat' dir='ltr'><strong>Dei,</strong></span> <span class='ocrx_word' id='word_1_822' title='bbox 833 5067 938 5123; x_wconf 88' lang='lat' dir='ltr'><strong>etsi</strong></span> <span class='ocrx_word' id='word_1_823' title='bbox 957 5068 1108 5141; x_wconf 89' lang='lat' dir='ltr'><strong>apud</strong></span> <span class='ocrx_word' id='word_1_824' title='bbox 1135 5085 1238 5124; x_wconf 92' lang='lat' dir='ltr'><strong>nos</strong></span> <span class='ocrx_word' id='word_1_825' title='bbox 1261 5069 1396 5124; x_wconf 90' lang='lat' dir='ltr'><strong>dum</strong></span> <span class='ocrx_word' id='word_1_826' title='bbox 1415 5071 1475 5124; x_wconf 91' lang='lat' dir='ltr'><strong>in</strong></span> <span class='ocrx_word' id='word_1_827' title='bbox 1489 5072 1781 5142; x_wconf 82' lang='lat' dir='ltr'><strong>praesentis</strong></span> <span class='ocrx_word' id='word_1_828' title='bbox 1801 5073 1926 5127; x_wconf 69' lang='lat' dir='ltr'><strong>vitae</strong></span> <span class='ocrx_word' id='word_1_829' title='bbox 1945 5074 2098 5144; x_wconf 90' lang='lat' dir='ltr'><strong>peri-</strong></span> <span class='ocrx_word' id='word_1_830' title='bbox 2179 5092 2283 5148; x_wconf 90' lang='lat' dir='ltr'><strong>per</strong></span> <span class='ocrx_word' id='word_1_831' title='bbox 2301 5079 2592 5148; x_wconf 88' lang='lat' dir='ltr'><strong>peccatum</strong></span> <span class='ocrx_word' id='word_1_832' title='bbox 2645 5075 2712 5131; x_wconf 86' lang='lat' dir='ltr'><strong>ad</strong></span> <span class='ocrx_word' id='word_1_833' title='bbox 2753 5080 3022 5132; x_wconf 65' lang='lat' dir='ltr'><strong>aeternam</strong></span> <span class='ocrx_word' id='word_1_834' title='bbox 3061 5081 3302 5132; x_wconf 90' lang='lat' dir='ltr'><strong>mortem</strong></span> <span class='ocrx_word' id='word_1_835' title='bbox 3334 5071 3576 5147; x_wconf 86' lang='lat' dir='ltr'><strong>prolapsi</strong></span> <span class='ocrx_word' id='word_1_836' title='bbox 3607 5073 3732 5132; x_wconf 50' lang='lat' dir='ltr'><strong>sunt</strong></span> 
     </span>
    </p>
   </div>
   <div class='ocr_carea' id='block_1_55' title="bbox 503 5157 3737 5237">
    <p class='ocr_par' dir='ltr' id='par_1_55' title="bbox 503 5157 3737 5237">
     <span class='ocr_line' id='line_1_55' title="bbox 503 5157 3737 5237; baseline 0 -23"><span class='ocrx_word' id='word_1_837' title='bbox 503 5157 644 5214; x_wconf 89' lang='lat' dir='ltr'><strong>culis</strong></span> <span class='ocrx_word' id='word_1_838' title='bbox 661 5173 955 5212; x_wconf 85' lang='lat' dir='ltr'><strong>versamur</strong></span> <span class='ocrx_word' id='word_1_839' title='bbox 998 5157 1214 5213; x_wconf 88' lang='lat' dir='ltr'><strong>incerta</strong></span> <span class='ocrx_word' id='word_1_840' title='bbox 1254 5165 1357 5226; x_wconf 89' lang='lat' dir='ltr'><strong>est,</strong></span> <span class='ocrx_word' id='word_1_841' title='bbox 1393 5161 1542 5232; x_wconf 90' lang='lat' dir='ltr'><strong>apud</strong></span> <span class='ocrx_word' id='word_1_842' title='bbox 1583 5160 1742 5216; x_wconf 89' lang='lat' dir='ltr'><strong>illum</strong></span> <span class='ocrx_word' id='word_1_843' title='bbox 1771 5166 1962 5216; x_wconf 87' lang='lat' dir='ltr'><strong>tamen</strong></span> <span class='ocrx_word' id='word_1_844' title='bbox 2002 5162 2098 5234; x_wconf 90' lang='lat' dir='ltr'><strong>qui</strong></span> <span class='ocrx_word' id='word_1_845' title='bbox 2179 5164 2260 5218; x_wconf 89' lang='lat' dir='ltr'><strong>sic</strong></span> <span class='ocrx_word' id='word_1_846' title='bbox 2285 5163 2671 5236; x_wconf 73' lang='lat' dir='ltr'><strong>praedestinati</strong></span> <span class='ocrx_word' id='word_1_847' title='bbox 2697 5169 2848 5232; x_wconf 88' lang='lat' dir='ltr'><strong>sunt,</strong></span> <span class='ocrx_word' id='word_1_848' title='bbox 2881 5164 3072 5237; x_wconf 91' lang='lat' dir='ltr'><strong>sicque</strong></span> <span class='ocrx_word' id='word_1_849' title='bbox 3099 5181 3135 5220; x_wconf 93' lang='lat' dir='ltr'><strong>a</strong></span> <span class='ocrx_word' id='word_1_850' title='bbox 3161 5165 3278 5220; x_wconf 91' lang='lat' dir='ltr'><strong>Deo</strong></span> <span class='ocrx_word' id='word_1_851' title='bbox 3303 5162 3737 5234; x_wconf 74' lang='lat' dir='ltr'><strong>ordinatipostcl-</strong></span> 
     </span>
    </p>
   </div>
   <div class='ocr_carea' id='block_1_56' title="bbox 503 5246 3736 5326">
    <p class='ocr_par' dir='ltr' id='par_1_56' title="bbox 503 5246 3736 5326">
     <span class='ocr_line' id='line_1_56' title="bbox 503 5246 3736 5326; baseline 0 -23"><span class='ocrx_word' id='word_1_852' title='bbox 503 5247 636 5303; x_wconf 87' lang='lat' dir='ltr'><strong>fecit</strong></span> <span class='ocrx_word' id='word_1_853' title='bbox 661 5263 784 5318; x_wconf 73' lang='lat' dir='ltr'><strong>quae</strong></span> <span class='ocrx_word' id='word_1_854' title='bbox 832 5246 1022 5303; x_wconf 86' lang='lat' dir='ltr'><strong>futura</strong></span> <span class='ocrx_word' id='word_1_855' title='bbox 1065 5253 1214 5316; x_wconf 90' lang='lat' dir='ltr'><strong>sunt,</strong></span> <span class='ocrx_word' id='word_1_856' title='bbox 1247 5247 1721 5306; x_wconf 90' lang='lat' dir='ltr'><strong>incommutabilis</strong></span> <span class='ocrx_word' id='word_1_857' title='bbox 1764 5257 2092 5323; x_wconf 80' lang='lat' dir='ltr'><strong>permanet:</strong></span> <span class='ocrx_word' id='word_1_858' title='bbox 2181 5269 2351 5324; x_wconf 91' lang='lat' dir='ltr'><strong>quam</strong></span> <span class='ocrx_word' id='word_1_859' title='bbox 2399 5253 2736 5321; x_wconf 90' lang='lat' dir='ltr'><strong>ceciderunt,</strong></span> <span class='ocrx_word' id='word_1_860' title='bbox 2789 5258 2856 5309; x_wconf 90' lang='lat' dir='ltr'><strong>ut</strong></span> <span class='ocrx_word' id='word_1_861' title='bbox 2884 5269 2988 5310; x_wconf 90' lang='lat' dir='ltr'><strong>nec</strong></span> <span class='ocrx_word' id='word_1_862' title='bbox 3039 5253 3276 5326; x_wconf 89' lang='lat' dir='ltr'><strong>possint,</strong></span> <span class='ocrx_word' id='word_1_863' title='bbox 3321 5269 3425 5308; x_wconf 90' lang='lat' dir='ltr'><strong>nec</strong></span> <span class='ocrx_word' id='word_1_864' title='bbox 3451 5249 3614 5306; x_wconf 85' lang='lat' dir='ltr'><strong>velint</strong></span> <span class='ocrx_word' id='word_1_865' title='bbox 3654 5259 3736 5318; x_wconf 82' lang='lat' dir='ltr'><strong>per</strong></span> 
     </span>
    </p>
   </div>
   <div class='ocr_carea' id='block_1_57' title="bbox 503 5337 3736 5414">
    <p class='ocr_par' dir='ltr' id='par_1_57' title="bbox 503 5337 3736 5414">
     <span class='ocr_line' id='line_1_57' title="bbox 503 5337 3736 5414; baseline 0 -24"><span class='ocrx_word' id='word_1_866' title='bbox 503 5349 687 5407; x_wconf 86' lang='lat' dir='ltr'><strong>neque</strong></span> <span class='ocrx_word' id='word_1_867' title='bbox 717 5353 884 5406; x_wconf 91' lang='lat' dir='ltr'><strong>quem</strong></span> <span class='ocrx_word' id='word_1_868' title='bbox 912 5337 1252 5394; x_wconf 87' lang='lat' dir='ltr'><strong>illuminavit</strong></span> <span class='ocrx_word' id='word_1_869' title='bbox 1277 5337 1534 5407; x_wconf 90' lang='lat' dir='ltr'><strong>obcaecat,</strong></span> <span class='ocrx_word' id='word_1_870' title='bbox 1549 5355 1732 5412; x_wconf 89' lang='lat' dir='ltr'><strong>neque</strong></span> <span class='ocrx_word' id='word_1_871' title='bbox 1761 5340 1908 5412; x_wconf 87' lang='lat' dir='ltr'><strong>quod</strong></span> <span class='ocrx_word' id='word_1_872' title='bbox 1929 5341 2100 5396; x_wconf 83' lang='lat' dir='ltr'><strong>aediﬁ-</strong></span> <span class='ocrx_word' id='word_1_873' title='bbox 2182 5342 2570 5414; x_wconf 70' lang='lat' dir='ltr'><strong>paenitentiam</strong></span> <span class='ocrx_word' id='word_1_874' title='bbox 2593 5341 2847 5410; x_wconf 88' lang='lat' dir='ltr'><strong>liberari,</strong></span> <span class='ocrx_word' id='word_1_875' title='bbox 2881 5359 2985 5398; x_wconf 89' lang='lat' dir='ltr'><strong>nec</strong></span> <span class='ocrx_word' id='word_1_876' title='bbox 3023 5342 3297 5398; x_wconf 87' lang='lat' dir='ltr'><strong>veraciter</strong></span> <span class='ocrx_word' id='word_1_877' title='bbox 3336 5358 3440 5398; x_wconf 89' lang='lat' dir='ltr'><strong>nec</strong></span> <span class='ocrx_word' id='word_1_878' title='bbox 3485 5337 3736 5412; x_wconf 83' lang='lat' dir='ltr'><strong>sapienter</strong></span> 
     </span>
    </p>
   </div>
   <div class='ocr_carea' id='block_1_58' title="bbox 504 5425 3735 5500">
    <p class='ocr_par' dir='ltr' id='par_1_58' title="bbox 504 5425 3735 5500">
     <span class='ocr_line' id='line_1_58' title="bbox 504 5425 3735 5500; baseline 0.001 -23"><span class='ocrx_word' id='word_1_879' title='bbox 504 5425 651 5478; x_wconf 87' lang='lat' dir='ltr'><strong>cavit</strong></span> <span class='ocrx_word' id='word_1_880' title='bbox 667 5425 926 5493; x_wconf 90' lang='lat' dir='ltr'><strong>destruit,</strong></span> <span class='ocrx_word' id='word_1_881' title='bbox 962 5442 1146 5498; x_wconf 91' lang='lat' dir='ltr'><strong>neque</strong></span> <span class='ocrx_word' id='word_1_882' title='bbox 1175 5428 1324 5500; x_wconf 90' lang='lat' dir='ltr'><strong>quod</strong></span> <span class='ocrx_word' id='word_1_883' title='bbox 1371 5428 1647 5500; x_wconf 89' lang='lat' dir='ltr'><strong>plantavit</strong></span> <span class='ocrx_word' id='word_1_884' title='bbox 1665 5430 1867 5484; x_wconf 79' lang='lat' dir='ltr'><strong>evellit.</strong></span> <span class='ocrx_word' id='word_1_885' title='bbox 1905 5451 1928 5484; x_wconf 73' lang='grc' dir='ltr'><strong><em>α</em></strong></span> <span class='ocrx_word' id='word_1_886' title='bbox 1967 5431 2098 5486; x_wconf 91' lang='lat' dir='ltr'><strong>Sine</strong></span> <span class='ocrx_word' id='word_1_887' title='bbox 2181 5431 2288 5486; x_wconf 90' lang='lat' dir='ltr'><strong>hoc</strong></span> <span class='ocrx_word' id='word_1_888' title='bbox 2307 5431 2532 5487; x_wconf 89' lang='lat' dir='ltr'><strong>dicitur.</strong></span> <span class='ocrx_word' id='word_1_889' title='bbox 2556 5431 2663 5497; x_wconf 87' lang='lat' dir='ltr'><strong>Qui</strong></span> <span class='ocrx_word' id='word_1_890' title='bbox 2684 5431 2834 5486; x_wconf 90' lang='lat' dir='ltr'><strong>enim</strong></span> <span class='ocrx_word' id='word_1_891' title='bbox 2852 5447 2886 5486; x_wconf 91' lang='lat' dir='ltr'><strong>a</strong></span> <span class='ocrx_word' id='word_1_892' title='bbox 2907 5431 3018 5487; x_wconf 88' lang='lat' dir='ltr'><strong>ﬁde</strong></span> <span class='ocrx_word' id='word_1_893' title='bbox 3036 5436 3094 5487; x_wconf 91' lang='lat' dir='ltr'><strong>et</strong></span> <span class='ocrx_word' id='word_1_894' title='bbox 3119 5431 3415 5488; x_wconf 87' lang='lat' dir='ltr'><strong>sanctitate</strong></span> <span class='ocrx_word' id='word_1_895' title='bbox 3445 5425 3735 5485; x_wconf 75' lang='lat' dir='ltr'><strong>exciderunt</strong></span> 
     </span>
    </p>
   </div>
   <div class='ocr_carea' id='block_1_59' title="bbox 507 5512 3730 5593">
    <p class='ocr_par' dir='ltr' id='par_1_59' title="bbox 507 5512 3730 5593">
     <span class='ocr_line' id='line_1_59' title="bbox 507 5512 3730 5593; baseline 0.002 -28"><span class='ocrx_word' id='word_1_896' title='bbox 507 5528 536 5565; x_wconf 78' lang='grc' dir='ltr'>ι</span> <span class='ocrx_word' id='word_1_897' title='bbox 565 5512 894 5583; x_wconf 71' lang='lat' dir='ltr'><strong>paenitentia</strong></span> <span class='ocrx_word' id='word_1_898' title='bbox 917 5514 1068 5570; x_wconf 91' lang='lat' dir='ltr'><strong>enim</strong></span> <span class='ocrx_word' id='word_1_899' title='bbox 1109 5522 1243 5572; x_wconf 89' lang='lat' dir='ltr'><strong>sunt</strong></span> <span class='ocrx_word' id='word_1_900' title='bbox 1273 5517 1421 5572; x_wconf 88' lang='lat' dir='ltr'><strong>dona</strong></span> <span class='ocrx_word' id='word_1_901' title='bbox 1453 5524 1512 5574; x_wconf 92' lang='lat' dir='ltr'><strong>et</strong></span> <span class='ocrx_word' id='word_1_902' title='bbox 1551 5519 1768 5574; x_wconf 89' lang='lat' dir='ltr'><strong>vocatio</strong></span> <span class='ocrx_word' id='word_1_903' title='bbox 1797 5520 1898 5575; x_wconf 93' lang='lat' dir='ltr'><strong>Dei</strong></span> <span class='ocrx_word' id='word_1_904' title='bbox 1921 5521 2093 5590; x_wconf 85' lang='lat' dir='ltr'><strong>(Rom.</strong></span> <span class='ocrx_word' id='word_1_905' title='bbox 2179 5520 2328 5576; x_wconf 89' lang='lat' dir='ltr'><strong>sicut</strong></span> <span class='ocrx_word' id='word_1_906' title='bbox 2342 5520 2627 5576; x_wconf 88' lang='lat' dir='ltr'><strong>voluntate</strong></span> <span class='ocrx_word' id='word_1_907' title='bbox 2645 5521 2892 5593; x_wconf 73' lang='lat' dir='ltr'><strong>prolapsi</strong></span> <span class='ocrx_word' id='word_1_908' title='bbox 2921 5527 3072 5590; x_wconf 88' lang='lat' dir='ltr'><strong>sunt,</strong></span> <span class='ocrx_word' id='word_1_909' title='bbox 3105 5521 3186 5576; x_wconf 89' lang='lat' dir='ltr'><strong>ita</strong></span> <span class='ocrx_word' id='word_1_910' title='bbox 3215 5521 3495 5577; x_wconf 89' lang='lat' dir='ltr'><strong>voluntate</strong></span> <span class='ocrx_word' id='word_1_911' title='bbox 3511 5525 3730 5572; x_wconf 74' lang='lat' dir='ltr'><strong>nonsat-</strong></span> 
     </span>
    </p>
   </div>
   <div class='ocr_carea' id='block_1_60' title="bbox 510 5599 3730 5683">
    <p class='ocr_par' dir='ltr' id='par_1_60' title="bbox 510 5599 3730 5683">
     <span class='ocr_line' id='line_1_60' title="bbox 510 5599 3730 5683; baseline 0.002 -29"><span class='ocrx_word' id='word_1_912' title='bbox 510 5617 538 5654; x_wconf 71' lang='grc' dir='ltr'><strong><em>α</em></strong></span> <span class='ocrx_word' id='word_1_913' title='bbox 567 5617 640 5670; x_wconf 76' lang='lat' dir='ltr'><strong>x1,</strong></span> <span class='ocrx_word' id='word_1_914' title='bbox 655 5599 768 5671; x_wconf 78' lang='lat'><strong>‘29),</strong></span> <span class='ocrx_word' id='word_1_915' title='bbox 791 5621 816 5656; x_wconf 72' lang='grc' dir='ltr'><strong>ι)</strong></span> <span class='ocrx_word' id='word_1_916' title='bbox 839 5607 896 5658; x_wconf 91' lang='lat' dir='ltr'><strong>et</strong></span> <span class='ocrx_word' id='word_1_917' title='bbox 915 5604 1141 5660; x_wconf 85' lang='lat' dir='ltr'><strong>ﬁrmum</strong></span> <span class='ocrx_word' id='word_1_918' title='bbox 1168 5605 1597 5664; x_wconf 89' lang='lat' dir='ltr'><strong>fundamentum</strong></span> <span class='ocrx_word' id='word_1_919' title='bbox 1617 5609 1718 5665; x_wconf 90' lang='lat' dir='ltr'><strong>Dei</strong></span> <span class='ocrx_word' id='word_1_920' title='bbox 1739 5614 1870 5678; x_wconf 71' lang='lat' dir='ltr'><strong>stat,</strong></span> <span class='ocrx_word' id='word_1_921' title='bbox 1884 5608 2096 5666; x_wconf 87' lang='lat' dir='ltr'><strong>habens</strong></span> <span class='ocrx_word' id='word_1_922' title='bbox 2175 5615 2338 5682; x_wconf 85' lang='lat' dir='ltr'><strong>gunt,</strong></span> <span class='ocrx_word' id='word_1_923' title='bbox 2369 5615 2428 5666; x_wconf 91' lang='lat' dir='ltr'><strong>et</strong></span> <span class='ocrx_word' id='word_1_924' title='bbox 2451 5609 2805 5666; x_wconf 89' lang='lat' dir='ltr'><strong>dominatum</strong></span> <span class='ocrx_word' id='word_1_925' title='bbox 2837 5611 3411 5683; x_wconf 90' lang='lat' dir='ltr'><strong>concupiscentiarum</strong></span> <span class='ocrx_word' id='word_1_926' title='bbox 3424 5605 3612 5682; x_wconf 82' lang='lat' dir='ltr'><strong>quibus</strong></span> <span class='ocrx_word' id='word_1_927' title='bbox 3626 5615 3730 5659; x_wconf 73' lang='lat' dir='ltr'><strong>suo-</strong></span> 
     </span>
    </p>
   </div>
  </div>
