3958 6170
313 193 458 251 1545
1757 190 1876 246 EPI‘

2027 189 2141 246 LE.
3450 192 3590 253 1546

308 318 636 372 cubuerunt
648 320 849 386 sponte
876 314 1187 385 patiuntur.
1222 314 1388 385 Siqui
1411 320 1602 370 autem
1613 314 1906 387 captivita-
1932 317 1974 374 A
2001 334 2023 365 α
2055 313 2166 381 14).
2205 334 2228 367 ι
2263 315 2332 370 Et
2355 328 2579 368 rursus:
2610 333 2633 366 ι
2659 313 2800 381 ινοε,
2847 317 3027 388 nquit,
3044 316 3271 385 fratres,
3288 319 3589 389 prescien-

304 412 428 461 tem
444 408 873 474 suamgemunt,
891 406 948 456 et
963 402 1283 473 judicantes
1307 405 1638 476 semetipsos
1651 405 1719 458 ad
1734 403 1906 458 mise-
1993 422 2017 455 ι
2049 407 2137 458 tes
2164 402 2460 469 custodite,
2495 418 2567 457 ne
2611 402 2671 458 in
2701 403 3089 476 insipientium
3120 423 3371 463 errorem
3398 412 3589 466 traue-

306 494 612 549 ricordiam
651 492 750 547 Dei
782 496 998 546 mutato
1043 492 1207 546 corde
1255 492 1603 563 confugiunt,
1634 510 1747 548 non
1785 492 1907 547 sine
1994 510 2018 544 α
2047 492 2199 547 ducti
2228 491 2496 547 excidatis
2520 508 2555 545 a
2594 492 2824 565 propria
2862 494 3149 550 ﬁrmitate.
3183 496 3429 554 Crescite
3457 513 3588 554 vero

307 584 516 656 spiritu
546 582 747 637 divinae
778 580 1156 635 miserationis
1186 582 1291 636 hoc
1334 582 1565 637 faciunt.
1592 584 1723 637 Haec
1755 582 1906 636 enim
1994 597 2021 633 α
2052 579 2110 634 in
2138 581 2324 656 gratia
2342 586 2400 636 et
2418 580 2737 652 cognitione
2756 581 2984 639 Domini
3004 584 3182 639 nostri
3208 590 3266 641 et
3281 586 3587 643 Salvator-is

308 672 554 728 mutatio
584 671 826 725 dextera:
877 669 1109 738 Excelsi,
1152 671 1249 741 qui
1280 671 1593 727 innumeris
1614 671 1784 743 lapsis
1811 671 1910 726 dat
1994 688 2017 721 ι
2050 669 2183 724 Jesu
2236 670 2444 725 Christi
2503 672 2586 738 (ΙΙ
2607 672 2751 725 Patr.
2802 684 2888 739 In,
2924 670 3039 742 17).
3073 690 3102 726 ι
3152 673 3297 730 Hinc
3333 674 3504 731 etiam
3532 679 3593 731 et

310 759 706 833 paenitentiam
733 764 797 812 ut
827 758 1158 830 resipiscant
1178 775 1212 812 a
1239 759 1445 814 diaboli
1470 760 1705 832 laqueis,
1746 776 1781 814 a
1799 775 1909 831 quo
1990 757 2232 812 Joannes
2257 759 2313 813 in
2328 759 2666 831 Apocalypsi
2695 776 2800 815 sua
2821 760 3066 833 scripsit,
3088 761 3278 819 dicens
3310 778 3371 818 τα
3391 763 3592 821 Gratia

311 850 518 923 captivi
549 847 889 903 tenebantur
937 847 1008 901 ad
1058 847 1232 919 ipsius
1285 849 1650 903 voluntatem.
1683 848 1910 903 Nemini
1997 866 2021 899 ι
2045 846 2200 902 vobis
2220 853 2277 903 et
2294 865 2400 920 pax
2430 848 2501 903 ab
2520 865 2585 904 eo
2612 840 2709 920 (iui
2750 855 2855 917 est,
2887 850 2985 923 qui
3014 855 3156 920 erat,
3187 856 3246 907 et
3264 851 3360 925 qui
3387 858 3589 910 ventu-

314 944 509 994 autem
542 939 692 993 Deus
721 936 1090 1009 correptionis
1118 937 1326 990 adimit
1375 937 1540 1005 viam,
1580 954 1683 993 nec
1712 954 1911 1009 quem-
1997 952 2024 990 α
2055 953 2151 991 rus
2166 942 2269 1003 est,
2284 942 2611 1009 etaseptem
2633 938 2921 1010 spiritibus
2938 939 3035 1012 qui
3060 939 3119 996 in
3148 946 3450 1013 conspectu
3464 942 3589 1015 ejus

317 1045 490 1101 quam
517 1027 650 1081 boni
666 1025 1037 1098 possibilitate
1054 1025 1345 1097 dispoliat:
1373 1026 1507 1097 quia
1526 1027 1623 1098 qui
1643 1043 1703 1081 se
1732 1043 1768 1081 a
1795 1027 1911 1082 Deo
1996 1042 2026 1078 α
2052 1030 2202 1091 sunt,
2227 1031 2282 1080 et
2306 1042 2340 1080 a
2369 1027 2503 1081 Jesu
2550 1026 2793 1095 Christo,
2825 1028 2922 1100 qui
2950 1034 3038 1084 est
3054 1028 3216 1085 testis
3242 1029 3446 1098 ﬁdelis,
3470 1030 3590 1103 pri-

317 1117 541 1183 avertit,
571 1116 691 1188 ipse
728 1121 787 1169 et
815 1116 953 1170 velle
975 1114 1124 1185 quod
1152 1114 1361 1170 bonum
1391 1121 1479 1170 est
1505 1122 1563 1170 et
1604 1132 1768 1187 posse
1806 1113 1913 1170 sibi
1999 1132 2027 1167 ut
2060 1113 2378 1185 mogenitus
2414 1121 2789 1182 mortuorum,
2823 1122 2881 1172 et
2899 1117 3163 1191 princeps
3181 1135 3381 1190 regum
3400 1124 3586 1189 terrae;

317 1206 567 1262 sustulit.
600 1206 724 1259 Non
748 1209 833 1259 est
860 1220 993 1274 ergo
1014 1219 1381 1275 consequens,
1422 1204 1567 1259 sicut
1593 1209 1796 1275 putant
1815 1203 1912 1275 qui
2000 1203 2142 1274 «qui
2172 1202 2368 1258 dilexit
2391 1220 2513 1271 nos,
2545 1209 2603 1260 et
2627 1205 2765 1261 lavit
2791 1221 2894 1262 nos
2921 1223 2957 1262 a
3006 1207 3251 1279 peccatis
3292 1208 3502 1264 nostris
3528 1207 3591 1266 in

316 1295 456 1351 talia
490 1293 780 1364 objiciunt,
824 1299 889 1346 ut
934 1293 1083 1347 Deus
1133 1292 1335 1363 quibus
1363 1293 1754 1364 paenitentiam
1798 1308 1913 1347 non
1999 1309 2026 1344 «
2057 1292 2334 1367 sanguine
2361 1309 2463 1347 suo
2509 1292 2695 1365 (Apoc.
2736 1307 2777 1361 ι,
2801 1292 2878 1365 4).
2917 1314 2939 1346 ι
2973 1295 3239 1354 Liberum
3266 1297 3418 1353 enim
3447 1296 3591 1353 arbi-

316 1383 538 1438 dederit
565 1381 1007 1453 resipiscentiam
1034 1381 1349 1447 abstulerit,
1373 1385 1430 1435 et
1450 1398 1589 1452 quos
1619 1397 1731 1435 non
1758 1380 1911 1435 leva-
1993 1380 2168 1435 trium
2193 1381 2407 1436 homini
2433 1381 2628 1436 datum
2648 1381 2838 1437 nullus
2864 1383 2973 1438 rite
3001 1384 3234 1440 credens
3259 1401 3467 1457 negare
3495 1402 3593 1459 po-

317 1471 818 1527 vitalliseritzcum
843 1469 995 1524 aliud
1011 1468 1376 1525 sitinsontem
1398 1469 1577 1540 egisse
1599 1469 1657 1523 in
1674 1469 1905 1533 crimen,
1993 1474 2105 1523 test
2144 1489 2155 1523 :
2193 1470 2291 1524 sed
2343 1469 2391 1524 si
2437 1470 2505 1525 ad
2563 1470 2823 1526 effectum
2863 1470 2997 1526 boni
3044 1473 3230 1545 operis
3275 1474 3588 1547 pertigerit,

316 1562 466 1633 quod
490 1560 738 1615 alienum
786 1572 873 1614 est
928 1576 960 1613 a
989 1559 1123 1623 Deo,
1159 1559 1315 1613 aliud
1362 1558 1661 1614 criminoso
1689 1558 1910 1612 veniam
1931 1630 1963 1633 _
1994 1557 2247 1612 muneris
2266 1563 2352 1612 est
2378 1558 2578 1629 gratiae
2598 1558 2699 1615 Dei
2722 1578 2734 1614 :
2763 1559 2860 1615 ubi
2875 1565 3067 1619 autem
3087 1561 3311 1631 dicitur,
3334 1563 3463 1618 Noli
3487 1563 3594 1619 hoc

315 1630 427 1706 non
457 1650 700 1716 dedisse,
734 1649 881 1721 quod
914 1649 982 1703 de
1026 1648 1333 1720 peccatoris
1364 1652 1451 1702 est
1486 1648 1707 1702 merito.
1746 1666 1769 1699 ι
1805 1630 2055 1702 SedBet
2090 1646 2205 1701 noli
2220 1646 2378 1715 illud,
2395 1647 2561 1703 etubi
2581 1648 2652 1703 ad
2670 1648 2883 1721 aliquid
2900 1649 3340 1718 faciendum,ve1
3360 1668 3473 1707 non
3508 1652 3594 1706 fa-

317 1740 451 1814 quia
480 1739 575 1793 isti
597 1738 746 1793 inter
768 1755 828 1792 se
848 1737 1205 1801 dissentiunt,
1229 1738 1324 1809 qui
1347 1737 1539 1792 dicunt
1556 1736 1916 1809 prmdestina-
1996 1734 2277 1804 ciendum,
2308 1735 2367 1791 in
2387 1736 2589 1791 divinis
2606 1737 2834 1792 monitis
2851 1755 2993 1810 opus
3011 1739 3317 1797 voluntatis
3332 1739 3594 1812 exigitur,

315 1831 531 1886 tionem
560 1826 663 1883 Dei
698 1826 880 1881 facere
932 1844 1003 1881 ne
1046 1844 1171 1899 qms
1217 1833 1409 1899 posset
1452 1826 1655 1881 salvari
1694 1824 1916 1880 etiamsi
1997 1825 2134 1879 satis
2176 1825 2418 1879 liberum
2446 1826 2867 1882 demonstratur
2894 1827 3212 1887 arbitrium.
3248 1830 3502 1898 (August.
3533 1830 3600 1885 de

315 1917 486 1971 velit:
520 1921 578 1971 et
606 1916 892 1988 Pelagiani
921 1923 1055 1973 sunt
1078 1916 1174 1989 qui
1202 1916 1489 1972 ascribunt
1502 1922 1685 1972 totum
1700 1914 1916 1970 homini
1998 1914 2194 1970 Gratia
2215 1920 2264 1969 et
2290 1916 2459 1969 libero
2487 1917 2748 1982 arbitrio,
2769 1932 2818 1971 c.
2844 1914 2921 1986 2.)
2939 1936 2963 1968 ι
2993 1917 3175 1972 Nemo
3192 1922 3601 1988 ergocausetur

317 2023 484 2078 posse
514 2023 616 2078 per
662 2006 856 2078 primae
908 2007 1245 2062 conditionis
1274 2013 1506 2074 sortem,
1543 2004 1813 2078 quidquid
1845 2002 1916 2058 ad
1998 2002 2180 2057 Deum
2199 2002 2259 2058 in
2299 2004 2466 2059 corde
2495 2020 2617 2072 suo,
2650 2005 2750 2060 sed
2779 2003 2887 2059 sibi
2934 2004 3179 2078 imputet
3202 2005 3441 2078 quisque
3466 2022 3597 2062 cum

316 2095 522 2150 salutis
550 2112 664 2151 suae
690 2100 900 2151 statum
930 2096 1191 2168 pertinet,
1245 2095 1467 2150 etiamsi
1510 2094 1701 2149 divina
1734 2092 1919 2163 gratia
1999 2097 2213 2164 peccat,
2230 2109 2411 2166 neque
2422 2109 2550 2148 cum
2566 2093 2779 2166 aliquid
2790 2093 3100 2151 secundum
3111 2094 3292 2151 Deum
3305 2101 3593 2167 operatur,

318 2184 482 2238 illum
512 2199 625 2237 non
655 2183 744 2253 adj
753 2183 950 2251 uverit,
980 2200 1219 2255 quorum
1238 2183 1369 2237 licet
1379 2183 1633 2237 diversus
1650 2197 1808 2236 error
1822 2180 1913 2247 sit,
2000 2181 2210 2236 alienet
2228 2182 2334 2236 hoc
2355 2197 2390 2237 a
2405 2182 2634 2253 propria
2660 2182 2966 2239 voluntate.
2991 2182 3228 2249 Quando
3241 2182 3393 2238 enim
3406 2182 3598 2239 volens

318 2280 513 2328 tamen
527 2289 631 2345 par
647 2272 910 2344 impietas
944 2291 954 2325 :
988 2273 1112 2327 ideo
1133 2272 1512 2327 necessarium
1526 2287 1648 2326 esse
1676 2269 1917 2325 arbitra-
2001 2276 2287 2342 Operatur,
2304 2277 2439 2326 tunc
2471 2270 2770 2327 dicendum
2789 2277 2876 2328 est
2903 2288 3043 2344 opus
3057 2271 3289 2340 bonum,
3308 2276 3442 2328 tunc
3468 2288 3597 2345 spe-

316 2378 449 2417 mur
497 2361 914 2433 Scripturarum
941 2361 1283 2416 testimoniis
1313 2359 1697 2432 comprobare,
1740 2358 1918 2414 homi-
1999 2360 2177 2415 renda
2204 2365 2293 2415 est
2319 2359 2505 2432 operis
2525 2359 2656 2415 boni
2688 2377 2904 2417 merces
2930 2360 3000 2416 ab
3052 2377 3118 2417 eo
3146 2361 3218 2419 de
3247 2377 3358 2434 quo
3384 2360 3599 2418 dictum

315 2467 451 2506 nem
477 2450 638 2505 initio
668 2449 879 2505 bonum
924 2466 959 2503 a
988 2450 1104 2504 Deo
1132 2465 1253 2504 esse
1284 2448 1592 2516 conditum,
1618 2448 1751 2521 quia
1778 2447 1920 2502 vidit
2001 2452 2105 2515 est,
2137 2468 2160 2499 ι
2197 2448 2293 2520 qui
2346 2447 2544 2504 reddet
2582 2448 2889 2522 unicuique
2919 2449 3230 2508 secundum
3279 2466 3452 2523 opera
3494 2465 3602 2506 sua

310 2540 470 2595 Deus
488 2544 693 2595 cuncta
734 2555 858 2610 qua
879 2537 1105 2604 fecerat,
1141 2542 1199 2592 et
1225 2543 1390 2592 erant
1412 2538 1572 2592 valde
1599 2537 1749 2593 bona
1776 2555 1788 2592 :
1817 2535 1917 2592 sed
2006 2553 2034 2589 α
2071 2538 2285 2605 (Matth.
2312 2552 2426 2603 va,
2455 2536 2570 2609 27).
2607 2557 2634 2592 n
2678 2539 2913 2610 Semper
2941 2543 3028 2595 est
3054 2539 3116 2595 in
3151 2537 3314 2595 nobis
3340 2538 3600 2595 voluntas

314 2628 608 2685 neminem
636 2644 801 2699 posse
829 2643 931 2682 suo
962 2626 1165 2682 merito
1185 2627 1307 2681 sine
1351 2625 1539 2697 gratia
1568 2625 1670 2681 Dei
1694 2624 1916 2692 salvari,
2002 2623 2199 2693 libera,
2234 2626 2333 2681 sed
2357 2643 2473 2682 non
2509 2643 2735 2700 semper
2760 2626 2925 2683 bona.
2976 2628 3093 2683 Aut
3119 2627 3272 2683 enim
3300 2644 3333 2683 a
3377 2627 3604 2699 justitia

323 2717 463 2790 quia
490 2716 711 2772 Veritas
732 2716 792 2771 in
814 2715 1115 2793 Evangelia
1135 2715 1219 2770 ait
1250 2734 1261 2769 :
1295 2735 1318 2767 ι
1347 2715 1527 2771 Nemo
1541 2715 1695 2770 venit
1713 2714 1785 2771 ad
1810 2715 1920 2770 Pa-
2001 2713 2184 2770 libera
2211 2719 2317 2782 est,
2333 2715 2557 2787 quando
2579 2715 2754 2772 servit
2776 2720 3022 2789 peccato,
3057 2722 3116 2772 et
3138 2721 3275 2772 tunc
3311 2720 3399 2772 est
3427 2716 3598 2784 mala,

320 2827 347 2859 ι
386 2812 553 2873 trem,
585 2804 695 2861 nisi
712 2822 814 2877 per
842 2821 933 2860 me
964 2806 1276 2875 (Joan.x1v,
1308 2804 1357 2875 6)
1393 2823 1407 2872 ;
1444 2809 1546 2860 net
1572 2822 1583 2858 :
1616 2825 1639 2856 ι
1674 2804 1807 2860 Sine
1829 2819 1921 2858 me
2001 2808 2103 2858 aut
2146 2819 2182 2858 a
2232 2809 2459 2876 peccato
2486 2802 2666 2859 libera
2698 2809 2784 2860 est
2811 2804 3037 2876 quando
3064 2805 3239 2861 servit
3266 2805 3523 2877 justitiae,
3545 2811 3606 2862 et

324 2916 349 2947 ι
392 2894 533 2949 nihil
553 2893 789 2966 potestis
814 2894 997 2948 facere
1016 2896 1202 2963 (Joan.
1240 2910 1333 2960 xv,
1368 2893 1440 2959 5).
1478 2912 1501 2944 ι
1527 2892 1688 2949 Unde
1711 2893 1921 2950 Paulus
1943 2951 1984 2966 η
2002 2896 2138 2947 tunc
2159 2898 2247 2947 est
2266 2891 2433 2948 bona.
2484 2892 2683 2948 Gratia
2715 2908 2846 2949 vero
2869 2892 2973 2948 Dei
3001 2910 3227 2966 semper
3244 2899 3332 2950 est
3347 2893 3514 2961 bona,
3548 2898 3607 2950 et

318 2984 397 3039 ad
426 2951 696 3055 Ephesios
724 2982 991 3050 scribens,
1018 2951 1135 3037 ait:
1174 3003 1196 3034 α
1238 2951 1436 3037 Gratia
1478 2981 1628 3037 enim
1649 2983 1786 3038 estis
1813 2984 1923 3039 sal-
1940 2951 1987 3012 Ο
2004 2996 2106 3053 per
2140 2980 2289 3037 hanc
2314 2982 2379 3037 ﬁt
2403 2988 2470 3037 ut
2487 2982 2564 3037 sit
2590 2981 2759 3037 homo
2776 2981 3082 3038 voluntatis
3110 2951 3291 3051 home,
3324 2982 3421 3056 qui
3448 2951 3606 3055 prius

322 3092 352 3125 α
391 3072 503 3126 vati
530 3088 634 3144 per
658 3071 847 3140 fidem,
874 3077 932 3127 et
958 3072 1064 3126 hoc
1082 3087 1194 3126 non
1216 3087 1281 3125 ex
1302 3070 1476 3139 vobis,
1511 3071 1614 3126 Dei
1639 3071 1791 3127 enim
1820 3072 1924 3127 do-
2003 3069 2114 3126 fuit
2131 3070 2435 3126 voluntatis
2446 3070 2627 3127 male.
2647 3071 2758 3126 Per
2777 3071 2923 3127 hanc
2950 3072 3123 3128 etiam
3142 3073 3210 3128 ﬁt
3230 3077 3296 3131 ut
3321 3071 3607 3145 ipsabona

324 3179 357 3214 α
390 3177 526 3215 num
556 3166 660 3228 est,
698 3177 811 3216 non
841 3177 907 3215 ex
935 3159 1219 3232 operibus,
1256 3165 1321 3215 ut
1372 3177 1443 3215 ne
1481 3159 1605 3231 quis
1629 3160 1921 3231 glorietur.
2006 3159 2286 3227 voluntas,
2320 3176 2445 3232 qua:
2478 3160 2601 3235 jam
2655 3160 2826 3233 capit
2880 3178 3021 3230 esse,
3056 3166 3351 3234 augeatur,
3383 3166 3443 3218 et
3485 3160 3606 3217 tam

323 3267 356 3305 ι
394 3249 575 3321 Ipsius
587 3249 739 3305 enim
757 3265 953 3305 sumus
967 3248 1210 3316 factura,
1227 3248 1402 3304 creati
1419 3248 1478 3303 in
1491 3248 1925 3304 ChristoJesuin
2007 3264 2215 3319 magna
2244 3249 2363 3315 ﬁat,
2395 3253 2461 3303 ut
2486 3249 2666 3320 possit
2691 3249 2927 3322 implere
2955 3250 3146 3307 divina
3184 3250 3454 3308 mandata
3481 3266 3605 3323 que

325 3357 356 3391 α
390 3338 650 3410 operibus
697 3338 876 3405 bonis,
901 3355 1024 3410 quae
1070 3337 1407 3410 praeparavit
1449 3338 1599 3392 Deus
1636 3342 1702 3391 ut
1728 3336 1784 3391 in
1816 3337 1927 3392 illis
2006 3336 2265 3403 voluerit,
2297 3353 2426 3391 cum
2453 3337 2615 3392 valde
2673 3337 3031 3410 perfectaque
3080 3338 3339 3397 voluerit.
3382 3338 3471 3393 Ad
3499 3338 3607 3394 hoc

327 3448 354 3480 ι
392 3426 743 3483 ambulemus
776 3428 984 3496 (Ephes.
1035 3442 1096 3495 ιι,
1129 3427 1200 3495 8).
1238 3447 1263 3480 )›
1314 3428 1384 3481 Et
1415 3426 1585 3481 item:
1624 3445 1646 3477 ι
1679 3426 1794 3481 Pax
1820 3425 1931 3479 fra-
2011 3425 2162 3479 enim
2180 3425 2329 3479 valet
2342 3424 2489 3496 quod
2511 3424 2783 3497 scriptum
2795 3431 2917 3481 est:
2945 3446 2967 3478 ι
2986 3426 3046 3482 Si
3073 3426 3316 3482 volueris
3336 3425 3606 3482 mandata

325 3537 351 3570 ι
388 3516 568 3572 tribus
597 3523 655 3571 et
682 3517 926 3571 charitas
950 3533 1081 3571 cum
1104 3516 1215 3571 ﬁde
1244 3532 1279 3570 a
1308 3516 1424 3570 Deo
1455 3520 1613 3586 patre
1651 3518 1842 3569 nostro
1872 3518 1931 3568 et
2016 3532 2039 3564 ι
2059 3529 2301 3580 servare,
2318 3513 2728 3569 conservabunt
2746 3514 3087 3570 temandata
3122 3515 3285 3584 (Eccl.
3306 3528 3398 3583 xv,
3425 3511 3545 3586 16);
3569 3532 3598 3569 ι

327 3626 354 3659 ι
392 3606 631 3662 Domino
646 3606 674 3661 J
679 3623 778 3661 esu
791 3605 1247 3661 Christo.Gratia
1264 3620 1391 3659 cum
1412 3603 1673 3658 omnibus
1688 3603 1784 3675 qui
1797 3602 1929 3657 dili-
2010 3605 2076 3656 ut
2102 3601 2269 3656 homo
2298 3601 2394 3672 qui
2422 3601 2660 3657 voluerit
2682 3608 2741 3658 et
2759 3618 2874 3658 non
2893 3603 3160 3676 potuerit,
3179 3602 3429 3659 nondum
3444 3619 3604 3659 ποθι

325 3716 354 3749 ι
390 3695 848 3767 guntDominum
878 3699 1141 3749 nostrum
1165 3694 1358 3750 Iesum
1377 3692 1930 3748 Christuminincor—
2011 3690 2159 3762 pisse
2184 3707 2243 3745 se
2286 3690 2449 3762 plene
2488 3691 2627 3746 velle
2665 3699 2983 3762 cognoscat,
3017 3698 3075 3746 et
3109 3696 3233 3748 oret
3258 3698 3325 3748 ut
3352 3691 3606 3753 obtineat

330 3805 361 3839 α
392 3784 652 3856 ruptione
696 3784 900 3856 (Ep/ws.
947 3798 1024 3852 v1,
1055 3782 1166 3848 23).
1206 3804 1229 3837 ›)
1281 3782 1368 3837 Ad
1398 3782 1680 3837 Romanos
1708 3797 1930 3853 quoque
2009 3779 2215 3835 bonam
2227 3780 2575 3835 voluntatem
2604 3785 2818 3852 quanta
2838 3779 3126 3836 sufﬁcitad
3147 3780 3431 3853 implenda
3449 3798 3607 3839 man-

325 3874 484 3929 idem
513 3874 595 3927 ait
624 3893 636 3928 :
681 3891 708 3925 α
744 3873 881 3937 Quis
921 3890 1011 3927 me
1058 3871 1315 3926 liberavit
1371 3871 1439 3926 de
1473 3886 1703 3941 corpore
1731 3870 1930 3925 mortis
2010 3869 2162 3924 data.
2198 3869 2287 3924 Sic
2328 3868 2533 3941 quippe
2561 3869 2863 3941 adjuvetur
2887 3875 2955 3926 ut
2976 3869 3143 3926 faciat
3169 3870 3319 3942 quod
3349 3869 3603 3943 jubetur.

331 3982 359 4014 α
398 3962 604 4033 hujus?
627 3962 824 4017 Gratia
864 3961 965 4016 Dei
996 3977 1096 4032 per
1125 3960 1430 4015 Dominum
1455 3965 1711 4015 nostrum
1739 3960 1928 4015 Jesum
2008 3959 2166 4014 Tunc
2196 3958 2346 4014 enim
2374 3958 2513 4013 utile
2543 3964 2630 4013 est
2677 3958 2818 4015 velle
2854 3975 2984 4015 cum
3013 3976 3331 4032 possumus,
3377 3965 3438 4016 et
3471 3966 3608 4016 tunc

327 4070 357 4105 α
398 4050 684 4105 Christum
716 4052 886 4119 (Rom.
936 4064 1035 4116 vn,
1067 4048 1175 4120 2t).
1203 4068 1229 4103 ι
1272 4049 1341 4104 Et
1385 4049 1521 4104 item
1554 4064 1566 4098 :
1604 4068 1625 4099 ιι
1659 4048 1930 4120 Reliquiae
2009 4048 2150 4103 utile
2176 4054 2262 4102 est
2289 4063 2451 4120 posse
2479 4064 2608 4102 cum
2628 4048 2904 4104 volumus.
2932 4049 3078 4105 Nam
3121 4049 3257 4122 quid
3285 4048 3534 4122 prodest,
3557 4048 3608 4104 si

329 4158 363 4195 ι
395 4139 596 4212 inquit,
630 4139 936 4195 secundum
957 4138 1289 4194 electionem
1318 4138 1514 4208 gratiae
1567 4137 1731 4192 salvae
1771 4137 1929 4193 factae
2012 4137 2161 4209 quod
2183 4153 2296 4192 non
2340 4153 2636 4208 possumus
2664 4138 2940 4205 volumus,
2984 4143 3086 4194 aut
3137 4139 3284 4211 quod
3310 4154 3608 4211 possumus

331 4250 358 4282 ι
389 4236 539 4284 sunt.
575 4229 634 4284 Si
659 4234 850 4283 autem
903 4227 1106 4299 gratia,
1146 4244 1261 4281 non
1310 4244 1376 4282 ex
1404 4226 1686 4298 operibus,
1721 4226 1930 4298 alioqui
2011 4224 2317 4282 nolumus?
2339 4228 2466 4295 ’ωε
2495 4230 2871 4282 ecclesiasticis
2892 4225 3351 4296 Dogmat.,c.20.)
3377 4248 3400 4280 ι
3421 4225 3611 4283 Liber-

329 4336 359 4369 a
392 4317 578 4386 gratia
629 4317 752 4389 jam
789 4332 903 4371 non
956 4323 1043 4371 est
1094 4315 1279 4387 gratia
1322 4318 1487 4385 (Rom.
1548 4331 1624 4380 x1,
1658 4314 1732 4385 5).
1774 4334 1796 4364 ι
1844 4313 2115 4389 Αᾶ-ηωῐί
2144 4315 2371 4386 quidem
2399 4314 2618 4370 arbitrii
2640 4315 2728 4369 sui
2757 4315 3090 4370 commissus
3120 4315 3387 4371 esthomo
3411 4316 3607 4372 statim

326 4386 654 4460 Corinthios
671 4422 892 4477 quoque
908 4405 988 4461 sic
1015 4405 1266 4477 loquitur
1287 4424 1298 4458 :
1326 4424 1352 4457 α
1386 4404 1583 4460 Gratia
1609 4409 1800 4459 autem
1827 4403 1931 4458 Dei
1943 4386 1995 4447 Π
2013 4404 2072 4458 in
2088 4405 2274 4476 prima
2291 4403 2488 4458 mundi
2505 4403 2844 4470 conditione,
2869 4408 2935 4458 ut
2954 4403 3073 4458 sola
3096 4403 3385 4485 vigilantia
3400 4404 3609 4460 mentis

329 4511 364 4546 α
398 4510 523 4549 sum
543 4494 600 4548 id
626 4495 774 4566 quod
803 4511 947 4561 sum,
982 4500 1040 4549 et
1065 4495 1255 4565 gratia
1275 4495 1398 4565 ejus
1414 4494 1474 4548 in
1504 4510 1596 4548 me
1615 4510 1789 4549 vacua
1817 4510 1932 4551 non
2013 4493 2320 4560 adnitente,
2355 4490 2528 4547 etiam
2554 4492 2615 4546 in
2629 4491 2894 4564 praecepti
2918 4491 3173 4549 custodia
3197 4498 3604 4565 perseveraret,

331 4606 360 4635 ι
396 4583 522 4651 fuit,
552 4584 654 4639 sed
684 4583 1067 4639 abundantius
1095 4584 1208 4639 illis
1229 4582 1490 4639 omnibus
1510 4582 1776 4638 laboravi.
1806 4585 1931 4640 Non
2013 4582 2061 4637 si
2089 4581 2273 4647 vellet,
2323 4581 2383 4635 in
2411 4581 2467 4635 id
2497 4580 2569 4635 ad
2609 4580 2758 4652 quod
2787 4585 3011 4636 creatus
3039 4579 3225 4637 fuerat
3250 4599 3607 4655 permanere.

330 4689 363 4724 α
395 4688 499 4742 ego
530 4678 740 4740 autem,
753 4673 851 4727 sed
868 4673 1057 4744 gratia
1075 4673 1178 4728 Dei
1200 4690 1423 4727 mecum
1441 4675 1494 4741 (Ῑ
1518 4674 1641 4730 Cor.
1658 4688 1747 4740 xv,
1786 4673 1925 4743 10).»
2010 4671 2316 4742 Postquam
2336 4686 2467 4724 vero
2494 4669 2819 4725 seductione
2844 4669 3122 4742 serpentis
3151 4688 3253 4743 per
3270 4672 3443 4727 Evam
3462 4671 3611 4729 ceci-

326 4762 415 4818 De
443 4761 549 4817 hoc
568 4778 791 4834 quoque
805 4769 863 4818 et
881 4762 1122 4818 Jacobus
1141 4762 1429 4834 apostolus
1449 4761 1927 4833 scripsit,dicens:
2011 4759 2114 4827 dit,
2146 4765 2363 4814 natura:
2388 4758 2599 4814 bonum
2628 4758 2891 4830 perdidit,
2915 4759 3130 4832 pariter
3153 4765 3212 4817 et
3239 4760 3485 4832 vigorem
3515 4775 3610 4816 ar-

333 4870 361 4903 (
384 4851 563 4907 Omne
586 4851 783 4907 datum
802 4851 1171 4924 optimum,et
1199 4868 1366 4907 omne
1390 4852 1602 4909 donum
1623 4852 1932 4924 perfectum
2011 4848 2166 4904 bitrii
2200 4865 2211 4902 :
2262 4864 2376 4904 non
2402 4853 2597 4904 tamen
2624 4847 2975 4915 electionem,
3009 4865 3081 4905 ne
3122 4865 3236 4905 non
3263 4854 3413 4905 esset
3439 4864 3609 4906 suum

329 4959 367 4995 ι
396 4941 694 4997 desursum
710 4947 797 4997 est
822 4940 1165 4998 descendens
1187 4958 1222 4995 a
1248 4947 1410 5013 patre
1434 4940 1715 4995 luminum
1730 4941 1863 5008 (Jac.
1888 4952 1929 5007 ι,
2015 4938 2163 5009 quod
2185 4937 2514 4992 emendaret
2531 4941 2843 5008 peccatum,
2863 4953 2967 4993 nec
2986 4937 3189 4993 merito
3217 4937 3610 5008 indulgeretur

324 5025 445 5097 17).
472 5047 501 5081 ιο
535 5029 606 5083 Et
641 5029 780 5084 item
821 5048 831 5083 :
884 5051 904 5082 α
941 5032 1110 5096 Deus,
1152 5030 1358 5101 inquit,
1391 5028 1646 5101 superbis
1698 5028 1930 5095 resistit,
2015 5026 2164 5098 quod
2192 5043 2306 5081 non
2341 5025 2574 5080 arbitrio
2603 5025 2880 5081 diluisset.
2909 5027 3100 5082 Monet
3126 5026 3318 5098 itaque
3344 5025 3417 5082 ad
3454 5043 3608 5099 quai-

331 5134 363 5170 α
390 5117 699 5173 humilibus
736 5124 926 5174 autem
950 5118 1049 5174 dat
1073 5120 1317 5189 gratiam
1364 5120 1499 5187 (Jac.
1529 5134 1605 5186 IV,
1637 5119 1717 5189 6).
1756 5137 1777 5169 ι
1813 5118 1931 5172 Imo
2016 5116 2249 5171 rendam
2290 5115 2531 5170 salutem
2562 5114 2783 5169 arbitrii
2819 5114 3071 5181 libertas,
3103 5114 3162 5169 id
3203 5119 3292 5170 est
3316 5115 3609 5172 rationalis

329 5210 390 5261 et
402 5206 603 5261 Petrus
614 5207 671 5261 in
688 5208 938 5278 Epistola
947 5225 1050 5263 sua
1076 5208 1320 5278 gratiam
1332 5208 1433 5262 Dei
1445 5206 1796 5262 auditoribus
1814 5204 1932 5260 suis
2012 5206 2288 5271 voluntas,
2307 5204 2403 5259 sed
2423 5204 2759 5258 admonente
2780 5203 2937 5275 prius
2952 5204 3087 5270 Deo,
3108 5208 3167 5259 et
3185 5220 3310 5258 eam
3334 5202 3608 5261 invitante

326 5297 692 5367 commendat
706 5297 922 5352 dicens:
951 5316 976 5347 α
1006 5298 1202 5351 Gratia
1220 5297 1375 5350 vobis
1393 5301 1449 5350 et
1463 5314 1568 5367 pax
1593 5295 1932 5367 multiplice-
2014 5295 2085 5349 ad
2113 5295 2372 5360 salutem,
2398 5298 2464 5348 ut
2481 5293 2565 5347 vel
2599 5292 2790 5362 eligat,
2811 5292 2898 5346 vel
2925 5297 3214 5363 sequatur,
3238 5292 3324 5347 vel
3354 5297 3489 5365 agat
3511 5310 3607 5350 oc-

332 5403 361 5437 α
390 5392 489 5440 tur
519 5386 597 5452 (ΙΙ
635 5388 776 5439 Patr.
801 5401 839 5451 ι,
882 5386 959 5457 ‘2).
990 5406 1010 5436 ι
1033 5388 1102 5441 Et
1129 5388 1263 5441 item
1301 5403 1312 5437 :
1351 5406 1373 5437 ι
1400 5384 1597 5438 Gratia
1620 5390 1808 5439 autem
1826 5384 1935 5438 erit
2013 5382 2236 5438 casione
2265 5380 2482 5447 salutis,
2515 5381 2619 5435 hoc
2648 5385 2734 5433 est
2751 5379 3122 5452 inspiratione
3149 5381 3278 5449 Dei;
3324 5387 3392 5438 ut
3414 5387 3608 5439 autem

330 5494 362 5530 α
393 5473 551 5529 vobis
570 5475 830 5530 omnibus
850 5475 947 5546 qui
971 5475 1106 5529 estis
1133 5476 1193 5530 in
1222 5472 1445 5530 Christo
1467 5473 1495 5528 J
1502 5488 1601 5529 esu
1632 5473 1682 5546 (I
1694 5475 1839 5527 Patr.
1872 5488 1927 5540 v,
2013 5477 2388 5543 consequatur
2401 5469 2551 5541 quod
2566 5469 2742 5540 eligit,
2755 5470 2841 5526 vel
2862 5470 3013 5544 quod
3033 5470 3310 5543 sequitur,
3340 5471 3429 5529 vel
3456 5472 3610 5545 quod

714 5571 983 5636 pATROL.
1014 5575 1193 5636 CXII.
3212 5572 3293 5632 49
