4018 6168
237 5849 323 5894 r4?

397 276 409 286 ’
514 303 661 371 1547’
1109 313 1173 367 Β.
1217 310 1487 367 RABANI
1526 309 1755 366 MAURI
1795 308 1984 366 anon

2110 318 2130 365 ’.
2172 306 2497 364 MOGUN’I‘.
2540 307 2837 364 OPERUM
2871 308 3056 365 PARS
3094 310 3187 367 Ill.
3593 316 3697 375 1548

516 437 808 494 occasione
837 434 972 508 agit,
999 434 1102 492 Dei
1130 451 1254 490 esse
1282 434 1456 489 libere
1485 433 1838 489 confitemur.
1873 432 2106 489 Initium
2127 429 2376 499 Aminis,
2401 431 2459 486 ni
2481 430 2714 504 spiritus
2728 431 2970 488 hominis
3003 434 3097 505 qui
3115 440 3199 491 est
3224 435 3426 512 inipso,
3445 439 3581 495 itaet
3601 458 3699 513 qua

515 545 649 600 ergo
678 525 878 583 salutis
899 530 1105 580 nostra
1131 524 1249 579 Deo
1276 523 1579 578 miserante
1606 522 1900 589 habemus,
1930 528 1994 576 ut
2012 537 2106 576 ac-
2187 521 2289 579 Dei
2303 525 2436 575 sunt
2459 536 2625 575 nemo
2640 521 2762 588 scit,
2778 521 2887 577 nisi
2907 522 3149 595 Spiritus
3167 524 3266 580 Dei
3288 529 3442 593 (Rom.
3462 542 3530 595 xx,
3548 525 3698 598 33).Si

516 616 870 690 quiescamus
885 613 1186 670 salutifera
1206 611 1581 685 inspirationi,
1596 616 1802 667 nostrae
1812 610 2109 684 potestatis
2189 626 2301 681 qua
2321 626 2455 681 ergo
2487 609 2766 681 attingere
2780 610 3140 680 valuerimus,
3169 630 3281 670 non
3301 620 3477 671 nostra
3499 616 3700 684 soleru'a,

515 710 628 774 est;
650 708 717 760 ut
739 701 1278 777 adipiscamurquod
1309 700 1712 774 acquiescendo
1734 698 2106 755 admonitioni
2188 700 2285 755 sed
2324 699 2472 754 dono
2529 698 2772 771 Spiritus
2814 700 2994 755 sancti
3036 702 3276 758 revelata
3322 720 3434 759 esse
3483 703 3703 761 debemus

511 793 802 867 capimus,
831 792 1004 848 divini
1059 797 1146 846 est
1182 790 1467 858 muneris;
1527 794 1593 845 ut
1618 806 1731 844 non
1760 788 2020 844 labamur
2048 787 2108 841 in
2189 804 2524 859 agnoscere:
2548 804 2596 842 s1
2625 792 2816 843 autem
2839 789 2983 844 scire
3006 790 3293 846 nondatur
3305 791 3442 864 quod
3459 809 3603 866 supra
3623 811 3704 850 nos

511 883 714 954 adepto
740 897 975 937 munere
1011 880 1232 943 salutis,
1263 878 1654 935 sollicitudinis
1694 883 1900 933 nostra
1935 882 2022 932 est
2052 882 2110 931 et
2190 883 2295 944 est,
2327 893 2432 932 nec
2460 893 2493 931 a
2538 882 2731 932 nostra
2772 877 3047 950 parvitate
3099 886 3392 951 quaratur.
3428 881 3703 938 Pradictum

509 971 749 1029 caelestis
777 968 993 1043 pariter
1023 969 1299 1042 adjutorii
1333 987 1346 1037 ;
1401 978 1466 1024 ut
1492 966 1768 1025 labamur.
1815 965 2109 1038 potestatis
2189 971 2279 1020 est
2303 965 2456 1020 enim
2486 982 2522 1020 a
2549 965 2839 1037 Scriptum
2865 972 3062 1022 sancta
3091 985 3104 1021 :
3142 988 3165 1020 ι
3197 968 3404 1027 Altiora
3423 975 3477 1024 te
3502 986 3564 1026 ne
3586 986 3706 1043 qua.

507 1067 713 1118 nostra
737 1064 895 1116 estet
913 1058 1169 1132 ignavia.
1204 1078 1227 1110 ι
1247 1058 1716 1131 (Hypomncshvn,
1733 1073 1902 1126 usque
1938 1057 2012 1109 ad
2039 1057 2109 1123 ﬂ-
2195 1073 2219 1107 ι
2252 1054 2433 1121 sieris,
2467 1059 2526 1109 et
2559 1053 2794 1110 fortiora
2840 1059 2899 1110 te
2926 1071 2998 1110 ne
3028 1060 3309 1112 scrutatus
3334 1055 3491 1112 fueris
3517 1057 3567 1113 in
3590 1058 3707 1114 vani-

510 1151 679 1221 ncm.)
708 1169 731 1203 ι
765 1149 977 1205 Contra
1002 1147 1436 1220 reprehensores
1472 1143 1980 1218 pradestinationis
2006 1143 2109 1199 Dei
2194 1161 2220 1196 (ι
2253 1148 2372 1198 tate
2403 1144 2590 1212 (Ea-li.
2637 1157 2718 1208 ut,
2763 1140 2874 1211 3'2).
2904 1162 2930 1197 ι
2972 1144 3043 1200 Et
3073 1161 3087 1198 :
3131 1163 3158 1198 α
3183 1145 3369 1200 Altum
3391 1161 3564 1218 sapere
3598 1162 3702 1209 non,

464 1228 469 1234 ’
510 1240 568 1295 ἰη
588 1237 849 1311 plurimis
868 1236 1005 1293 locis
1025 1236 1612 1307 manifesterepugnat
1624 1234 1916 1305 Scriptura
1929 1249 2106 1288 sacra.
2193 1249 2221 1285 α
2254 1231 2351 1286 sed
2378 1232 2518 1287 time
2576 1233 2749 1300 (Rom.
2798 1245 2876 1299 Χῐ,
2934 1230 3043 1302 20).
3081 1252 3104 1284 ι
3139 1233 3385 1290 Diximus
3424 1251 3632 1308 namque
3651 1235 3706 1291 de

511 1327 620 1383 Sed
634 1326 802 1383 velim
827 1325 898 1382 ab
920 1326 1002 1381 eis
1032 1342 1302 1398 quarere,
1337 1323 1475 1379 mihi
1504 1323 1757 1395 pandant
1775 1338 1885 1394 quo
1898 1321 2109 1392 judicio
2191 1319 2500 1376 damnabili
2526 1320 2761 1376 humani
2786 1321 3012 1392 generis
3044 1338 3228 1378 massa
3250 1323 3421 1378 Deum
3441 1322 3703 1396 pmciisse,

517 1416 729 1472 dictum
746 1420 834 1471 est
851 1432 885 1471 a
905 1415 1081 1470 Paulo
1095 1420 1152 1469 et
1161 1412 1419 1468 Barnaba
1433 1410 1866 1484 pradicantibus
1881 1409 2109 1465 verbum
2193 1409 2578 1465 misericordia
2592 1426 2705 1464 non
2727 1409 2962 1477 meritis,
2981 1427 3123 1482 quos
3143 1411 3406 1467 electione
3413 1412 3584 1483 gratia
3598 1429 3707 1484 pra-

519 1504 622 1560 Dei
641 1503 948 1577 inLystris,
967 1504 1073 1558 «In
1090 1501 1393 1574 praeteritis
1421 1498 1878 1572 generationibus
1897 1498 2111 1553 dimisit
2198 1497 2498 1554 destinavit
2533 1498 2605 1553 ad
2639 1499 2812 1554 vitam
2844 1517 2858 1554 :
2889 1505 3138 1565 cateros,
3173 1500 3269 1572 qui
3306 1499 3504 1570 judicio
3528 1499 3713 1572 justiti:

524 1611 551 1646 ι
574 1608 769 1649 omnes
803 1597 1000 1665 gentes
1052 1590 1272 1662 ingredi
1309 1588 1426 1644 vias
1452 1605 1586 1645 suas
1624 1590 1760 1658 (Act.
1795 1602 1904 1654 .\’I\',
1948 1588 2050 1653 l5),
2088 1606 2111 1637 ι
2198 1588 2322 1658 ejus
2347 1587 2417 1642 ab
2439 1587 2544 1642 hac
2577 1587 2764 1658 gratia
2791 1587 3116 1643 efﬁciuntur
3141 1594 3408 1661 expertes,
3437 1588 3716 1661 praseivisse

522 1687 588 1738 ut
612 1681 671 1737 in
684 1680 1004 1737 idololatria
1014 1679 1441 1735 simulacrorum
1458 1677 1724 1750 perirent,
1745 1683 1983 1732 etunam
1998 1681 2117 1731 tan-
2135 1698 2184 1760 Β
2201 1680 2422 1731 tantum
2436 1676 2662 1748 proprio
2681 1676 2820 1731 vitio
2831 1677 3145 1748 perituros,
3163 1693 3280 1733 non
3295 1686 3358 1733 ut
3374 1677 3595 1750 perirent
3608 1693 3718 1749 pra-

520 1776 646 1827 tum
672 1774 921 1841 gentem,
955 1768 1011 1823 id
1043 1774 1129 1824 est
1156 1765 1346 1835 Jacob,
1380 1767 1552 1838 elegit
1600 1765 1709 1822 sibi
1746 1765 2038 1833 Dominus,
2062 1768 2126 1820 et‘
2200 1765 2528 1820 destinasse.
2554 1764 2683 1831 Sed,
2710 1770 2774 1820 ut
2789 1765 3082 1838 dixi,quos
3110 1765 3171 1821 in
3193 1782 3364 1840 Opera
3393 1765 3652 1839 impietatis
3677 1774 3721 1821 et

525 1859 699 1914 Israel
714 1859 774 1913 in
796 1856 1209 1930 possessionem
1231 1856 1335 1911 sibi
1367 1857 1533 1925 (Bsal.
1558 1869 1742 1923 xxxxv,
1775 1854 1866 1923 4);
1898 1853 1988 1909 cui
2015 1853 2121 1909 soli
2202 1853 2400 1909 mortis
2449 1853 2699 1909 ruituros
2735 1853 3035 1926 prascivit,
3080 1870 3197 1910 non
3248 1854 3622 1927 praordinavit,
3644 1870 3723 1909 nec

525 1947 721 2018 utique
752 1946 937 2017 legem
973 1945 1046 2000 ad
1092 1944 1540 2016 cognoscendum
1567 1961 1648 2009 se,
1681 1942 2024 2015 postpositis,
2056 1946 2123 1997 ut
2202 1942 2444 2015 impulit.
2462 1943 2519 1997 in
2535 1941 2736 2014 quibus
2754 1943 3021 1998 Deumad
3044 1943 3391 1999 iracundiam
3407 1948 3724 2016 provocantes,

525 2034 660 2103 dixi,
685 2020 902 2092 cateris
927 2032 1408 2105 generationibus,
1443 2032 1616 2088 dedit.
1652 2032 1755 2087 Vel
1785 2047 1886 2086 cur
1914 2031 2118 2085 iterum
2201 2031 2369 2086 ﬁdem
2397 2032 2629 2086 allatam
2669 2047 2733 2086 ac
2758 2031 3121 2103 praedicatum
3152 2031 3261 2086 sibi
3297 2031 3531 2104 accipem
3552 2031 3726 2099 nolunt,

523 2122 753 2178 amissio
770 2122 918 2178 facta
945 2127 1032 2178 est
1055 2121 1398 2189 Judaorum,
1418 2126 1484 2176 ut
1505 2120 1704 2177 mundi
1734 2121 1898 2176 ﬁeret
1922 2135 2121 2175 recon-
2201 2126 2301 2177 aut
2319 2120 2436 2176 Deo
2460 2120 2650 2192 judice
2678 2136 2790 2175 non
2823 2126 3086 2192 possunt,
3106 2121 3197 2176 vel
3218 2126 3440 2194 accepta
3461 2119 3588 2175 male
3600 2122 3729 2175 utun-

523 2210 750 2279 ciliatio,
770 2211 828 2266 id
851 2215 939 2266 est
958 2211 1213 2266 omnium
1235 2210 1510 2281 gentium,
1544 2210 1690 2265 sicut
1723 2208 1859 2264 dicit
1885 2209 2111 2280 Aposto~
2202 2215 2315 2276 tur,
2347 2214 2406 2265 et
2440 2208 2512 2264 ob
2540 2210 2645 2265 hoc
2687 2209 2996 2265 traduntur
3023 2209 3083 2265 in
3131 2208 3428 2283 reprobnm
3452 2225 3660 2275 sensum,
3680 2212 3730 2263 ut

524 2299 615 2356 lus
637 2316 720 2353 τ’(
763 2299 823 2356 Si
876 2299 1027 2355 enim
1084 2298 1316 2354 amissio
1371 2313 1569 2354 eorum
1621 2296 2000 2353 reconciliatio
2037 2301 2124 2351 est
2202 2299 2411 2354 faciant
2433 2316 2504 2354 ea
2534 2315 2658 2371 qua
2686 2311 2799 2357 non
2827 2299 3191 2365 conveniunt,
3226 2298 3314 2354 his
3342 2297 3731 2372 pradestinatam

531 2408 555 2442 ι
578 2387 796 2456 mundi,
830 2405 953 2461 qua
1008 2388 1320 2460 assumptio
1350 2388 1459 2443 nisi
1499 2388 1615 2443 vita
1656 2404 1721 2442 ex
1771 2386 2010 2442 mortuis
2037 2386 2064 2438 Ἰ
2094 2404 2118 2437 ››
2204 2405 2326 2443 esse
2370 2404 2596 2461 poenam
2626 2388 2734 2442 rite
2763 2382 3028 2444 fatemur.
3061 2387 3229 2452 Quod
3254 2393 3322 2444 ut
3346 2386 3551 2460 probari
3573 2386 3731 2449 valeat,

528 2476 706 2547 (Rom.
762 2490 840 2545 XI,
895 2476 1009 2549 15.)
1058 2478 1231 2543 Quasi
1264 2476 1610 2550 impossibile
1648 2484 1798 2532 esset
1837 2477 1954 2532 Deo
1999 2492 2124 2531 om-
2204 2477 2387 2532 solum
2424 2493 2554 2532 reor
2607 2477 2665 2532 in
2717 2477 3034 2549 exemplum
3081 2476 3342 2532 sufﬁcere
3386 2475 3584 2532 Iudam.
3609 2474 3735 2529 Hunc

526 2565 805 2639 nipotenti
819 2565 1080 2623 universo
1094 2567 1304 2622 mundo
1322 2566 1506 2638 legem
1519 2565 1917 2633 dare,salutem
1927 2563 2123 2636 gratia
2204 2565 2355 2621 enim
2376 2565 2531 2621 Deus
2555 2581 2683 2620 cum
2712 2565 3049 2638 prasciisset
3073 2564 3133 2620 in
3162 2565 3315 2621 vitiis
3341 2564 3558 2638 propria
3582 2562 3734 2618 volun-

528 2655 740 2710 Christi
767 2654 1038 2723 conferre,
1070 2656 1176 2723 vel,
1199 2661 1266 2711 ut
1289 2655 1372 2712 ita
1397 2655 1603 2723 dicam,
1634 2654 1705 2710 ab
1741 2653 1904 2709 initio
1933 2654 2124 2726 lapsus
2203 2654 2339 2710 tatis
2367 2654 2674 2726 pessimum
2722 2655 2860 2719 fore,
2892 2654 2948 2709 id
3003 2660 3090 2709 est
3124 2654 3399 2711 electione
3437 2650 3738 2724 discipulam

526 2742 662 2799 Ada
684 2742 741 2798 id
759 2759 946 2815 agere,
979 2743 1130 2815 quod
1157 2742 1479 2799 diversitate
1497 2747 1819 2815 temporum
1848 2742 1970 2798 ﬁeri
2000 2743 2124 2813 ejus
2203 2743 2291 2799 sui
2321 2742 2463 2799 bene
2490 2760 2526 2798 a
2544 2743 2768 2799 Christo
2794 2743 2998 2799 collata
3026 2743 3176 2799 male
3209 2756 3458 2808 usurum,
3476 2748 3531 2797 et
3552 2738 3739 2796 avaritia

532 2830 768 2888 arbitrio
797 2832 961 2887 sedit.
972 2832 1221 2887 Doceant
1248 2832 1421 2888 etiam
1449 2848 1624 2905 quare
1652 2831 1886 2887 missisa
1906 2831 2121 2904 Spiritu
2203 2832 2495 2888 ardentem
2526 2831 2707 2904 pretio
2734 2831 2942 2888 Judais
2970 2831 3277 2889 Dominum
3304 2831 3737 2900 tmditnrum,pa-

528 2924 723 2975 sancto
762 2920 938 2976 Paulo
975 2926 1034 2976 et
1076 2919 1336 2976 Barnaba
1379 2926 1606 2993 portare
1650 2936 1855 2975 nomen
1897 2919 2182 3017 Dominic
2204 2938 2336 2977 nam
2369 2921 2421 2976 ei
2464 2920 2880 2994 pradestinavit
2898 2938 2965 2976 ex
2995 2920 3222 2989 merito,
3250 2920 3463 2976 dicente
3488 2916 3730 3016 pel-David

529 3007 729 3064 salutis
753 3025 925 3065 causa
951 3009 1009 3064 in
1034 3009 1321 3080 gentibus,
1352 3008 1802 3064 cumtransirent
1811 3008 2123 3081 pradican-
2141 3004 2182 3017 “”
2204 3009 2418 3082 Spiritu
2429 3015 2624 3066 sancto
2638 3027 2650 3064 :
2666 3037 2680 3058 ι
2694 3009 2864 3077 Deus,
2879 3009 3102 3064 laudem
3119 3026 3308 3066 meam
3319 3004 3736 3077 netacuaisqnia

525 3100 616 3152 tes
625 3097 930 3170 Phrygiam
953 3103 1012 3153 et
1023 3096 1258 3153 Galatia
1281 3097 1590 3169 regionem,
1608 3097 1766 3153 vetiti
1787 3103 1921 3153 sunt
1939 3114 1974 3152 a
1997 3097 2124 3170 Spi-
2207 3117 2233 3153 ι
2247 3115 2310 3155 os
2329 3098 2637 3171 peccatoris
2646 3103 2704 3153 et
2728 3097 2906 3154 dolosi
2925 3114 3095 3170 super
3112 3114 3208 3154 me
3235 3103 3488 3171 apertum
3503 3101 3582 3152 est
3605 3096 3736 3164 (Pal.

527 3185 645 3243 ritu
671 3191 867 3242 sancto
885 3185 1043 3258 loqui
1074 3185 1308 3241 verbum
1333 3184 1394 3241 in
1420 3185 1591 3254 Asia;
1617 3190 1677 3241 et
1694 3202 1821 3242 cum
1840 3185 2126 3242 venissent
2207 3208 2230 3241 ι
2255 3202 2406 3255 cvm,
2426 3186 2505 3257 2).
2542 3210 2564 3237 ι
2617 3187 2681 3244 Id
2709 3193 2799 3242 est
2843 3186 3019 3255 Juda,
3061 3187 3149 3242 vel
3176 3188 3492 3244 Judaorum
3518 3185 3571 3240 in
3609 3181 3738 3239 Clu-io

528 3275 589 3331 in
616 3275 857 3348 Mysiam
877 3275 1126 3330 volentes
1160 3274 1243 3330 ire
1268 3274 1328 3330 in
1358 3273 1704 3349 Bithyniam,
1734 3290 1848 3330 non
1867 3273 2126 3347 permisit
2201 3280 2372 3333 stum.
2413 3275 2591 3343 Iuda,
2622 3292 2751 3332 cum
2771 3275 2910 3332 dicit
2939 3293 2952 3330 :
2983 3295 3007 3328 ι
3028 3275 3173 3342 Quid
3192 3275 3361 3332 vultis
3385 3273 3518 3331 mihi
3543 3273 3674 3335 dare.
3696 3275 3741 3326 et

526 3379 644 3432 eos,
677 3363 880 3436 mquit,
907 3363 1151 3436 Spiritus
1177 3364 1312 3419 Jesu
1341 3361 1476 3435 (Act.
1504 3376 1618 3433 xvr,
1651 3364 1726 3435 7).
1759 3362 2002 3431 Sciebat,
2033 3363 2123 3419 in-
2206 3383 2233 3419 α
2265 3382 2369 3436 ego
2383 3381 2513 3420 eum
2532 3363 2684 3420 vobis
2704 3364 2925 3420 tradam
2956 3365 3173 3432 (Matth.
3196 3378 3349 3434 XXVI,
3382 3363 3500 3434 15)?
3524 3381 3550 3416 ι
3574 3362 3741 3433 Etpost

531 3451 750 3526 quiens,
765 3453 935 3520 Deus,
967 3452 1114 3525 quod
1127 3451 1394 3508 credituri
1408 3468 1523 3508 non
1539 3454 1757 3508 essent:
1786 3457 1845 3508 et
1866 3452 1992 3508 ideo
2010 3468 2123 3508 non
2201 3453 2456 3526 pecunia
2514 3453 2895 3525 sponsionem,
2944 3453 3084 3508 dans
3148 3453 3378 3525 signum

531 3532 629 3598 eos
654 3543 740 3598 ire
770 3541 1026 3614 permisit
1053 3538 1125 3596 ad
1154 3541 1500 3614 loquendum
1518 3539 1768 3597 verbum.
1784 3541 1984 3597 Nonne
1998 3558 2126 3614 pro-
2205 3557 2234 3595 α
2251 3542 2656 3615 Quemcunque
2677 3541 3578 3615 osculatusmero,ipseest,tenete
3592 3552 3737 3594 eum.-

534 3628 735 3686 hibitio
761 3630 873 3686 ista
904 3629 1083 3686 sancti
1098 3629 1342 3704 Spiritus
1379 3630 1535 3686 aliud
1552 3630 1800 3686 ostendit
1815 3647 1985 3702 quam
2007 3646 2126 3686 ver-
2202 3630 2335 3687 Ideo
2378 3647 2550 3704 super
2607 3647 2717 3697 me,
2773 3631 2872 3699 ait,
2904 3636 3164 3704 apertum
3198 3637 3290 3686 est
3333 3646 3396 3686 os
3430 3628 3592 3686 Iuda.
3630 3626 3740 3682 Cum

530 3717 665 3775 bum
692 3705 918 3775 Domini
945 3720 974 3775 J
979 3736 1079 3775 esu
1105 3719 1342 3775 dicentis
1367 3719 1427 3775 in
1451 3719 1751 3791 Evangelia
1780 3737 1792 3773 :
1821 3738 1849 3774 α
1880 3718 2124 3792 Spiritus
2201 3719 2354 3774 enim
2381 3720 2633 3776 osculum
2663 3719 2838 3787 dedit,
2869 3736 2966 3774 ore
2994 3719 3187 3775 doloso
3207 3719 3434 3792 aperuit
3453 3731 3606 3790 quem
3624 3720 3744 3769 tua.

530 3807 990 3883 (ubivultspirat
1014 3827 1040 3863 ι
1072 3810 1253 3877 (Joan.
1286 3822 1371 3875 III,
1403 3807 1522 3877 8.)?
1546 3807 1691 3862 Hinc
1703 3807 1972 3879 cogitent,
1993 3807 2126 3863 hinc
2202 3814 2348 3864 rent.
2379 3808 2701 3865 Judaorum
2741 3824 2984 3881 quoque,
3013 3824 3141 3864 cum
3188 3824 3324 3864 eum
3368 3807 3602 3862 volentes
3644 3799 3743 3856 dolo

526 3897 780 3970 pandant
806 3896 1040 3969 aliquid,
1075 3912 1249 3968 quare
1278 3895 1457 3968 spirat
1483 3894 1580 3951 ubi
1609 3895 1748 3966 vult,
1779 3900 1839 3952 et
1862 3912 1976 3952 non
2003 3895 2125 3952 ubi-
2201 3897 2456 3970 perdere,
2512 3902 2578 3954 ut
2624 3896 2988 3969 Evangelium
3042 3896 3264 3970 pandit,
3301 3896 3659 3952 clamavemnt
3677 3887 3744 3944 di-

527 4003 657 4058 que.
709 3986 910 4041 Dicant
955 3985 1129 4040 etiam
1159 4000 1335 4056 quare
1380 3983 1818 4057 praedicantibus
1842 3984 2125 4057 pradictis
2203 3991 2393 4042 centes
2426 4004 2439 4040 :
2490 4006 2517 4038 α
2549 3985 2846 4056 Cruciﬁge,
2883 3985 3147 4056 cruciﬁge
3202 3987 3388 4054 (Joan.
3414 3997 3529 4050 xxx,
3555 3980 3634 4049 6);
3658 3997 3680 4032 ι
3700 3978 3745 4031 ei

526 4074 704 4130 Paulo
720 4080 779 4129 et
800 4072 1060 4129 Barnaba
1080 4073 1391 4128 Antiochia
1421 4073 1644 4130 Pisidia
1667 4073 1876 4130 Judais
1899 4079 1958 4129 et
1980 4090 2122 4144 gen-
2202 4079 2332 4146 post
2349 4075 2613 4146 pusillum
2629 4074 2914 4146 sequitur:
2933 4074 3262 4130 «Constitue
3274 4090 3447 4146 super
3457 4087 3578 4128 eum
3591 4080 3748 4142 pecta-

528 4161 682 4217 ﬁbus
708 4162 969 4230 salutem,
990 4161 1180 4218 nullus
1205 4161 1462 4229 credidit,
1493 4162 1601 4218 nisi
1621 4179 1761 4236 quos
1790 4162 1989 4219 exinde
2011 4163 2124 4218 Do-
2210 4186 2231 4215 ι
2258 4170 2457 4232 torem,
2494 4184 2517 4214 ι
2549 4163 2608 4218 id
2629 4168 2716 4218 est
2740 4179 2912 4236 super
2937 4162 3162 4229 Judam,
3200 4180 3231 4217 ι
3256 4166 3319 4218 et
3344 4159 3590 4218 diabolus
3612 4159 3704 4212 stet
3722 4166 3749 4206 ι

531 4250 721 4306 minus
749 4250 1147 4323 praordinavit
1190 4254 1256 4306 ut
1303 4251 1616 4308 crederent.
1649 4251 1941 4324 Siquidem
1969 4257 2028 4307 et
2054 4251 2125 4307 de
2208 4269 2235 4305 α
2269 4252 2478 4308 dextris
2498 4252 2641 4324 ejus.
2677 4253 2818 4307 Cum
2849 4252 3160 4323 judicatur,
3183 4256 3350 4308 exeat
3374 4249 3747 4308 condemnatus,

528 4338 668 4412 ipsis
723 4339 932 4414 pagina
979 4344 1175 4395 sancta
1228 4344 1472 4397 testatur
1513 4359 1525 4396 :
1588 4359 1614 4395 α
1641 4341 1712 4396 Et
1744 4330 2189 4409 crediderunt,D
2209 4359 2235 4395 α
2265 4347 2326 4398 et
2347 4341 2528 4397 oratio
2558 4342 2682 4412 ejus
2719 4342 2822 4396 ﬁat
2849 4341 2909 4396 in
2957 4345 3270 4413 peccatum.
3303 4340 3469 4397 Fiant
3507 4337 3618 4393 dies
3654 4332 3750 4402 ejus

526 4444 560 4485 ε
587 4428 791 4501 inquit,
805 4432 1083 4502 quotquot
1106 4434 1271 4485 erant
1282 4429 1641 4502 praordinati
1660 4429 1734 4485 ad
1757 4429 1931 4485 vitam
1959 4435 2125 4486 ater-
2209 4449 2238 4484 α
2258 4431 2441 4504 pauci,
2472 4436 2533 4486 et
2587 4430 2971 4502 episcopatum
3017 4430 3142 4501 ejus
3188 4428 3430 4503 accipiat
3472 4427 3622 4484 alter.
3652 4441 3674 4474 ι
3698 4418 3753 4476 Et

534 4505 565 4571 (ἐ
595 4533 728 4574 nam
747 4520 885 4587 (Act.
908 4531 1027 4586 xm,
1048 4514 1161 4588 48),
1199 4537 1226 4572 ››
1250 4518 1357 4574 hoc
1386 4523 1473 4574 est
1498 4517 1900 4596 pradestinati.
2204 4525 2334 4593 post
2359 4525 2563 4576 caetera
2603 4535 2726 4593 qua
2754 4518 2826 4574 de
2853 4535 2920 4575 eo
2955 4524 3304 4590 sequuntur:
3342 4541 3370 4569 ι
3395 4519 3502 4574 Pro
3527 4531 3590 4572 eo
3613 4507 3749 4585 quod.

603 4606 744 4663 Ecce
758 4605 816 4662 in
845 4606 1106 4662 omnibus
1126 4623 1250 4679 qua
1269 4623 1336 4663 ex
1364 4607 1699 4664 auctoritate
1718 4607 1907 4664 divina
1934 4613 2126 4681 protu-
2210 4625 2238 4663 α
2268 4608 2473 4681 inquit,
2506 4624 2620 4664 non
2648 4607 2756 4664 fuit
2778 4607 3106 4664 recordatus
3130 4607 3318 4664 facere
3334 4600 3750 4664 misericordiam.

537 4693 724 4763 limus,
744 4694 919 4751 habes
946 4694 1391 4751 misericordiam
1411 4700 1470 4752 et
1489 4695 1786 4768 judicium,
1816 4703 1876 4753 et
1909 4703 2127 4754 certum
2210 4714 2239 4752 ι
2269 4702 2328 4754 et
2354 4702 2681 4770 persecutus
2699 4701 2786 4753 est
2814 4696 3099 4752 hominem
3119 4696 3352 4770 inopem
3368 4702 3428 4753 et
3449 4706 3683 4766 egenum,
3708 4690 3754 4741 εί

545 4788 631 4840 est
656 4783 792 4856 quia
814 4799 1185 4856 personarum
1203 4801 1317 4841 non
1346 4789 1431 4841 est
1449 4789 1708 4858 acceptor
1724 4786 1893 4854 Deus,
1908 4802 2013 4843 nec
2027 4803 2127 4843 cu-
2212 4806 2236 4840 ι
2267 4791 2663 4859 compunctum
2691 4785 2860 4842 corde
2880 4785 3049 4842 morti
3076 4785 3325 4844 tradere.
3356 4804 3381 4837 ι
3419 4784 3488 4840 Et
3506 4772 3755 4853 sequenti!

527 4873 795 4945 jusquam
807 4888 1106 4945 personam
1122 4873 1722 4929 reveretur.Descende
1734 4875 2122 4946 ergo,sivales,
2208 4874 2428 4947 reliqua
2456 4891 2580 4948 qua
2620 4874 2680 4930 in
2712 4875 2836 4946 ejus
2888 4875 3156 4947 pradicta
3202 4878 3340 4931 sunt
3362 4885 3612 4946 persona.
3638 4866 3752 4923 Nam

532 4960 945 5034 inprofundum
959 4961 1357 5018 misericordia
1382 4962 1485 5017 Dei
1510 4981 1522 5016 :
1546 4962 1804 5030 ascende,
1820 4963 1870 5019 si
1895 4964 2124 5031 sufﬁcis,
2209 4964 2356 5019 sicut
2375 4968 2571 5019 narrat
2589 4962 2734 5018 liber
2760 4963 3004 5019 Actuum
3034 4962 3442 5036 apostolorum,
3463 4960 3532 5015 de
3557 4972 3618 5013 eo
3641 4968 3755 5028 ιπε-

533 5038 2129 5124 inaltitudinemjudiciiejus,distendereinlongitudinem
2210 5052 2379 5120 dicta,
2411 5058 2470 5108 et
2495 5053 2551 5108 in
2579 5068 2646 5107 eo
2675 5051 2908 5125 impleta
2934 5069 3057 5109 esse
3090 5058 3319 5109 sanctus
3344 5049 3545 5125 probat
3568 5048 3755 5119 epodo-

533 5146 593 5195 et
618 5140 977 5197 latitudinem
1018 5139 1235 5195 viarum
1265 5141 1388 5213 ejus
1433 5138 1927 5212 investigabilium,
1967 5147 2026 5197 et
2078 5140 2126 5196 si
2210 5140 2298 5196 lus
2318 5140 2539 5207 Petrus,
2571 5155 2699 5198 cum
2723 5139 2846 5195 loco
2867 5140 2992 5212 ejus
3014 5156 3191 5197 unum
3213 5156 3279 5195 ex
3305 5139 3380 5194 iis
3403 5136 3497 5210 qui
3513 5149 3632 5191 cum
3653 5142 3755 5202 ερο-

534 5227 745 5300 liquido
777 5228 1181 5303 penetraveris,
1214 5228 1332 5283 hac
1360 5226 1523 5285 nobis
1570 5233 1690 5284 tam
1738 5229 2043 5285 metuenda
2069 5236 2128 5287 et
2207 5228 2365 5285 stolis
2401 5227 2729 5300 congregati
2761 5228 2991 5285 fuerant
3034 5234 3265 5304 propter
3302 5223 3671 5284 testimonium
3689 5232 3755 5272 m-

532 5306 1120 5388 incomprehensibilia
1151 5322 1386 5385 secreta,
1401 5317 1471 5373 de
1499 5317 1702 5389 quibus
1729 5318 1938 5375 Paulus
1962 5336 2126 5392 expa-
2206 5318 2573 5375 surrectionis
2624 5318 2654 5372 J
2658 5334 2758 5372 esu
2817 5318 3048 5388 Christi,
3078 5315 3372 5390 subrogari
3410 5317 3654 5388 oportere
3675 5305 3753 5392 def

530 5402 631 5471 vit,
650 5402 772 5475 ipse
798 5404 1113 5478 intrepidus
1138 5405 1784 5478 pande.Quantumlibet
1798 5408 1950 5463 enim
1978 5391 2122 5464 scire
2205 5405 2447 5474 nuntiat,
2471 5406 2662 5462 dicens
2686 5423 2699 5460 ε
2735 5426 2759 5458 ι
2791 5407 2913 5462 Viri
2931 5407 3153 5475 fratres,
3176 5410 3398 5481 oportet
3418 5391 3756 5476 impleriScﬁ-

502 5491 1066 5565 'conaben's,judicia
1078 5494 1180 5550 Dei
1198 5495 1672 5567 comprehendere
1682 5510 1798 5551 non
1823 5495 1993 5565 vales,
2020 5511 2125 5553 nec
2209 5516 2233 5550 ι
2266 5501 2510 5569 pturam,
2543 5510 2714 5567 quam
2762 5511 2866 5568 per
2911 5512 2974 5552 os
3027 5496 3205 5559 David
3247 5492 3505 5568 praedixit
3546 5484 3752 5561 Spiritu

532 5577 762 5653 valebis,
796 5580 931 5654 quia
952 5581 1102 5639 sicut
1117 5598 1283 5640 nemo
1303 5583 1410 5643 scit
1425 5584 1721 5643 hominum
1739 5600 1864 5659 qua
1882 5589 2015 5643 sunt
2028 5585 2126 5643 ho-
2208 5604 2236 5641 ι
2267 5589 2495 5643 sanctus
2521 5583 2592 5641 de
2618 5583 2782 5653 Juda,
2816 5584 2912 5657 qui
2938 5584 3049 5643 fuit
3073 5585 3187 5643 dux
3213 5596 3411 5643 eorum
3428 5578 3524 5656 qui
3537 5586 3755 5646 compn-
