3958 6170
284 249 378 308 154
391 250 424 303 9
1738 244 2104 302 EPISTOLA‘J
2113 286 2125 300 .
3421 246 3561 306 1550

280 396 308 427 ι
341 369 1464 440 heuderuntJesum:quiconnumcratus
1485 368 1675 423 eratin
1693 368 1875 434 nobis,
1896 371 1949 430 Α
1970 368 2078 422 ﬁde
2116 366 2296 422 credit
2323 366 2544 423 dicente
2571 366 2812 424 Domino
2845 388 2856 422 ε
2896 390 2920 422 ((
2957 370 3064 436 Qui
3108 388 3218 427 non
3259 371 3563 428 manducat

280 482 306 517 α
339 470 401 518 et
423 461 657 518 sortitus
690 464 778 514 est
805 463 1014 512 sortem
1037 459 1336 512 ministerii
1363 459 1551 528 hujus,
1576 464 1634 512 et
1651 457 1743 512 hic
1762 457 1881 528 qui-
1966 475 1992 508 ‹‹
2025 473 2251 511 carnem
2291 473 2494 523 meam,
2527 463 2586 512 et
2628 456 2772 512 bibit
2819 459 3154 528 sanguinem
3208 477 3410 528 meam,
3446 479 3560 516 non

284 572 308 605 ι
337 553 470 605 dem
523 549 773 622 possedit
818 564 1018 616 agrum
1065 549 1134 602 de
1166 548 1419 601 mercede
1462 546 1794 618 iniquitatis,
1825 553 1883 600 et
1969 564 1996 600 (ί
2027 546 2256 600 habebit
2281 545 2340 600 in
2368 563 2428 601 se
2459 546 2628 600 vitam
2655 550 2836 613 (Joan.
2873 563 2946 613 v1,
2981 548 3090 617 54),
3127 570 3152 601 ››
3188 549 3469 622 intelligit,
3503 557 3562 605 et

282 663 305 692 ι
340 656 651 711 suspensus
679 637 898 708 crepuit
926 637 1163 702 medius,
1196 643 1253 690 et
1279 637 1481 690 diﬁ‘usa
1511 643 1644 691 sunt
1675 636 1886 690 viscera
1966 652 2001 690 a
2029 635 2385 690 contentione
2414 635 2643 690 recedit.
2676 636 2782 702 Qui
2807 653 2938 692 vero
2967 639 3275 694 secundum
3314 639 3564 711 proposi-

281 748 305 782 ε
341 731 489 800 ejus.
512 729 726 782 Notum
748 726 956 780 factum
977 731 1062 780 est
1082 731 1273 780 autem
1298 725 1558 780 omnibus
1589 723 1888 779 habitanti-
1967 730 2091 778 tum
2138 723 2239 778 Dei
2285 723 2494 791 vivunt,
2528 723 2813 795 praescitos
2859 742 2981 780 esse
3027 732 3086 781 et
3134 727 3561 798 pmdestinatos

281 836 310 870 ι
341 818 449 873 bus
478 818 537 871 in
581 815 913 879 Jerusalem,
953 814 1032 868 ita
1075 819 1140 868 ut
1184 814 1564 885 appellaretur
1611 828 1748 883 ager
1795 811 1888 866 ille

285 927 307 956 ι
341 904 743 970 Acheldemah,
794 903 898 955 hoc
939 909 1025 956 est
1071 918 1204 972 ager
1248 901 1559 972 sanguinis.
1608 900 1887 971 Scriptum

284 1014 310 1046 (ι
341 1001 429 1048 est
458 993 610 1048 enim
648 993 705 1046 in
745 991 887 1044 libro
917 991 1268 1045 Psalmorum
1303 1010 1313 1044 :
1363 990 1489 1044 Fiat
1525 989 1886 1044 commoratio

284 1103 308 1136 ι
343 1084 468 1154 ejus
511 1083 753 1146 deserta,
789 1087 844 1134 et
874 1096 989 1134 non
1030 1080 1103 1134 sit
1141 1080 1236 1150 qui
1282 1078 1561 1133 inhabitet
1609 1079 1668 1132 in
1713 1094 1798 1145 ea,
1832 1065 1889 1132 et

286 1194 306 1223 ι
341 1172 731 1244 episcopatum
765 1169 888 1240 ejus
912 1168 1148 1239 accipiat
1176 1169 1318 1222 alter
1345 1170 1481 1234 (Act.
1514 1184 1551 1233 ι,
1590 1165 1656 1221 16
1681 1169 1830 1236 πᾳ).
1857 1186 1882 1216 »

285 1261 394 1317 Ubi
443 1276 578 1330 ergo
631 1257 1091 1312 commemoratio
1137 1273 1370 1328 operum
1399 1258 1522 1328 ejus
1549 1257 1825 1311 malorum
1855 1271 1890 1308 a

284 1356 482 1404 sancto
510 1349 576 1402 ﬁt
606 1347 820 1418 Spiritu
850 1347 908 1400 in
939 1346 1197 1412 Psalmis,
1222 1346 1550 1417 priusquam
1579 1349 1728 1399 esset
1745 1361 1888 1416 pra:-

283 1439 458 1494 scitus
489 1442 594 1502 est,
640 1453 752 1490 non
795 1425 991 1500 factus,
1028 1435 1176 1506 quod
1214 1435 1342 1489 talis
1393 1435 1658 1489 adversus
1686 1433 1889 1488 Filium

285 1527 386 1582 Dei
433 1527 659 1580 futurus
701 1528 868 1579 esset.
904 1523 962 1578 Si
995 1524 1145 1577 enim
1175 1523 1355 1579 factus
1385 1529 1548 1590 esset,
1583 1521 1890 1594 inculpabi-

287 1616 354 1670 lis
410 1622 579 1681 esset,
614 1620 671 1668 et
714 1613 818 1667 Dei
867 1612 1087 1684 opiﬁcio
1137 1618 1514 1685 reputaretur,
1555 1628 1669 1666 non
1711 1611 1886 1666 Judae.

1970 813 2242 868 electione
2265 813 2526 884 gratuitae
2551 814 2748 884 gratiae
2795 815 2938 885 ejus,
2969 819 3028 870 et
3068 832 3306 886 regnum
3340 817 3422 872 eis
3449 834 3561 872 cm-

1970 902 2153 957 lorum
2181 919 2303 958 esse
2331 902 2788 975 praedestinatum
2844 904 2964 958 sine
2993 903 3343 961 dubitatione
3371 905 3562 961 dicen-

1969 991 2104 1046 dum
2134 998 2237 1046 est.
2269 993 2384 1046 Hoc
2413 992 2563 1046 enim
2590 993 2890 1065 Apostolus
2911 992 3129 1064 probat,
3152 1011 3280 1049 cum
3311 1011 3406 1050 eos
3426 1011 3563 1066 prae-

1970 1080 2280 1135 destinatos
2299 1085 2356 1135 et
2371 1080 2576 1135 electos
2591 1098 2712 1136 esse
2729 1087 2971 1137 testatur
2989 1087 3295 1154 antequam
3319 1085 3565 1139 mundus

1970 1169 2423 1225 constitueretur.
2443 1169 2700 1225 Scribens
2718 1171 2870 1226 enim
2893 1171 3145 1244 Ephesiis
3177 1173 3340 1228 dicit:
3361 1193 3383 1225 ι
3410 1173 3568 1229 Sicut

1973 1278 2000 1311 α
2034 1259 2204 1330 elegit
2225 1275 2325 1312 nos
2348 1258 2406 1312 in
2426 1258 2566 1329 ipso,
2584 1276 2612 1312 ιι
2636 1259 2693 1314 id
2715 1259 2874 1314 estin
2895 1260 3139 1328 Christo,
3168 1280 3194 1313 «
3217 1268 3348 1317 ante
3368 1263 3566 1318 mundi

1975 1366 2001 1399 α
2033 1346 2512 1415 constitutionem,
2546 1353 2612 1402 ut
2646 1364 2897 1404 essemus
2931 1351 3109 1405 sancti
3136 1356 3194 1406 et
3220 1350 3568 1407 immaculati

1978 1457 1999 1488 ι
2034 1437 2092 1490 in
2121 1442 2419 1508 conspectu
2462 1437 2602 1506 ejus,
2634 1437 2730 1508 qui
2775 1438 3191 1509 praedestinavit
3216 1457 3319 1494 nos
3359 1441 3420 1495 in
3465 1441 3566 1495 ad-

1977 1547 1999 1578 ι
2034 1525 2319 1597 optionem
2345 1525 2592 1579 ﬁliorum
2621 1542 2722 1597 per
2752 1527 2945 1581 Jesum
2972 1528 3258 1583 Christum
3287 1529 3346 1583 in
3381 1529 3568 1602 ipsum

1977 1635 2002 1668 α
2039 1616 2244 1684 (Ep/ws.
2277 1632 2311 1678 ι,
2343 1615 2419 1683 li).
2457 1633 2482 1666 »
2514 1615 2721 1670 Taceat
2751 1615 3001 1670 humana
3043 1616 3255 1687 lingua,
3289 1634 3392 1673 nec
3417 1635 3572 1690 pror-

286 1706 506 1775 lnjuste
562 1704 734 1758 etiam
770 1702 829 1756 in
859 1719 924 1755 eo
957 1702 1174 1772 prolata
1224 1701 1512 1756 damnatio
1561 1706 1725 1756 esset.
1778 1692 1950 1755 SedB
1972 1721 2066 1759 sus
2096 1705 2154 1758 in
2184 1703 2678 1774 praedestinatione
2709 1703 2778 1758 de
2800 1704 3016 1759 meritis
3042 1707 3360 1774 extollatur,
3394 1713 3572 1763 atten-

286 1793 432 1848 absit
459 1794 566 1847 hoc
595 1810 630 1846 a
668 1807 888 1847 summe
932 1789 1078 1844 bono
1141 1790 1348 1860 judice,
1381 1796 1609 1845 auctore
1637 1789 1890 1844 omnium

286 1882 565 1937 bonorum
585 1882 722 1946 Deo,
737 1881 1069 1934 damnatore
1083 1896 1210 1933 vero
1226 1885 1554 1934 cunctorum
1575 1879 1853 1932 malorum
1873 1897 1884 1933 :

288 1971 422 2042 quia
465 1970 618 2024 mala
657 1969 832 2035 Judze,
867 1978 931 2023 ut
962 1968 1211 2040 praedixi,
1260 1968 1550 2038 praescivit,
1582 1984 1696 2022 non
1740 1967 1888 2033 fecit,

289 2065 346 2113 et
371 2066 569 2113 tamen
599 2058 657 2111 in
685 2057 886 2128 quibus
920 2056 1214 2127 prrescivit,
1243 2056 1456 2126 judicio
1482 2057 1637 2126 justo
1663 2055 1892 2110 tradens

289 2165 422 2202 eum
453 2148 512 2200 in
543 2146 844 2218 reprobum
874 2163 1102 2200 sensum
1131 2151 1196 2199 ut
1218 2145 1478 2216 impleret
1508 2145 1800 2216 permisit:
1837 2148 1896 2198 et

291 2237 417 2290 ideo
442 2235 718 2307 permisit,
749 2235 882 2305 quia
920 2251 1022 2306 per
1058 2234 1331 2306 Spiritum
1346 2239 1602 2288 sanctum
1622 2250 1751 2288 eum
1771 2249 1894 2304 per-

288 2327 505 2380 iturum
536 2330 665 2378 ante
693 2323 966 2396 praedixit.
1001 2323 1145 2388 Quia
1174 2323 1321 2377 sicut
1347 2323 1636 2378 Christum
1669 2329 1893 2394 Oporte-

286 2413 386 2468 bat
448 2414 568 2484 pati
631 2429 732 2484 per
787 2412 1010 2478 Judam,
1063 2412 1401 2483 przecinente
1454 2428 1555 2483 per
1594 2411 1895 2483 prophetas

287 2508 484 2557 sancto
511 2502 743 2573 Spiritu,
781 2501 862 2555 ita
904 2500 1200 2572 oportebat
1227 2501 1254 2555 J
1262 2500 1430 2556 udam
1459 2501 1663 2572 perire,
1698 2500 1896 2555 eodem

289 2597 487 2646 sancto
538 2590 752 2662 Spiritu
808 2589 1164 2661 praedicente.
1217 2590 1299 2644 De
1346 2605 1414 2644 eo
1462 2605 1646 2661 quppe
1683 2588 1897 2644 dictum

291 2686 383 2735 est
406 2699 418 2734 :
446 2699 474 2732 ι
506 2680 684 2734 Nemo
714 2679 885 2751 periit
909 2678 1017 2732 nisi
1039 2679 1190 2733 ﬁlius
1211 2677 1541 2749 perditionis
1566 2679 1741 2748 (Joan.
1764 2693 1894 2741 xvu,

298 2767 473 2838 12).).
493 2769 639 2822 Nam
669 2784 834 2840 pcena
857 2767 938 2821 illi
960 2767 1357 2838 przedestinata
1371 2783 1473 2838 pro
1499 2766 1667 2821 malis
1683 2766 1820 2834 suis,
1837 2766 1895 2821 in

292 2857 519 2929 quibus,
565 2862 632 2911 ut
684 2873 830 2929 saepe
879 2856 1012 2923 dixi,
1037 2855 1328 2928 praescitus
1365 2861 1453 2910 est
1486 2861 1731 2922 tantum,
1783 2871 1896 2910 non

1973 1794 2071 1847 dat
2099 1793 2330 1858 dictum,
2371 1811 2397 1844 α
2429 1797 2560 1846 ante
2591 1792 3050 1848 constitutionem
3069 1795 3285 1849 mundi.
3311 1813 3338 1849 ιδ
3362 1795 3572 1852 Divinas

1972 1881 2276 1936 voluntatis
2304 1886 2390 1935 est
2415 1881 2520 1935 hoc
2548 1880 2778 1947 donum,
2819 1895 2930 1936 non
2961 1882 3221 1938 humanae
3251 1884 3573 1954 fragilitatis

1973 1970 2258 2024 meritum.
2282 1969 2535 2040 Denique
2565 1969 2792 2024 attende
2824 1970 2972 2040 quod
3001 1971 3286 2042 sequitur:
3316 1990 3342 2024 α
3366 1973 3431 2026 In
3462 1989 3573 2044 quo

1978 2078 2004 2111 «
2037 2057 2310 2112 habemus
2339 2058 2799 2130 redemptionem,
2824 2059 2924 2126 ait,
2946 2075 3048 2130 per
3068 2059 3399 2130 sanguinem
3427 2062 3568 2130 ejus,

1978 2166 2004 2199 ‹‹
2037 2147 2424 2202 remissionem
2458 2153 2834 2218 peccatorum,
2861 2148 3169 2202 secundum
3199 2148 3420 2204 divitias
3446 2166 3575 2220 gra-

1979 2254 2006 2290 ¢
2037 2237 2129 2291 tiae
2166 2237 2309 2307 ejus,
2351 2252 2475 2307 quae
2522 2235 2997 2308 superabundavit
3043 2237 3102 2292 in
3143 2236 3304 2292 nobis
3331 2237 3390 2292 in
3419 2239 3574 2293 omni

1980 2344 2006 2377 ‹‹
2038 2325 2315 2396 sapientia
2354 2329 2412 2379 et
2453 2324 2770 2396 prudentia,
2803 2331 2869 2380 ut
2905 2330 3104 2381 notum
3149 2325 3311 2380 nobis
3367 2326 3575 2383 faceret

1983 2419 2459 2468 «sacramentum
2514 2413 2817 2468 voluntatis
2859 2431 2994 2481 suae,
3049 2415 3356 2470 secundum
3412 2415 3576 2472 bene-

1985 2523 2014 2556 α
2041 2502 2310 2574 placitum
2332 2503 2476 2574 ejus,
2508 2503 2656 2574 quod
2685 2503 2976 2574 proposuit
3000 2503 3057 2558 in
3086 2520 3171 2570 eo,
3202 2503 3259 2558 in
3283 2503 3576 2577 dispensa-

1980 2610 2011 2646 ι
2039 2591 2192 2656 tione
2213 2590 2580 2663 plenitudinis
2607 2596 2944 2663 temporum,
2960 2592 3277 2648 instaurare
3303 2595 3493 2649 omnia
3515 2595 3576 2650 in

1979 2699 2008 2734 α
2042 2680 2283 2747 Christo,
2318 2697 2442 2751 quae
2486 2680 2545 2735 in
2592 2680 2744 2735 coalis
2780 2686 2838 2736 et
2868 2698 2991 2752 quae
3036 2680 3095 2737 in
3138 2688 3291 2738 terra
3336 2689 3469 2739 sunt
3515 2685 3574 2740 in

1983 2789 2005 2821 ι
2041 2770 2181 2842 ipso.
2213 2770 2278 2824 In
2317 2786 2427 2841 quo
2475 2768 2646 2824 etiam
2694 2775 2752 2824 et
2792 2786 2894 2825 nos
2943 2775 3094 2826 sorte
3145 2772 3324 2827 vocati
3352 2789 3568 2841 sumus,

1981 2874 2010 2912 ι
2040 2857 2423 2930 przedestinati
2451 2857 2760 2913 secundum
2786 2858 3134 2930 propositum
3159 2861 3300 2931 ejus,
3323 2861 3418 2932 qui
3447 2877 3575 2933 ope-

292 2946 748 3018 praedestinatus.
777 2945 989 3001 Verum
1018 2951 1210 3000 autem
1259 2961 1380 3000 esse
1429 2944 1580 3016 quod
1630 2944 1892 3011 diximus,
1923 3008 1961 3018 _
1983 2964 2010 2999 α
2039 2953 2200 3001 ratur
2229 2946 2420 3001 omnia
2447 2947 2757 3002 secundum
2785 2947 3132 3002 voluntatem
3172 2965 3354 3017 suam,
3387 2955 3452 3004 ut
3503 2950 3577 3004 si-

292 3008 430 3090 licet
456 3036 620 3108 plene
652 3035 728 3090 sit
760 3035 1128 3106 disputatum,
1164 3035 1221 3090 id
1245 3039 1350 3102 est,
1382 3008 1648 3106 perituris
1674 3008 1896 3106 poenam
1918 3008 1964 3070 θ
1986 3055 2008 3087 ι
2045 3051 2172 3090 mus
2201 3035 2260 3090 in
2284 3035 2510 3090 laudem
2537 3035 2730 3106 gloriae
2762 3037 2886 3107 ejus
2906 3053 3028 3104 nos,
3053 3037 3149 3108 qui
3169 3008 3578 3110 ante'speravi-

292 3141 421 3181 esse
456 3123 929 3196 przedestinatam,
963 3123 1094 3178 audi
1142 3124 1372 3178 Petrum
1401 3123 1737 3195 apostolum,
1770 3139 1898 3177 cum

289 3213 516 3270 futuros
543 3229 666 3268 esse
684 3213 1220 3285 pseudoprophetas,
1255 3218 1313 3267 et
1339 3211 1640 3283 magisth
1671 3211 1900 3266 menda-

295 3320 411 3371 ces,
442 3307 501 3357 et
536 3307 822 3374 apostatas
851 3303 909 3356 in
940 3302 1185 3356 Ecclesia
1212 3301 1367 3369 dicit,
1399 3301 1545 3356 sicut
1571 3300 1799 3355 fuerunt
1838 3300 1897 3354 in

294 3392 506 3465 populo
534 3391 742 3446 veteri:
773 3410 798 3442 (ι
829 3391 1043 3456 Quibus
1062 3390 1358 3462 judicium,
1391 3389 1593 3461 inquit,
1622 3390 1744 3459 jam
1762 3389 1897 3443 olim

299 3503 322 3534 ι
361 3498 474 3536 non
503 3485 704 3548 cessat,
753 3485 812 3535 et
848 3480 1089 3552 perditio
1118 3496 1314 3535 eorum
1362 3495 1474 3533 non
1521 3477 1792 3532 dormitat
1819 3479 1901 3546 (II

295 3589 324 3623 α
360 3573 503 3625 Petr.
531 3584 589 3637 II,
621 3568 697 3638 3).
719 3589 744 3622 »
775 3570 916 3624 Item
947 3569 1120 3624 Judas
1150 3568 1434 3641 apostolus
1459 3585 1470 3620 ε
1495 3585 1520 3619 α
1548 3565 1898 3622 Subintroie-

293 3676 324 3713 ι
358 3664 512 3726 runt,
559 3658 658 3726 ait,
692 3658 921 3730 quidam
950 3658 1226 3724 homines,
1261 3657 1357 3728 qui
1403 3656 1538 3711 ohm
1591 3654 1900 3727 praescripti

294 3767 325 3801 α
357 3754 493 3803 sunt
511 3748 568 3802 in
589 3747 696 3801 hoc
727 3746 941 3818 judicio
971 3746 1149 3818 impii,
1179 3746 1424 3817 gratiam
1452 3744 1676 3800 Domini
1721 3743 1899 3799 nostri

1983 3142 2009 3176 (ι
2041 3141 2168 3179 mus
2207 3122 2265 3178 in
2301 3123 2526 3179 Christo
2561 3125 2721 3192 (Ibid.
2754 3141 2892 3180 vers.
2936 3125 3115 3196 7-12).
3149 3143 3177 3178 n
3209 3127 3358 3182 Audi
3380 3144 3580 3184 secun-

1979 3212 2117 3268 dum
2145 3212 2366 3268 divitias
2401 3213 2599 3284 gratiae
2643 3214 2786 3284 ejus,
2833 3231 2956 3285 quae
3005 3215 3480 3286 superabundavit
3521 3217 3582 3272 in

1980 3300 2160 3369 nobis,
2183 3301 2241 3356 id
2270 3307 2358 3356 est
2384 3318 2509 3373 qum
2537 3302 2806 3374 przevenit
2840 3319 2960 3369 nos,
2992 3303 3064 3357 ad
3098 3304 3230 3375 quid
3253 3306 3265 3358 l
3291 3311 3355 3360 ut
3381 3311 3580 3362 notum

1977 3389 2190 3444 scilicet
2214 3389 2374 3444 nobis
2405 3391 2615 3445 faceret
2657 3395 3074 3446 sacramentum
3111 3392 3414 3448 voluntatis
3441 3410 3576 3450 sue.

1979 3478 2247 3549 Nunquid
2274 3495 2430 3545 meae,
2451 3484 2551 3533 aut
2565 3484 2695 3546 tuae,
2730 3483 2829 3533 aut
2848 3466 3100 3547 alterius,
3116 3485 3180 3534 ut
3207 3481 3424 3537 meritis
3452 3499 3581 3538 con-

1980 3566 2126 3622 stet?
2146 3566 2431 3634 Absit,sed
2449 3584 2582 3634 suae,
2592 3583 2714 3638 quae
2727 3567 2898 3622 etiam
2910 3567 3048 3623 iniis
3064 3585 3204 3640 quos
3223 3570 3580 3640 praedestina-

1982 3657 2062 3711 vit
2089 3671 2262 3727 opera
2287 3655 2446 3711 bonze
2476 3662 2754 3728 praeparet
2780 3656 3100 3724 voluntatis,
3117 3664 3182 3713 ut
3201 3659 3260 3712 in
3280 3659 3348 3713 iis
3379 3659 3578 3716 ambu-

1979 3745 2115 3800 lent.
2141 3745 2461 3799 Secundum
2483 3745 2628 3816 quod
2648 3745 2800 3800 idem
2820 3745 2879 3800 in
2909 3746 3106 3800 eadem
3129 3747 3376 3819 Epistola
3403 3749 3573 3804 dicit:

293 3857 323 3891 α
361 3837 764 3892 transferentes
785 3836 843 3890 in
874 3836 1176 3903 luxuriam,
1203 3840 1260 3890 et
1283 3835 1464 3889 solum
1486 3833 1897 3889 dominatorem
1984 3854 2006 3886 ι
2043 3834 2239 3888 Gratia
2267 3833 2417 3888 enim
2447 3834 2583 3889 estis
2603 3833 2799 3888 salvati
2826 3851 2926 3907 per
2945 3835 3131 3903 ﬁdem,
3158 3842 3214 3891 et
3240 3837 3346 3892 hoc
3370 3855 3483 3892 non
3512 3855 3579 3894 ex

297 3945 327 3981 α
361 3930 420 3980 et
446 3926 750 3981 Dominum
777 3931 1034 3980 nostrum
1071 3926 1099 3979 J
1107 3942 1264 3979 esum
1310 3928 1579 3994 negantes
1612 3923 1897 3978 Christum
1983 3944 2006 3975 ι
2040 3922 2216 3978 vobis.
2248 3923 2349 3978 Dei
2377 3923 2528 3977 enim
2556 3923 2765 3978 donum
2813 3930 2915 3992 est,
2949 3941 3059 3980 non
3090 3943 3156 3980 ex
3192 3925 3472 3998 operibus,
3515 3935 3576 3983 ut

304 4037 330 4068 ››
371 4014 648 4083 (Iuda-1),
697 4038 716 4064 ιι
771 4016 841 4069 Et
878 4014 1149 4069 Dominus
1178 4015 1236 4067 in
1268 4012 1568 4082 Evangelia
1599 4012 1902 4084 peccatori-
1988 4032 2010 4063 ι
2049 4028 2118 4065 ne
2166 4012 2290 4082 quis
2341 4011 2632 4082 glorietur.
2687 4013 2869 4084 Ipsius
2899 4014 3049 4069 enim
3097 4032 3293 4071 sumus
3340 4016 3574 4083 factura,

300 4105 410 4158 bus
443 4124 457 4158 :
495 4125 520 4156 ει
547 4104 824 4158 Discedite
869 4104 928 4156 in
982 4104 1168 4174 ignem
1216 4107 1506 4167 aeternum,
1549 4101 1644 4172 qui
1673 4106 1903 4172 paratus
1989 4121 2012 4153 ι
2045 4100 2218 4155 creati
2249 4101 2308 4154 in
2341 4101 2564 4156 Christo
2596 4101 2654 4155 in
2690 4102 2953 4174 operibus
2995 4102 3173 4172 bonis,
3207 4122 3330 4176 qua:
3358 4123 3575 4178 praepa-

301 4214 328 4245 ι
366 4199 454 4247 est
497 4193 719 4247 diabolo
770 4199 826 4246 et
871 4193 1087 4262 angelis
1137 4192 1260 4262 ejus
1313 4193 1527 4263 (Matth.
1561 4207 1689 4256 xxv,
1725 4189 1834 4260 34).
1874 4211 1896 4242 ι
1986 4207 2014 4244 α
2041 4190 2184 4245 ravit
2203 4191 2372 4256 Deus,
2401 4191 2536 4245 utin
2557 4190 2667 4245 illis
2686 4191 3040 4246 ambulemus
3071 4195 3278 4262 (Ep/les.
3295 4192 3516 4261 1,8-10).
3550 4216 3573 4246 ι

301 4282 721 4337 Praedestinatis
741 4287 957 4336 autem:
980 4300 1009 4334 α
1030 4281 1248 4344 Venite,
1269 4279 1546 4334 benedicti
1565 4279 1746 4333 Patris
1767 4280 1897 4347 mei,
1981 4279 2147 4346 Audi,
2183 4297 2208 4331 ‹‹
2242 4279 2300 4334 in
2341 4279 2604 4351 operibus
2645 4279 2806 4334 bonis
2836 4269 2958 4352 quae
2987 4281 3318 4352 praeparavit
3344 4283 3514 4351 Deus,
3547 4306 3572 4338 »

302 4388 334 4426 ε
367 4372 634 4443 percipite
666 4359 904 4442 regnum
928 4369 1079 4425 vobis
1098 4376 1357 4442 paratum
1381 4368 1450 4423 ab
1473 4368 1687 4438 origine
1702 4369 1897 4423 mundi
1916 4366 1964 4425 D
1981 4374 2039 4422 et
2067 4368 2116 4422 si
2153 4368 2286 4439 quid
2319 4374 2375 4422 te
2413 4367 2544 4423 boni
2584 4385 2747 4440 posse
2775 4370 2950 4439 vides,
2985 4386 3089 4440 age
3116 4371 3329 4440 gratias
3356 4388 3574 4445 praepa-

299 4478 334 4517 ε
371 4463 554 4532 (1bid.,
577 4478 716 4516 vers.
742 4462 852 4530 41),
871 4481 896 4515 ι)
928 4461 982 4514 id
1014 4466 1098 4514 est
1124 4459 1602 4531 praedestinatum.
1637 4459 1902 4512 Tenenda
1982 4457 2129 4512 ranti
2161 4457 2309 4528 quod
2342 4463 2520 4528 potes,
2553 4474 2665 4512 non
2697 4458 2936 4528 propria:
2962 4459 3257 4526 voluntati,
3291 4476 3414 4532 quae
3451 4478 3575 4517 om-

300 4556 391 4605 est
426 4550 598 4621 igitur
648 4551 976 4604 inconcusse
1022 4550 1192 4620 hujus
1238 4547 1634 4620 disputationis
1681 4548 1894 4618 regula,
1981 4544 2113 4600 nino
2139 4546 2259 4600 sine
2280 4546 2374 4600 illo
2396 4546 2537 4600 nihil
2565 4552 2752 4617 potest
2778 4546 2874 4617 qui
2902 4546 3071 4601 dicit:
3101 4567 3123 4599 ι
3161 4548 3293 4604 Sine
3323 4567 3414 4606 me
3435 4550 3575 4607 nihil

297 4655 424 4710 quae
451 4639 794 4694 testimoniis
824 4639 1000 4694 claret
1029 4639 1464 4710 Scripturarum,
1487 4641 1808 4708 peccatores
1839 4637 1896 4691 in
1985 4652 2010 4686 (ι
2038 4634 2273 4706 potestis
2294 4636 2476 4689 facere
2493 4635 2678 4706 (Joan.
2708 4648 2825 4702 XIX,
2861 4635 2929 4705 5).
2963 4658 2989 4684 ι
3007 4636 3135 4690 Noli
3158 4637 3349 4710 itaque
3375 4646 3574 4711 putare

297 4728 464 4788 malis
489 4727 748 4800 prOpriis,
783 4734 1088 4799 antequam
1117 4734 1306 4782 essent
1335 4727 1393 4781 in
1425 4725 1655 4792 mundo,
1680 4725 1898 4797 praesci-

297 4820 390 4870 tos
411 4832 532 4870 esse
560 4821 802 4881 tantum,
827 4832 940 4870 non
971 4815 1394 4886 praedestinatos
1418 4833 1428 4868 :
1455 4830 1679 4886 pcenam
1706 4819 1896 4868 autem

295 4905 380 4960 eis
431 4921 550 4959 esse
602 4905 1061 4976 praedestinatam
1113 4904 1418 4958 secundum
1471 4903 1621 4975 quod
1653 4903 1893 4975 praesciti

295 5000 450 5048 sunt.
474 4994 744 5048 Parvulos
764 5010 986 5065 quoque
1000 5009 1112 5048 non
1131 4997 1356 5046 renatos
1376 5009 1440 5046 ex
1456 5009 1602 5063 aqua
1612 4997 1671 5046 et
1680 4992 1893 5063 Spiritu

295 5087 510 5151 sancto,
530 5083 940 5154 praedestinataz
975 5099 1152 5153 paenae
1174 5099 1294 5136 esse
1317 5081 1602 5136 obnoxios.
1621 5081 1728 5146 Qui
1750 5097 1891 5152 prae-

293 5172 424 5227 sciti
438 5178 588 5238 sunt,
619 5188 730 5226 non
752 5171 992 5243 propriis
1022 5169 1419 5236 voluntatibus,
1453 5186 1692 5241 quorum
1721 5170 1889 5225 nulla:

294 5260 384 5314 vel
410 5259 570 5315 bonae
584 5261 670 5315 vel
690 5261 852 5314 malae
872 5265 1022 5327 sunt,
1043 5260 1149 5314 nisi
1171 5265 1391 5314 tantum
1411 5259 1468 5312 in
1486 5259 1620 5313 Adae
1638 5264 1884 5330 peccato,

293 5350 446 5422 quod
472 5356 692 5404 traxere
718 5356 1028 5416 nascentes,
1071 5354 1127 5404 et
1165 5349 1224 5403 in
1254 5349 1359 5402 hoc
1388 5353 1682 5402 manentes
1709 5348 1889 5402 solve-

291 5444 663 5511 runttempus
686 5439 812 5494 vitae
832 5438 1140 5511 praesentis.
1167 5436 1313 5502 Quid
1333 5436 1482 5491 enim
1495 5436 1720 5506 justitia
1739 5436 1808 5491 de
1823 5436 1891 5491 iis

289 5528 484 5599 faciat,
515 5527 717 5602 quibus
764 5527 1147 5586 misericordia
1173 5542 1286 5584 non
1315 5525 1591 5595 subvenit,
1624 5525 1721 5598 qui
1750 5542 1894 5598 pura

1979 4724 2124 4795 quod
2157 4724 2275 4779 haec
2294 4729 2348 4778 et
2379 4723 2704 4795 hujusmodi
2729 4724 2976 4778 dicentes
3003 4724 3242 4781 liberum
3269 4728 3575 4783 voluntatis

1977 4818 2334 4884 amputemus
2367 4812 2684 4880 arbitrium,
2713 4829 2840 4867 cum
2871 4818 3061 4868 tamen
3097 4821 3315 4870 constet
3350 4833 3418 4870 ea
3448 4833 3572 4888 quae

1975 4902 2261 4974 loquimur
2288 4919 2354 4956 ex
2387 4901 2722 4957 auctoritate
2742 4901 2932 4956 divina
2949 4903 3393 4974 pendere,vel,ut
3411 4905 3571 4960 nobis

1974 4992 2313 5046 calumniam
2354 4990 2615 5063 objicitis,
2645 4991 2794 5062 quod
2821 4991 3103 5063 Operando
3132 4991 3272 5046 bene
3301 4993 3566 5062 intentos,

1974 5086 2032 5134 et
2057 5081 2117 5134 in
2140 5081 2242 5135 Dei
2270 5081 2554 5154 proposito
2571 5081 2837 5135 sollicitos
2866 5081 3285 5152 prohibeamus.
3303 5082 3450 5146 Quin
3471 5101 3568 5155 po-

1969 5169 2102 5235 tius,
2136 5169 2232 5241 qui
2252 5186 2313 5224 se
2338 5171 2485 5224 dono
2511 5169 2708 5240 gratiae
2737 5169 2807 5224 ad
2837 5169 2937 5224 Dei
2963 5169 3405 5225 misericordiam
3437 5189 3566 5228 sen-

1971 5259 2121 5313 tiunt
2144 5259 2447 5329 pertinere,
2482 5259 2776 5314 hortamur
2811 5263 3069 5330 oportere
3093 5259 3415 5316 incumbere
3447 5278 3570 5318 ora-

1969 5347 2234 5414 tionibus,
2255 5348 2508 5417 jejuniis,
2534 5347 2755 5418 vigiliis,
2783 5347 3052 5419 omnique
3081 5349 3236 5421 Operi
3265 5349 3570 5411 voluntatis

1971 5436 2190 5492 divinae.
2223 5436 2639 5492 Praedestinatis
2659 5436 2810 5491 enim
2839 5436 2977 5491 dicit
3000 5439 3322 5510 Apostolus,
3336 5456 3468 5498 cum
3484 5447 3569 5498 ta-

1972 5541 2103 5582 men
2122 5525 2386 5598 generale
2411 5526 2488 5583 sit
2514 5524 2664 5600 quod
2686 5525 2768 5582 illi
2802 5525 3010 5584 dicitur
3035 5542 3071 5586 a
3098 5527 3324 5592 Christo
3351 5531 3568 5606 prede-
