4018 6168
436 271 570 330 1551

1023 277 1084 330 Β.
1129 273 1399 330 RABANI
1449 274 1680 330 MAURI
1727 273 2064 331 ARCHIEP.
2105 271 2430 328 MOGUNT.
2475 271 2769 328 OPERUM
2805 271 2988 326 PARS
3028 271 3124 326 Ill.

3575 273 3601 324 ‘l
3614 267 3718 326 552

432 396 640 453 stinato
673 398 980 454 secundum
1010 413 1235 452 carnem
1269 416 1335 452 ex
1363 401 1577 454 semine
1606 402 1800 466 David,
1823 401 2034 472 praede-
2050 404 2100 462 Α
2117 399 2301 468 gratia
2324 396 2646 454 Salvatoris.
2693 396 2798 462 Qui
2842 395 3065 468 sapiens
3089 400 3148 450 et
3169 394 3448 465 intelligat
3467 395 3606 462 haec,
3620 401 3722 451 aut

429 486 676 541 stinante
705 493 892 542 autem
924 480 1045 558 ipso
1060 488 1364 542 secundum
1384 489 1690 560 potentiam
1708 490 1808 546 Dei
1826 491 2026 557 Patris,

429 591 558 630 cum
579 576 747 630 Patre
783 581 840 630 et
869 577 1081 648 Spiritu
1104 581 1315 631 sancto.
1354 598 1383 630 α
1413 578 1653 648 Vigilate
1675 585 1732 634 et
1759 586 1935 646 orate,
1957 597 2030 634 ne

433 663 705 720 «intretis
729 665 786 719 in
815 665 1184 720 tentationem
1210 668 1421 730 (Matth.
1454 683 1595 733 xxxv,
1635 669 1744 736 il).
1779 689 1800 721 ι
1837 670 1978 724 Item
2013 687 2024 722 :

435 773 458 804 α
493 753 814 824 Vigilatein
831 755 1276 825 omnitempore,
1309 762 1532 809 orantes
1565 761 1628 809 ut
1655 756 1808 826 digni
1829 757 2030 811 habea-

433 860 459 894 ι
494 841 633 896 mini
655 841 850 913 fugere
876 844 984 897 ista
1015 842 1205 896 omnia
1229 860 1351 914 qua:
1391 843 1580 898 futura
1611 851 1762 908 sunt,
1797 851 1852 900 et
1880 851 2028 899 stare

433 949 459 982 ι
492 936 622 985 ante
650 931 828 986 ﬁlium
855 931 1100 986 hominis
1127 933 1276 1002 (Luc.
1299 947 1416 996 xxr,
1451 930 1560 1002 36).
1591 953 1614 986 »
1645 935 1818 990 Item:
1842 935 2028 989 «Con-

435 1039 460 1071 ι
490 1019 703 1075 tendite
750 1020 961 1076 intrare
991 1037 1092 1092 per
1119 1027 1420 1090 angustam
1464 1028 1684 1093 portam
1733 1025 1878 1088 (Luc.
1913 1039 2023 1089 xm,

435 1128 458 1159 «
491 1108 604 1177 24).
634 1128 656 1160 n
690 1110 831 1164 Item
858 1129 870 1164 :
899 1110 1054 1164 «Vos
1080 1109 1243 1164 amici
1266 1111 1375 1164 mei
1403 1111 1534 1164 estis
1566 1113 1609 1165 si
1641 1105 1881 1165 feceritis
1904 1129 2026 1182 quae

435 1217 463 1249 α
489 1197 750 1270 praecipio
778 1198 930 1252 vobis
949 1199 1132 1269 (Joan.
1163 1216 1248 1264 xv,
1285 1200 1390 1266 14).
1409 1221 1432 1251 υ
1461 1201 1526 1253 Et
1556 1200 1731 1253 multa
1752 1200 1878 1266 alia,
1907 1217 2030 1270 qum

430 1285 662 1357 longum
682 1287 1198 1354 estenarrare.Sed,
1216 1293 1279 1342 ut
1295 1289 1552 1358 superius
1575 1290 2025 1354 commemoravi,

434 1375 622 1447 quieis
637 1376 832 1430 dixitzc
855 1376 985 1431 Sine
1017 1392 1106 1430 me
1135 1375 1274 1429 nihil
1305 1377 1540 1446 potestis
1556 1376 1736 1431 facere
1765 1379 1922 1447 (Ibid.
1941 1393 2024 1443 xv,

435 1465 508 1533 5),
535 1483 560 1517 »
585 1481 687 1536 per
712 1465 896 1536 ipsum
919 1463 1321 1536 quaejubentur
1348 1463 1528 1520 facere
1551 1469 1804 1536 possunt.
1825 1467 2031 1536 Hujus-

434 1553 586 1608 modi
603 1553 663 1607 in
681 1553 906 1608 Christo
931 1569 1051 1607 esse
1073 1553 1274 1608 electos
1302 1553 1403 1607 Dei
1427 1553 1506 1607 ait
1535 1555 1834 1625 Apostolus
1865 1574 1876 1607 :
1916 1573 1940 1606 α
1965 1556 2028 1609 In

437 1662 461 1691 ι
491 1657 601 1712 quo
614 1646 670 1695 et
679 1641 1060 1712 prmdestinati
1075 1646 1207 1696 sunt
1219 1642 1526 1696 secundum
1542 1643 1891 1714 propositum
1907 1645 2029 1714 ejus

2113 488 2238 559 quis
2258 486 2492 542 idoneus
2512 487 2620 542 erit
2639 503 2833 540 eorum
2853 485 3085 540 reddere
3105 484 3378 538 rationem
3399 484 3424 537 ?
3451 483 3718 538 Dicamus

2111 593 2240 632 cum
2251 577 2425 631 David
2442 595 2454 630 :
2481 597 2500 627 ι
2527 578 2719 630 Justus
2735 575 3004 630 Dominus
3040 574 3096 627 in
3113 572 3374 627 omnibus
3390 573 3493 627 viis
3507 573 3645 637 suis,
3661 577 3720 628 et

2115 683 2142 718 α
2168 665 2466 720 sanctusin
2477 665 2737 719 omnibus
2760 663 3022 735 operibus
3039 663 3157 716 suis
3176 665 3337 721 (Psal.
3356 677 3531 728 cxuv,
3563 663 3711 729 17);;

2113 759 2170 808 et
2201 772 2214 808 :
2263 773 2284 804 ε
2317 754 2496 818 Quam
2521 753 2880 822 magnificam
2908 757 3042 806 sunt
3071 767 3243 821 opera
3271 755 3390 814 tua,
3425 750 3666 805 Domine
3696 768 3710 802 :

2116 861 2138 892 ι
2168 843 2337 896 nimis
2367 843 2654 913 profundae
2675 843 2830 896 factae
2859 847 2992 894 sunt
3015 839 3382 910 cogitationes
3397 844 3512 894 tuae
3543 842 3712 907 (Psal.

2115 947 2139 982 α
2171 945 2276 997 xui,
2327 931 2401 998 6).
2449 952 2470 982 ι
2515 931 2775 986 Dicamus
2805 929 2974 984 etiam
3023 946 3152 984 cum
3204 930 3458 999 apostolo
3487 929 3665 982 Paulo
3696 947 3714 982 :

2115 1039 2138 1069 α
2171 1020 2218 1074 Ο
2239 1019 2477 1074 altitudo
2503 1019 2825 1074 divitiarum
2871 1018 3159 1089 sapientiae
3198 1022 3256 1071 et
3296 1017 3544 1071 scientiae
3572 1017 3712 1071 Dei!

2113 1125 2139 1162 α
2169 1125 2337 1179 quam
2357 1107 2942 1181 incomprehensibilia
2972 1111 3105 1161 sunt
3127 1105 3342 1177 judicia
3370 1107 3511 1176 ejus,
3547 1112 3606 1160 et
3632 1105 3718 1160 in-

2117 1217 2139 1248 α
2171 1195 2523 1268 vestigabiles
2556 1197 2655 1251 vite
2683 1199 2803 1267 ejus
2832 1199 3004 1263 (Rom.
3037 1212 3112 1260 x1,
3148 1193 3235 1262 3i)
3261 1213 3288 1247 no
3319 1195 3427 1250 Sed
3455 1194 3504 1248 si
3531 1194 3715 1249 adhuc

2112 1285 2332 1340 reddita
2363 1286 2579 1340 ratione
2602 1285 2772 1340 vultis
2796 1302 2918 1339 esse
2939 1283 3291 1346 contentiosi,
3327 1300 3431 1337 nec
3457 1283 3710 1355 acquies-

2111 1390 2236 1429 cere
2267 1375 2509 1440 veritati,
2544 1374 2702 1429 nobis
2731 1381 2923 1429 tamen
2953 1374 3113 1444 quasi
3137 1373 3285 1427 male
3313 1372 3383 1427 de
3410 1372 3527 1427 Deo
3556 1373 3709 1442 justo

2112 1469 2168 1517 et
2195 1463 2716 1518 misericordissimo
2741 1463 3064 1526 sentiamus,
3098 1461 3428 1516 calumniari
3450 1461 3706 1528 desinite,

2111 1552 2206 1606 sed
2224 1551 2406 1624 ipsum
2429 1553 2612 1624 potius
2633 1553 2935 1607 Dominum
2949 1551 3255 1618 Christum,
3277 1551 3440 1621 cujus
3459 1550 3709 1621 Evange-

2110 1639 2249 1694 lium
2279 1641 2588 1710 sequimur,
2631 1641 2675 1696 si
2719 1641 2957 1706 audetis,
3011 1639 3230 1710 arguite
3263 1657 3274 1692 :
3307 1655 3437 1694 cum
3469 1638 3567 1693 illo
3590 1640 3710 1709 jur-

436 1749 461 1782 α
493 1729 588 1802 qui
616 1729 806 1784 omnia
833 1735 1100 1802 operatur
1137 1731 1346 1799 (Ephes.
1377 1749 1410 1797 ι,
1451 1729 1559 1799 ll).
1593 1750 1620 1784 δ
1657 1732 1914 1803 Intelligo
1944 1733 2030 1786 di-
2048 1721 2094 1781 Β
2111 1729 2268 1798 gium
2298 1730 2504 1784 sumite
2533 1729 2815 1800 litigandi,
2842 1729 2923 1784 illi
2946 1729 3095 1801 quod
3123 1728 3270 1782 absit
3291 1728 3440 1782 male
3468 1728 3710 1782 sensisse

431 1823 604 1885 ctum,
635 1819 732 1890 qui
759 1819 949 1872 omnia
993 1824 1276 1890 operatur,
1310 1825 1366 1874 et
1402 1820 1566 1874 crede
1595 1837 1734 1892 Opus
1762 1838 1882 1876 esse
1929 1821 2029 1876 Dei

431 1922 604 1978 opera
633 1923 826 1962 eorum
872 1906 968 1978 qui
1001 1907 1293 1962 ambulant
1321 1909 1627 1964 secundum
1656 1911 2026 1981 propositum.

431 1995 540 2060 Qui
551 2013 684 2066 ergo
709 1995 920 2067 absque
941 1997 1448 2068 praedestinationis
1467 1998 1652 2068 gratia
1683 2003 1833 2066 sunt,
1859 1999 1913 2053 id
1945 2007 2030 2054 est

429 2083 599 2138 alieni
631 2099 665 2138 a
677 2084 962 2156 proposito
979 2085 1162 2151 Dei,et
1175 2086 1484 2156 perdurant
1497 2087 1554 2140 in
1568 2087 1828 2158 operibus
1843 2087 2022 2156 malis,

428 2171 475 2226 si
505 2172 675 2228 etiam
704 2189 772 2227 ex
799 2173 904 2228 hac
923 2173 1040 2228 vita
1058 2174 1461 2244 migraverunt,
1497 2193 1610 2230 non
1641 2193 1734 2230 eos
1767 2177 2021 2242 dicimus,

427 2265 492 2316 ut
508 2277 606 2316 vos
643 2261 874 2334 putatis,
899 2262 979 2316 ita
1011 2278 1045 2316 a
1072 2263 1188 2316 Deo
1223 2263 1474 2318 omnium
1517 2263 1710 2335 opiﬁce
1738 2265 2024 2320 ordinatos

422 2354 489 2406 ut
513 2350 783 2422 perirent,
816 2355 1086 2423 tanquam
1133 2351 1253 2423 ipse
1301 2351 1411 2406 illis
1448 2369 1633 2407 mores
1679 2354 1839 2407 malae
1895 2354 2022 2408 vitae

397 2439 715 2506 'creaverit,
749 2440 869 2512 ipse
899 2439 969 2494 ad
998 2456 1163 2494 omne
1203 2457 1342 2512 opus
1371 2441 1567 2496 mortis
1592 2441 1792 2496 invitos
1824 2443 2020 2514 praeci-

424 2527 706 2599 pitaverit.
739 2527 901 2583 Absit
933 2529 1038 2583 hoc
1080 2545 1114 2582 a
1161 2529 1348 2584 divino
1379 2531 1683 2602 proposito.
1717 2531 1842 2585 Non
1871 2531 2019 2586 enim

423 2617 613 2672 volens
635 2617 992 2690 iniquitatem
1023 2622 1110 2672 est
1134 2618 1303 2684 Deus,
1325 2635 1426 2673 nec
1447 2619 1733 2674 mandavit
1759 2619 2021 2691 cuiquam

422 2703 594 2778 impie
613 2722 802 2778 agere,
825 2723 930 2760 nec
956 2706 1124 2761 alicui
1145 2707 1302 2762 dedit
1327 2708 1710 2763 laxamentum
1732 2709 2014 2780 peccandi.

422 2793 579 2850 Fecit
603 2795 756 2848 enim
784 2800 849 2850 ut
895 2801 1085 2850 essent
1111 2797 1320 2862 omnia,
1353 2801 1410 2851 et
1450 2797 1727 2852 sanabiles
1765 2799 2021 2853 nationes

425 2881 577 2938 orbis
607 2888 891 2938 terrarum
923 2903 933 2937 :
967 2884 1176 2939 invidia
1203 2891 1394 2940 autem
1427 2885 1631 2940 diaboli
1672 2903 1821 2940 mors
1846 2887 2022 2941 intro-

421 2969 524 3024 ivit
549 2970 607 3025 in
637 2970 830 3026 orbem
857 2979 1158 3026 terrarum.
1187 2973 1489 3028 Imitantur
1511 2981 1701 3028 autem
1732 2975 1891 3028 illum
1923 2975 2018 3046 qui

2113 1817 2182 1872 de
2223 1819 2338 1873 Deo
2369 1820 2536 1873 Patre
2579 1836 2680 1874 suo
2723 1817 3166 1883 calumniamini,
3201 1817 3298 1889 qui
3327 1817 3408 1872 ait
3439 1831 3453 1871 :
3487 1838 3512 1869 ι
3546 1817 3706 1871 Multi

2118 1925 2140 1956 ι
2174 1907 2400 1976 quidem
2431 1907 2630 1972 vocati,
2664 1907 2826 1978 pauci
2855 1924 2984 1961 vero
3014 1906 3176 1960 electi
3199 1906 3414 1972 (Matth.
3455 1921 3544 1970 xx,
3591 1904 3704 1974 16);

2112 1999 2193 2049 et:
2225 2015 2251 2046 ε
2277 1997 2457 2050 Nemo
2475 2001 2661 2068 potest
2688 1997 2876 2051 venire
2898 1997 2966 2050 ad
2991 2012 3096 2050 me.
3118 1995 3224 2048 nisi
3251 1995 3446 2049 datum
3469 1993 3523 2048 ei
3539 1993 3708 2050 fuerit

2113 2103 2138 2136 ε
2172 2101 2204 2138 a
2235 2085 2401 2138 Patre
2422 2101 2546 2139 meo
2579 2088 2754 2153 (Joan.
2779 2103 2849 2150 Vl,
2885 2084 3039 2149 66),»
3065 2091 3157 2138 et:
3189 2105 3211 2135 ι
3247 2084 3372 2138 Non
3402 2099 3708 2138 omnesca-

2113 2191 2140 2225 α
2174 2173 2337 2244 piunt
2364 2173 2614 2240 verbum,
2649 2173 2756 2228 nisi
2791 2173 2994 2246 quibus
3014 2174 3212 2228 datum
3240 2179 3328 2227 est
3355 2173 3570 2239 (Matth.
3596 2187 3700 2238 xxx,

2114 2280 2138 2312 «
2172 2262 2280 2330 11).
2311 2282 2337 2314 ν)
2373 2264 2589 2318 Caetera
2617 2269 2806 2318 autem
2837 2279 3006 2334 quam
3049 2261 3309 2333 plurima.
3361 2261 3588 2316 Falsum
3619 2266 3705 2316 est

2109 2367 2262 2421 ergo,
2294 2351 2534 2422 inquies,
2552 2353 2700 2423 quod
2721 2353 3111 2423 aitApostolus
3134 2369 3146 2404 :
3167 2370 3193 2404 α
3224 2351 3333 2416 Qui
3361 2351 3482 2405 vult
3507 2366 3704 2404 omnes

2114 2459 2136 2489 α
2167 2439 2422 2494 homines
2463 2441 2644 2494 salvos
2685 2439 2823 2505 ﬁeri,
2861 2445 2919 2494 et
2953 2441 3024 2494 ad
3058 2439 3405 2510 agnitionem
3446 2437 3702 2494 veritatis

2109 2544 2138 2581 α
2166 2545 2282 2582 sua:
2308 2528 2497 2582 venire
2528 2531 2580 2594 (Ι
2618 2531 2756 2582 Tim.
2797 2547 2853 2592 Π,
2892 2529 2968 2596 4).
3007 2548 3028 2579 ι
3065 2528 3305 2584 Omnino
3333 2543 3448 2582 non
3491 2533 3578 2582 est
3603 2527 3704 2582 fal-

2102 2633 2248 2682 sum,
2285 2617 2419 2688 quia
2442 2633 2608 2671 omne
2653 2617 2800 2688 quod
2847 2618 2968 2672 vult
2991 2617 3140 2672 Deus
3168 2617 3350 2672 facere
3383 2622 3573 2688 potest
3600 2633 3702 2672 nec

2101 2722 2330 2776 prorsus
2381 2705 2628 2760 humana
2673 2706 2959 2760 voluntate
3005 2706 3154 2778 quod
3182 2706 3299 2760 vult
3337 2705 3696 2777 praepeditur.

2103 2793 2212 2848 Sed
2242 2811 2430 2865 quaero
2454 2811 2489 2848 a
2522 2793 2676 2850 vobis
2706 2801 2768 2850 ut
2800 2795 2998 2850 dicatis
3042 2811 3216 2866 quare
3249 2795 3422 2860 Deus,
3455 2794 3554 2865 qui
3583 2793 3703 2848 vult

2101 2896 2296 2936 omnes
2343 2883 2600 2937 homines
2645 2884 2825 2938 salvos
2865 2883 3006 2948 fieri,
3040 2883 3433 2955 quorumdam,
3474 2888 3541 2937 ut
3565 2882 3701 2938 dicit

2100 2969 2278 3024 Isaias
2315 2971 2590 3042 propheta
2619 2975 2754 3042 (lsa.
2787 2987 2858 3033 va,
2891 2972 3004 3037 10),
3027 2977 3270 3026 excaecat
3293 2970 3490 3024 oculos
3516 2987 3591 3024 ne
3617 2970 3699 3024 vi-

423 3063 557 3113 sunt
581 3075 646 3113 ex
689 3065 852 3131 parte
907 3060 1077 3114 illius.
1109 3061 1222 3115 Nec
1263 3061 1518 3126 dicimus,
1550 3069 1615 3116 ut
1645 3063 1875 3133 ﬁngitis,
1909 3039 2012 3118 etsi
2038 3039 2284 3124 Cdeant,
2318 3039 2559 3112 obdurat
2583 3039 2754 3113 corda
2785 3074 2854 3112 ne
2897 3058 3230 3129 intelligant,
3266 3073 3336 3112 ne
3365 3063 3701 3113 convertam

421 3146 650 3202 credere
681 3147 870 3214 velint,
897 3148 982 3202 vel
1002 3147 1162 3202 bonis
1191 3149 1452 3220 operibus
1482 3150 1583 3204 Dei
1601 3167 1815 3216 vacare,
1835 3151 2014 3205 Deum
2097 3151 2194 3201 tur
2222 3153 2278 3202 et
2307 3154 2598 3202 sanentur.
2623 3147 2782 3212 Quod
2805 3163 2996 3202 verum
3027 3163 3150 3201 esse
3178 3146 3698 3217 evangelistahan—

420 3235 538 3292 hac
552 3235 662 3292 illis
681 3236 830 3291 nolle
848 3242 1134 3308 praestare,
1152 3253 1277 3292 cum
1300 3237 1622 3309 hujusmodi
1649 3239 1788 3293 velle
1817 3239 1916 3294 Dei
1946 3239 2020 3294 sit
2099 3252 2200 3291 nes
2228 3237 2526 3291 confirmat
2568 3237 2757 3292 dicens
2784 3236 2854 3290 de
2896 3236 3104 3291 Iudaeis
3138 3253 3150 3288 :
3184 3255 3210 3288 ci
3241 3235 3551 3306 Propterea
3587 3251 3698 3291 non

418 3324 648 3380 donum.
668 3325 728 3380 Si
743 3341 875 3397 ergo
887 3343 954 3380 ex
969 3327 1084 3380 Deo
1100 3332 1186 3380 est
1196 3326 1345 3398 quod
1364 3327 1574 3394 volunt,
1589 3327 1708 3382 vult
1729 3329 1878 3383 Deus
1895 3345 2018 3400 per-

417 3413 628 3469 fectum
650 3415 775 3470 ﬂeri
797 3415 945 3486 quod
961 3415 1206 3470 donavit.
1234 3415 1298 3470 Si
1322 3421 1513 3470 autem
1538 3433 1604 3470 ex
1621 3418 1737 3472 Deo
1766 3434 1877 3471 non
1909 3423 2012 3484 est,

416 3501 516 3557 sed
553 3507 639 3558 est
665 3503 736 3558 de
758 3503 1033 3574 iactantia
1059 3504 1298 3575 propria:
1319 3505 1640 3571 voluntatis,
1669 3505 1765 3577 qui
1803 3522 1861 3559 se
1895 3523 2009 3560 me-

416 3591 542 3646 ritis
587 3592 768 3647 Deum
824 3592 1109 3648 aestimant
1151 3594 1478 3664 promereri,
1531 3594 1826 3648 manifeste
1867 3594 2016 3666 quod

415 3680 614 3738 volunt
641 3697 842 3754 capere
870 3697 984 3736 non
1034 3687 1287 3752 possunt,
1330 3683 1464 3754 quia
1496 3701 1526 3736 α
1555 3699 1669 3737 non
1694 3683 1949 3750 volentis,
1985 3702 2012 3736 ι»

414 3767 602 3841 inquit
626 3771 943 3842 Apostolus,
983 3790 1007 3823 «
1037 3787 1220 3842 neque
1249 3771 1545 3840 currentis,
1570 3772 1666 3826 sed
1698 3771 2017 3826 miserantis

420 3874 450 3908 ς(
484 3863 572 3912 est
589 3859 690 3913 Dei
713 3861 880 3930 (Rom.
907 3875 984 3926 1x,
1007 3860 1058 3921 1)
1073 3879 1085 3927 ;
1111 3879 1138 3911 »
1163 3865 1220 3914 et
1236 3859 1369 3930 quia
1387 3877 1498 3914 non
1514 3864 1699 3930 potest
1723 3859 1889 3914 homo
1905 3876 1940 3913 a
1954 3877 2016 3914 se

415 3945 598 4001 facere
619 3945 946 4018 quidquam,
965 3947 1074 4002 nisi
1096 3947 1292 4002 datum
1312 3947 1393 4001 illi
1418 3947 1588 4002 fuerit
1615 3948 1872 4019 desuper.
1888 3949 2012 4002 Non

419 4033 525 4090 hoc
539 4035 659 4106 agit
676 4036 826 4090 Deus
845 4053 1066 4090 summe
1085 4036 1265 4091 bonus
1284 4037 1518 4104 malitia,
1543 4037 1638 4090 sed
1656 4036 1898 4107 justitia,
1912 4053 2015 4091 nec

417 4139 786 4196 personarum
836 4125 1174 4196 acceptione,
1209 4125 1308 4179 sed
1337 4141 1634 4180 causarum
1670 4131 2014 4180 secretarum

418 4211 1050 4268 discretione.Novimus
1066 4229 1466 4286 nonnunquam
1481 4215 1752 4286 quosdam
1767 4215 2015 4270 volentes

419 4307 642 4358 eterna:
660 4301 786 4358 vitae
814 4301 981 4357 fidem
1011 4303 1282 4375 accipere,
1319 4309 1378 4358 et
1402 4319 1526 4358 eam
1558 4303 1810 4375 adipisci,
1847 4321 2014 4375 quos-

2105 3345 2126 3376 ι
2159 3330 2422 3396 poterant
2467 3325 2715 3390 credere,
2769 3325 2900 3396 quia
2945 3325 3084 3379 dixit
3123 3325 3336 3380 Isaias:
3391 3324 3701 3380 Excaecavit

2103 3435 2127 3466 ι
2158 3416 2345 3470 oculos
2375 3431 2590 3480 eorum,
2623 3422 2682 3469 et
2704 3415 3000 3468 obduravit
3021 3431 3118 3468 cor
3137 3429 3353 3479 eorum,
3387 3419 3456 3468 ut
3485 3429 3600 3468 non
3623 3414 3700 3468 vi-

2101 3522 2124 3555 ‹
2159 3504 2328 3558 deant
2358 3503 2550 3569 oculis,
2585 3508 2644 3557 et
2686 3519 2795 3558 non
2825 3503 3147 3574 intelligant
3173 3502 3358 3568 corde,
3383 3507 3444 3557 et
3466 3519 3696 3558 conver-

2101 3613 2124 3644 ι
2161 3599 2356 3646 tantur
2403 3597 2460 3647 et
2496 3609 2691 3646 sanem
2737 3609 2832 3646 eos
2873 3593 3058 3666 (Joan.
3090 3609 3186 3658 xu,
3218 3591 3324 3656 40).
3376 3610 3400 3643 ιι
3451 3592 3596 3646 Item
3639 3591 3696 3645 in

2100 3682 2398 3752 Evangelio
2414 3681 2722 3736 secundum
2740 3682 3010 3746 Marcum,
3026 3696 3154 3734 cum
3173 3681 3202 3735 ,Ι
3207 3695 3366 3735 esum
3387 3679 3698 3751 interroga-

2098 3776 2227 3824 rent
2246 3770 2503 3841 discipuli
2535 3769 2621 3824 sui
2649 3770 2718 3824 de
2750 3768 3014 3840 parabole
3041 3768 3300 3823 seminis:
3329 3787 3360 3818 α
3389 3768 3564 3823 Vobis
3595 3768 3696 3822 da-

2101 3877 2128 3911 c
2161 3863 2281 3913 tum
2313 3863 2418 3925 est,
2451 3859 2652 3930 inquit,
2677 3875 2842 3913 nosse
2867 3858 3202 3930 mysterium
3231 3857 3393 3929 regni
3419 3857 3554 3922 Dei;
3587 3856 3696 3912 illis

2101 3966 2126 4000 «
2157 3954 2343 4002 autem
2377 3948 2470 4019 qui
2499 3947 2634 4002 foris
2659 3952 2794 4001 sunt
2821 3947 2876 4001 in
2906 3945 3186 4018 parabolis
3216 3946 3410 4000 omnia
3443 3947 3609 4011 ﬁunt,
3632 3949 3695 4000 ut

2101 4057 2122 4087 α
2157 4037 2409 4091 videntes
2431 4053 2542 4091 non
2570 4037 2810 4102 videant,
2835 4043 2893 4090 et
2907 4035 3199 4091 audientes
3213 4051 3327 4090 non
3348 4034 3687 4106 intelligant,

2101 4143 2125 4177 α
2161 4142 2229 4179 ne
2259 4126 2481 4196 quando
2511 4131 2910 4189 convertantur
2937 4131 2996 4179 et
3040 4124 3403 4178 dimittantur
3429 4123 3516 4178 eis
3564 4139 3690 4196 pec-

2101 4230 2128 4266 α
2159 4219 2285 4268 cata
2311 4216 2507 4280 (Marc.
2536 4229 2605 4280 IV,
2648 4213 2752 4284 ll).
2771 4232 2798 4266 ι
2828 4211 3008 4268 Dicite
3030 4213 3207 4284 igitur
3226 4229 3401 4285 quare
3421 4213 3690 4284 Deus,qui

2096 4319 2464 4374 personarum
2513 4309 2772 4374 acceptor
2803 4319 2918 4357 non
2968 4309 3073 4364 est,
3119 4307 3178 4357 et
3217 4303 3335 4357 vult
3363 4319 3563 4357 omnes
3591 4301 3689 4355 ho-

419 4391 548 4448 dam
580 4398 771 4446 autem
800 4409 914 4446 non
947 4411 961 4448 :
994 4392 1210 4463 aliquos
1246 4393 1418 4446 etiam
1445 4393 1698 4446 nolentes
1727 4393 2011 4464 consequi,
2032 4423 2080 4481 D
2097 4393 2278 4447 mines
2297 4393 2478 4448 salvos
2505 4393 2643 4458 fieri,
2663 4392 2902 4446 aliorum
2923 4392 3092 4446 corda
3120 4397 3335 4447 reserat
3365 4392 3436 4446 ad
3467 4391 3694 4446 credens

418 4495 545 4534 cum
576 4480 635 4534 in
661 4481 742 4534 eis
761 4480 950 4535 divina
961 4481 1147 4552 gratia
1160 4485 1226 4535 ut
1245 4481 1418 4536 velint
1444 4480 1747 4536 mutaverit
1768 4482 2018 4536 volunta-
2033 4479 2069 4481 —
2098 4481 2253 4547 dum,
2277 4481 2466 4536 oculos
2483 4480 2766 4535 illuminat
2790 4480 2862 4534 ad
2890 4479 3210 4545 videndum,
3231 4487 3289 4534 et
3311 4479 3382 4534 ad
3403 4479 3688 4534 sciendum

421 4572 557 4621 tem.
602 4568 872 4622 Novimus
910 4570 1130 4640 aliquos
1178 4570 1350 4624 etiam
1400 4570 1673 4642 perfectos
1719 4587 1783 4624 ex
1825 4570 2016 4625 labore

419 4655 729 4712 multorum
755 4673 1049 4724 annorum,
1084 4659 1371 4730 prolapsos
1414 4659 1471 4712 in
1501 4659 1700 4713 ultimo
1747 4659 1873 4714 vitae
1901 4677 2015 4715 suae

419 4745 652 4816 periisse
677 4763 690 4799 ε
719 4745 936 4818 aliquos
963 4764 1092 4801 vero
1114 4747 1183 4801 ab
1201 4747 1432 4802 ineunte
1461 4753 1624 4802 atate
1655 4765 1758 4802 sua
1779 4748 1838 4802 in
1863 4747 2015 4812 omni

421 4834 632 4890 scelere
661 4839 719 4890 et
747 4834 1168 4890 damnabilitate
1193 4853 1371 4908 usque
1402 4836 1472 4890 ad
1491 4837 1846 4907 decrepitam
1878 4843 2014 4891 aeta-

418 4929 536 4979 tem
577 4924 930 4996 perdurasse,
965 4930 1022 4978 et
1054 4931 1284 4996 repente
1305 4925 1526 4979 caelitus
1542 4925 1814 4995 inspirata
1834 4925 2014 4979 salute

420 5017 612 5085 raptos
639 5029 762 5068 esse
807 5012 880 5067 ad
922 5013 1173 5084 requiem
1221 5013 1380 5083 regni
1419 5013 1708 5069 caelorum.
1747 5013 2015 5068 Novimus

423 5103 594 5158 etiam
624 5102 904 5174 parvulos,
922 5099 1124 5172 quibus
1153 5119 1286 5157 usus
1315 5101 1476 5156 liberi
1506 5101 1724 5156 arbitrii
1770 5117 1882 5155 non
1912 5107 2015 5169 est,

419 5196 486 5244 ut
511 5189 580 5244 de
608 5190 770 5245 bonis
796 5195 896 5245 aut
923 5189 1086 5244 malis
1105 5206 1299 5244 eorum
1321 5190 1540 5244 meritis
1564 5190 1898 5260 judicemus,
1921 5207 2014 5260 pa-

422 5284 648 5333 rentum
688 5279 948 5334 manibus
975 5279 1044 5333 ad
1075 5279 1318 5350 gratiam
1367 5280 1511 5334 sacri
1534 5278 1888 5350 baptismatis
1913 5279 2012 5333 de-

422 5369 694 5437 portatos,
727 5373 784 5422 et
801 5383 929 5422 cum
943 5367 1002 5422 in
1020 5383 1134 5422 uno
1155 5384 1350 5422 eorum
1370 5383 1470 5438 per
1490 5384 1690 5422 manus
1710 5368 2013 5422 sacerdotis

422 5454 755 5524 mysterium
779 5455 910 5510 ﬁdei
929 5455 1352 5528 adimpleretur,
1375 5457 1670 5528 aliquoties
1691 5457 1930 5512 alterum
1952 5457 2011 5511 in

419 5546 721 5621 parentum
774 5543 1034 5604 manibus
1068 5543 1276 5602 factum
1325 5545 1638 5603 exanimem
1687 5545 2011 5604 fraudatum

2097 4569 2428 4642 mysterium
2448 4569 2608 4640 regni
2621 4570 3024 4640 cmiorum,quo
3044 4568 3257 4623 scilicet
3271 4567 3409 4622 salvi
3427 4569 3556 4623 ﬁeri
3573 4583 3689 4640 pos-

2096 4659 2211 4713 sint
2225 4678 2237 4726 ;
2251 4659 2490 4714 aliorum
2507 4675 2655 4724 vero,
2669 4664 2732 4712 ut
2761 4657 3014 4712 lectionis
3033 4663 3220 4712 textus
3233 4657 3392 4723 dixit,
3411 4658 3686 4712 involvens

2099 4747 2156 4800 in
2175 4747 2456 4818 parabolis
2471 4747 2786 4813 veritatem,
2809 4745 3192 4812 obtunditcor,
3218 4751 3459 4801 exsecat
3483 4745 3681 4812 oculos,

2096 4837 2308 4890 claudit
2335 4852 2518 4902 aures,
2551 4853 2624 4890 ne
2654 4835 3010 4906 Evangelium
3043 4835 3242 4890 salutis
3270 4840 3599 4906 agnoscant,
3619 4849 3682 4888 ne

2095 4925 2482 4980 remissionem
2509 4925 2786 4996 accipiant
2825 4924 3220 4996 peccatorum?
3248 4923 3449 4990 Dicite,
3481 4938 3676 4996 quaso,

2095 5014 2345 5086 qualiter
2361 5014 2477 5067 haec
2492 5014 2613 5067 loca
2642 5014 2922 5083 Evangelii
2948 5013 3218 5086 accipitis,
3231 5013 3429 5068 docete
3443 5014 3578 5085 quid
3598 5012 3677 5067 hic

2101 5102 2170 5156 de
2186 5103 2320 5164 Deo,
2339 5103 2432 5172 qui
2453 5103 2567 5156 vult
2580 5119 2774 5156 omnes
2786 5102 3040 5156 homines
3052 5103 3230 5158 salvos
3253 5103 3394 5168 ﬁeri,
3410 5101 3674 5157 sentiatis.

2096 5191 2231 5244 Ecce
2243 5193 2359 5261 jam
2385 5191 2727 5260 generaliter
2749 5191 2886 5245 salvi
2907 5208 3018 5245 non
3038 5199 3187 5258 sunt,
3205 5207 3335 5245 cum
3355 5191 3483 5246 aliis
3523 5192 3678 5246 datur

2095 5295 2256 5334 nosse
2285 5281 2429 5334 viam
2447 5281 2664 5340 salutis,
2689 5280 2812 5334 aliis
2832 5297 2945 5334 non
2977 5281 3164 5334 datur.
3187 5281 3316 5335 Haec
3341 5280 3533 5352 itaque
3559 5294 3673 5334 cum

2096 5367 2226 5422 facit
2241 5369 2407 5434 Deus,
2429 5384 2541 5422 non
2561 5385 2927 5439 personarum
2957 5369 3279 5440 acceptione
3297 5368 3450 5434 facit,
3474 5383 3587 5423 non
3602 5368 3674 5420 in-

2087 5455 2328 5528 justitiu,
2345 5456 2441 5510 sed
2457 5457 2681 5528 justitia
2709 5455 3090 5520 inenarrabili,
3110 5455 3494 5511 misericordia
3521 5455 3671 5510 inde-

2093 5544 2228 5600 bita.
2255 5545 2532 5612 Quoniam
2553 5562 2680 5601 vero
2709 5545 2838 5603 hinc
2861 5544 3074 5617 liquido
3091 5550 3336 5618 utraque
3351 5559 3483 5618 pars
3499 5544 3671 5601 dicere
