4018 6168
352 332 494 391 1553

1825 339 2215 432 εμετοω.

3507 338 3651 397 1554

351 459 498 515 nihil
507 460 776 526 valemus,
795 459 1092 516 credamus
1111 466 1335 518 tantum
1348 479 1509 518 reum
1521 464 1722 520 mortis
1731 479 1797 518 ex
1805 464 1960 534 judi-
1971 466 2021 526 Α
2045 465 2104 520 in
2129 463 2324 520 futura
2340 462 2458 518 vita
2473 461 2764 534 percipere
2783 461 3136 518 mereamini.
3158 462 3230 520 Et
3247 463 3384 536 quia
3400 463 3654 537 ρωᾶίοῆ

351 549 435 604 cis
443 549 730 604 voluntate
741 549 1004 620 pendere.
1024 551 1109 605 Ne
1127 551 1425 623 quisquam
1437 558 1626 608 autem
1647 553 1962 624 putaretdi-

352 637 485 692 vino
489 637 702 707 judicio
711 638 835 692 ﬁeri
847 655 959 693 non
971 656 1165 695 omnes
1175 641 1432 696 homines
1443 643 1643 696 salvari
1653 642 1810 707 ,dixit
1818 644 1964 714 Apo-

355 727 536 782 stolus
563 745 574 780 :
599 749 624 779 ι
646 727 754 792 Qui
775 728 896 782 vult
915 744 1110 783 omnes
1137 731 1318 784 salvos
1339 729 1462 784 fieri
1485 734 1534 786 II
1558 733 1700 785 Tim.
1724 745 1781 795 ιι,
1817 729 1892 800 4).
1935 749 1958 782 ι

357 816 716 888 Quapropter
747 833 942 872 omnes
971 817 1224 872 homines
1255 819 1352 890 qui
1380 820 1688 886 salvantur,
1719 821 1837 875 Deo
1865 837 1962 875 vo-

357 903 512 960 lente
539 905 845 960 salvantur.
879 906 1028 961 Deus
1059 905 1208 960 enim
1239 913 1433 962 noster
1472 909 1622 963 Deus
1665 910 1846 964 salvos
1887 909 1966 964 fa-

357 993 564 1058 ciendi,
589 1000 648 1048 et
664 993 889 1048 Domini
909 995 1090 1049 exitus
1113 996 1332 1050 mortis.
1361 997 1432 1052 Et
1450 997 1584 1068 quia
1599 997 1682 1051 ira
1699 998 1758 1052 in
1777 999 1978 1052 furore-

359 1083 506 1154 ejus,
531 1087 590 1138 et
619 1083 731 1138 vita
759 1082 817 1136 in
847 1084 1132 1138 voluntate
1171 1085 1312 1154 ejus,
1352 1085 1650 1156 intelligite
1680 1087 1875 1158 utique
1903 1088 1963 1142 in

357 1171 550 1227 furore
573 1172 876 1243 justitiam,
909 1173 966 1226 in
997 1173 1285 1228 voluntate
1314 1174 1776 1230 misericordiam.
1811 1177 1962 1230 Prm-

356 1260 795 1316 destinationem
824 1261 999 1332 igitur
1026 1278 1252 1332 negare,
1276 1279 1443 1334 quam
1476 1264 1625 1334 apud
1646 1265 1826 1319 Deum
1842 1281 1963 1320 esse

358 1349 735 1422 probavimus,
768 1350 1015 1405 immane
1039 1350 1452 1422 blaSphemium
1482 1358 1567 1408 est
1597 1371 1608 1406 :
1644 1370 1814 1424 quam
1851 1370 1964 1408 non

355 1443 602 1506 tantum,
643 1439 790 1494 sicut
815 1439 1006 1494 soletis
1047 1440 1251 1506 dicere,
1295 1441 1354 1495 in
1390 1442 1658 1513 apostolis
1697 1443 1964 1498 debemus

357 1528 633 1600 accipere,
655 1529 754 1585 sed
769 1534 828 1584 et
851 1530 910 1584 in
933 1531 1290 1602 patriarchis,
1313 1537 1372 1586 et
1388 1531 1695 1603 prophetis,
1729 1546 1787 1586 et
1813 1549 1965 1586 mar-

360 1618 600 1690 tyribus,
635 1624 692 1674 et
719 1618 1146 1686 confessoribus,
1173 1621 1232 1675 in
1262 1620 1522 1675 omnibus
1551 1621 1758 1676 sanctis
1786 1628 1844 1676 et
1874 1623 1960 1676 di-

357 1723 471 1779 gne
494 1707 866 1763 servientibus
903 1709 1039 1764 Deo.
1083 1709 1228 1765 Hinc
1259 1727 1427 1765 nemo
1461 1711 1752 1782 glorietur,
1795 1729 1960 1767 nemo

2044 553 2248 608 fratres
2279 552 2456 608 nostri
2489 551 2650 606 nobis
2671 553 2990 608 retulerunt
3007 569 3104 608 vos
3127 558 3390 624 expetere
3407 570 3653 626 opuscu-

2044 643 2162 698 lum
2185 648 2444 698 nostrum
2473 641 2532 695 in
2563 641 2788 696 laudem
2807 642 2988 697 crucis
3009 642 3218 697 Christi
3237 642 3451 698 dudum
3469 643 3653 698 confe-

2044 737 2216 797 ctum,
2237 747 2304 785 ex
2314 736 2498 785 vestro
2516 729 2682 784 verbo
2700 735 2965 800 rogantes
2977 736 3042 785 ut
3053 731 3191 786 illud
3201 730 3358 786 vobis
3366 732 3654 787 transmit-

2045 826 2245 888 terem,
2281 818 2592 874 voluntarie
2629 818 2734 873 feci
2775 819 2924 890 quod
2953 819 3244 890 rogabant,
3279 825 3338 876 et
3365 819 3650 892 praeterito

2045 925 2195 963 anno
2223 925 2323 980 per
2352 908 2614 962 nuntium
2643 908 3068 978 Gagauzardum
3099 908 3170 962 ad
3190 924 3292 964 nos
3311 909 3646 978 venientem,

2047 1003 2106 1052 et
2123 997 2179 1052 id
2198 998 2384 1068 ipsum
2405 1002 2776 1068 expetentem,
2806 997 3136 1068 opusculum
3158 996 3313 1052 vobis
3337 997 3646 1065 transmisi,

2047 1086 2356 1158 deprecans
2383 1092 2448 1141 ut
2473 1085 2726 1140 habeatis
2755 1085 2914 1153 illud,
2961 1093 3020 1142 et
3045 1103 3234 1142 coram
3266 1085 3422 1141 vobis
3464 1087 3651 1157 legere

2045 1174 2283 1242 faciatis,
2314 1181 2370 1229 et
2395 1175 2442 1228 si
2472 1174 2602 1245 quid
2625 1175 2684 1229 in
2707 1191 2773 1229 eo
2795 1176 3028 1246 dignum
3059 1181 3228 1247 atque
3241 1180 3468 1245 gratum
3493 1174 3650 1232 vobis

2045 1264 2360 1335 reperietis,
2374 1262 2574 1318 divinae
2588 1263 2784 1332 gratiae
2806 1265 2911 1318 hoc
2933 1264 3232 1336 deputetis,
3257 1281 3370 1319 non
3387 1264 3650 1320 humanae

2047 1353 2289 1408 solertiae
2321 1371 2332 1407 :
2367 1353 2454 1407 sin
2487 1356 2675 1407 autem
2717 1353 2884 1408 aliter
2911 1354 3044 1424 quid
3073 1355 3133 1408 in
3159 1354 3282 1426 ipso
3327 1354 3646 1423 inveniatis,

2045 1457 2184 1496 meae
2215 1440 2526 1512 imperitiae,
2568 1445 2627 1494 et
2652 1440 2944 1511 fragilitati
2972 1443 3233 1500 humanae
3261 1443 3444 1516 magis
3467 1443 3650 1516 impu-

2044 1530 2178 1585 tetis
2205 1547 2373 1602 quam
2404 1529 2632 1584 malitiae
2663 1548 2674 1582 :
2719 1531 2836 1600 qui,
2869 1536 3146 1602 quantum
3182 1533 3284 1587 Dei
3311 1534 3460 1589 dono
3487 1534 3646 1606 sapio

2046 1625 2104 1673 et
2129 1620 2303 1686 valeo,
2325 1619 2534 1674 Christi
2564 1619 2790 1674 famulis
2811 1625 2869 1674 et
2885 1620 3190 1676 Dominum
3206 1621 3538 1678 timentibus
3556 1629 3646 1678 at-

2043 1725 2154 1779 que
2181 1707 2505 1764 amantibus
2531 1713 2760 1778 gratum
2803 1709 3095 1764 servitium
3132 1709 3457 1782 impendere
3496 1712 3646 1768 desi-

355 1795 640 1868 desperet.
675 1797 838 1852 Solus
864 1798 1014 1852 enim
1039 1798 1313 1854 Dominus
1333 1799 1439 1854 scit
1456 1799 1551 1870 qui
1575 1803 1710 1854 sunt
1728 1802 1870 1871 ejus.
1894 1803 1959 1856 In
1975 1785 2024 1845 Β
2042 1797 2196 1863 dero,
2227 1802 2294 1852 ut
2317 1797 2424 1868 ipsi
2445 1813 2546 1868 pro
2570 1813 2659 1850 me
2686 1797 2880 1864 oretis,
2908 1804 3186 1870 quatenus
3205 1799 3423 1854 veniam
3448 1817 3646 1872 pecca-

357 1891 634 1957 quantum
663 1891 856 1942 autem
892 1903 1212 1958 possumus,
1246 1903 1440 1942 omnes
1469 1889 1729 1944 homines
1759 1889 1826 1944 ad
1857 1889 1958 1944 bo-

355 1990 496 2030 num
523 1991 665 2046 Opus
691 1975 1072 2040 exhortamur,
1095 1976 1235 2031 nulli
1262 1977 1715 2048 desperationem
1738 1978 1954 2046 demus,

354 2080 460 2136 pro
489 2063 725 2119 invicem
759 2081 1004 2130 oremus,
1049 2065 1109 2119 in
1147 2070 1448 2138 conspectu
1486 2065 1587 2120 Dei
1625 2083 1730 2121 nos
1767 2068 1958 2122 humi-

352 2151 561 2208 liemus
581 2151 860 2218 dicentes:
882 2172 904 2206 ο
931 2154 1059 2208 Fiat
1077 2154 1334 2209 voluntas
1354 2160 1470 2209 tua.
1492 2174 1518 2206 ι)
1539 2155 1723 2226 Ipsius
1743 2156 1852 2210 erit
1865 2173 1959 2228 po-

352 2241 576 2296 testatis
587 2241 864 2312 judicium
882 2241 942 2297 in
961 2241 1121 2298 nobis
1133 2242 1384 2298 debitum
1407 2248 1627 2298 mutare
1647 2243 1958 2300 damnatio-

349 2329 462 2396 nis,
490 2330 732 2400 gratiam
749 2331 1259 2402 praedestinationis
1279 2331 1589 2387 indebitam
1616 2349 1952 2405 praerogare.

422 2419 563 2474 Ecce
581 2418 772 2487 habes,
798 2419 1163 2475 dilectissime
1179 2419 1374 2487 frater,
1400 2422 1546 2492 quod
1569 2422 1778 2493 petisti.
1815 2423 1956 2478 Sen-

347 2523 478 2562 sum
509 2508 945 2564 orthodoxorum
969 2515 1138 2580 atque
1159 2511 1560 2566 catholicorum
1579 2513 1812 2566 Patrum
1833 2511 1956 2566 bre-

345 2595 494 2652 viter
520 2597 579 2651 in
607 2614 721 2652 uno
757 2597 946 2653 libello
975 2605 1377 2666 constructum,
1411 2601 1480 2654 de
1519 2601 1871 2672 prmscientia
1897 2607 1955 2656 et

349 2685 864 2756 pmdestinatione,
899 2687 968 2740 de
994 2687 1181 2756 gratia
1207 2693 1266 2741 et
1285 2687 1460 2742 libero
1485 2687 1718 2743 arbitrio
1743 2706 1754 2741 :
1777 2694 1954 2744 restat

351 2778 431 2829 ut‘
451 2774 648 2847 credas
697 2791 763 2830 ac
807 2775 1143 2842 conﬁtearis,
1196 2776 1310 2830 imo
1349 2777 1516 2831 ﬁrma
1555 2777 1665 2832 fide
1711 2784 1770 2832 et
1814 2795 1953 2833 sana

345 2863 606 2918 doctrina
628 2863 753 2918 aliis
785 2864 1052 2936 praedices
1081 2865 1230 2936 quod
1261 2866 1496 2920 credant
1526 2871 1583 2920 et
1609 2865 1946 2938 intelligant,

347 2951 531 3008 Deum
555 2952 838 3023 praescisse
872 2953 1047 3008 bonos
1066 2959 1124 3008 et
1143 2955 1321 3009 malos
1343 2955 1562 3010 futuros
1591 2973 1604 3009 :
1635 2955 1812 3010 bonos
1845 2973 1950 3011 au-

345 3045 465 3096 tem
488 3047 712 3096 tantum
740 3048 806 3097 ut
830 3041 1004 3097 vitam
1031 3048 1298 3098 aeternam
1342 3044 1620 3116 accipiant
1656 3045 1946 3116 praedesti-

344 3146 532 3198 nasse,
574 3132 753 3186 malos
799 3147 929 3186 vero
975 3133 1033 3186 in
1079 3138 1352 3188 aeternum
1401 3134 1682 3205 perituros
1723 3140 1945 3189 tantum

343 3219 654 3292 praescisse,
704 3235 818 3276 non
859 3222 1304 3292 praedestinasse.
1353 3223 1550 3276 Gratia
1603 3229 1794 3278 autem
1840 3225 1943 3278 Dei

341 3313 622 3381 quotquot
639 3309 777 3364 salvi
791 3311 990 3364 ﬁerent
1003 3311 1243 3364 salutem
1262 3312 1516 3382 adipisci.
1531 3312 1732 3366 Libero
1751 3318 1940 3367 autem

337 3397 592 3462 arbitrio,
630 3399 778 3470 quod
825 3415 927 3470 per
974 3400 1142 3470 primi
1189 3401 1432 3455 hominis
1479 3401 1699 3470 lapsum
1747 3417 1942 3456 corru-

335 3493 500 3560 ptum
527 3487 730 3554 fuerat,
770 3504 900 3542 cum
946 3489 1135 3542 divina
1179 3488 1398 3543 bonitas
1448 3489 1586 3543 illud
1633 3490 1940 3544 secundum

337 3591 506 3632 suum
521 3576 792 3648 placitum
816 3593 1011 3648 regere
1025 3577 1280 3636 voluerit.
1301 3577 1616 3632 mercedem
1630 3577 1940 3649 promereri

337 3681 502 3736 posse
524 3672 875 3737 perpetuam.
895 3667 1037 3720 Cum
1057 3671 1247 3721 autem
1267 3667 1434 3721 homo
1454 3667 1550 3720 illo
1569 3666 1822 3720 abutitur
1841 3683 1942 3738 per

337 3753 680 3826 superbiam,
714 3771 828 3809 non
855 3754 1039 3824 gloria
1061 3757 1204 3827 ejus,
1238 3756 1334 3809 sed
1364 3772 1530 3827 pcena
1553 3756 1786 3826 dignum
1817 3772 1940 3811 esse

337 3847 630 3914 perpetua.
657 3843 889 3898 Occulta
905 3851 1095 3898 autem
1123 3850 1292 3916 atque
1313 3851 1530 3899 secreta
1546 3844 1668 3910 Dei,
1693 3861 1816 3916 quae
1835 3844 1938 3898 soli

337 3937 540 4004 patent
561 3932 865 4002 cognitioni
893 3933 1111 4000 divinae,
1139 3934 1421 3988 neminem
1453 3935 1690 3988 scrutari
1711 3933 1934 4000 debere,

338 4036 413 4076 ne
441 4020 570 4092 plus
615 4022 806 4076 volens
851 4037 1049 4092 sapere
1085 4039 1253 4092 quam
1299 4028 1522 4094 oportet
1566 4040 1782 4095 sapere,
1837 4039 1937 4094 pro

339 4109 578 4164 veritate
595 4110 898 4166 falsitatem
923 4117 981 4165 et
999 4127 1100 4182 pro
1132 4117 1283 4165 recta
1308 4112 1417 4165 ﬁde
1442 4113 1746 4166 maximum
1781 4127 1938 4166 erro-

338 4214 460 4253 rem
491 4199 798 4270 sequendo,
831 4199 888 4254 in
915 4199 1208 4253 interitum
1228 4199 1489 4254 decidant
1507 4201 1931 4272 sempiternum.

912 4323 1260 4378 EPISTOLA
1275 4324 1370 4378 VI.

761 4448 832 4484 AD
862 4447 1228 4486 HEBERARDL'M
1259 4444 1518 4485 COMITEM.

935 4544 1023 4607 [Ex
1054 4544 1350 4608 Sirmondo.)

416 4641 899 4697 Reverendissimo
946 4648 1115 4714 atque
1161 4643 1556 4714 probatissimo
1604 4644 1722 4698 viro
1757 4643 1943 4698 Hem-:-

345 4746 525 4785 aanno
553 4731 744 4786 comiti
773 4730 1038 4786 Ramnes
1068 4732 1370 4787 vilissimus
1399 4749 1686 4788 servorum
1708 4733 1766 4786 in
1792 4732 1948 4787 Chri-

343 4824 433 4874 sto
457 4820 720 4874 salutem.

415 4907 807 4964 Referentibus
831 4908 990 4964 nobis
1029 4910 1300 4965 fratribus
1337 4911 1562 4978 nostris,
1611 4912 1723 4984 qui.
1747 4917 1948 4983 praete-

343 4997 455 5053 rito
481 5003 738 5070 tempore
766 4998 1003 5052 Romam
1023 5005 1406 5069 perrexerunt.
1433 4999 1666 5054 Ascriho
1693 5001 1952 5055 videlicet

345 5092 406 5142 et
433 5086 726 5156 Hudperto
756 5085 1116 5157 presbyteris,
1149 5087 1218 5140 de
1247 5087 1518 5158 sospitate
1550 5095 1738 5142 vestra
1765 5094 1824 5142 et
1851 5088 1949 5142 be-

343 5174 644 5246 nignitate,
689 5191 859 5246 quam
906 5191 1019 5228 non
1065 5174 1246 5228 solum
1294 5191 1430 5244 erga
1473 5193 1587 5234 eos,
1636 5177 1732 5230 sed
1781 5178 1950 5232 etiam

343 5279 486 5334 erga
523 5263 732 5318 multos
761 5262 1022 5316 exhibere
1051 5262 1201 5316 soliti
1233 5263 1388 5328 estis,
1417 5265 1594 5330 valde,
1629 5264 1828 5331 fateor,
1858 5283 1954 5337 ga-

343 5353 499 5408 visus
529 5367 678 5419 sum,
712 5357 770 5406 et
797 5353 914 5405 Deo
947 5350 1320 5433 omnipotenti
1361 5350 1490 5405 inde
1531 5353 1744 5422 gratias
1782 5371 1956 5424 agens

345 5439 692 5513 deprecabar
721 5446 788 5495 ut
817 5440 936 5512 ipse
964 5439 1062 5510 qui
1091 5439 1260 5510 coepit
1284 5439 1340 5492 in
1371 5439 1524 5495 vobis
1562 5459 1703 5513 opus
1743 5441 1954 5497 bonum

343 5529 604 5603 perﬁciat
614 5545 794 5600 usque
813 5529 872 5583 in
883 5529 1030 5584 diem
1041 5529 1070 5584 J
1076 5545 1174 5583 esu
1189 5527 1416 5595 Christi,
1433 5536 1712 5600 quatenus
1727 5533 1952 5602 plenam

347 5619 670 5674 mercedem
691 5618 760 5673 de
779 5617 940 5674 bonis
959 5617 1222 5692 operibus
1241 5618 1441 5673 vestris
1463 5635 1562 5690 per
1595 5620 1696 5675 Dei
1711 5621 1954 5691 gratiam

2039 1891 2226 1940 torum
2257 1901 2514 1940 meorum
2542 1885 3012 1940 clementissimus
3037 1887 3292 1942 omnium
3312 1888 3645 1945 seculorum

2033 1973 2207 2043 judex
2237 1973 2376 2028 mihi
2407 1972 2624 2028 tribuat
2651 1978 2710 2027 et
2739 1973 2911 2028 vitam
2939 1974 3192 2030 conferat
3218 1976 3640 2048 sempiternam.

2040 2061 2122 2116 De
2141 2067 2343 2117 caetero
2363 2078 2606 2133 quoque,
2642 2063 2776 2134 quia
2801 2063 3147 2132 divulgatum
3169 2063 3229 2118 in
3247 2065 3370 2120 istis
3388 2065 3644 2136 partibus

2039 2157 2261 2207 constat
2296 2152 2595 2223 quemdam
2645 2151 2902 2219 sciolum,
2950 2153 3180 2208 nomine
3228 2153 3638 2222 Gotescalcum,

2039 2241 2190 2314 apud
2215 2257 2314 2296 vos
2339 2257 2588 2308 manere,
2613 2241 2708 2312 qui
2739 2241 3082 2312 dogmatizat
3102 2241 3250 2314 quod
3280 2243 3644 2314 praedestina-

2037 2331 2118 2386 tio
2148 2332 2252 2386 Dei
2281 2347 2508 2386 omnem
2533 2331 2820 2386 hominem
2836 2330 2917 2384 ita
2936 2331 3304 2402 constringat,
3329 2335 3394 2387 ut
3416 2331 3639 2387 etiamsi

2037 2419 2164 2490 quis
2193 2419 2328 2474 velit
2350 2421 2536 2475 salvus
2563 2419 2706 2486 ﬁeri,
2753 2424 2813 2474 et
2853 2435 2957 2491 pro
2995 2421 3101 2474 hoc
3149 2421 3261 2476 ﬁde
3287 2424 3442 2476 recta
3469 2426 3638 2492 atque
3717 2409 3722 2416 ”

2037 2506 2198 2562 bonis
2225 2507 2486 2579 operibus
2530 2514 2727 2575 certet,
2776 2513 2841 2562 ut
2888 2508 2960 2562 ad
3005 2509 3180 2564 vitam
3224 2515 3493 2564 aeternam
3535 2526 3638 2582 per

2035 2597 2136 2650 Dei
2161 2597 2402 2666 gratiam
2441 2597 2646 2664 veniat,
2677 2597 2889 2652 frustra
2917 2603 2975 2652 et
3003 2597 3285 2653 incassum
3319 2597 3554 2664 laboret,
3585 2599 3633 2654 si

2034 2703 2146 2740 non
2169 2692 2256 2740 est
2282 2685 2713 2758 praedestinatus
2739 2687 2812 2741 ad
2833 2687 3026 2750 vitam,
3059 2687 3219 2758 quasi
3243 2687 3395 2742 Deus
3414 2687 3633 2759 praede-

2034 2775 2338 2830 stinatione
2366 2791 2470 2829 sua
2495 2781 2662 2846 cogat
2703 2774 2986 2830 hominem
3023 2776 3277 2841 interire,
3311 2775 3407 2848 qui
3435 2782 3634 2832 auctor

2033 2869 2120 2918 est
2138 2864 2337 2918 salutis
2357 2869 2580 2930 nostrae,
2605 2881 2716 2919 non
2739 2864 3088 2936 perditionis.
3112 2865 3184 2920 Et
3194 2866 3318 2936 jam
3338 2864 3470 2919 hinc
3489 2866 3632 2921 mul-

2032 2958 2120 3006 tos
2137 2953 2197 3006 in
2226 2953 2675 3024 desperationem
2706 2953 2914 3008 suimet
2941 2954 3058 3008 haec
3077 2959 3232 3008 secta
3249 2953 3526 3025 perduxit,
3542 2953 3633 3010 ita

2031 3046 2097 3094 ut
2123 3041 2348 3096 dicant:
2381 3041 2525 3105 Quid
2555 3041 2694 3096 mihi
2734 3058 2962 3097 necesse
3003 3048 3092 3097 est
3132 3058 3234 3114 pro
3282 3043 3466 3098 salute
3500 3059 3630 3098 mea

2031 3135 2090 3184 et
2115 3129 2230 3184 vita
2256 3135 2467 3185 aeterna
2495 3130 2796 3186 laborare?
2834 3131 2967 3203 quia
2997 3131 3043 3185 si
3081 3131 3292 3186 bonum
3335 3131 3538 3200 facem,
3569 3137 3629 3188 et

2024 3219 2454 3290 praedestinatus
2473 3219 2544 3274 ad
2561 3219 2736 3274 vitam
2754 3237 2867 3275 non
2886 3237 3032 3286 sum,
3056 3220 3200 3274 nihil
3217 3219 3358 3274 mihi
3375 3219 3623 3292 prodest;

2025 3307 2072 3361 si
2101 3313 2292 3362 autem
2319 3309 2532 3362 malum
2561 3325 2749 3380 egero,
2780 3309 2921 3364 nihil
2951 3309 3090 3364 mihi
3115 3309 3293 3376 obest,
3326 3309 3460 3380 quia
3487 3325 3627 3381 pra;-

2023 3395 2326 3457 destinatio
2363 3397 2464 3452 Dei
2504 3414 2594 3451 me
2627 3397 2762 3452 facit
2799 3398 2870 3452 ad
2904 3398 3079 3454 vitam
3122 3404 3390 3453 aeternam
3426 3413 3624 3469 perve-

2023 3485 2164 3539 nire.
2197 3487 2330 3540 Haec
2343 3486 2573 3540 traditio
2593 3486 2786 3540 multis
2804 3485 2862 3539 in
2880 3485 3002 3540 istis
3022 3485 3277 3556 partibus
3294 3486 3621 3541 scandalum

2023 3579 2126 3640 est,
2160 3580 2218 3627 et
2242 3574 2701 3645 praedicatoribus
2727 3573 3008 3644 Evangelii
3027 3573 3282 3629 homines
3299 3573 3623 3630 inobedien-

2020 3668 2108 3717 tes
2125 3663 2276 3726 facit,
2301 3663 2433 3732 quia
2441 3664 2562 3733 jam
2580 3663 2948 3734 desperantes
2957 3663 3027 3717 de
3046 3662 3363 3735 semetipsis
3381 3679 3478 3718 eos
3496 3663 3621 3719 red-

2021 3751 2182 3806 didit.
2205 3751 2423 3806 Dicitur
2441 3751 2588 3806 enim
2611 3751 2731 3823 ipse
2755 3751 2951 3806 doctor
2967 3755 3153 3806 vester
3170 3753 3352 3808 multa
3369 3752 3620 3808 testimo-

2018 3840 2118 3895 nia
2143 3840 2482 3912 excerpsisse
2504 3840 2574 3895 de
2596 3840 2878 3912 opusculis
2905 3839 3216 3895 beatissimi
3234 3847 3294 3896 et
3311 3840 3621 3896 doctissimi

2020 3929 2204 3984 Patris
2222 3930 2541 4000 Augustini,
2566 3928 2768 4001 quibus
2791 3929 2993 3984 nititur
3011 3946 3171 3984 suam
3187 3928 3526 3984 sententiam
3539 3929 3620 3984 af-

2021 4020 2266 4084 firmare,
2299 4035 2426 4074 cum
2455 4024 2802 4074 memoratus
2840 4019 3010 4074 Pater
3045 4023 3104 4074 et
3145 4018 3342 4074 doctor
3381 4017 3618 4074 catholi-

2019 4124 2137 4174 cus,
2171 4113 2368 4162 contra
2391 4108 2723 4178 Pelagianos
2751 4107 3019 4175 scribens,
3041 4108 3138 4180 qui
3155 4108 3355 4180 gratim
3371 4107 3474 4163 Dei
3491 4122 3621 4162 con-

2021 4195 2180 4252 trarii
2209 4195 2603 4268 praedicatores
2629 4195 2876 4264 fuerunt,
2910 4197 3170 4252 defensor
3195 4197 3449 4268 ejusdem
3485 4213 3620 4268 gra-

2021 4285 2132 4352 tiae,
2164 4301 2275 4340 non
2307 4286 2625 4341 destructor
2645 4291 2809 4342 rectae
2838 4286 2970 4341 ﬁdei
2995 4286 3185 4341 fuerit.
3207 4287 3353 4341 Nam
3381 4286 3454 4340 ad
3478 4286 3618 4340 Pro-

2025 4391 2252 4446 sperum
2281 4381 2340 4444 et
2367 4375 2646 4430 Hilarium
2667 4374 2932 4442 scribens,
2959 4375 3152 4430 taliter
3173 4375 3244 4429 de
3260 4373 3620 4445 prmdestina-

1957 4461 2006 4520 D
2023 4463 2176 4520 tione
2189 4471 2246 4518 et
2254 4463 2604 4536 praescientia
2619 4463 2919 4530 disserens,
2935 4463 3019 4517 ait
3040 4465 3134 4529 (De
3145 4464 3397 4517 Pradest.
3416 4467 3591 4518 sanat.
3602 4505 3617 4528 ,

2023 4570 2072 4606 c.
2103 4553 2193 4621 10)
2228 4571 2238 4606 :
2278 4571 2304 4605 «
2341 4551 2764 4607 Prmdestinatio
2807 4557 2911 4618 est,
2953 4567 3077 4622 quae
3110 4550 3233 4605 sine
3273 4551 3620 4623 praescientia

2028 4658 2141 4696 non
2170 4646 2358 4714 potest
2374 4657 2497 4695 esse
2524 4658 2536 4694 :
2560 4646 2747 4712 potest
2764 4645 2954 4696 autem
2973 4657 3096 4695 esse
3122 4639 3244 4694 sine
3263 4639 3624 4712 praedestina-

2027 4731 2182 4784 tione
2211 4729 2581 4800 prmscientia.
2614 4729 3112 4784 Praedestinatione
3141 4729 3349 4801 quippe
3377 4730 3529 4785 Deus
3557 4745 3628 4785 ea

2030 4819 2306 4890 praescivit
2342 4835 2466 4890 quae
2487 4817 2672 4872 fuerat
2698 4818 2818 4890 ipse
2862 4818 3150 4886 facturus;
3191 4819 3342 4874 unde
3373 4819 3578 4874 dicitur
3607 4835 3620 4872 :

2035 4927 2063 4958 α
2095 4908 2248 4962 Fecit
2283 4923 2408 4978 quia
2445 4907 2637 4962 futura
2675 4913 2843 4972 sunt;
2877 4926 2905 4960 »
2938 4907 3193 4978 praescire
3223 4913 3416 4964 autem
3443 4911 3631 4979 potest

2031 4997 2204 5051 etiam
2251 5013 2374 5068 quae
2403 4997 2524 5067 ipse
2560 5013 2672 5052 non
2714 4995 2866 5062 facit,
2905 4996 3050 5052 sicut
3076 5013 3310 5068 quaeque
3349 5001 3580 5068 peccata
3611 5015 3624 5050 :

2031 5087 2164 5156 quia
2184 5086 2291 5140 etsi
2309 5090 2442 5140 sunt
2455 5085 2712 5156 quaedam
2733 5101 2858 5156 quas
2875 5085 2957 5139 ita
2972 5090 3200 5156 peccata
3217 5091 3352 5140 sunt
3369 5090 3437 5140 ut
3453 5101 3630 5158 paenae

2033 5175 2150 5230 sint
2169 5175 2339 5230 etiam
2361 5180 2421 5229 et
2437 5179 2822 5246 peccatorum;
2846 5175 2995 5229 unde
3023 5173 3238 5229 dictum
3268 5180 3354 5229 est
3385 5192 3397 5228 :
3433 5192 3462 5228 α
3491 5175 3632 5230 Tra-

2038 5281 2064 5316 α
2092 5265 2236 5319 didit
2258 5265 2384 5319 illos
2412 5265 2562 5318 Deus
2586 5263 2645 5318 in
2675 5262 2973 5335 reprobam
3001 5267 3270 5329 mentem,
3315 5268 3382 5318 ut
3425 5262 3636 5318 faciant

2041 5372 2068 5406 α
2098 5370 2165 5408 ea
2183 5371 2305 5425 quae
2326 5370 2438 5408 non
2455 5353 2797 5408 conveniunt
2817 5353 2988 5420 (Rom.
3012 5369 3048 5418 ι,
3063 5350 3212 5421 28),ι
3227 5367 3341 5406 non
3358 5350 3437 5406 ibi
3447 5367 3637 5423 pecca-

2037 5448 2160 5497 tum
2177 5442 2278 5496 Dei
2309 5449 2412 5508 est,
2453 5442 2552 5498 sed
2579 5441 2874 5512 judicium.
2910 5440 3181 5506 Quocirca
3217 5440 3638 5514 prtedestinatio

2036 5531 2158 5598 Dei,
2193 5548 2314 5602 quae
2343 5532 2403 5586 in
2428 5531 2573 5586 bono
2603 5536 2708 5598 est,
2727 5531 2924 5600 gratiae
2943 5536 3030 5586 est
3057 5529 3412 5602 praeparatio.
3441 5529 3638 5586 Gratia

2037 5638 2167 5678 vero
2197 5627 2283 5678 est
2307 5621 2484 5694 ipsius
2511 5619 3020 5693 pmdestinationis
3036 5621 3272 5683 allectus
3305 5638 3328 5672 ι
3359 5619 3465 5686 Cui
3482 5617 3636 5677 Patri
