4018 6168
485 331 622 396 1555

1077 335 1142 391 Β.
1493 330 1726 390 MAURI
1761 330 2102 390 ARCHIIP.
2139 329 2465 390 MOGUNT.
2506 333 2804 396 OPERUM
2841 334 3026 390 PARS
3061 334 3156 391 IIl.

3570 337 3677 397 1556

482 459 724 518 assentit
747 463 977 516 sanctus
1003 459 1402 530 Hieronymus,
1424 456 1484 512 in
1513 455 1816 512 Ezechielis
1833 460 2079 512 tractatu
2100 459 2147 519 Α
2165 458 2238 512 ad
2256 459 2362 514 hoc
2387 465 2611 516 creetur
2637 476 2672 516 a
2700 461 2835 526 Deo,
2868 466 2936 516 ut
2961 475 3075 515 non
3093 460 3208 527 Dei,
3227 462 3318 516 sed
3345 459 3526 518 diaboli
3547 463 3681 520 faciat

484 550 641 606 illam
658 549 995 606 sententiam
1009 563 1309 620 exponens,
1325 561 1438 618 qua
1456 545 1728 602 Dominus
1746 545 1818 600 ad
1840 546 2084 618 prophe-

482 643 602 694 tam
631 637 714 694 ait
743 655 756 690 :
791 654 818 690 ι
850 637 1105 708 Loquere
1135 641 1194 691 et
1229 635 1320 690 dic
1347 634 1531 690 adeos
1559 652 1570 687 :
1599 635 1734 690 Haec
1745 633 1881 689 dicit
1898 634 2084 690 Domi-

486 745 514 782 α
546 744 655 784 nus
671 727 842 795 Deus,
866 725 914 780 si
936 725 1081 781 forte
1097 725 1185 780 vel
1205 723 1312 798 ipsi
1331 723 1583 792 audiant,
1605 728 1666 778 et
1685 722 1734 778 si
1749 723 1893 779 forte
1921 723 2081 795 quie-

488 837 514 871 ι
547 821 727 884 scant,
754 816 1020 888 quoniam
1045 815 1246 870 domus
1265 829 1602 886 exasperans
1631 819 1736 869 est.
1759 833 1786 867 ιι
1809 813 2084 886 Loquitur

482 911 675 962 autem
701 905 819 960 hinc
846 905 998 960 Deus
1019 901 1358 974 ambigentis
1377 901 1598 969 affectu,
1628 908 1694 958 ut
1712 901 1950 957 liberum
1978 902 2082 957 ho-

481 992 652 1049 minis
670 997 948 1048 monstret
966 991 1283 1060 arbitrium,
1306 1007 1378 1047 ne
1396 991 1748 1062 praescientia
1765 991 2083 1046 futurorum

483 1082 620 1138 mali
645 1082 735 1138 vel
761 1081 895 1138 boni
923 1081 1278 1137 immutabile
1323 1079 1496 1136 faciat
1541 1081 1690 1152 quod
1733 1081 1884 1136 Deus
1927 1079 2083 1136 futu-

482 1186 611 1226 rum
639 1169 873 1226 noverit.
907 1171 1034 1226 Non
1063 1169 1214 1225 enim
1245 1168 1376 1242 quia
1406 1169 1508 1224 illa
1523 1175 1762 1225 ventura
1779 1169 2078 1240 cognoscit,

2162 547 2530 604 voluntatem.
2566 550 2836 605 Insanum
2869 549 3117 616 omnino,
3158 556 3215 604 et
3251 554 3432 606 contra
3458 552 3680 608 rationem

2163 640 2268 704 est,
2312 637 2498 692 dicere
2547 638 2892 694 voluntatem
2935 637 3038 692 Dei
3081 655 3145 692 ex
3187 637 3284 693 Dei
3317 639 3566 696 voluntate
3595 657 3682 698 non

2163 725 2307 792 ﬁeri,
2337 732 2396 780 et
2421 727 2620 792 Deum,
2657 727 3046 782 damnatorem
3076 725 3276 781 diaboli
3303 728 3510 800 ejusque
3542 729 3682 786 fama-

2162 813 2366 880 lorum,
2415 815 2558 871 velle
2598 820 2664 870 ut
2689 813 2911 870 diabolo
2949 815 3240 870 serviatur.
3284 815 3384 870 Sed
3418 816 3508 871 hoc
3539 819 3685 873 catho-

2165 902 2286 958 licis
2313 903 2604 975 Pelagiani
2633 909 3042 977 consequenter
3070 921 3130 959 se
3151 903 3380 976 objicere
3403 906 3679 972 existimant,

2165 991 2261 1064 qui
2280 992 2416 1048 Adae
2443 980 2733 1065 peccatum
2765 993 3060 1049 transiisse
3090 993 3146 1048 in
3175 1009 3360 1048 omnes
3385 993 3647 1050 difﬁtentur
3670 1014 3681 1050 :

2165 1081 2432 1153 quoniam
2453 1081 2501 1136 si
2525 1082 2768 1154 primam
2788 1081 3140 1137 nativitatem
3161 1081 3434 1153 originalis
3449 1084 3584 1154 culpa
3598 1100 3684 1140 non

2163 1169 2392 1242 obliget,
2435 1187 2550 1226 non
2593 1170 2708 1226 sint
2748 1170 2972 1226 obnoxii
3008 1169 3231 1226 diabolo
3263 1171 3479 1242 parvuli,
3513 1188 3596 1227 nec
3621 1173 3686 1228 in-

481 1275 710 1314 necesse
727 1263 816 1315 est
832 1275 934 1314 nos
952 1257 1138 1314 facere
1171 1257 1320 1331 quod
1346 1257 1442 1312 ille
1469 1256 1764 1330 praescivit,
1795 1256 1894 1312 sed
1933 1257 2082 1328 quod

482 1364 586 1403 nos
607 1347 836 1421 propria
861 1348 1152 1403 voluntate
1179 1363 1376 1403 sumus
1401 1345 1626 1412 facturi,
1658 1345 1779 1418 ipse
1812 1344 1968 1400 novit
1993 1344 2082 1400 fu-

2163 1257 2396 1330 digeant
2413 1259 2536 1314 erui
2554 1259 2626 1315 de
2653 1264 2933 1332 potestate
2951 1259 3330 1326 tenebrarum,
3352 1259 3438 1331 qui
3458 1277 3684 1332 nunquam

2165 1363 2200 1402 a
2217 1364 2320 1402 suo
2343 1353 2572 1404 auctore
2601 1349 2980 1404 discesserint.
3006 1349 3121 1404 Nos
3147 1353 3350 1414 autem,
3369 1349 3455 1420 qui
3472 1365 3626 1404 omnes
3642 1350 3684 1404 in

482 1442 674 1492 turum
706 1436 867 1509 quasi
889 1437 1058 1492 Deus.
1087 1435 1329 1508 Scripsit
1348 1451 1571 1507 quoque
1590 1434 1888 1506 praedictus
1916 1435 2086 1490 Pater
2163 1437 2344 1492 Adam
2373 1437 2606 1510 periisse
2643 1439 2977 1510 proﬁtemur
3015 1437 3191 1506 (venit
3219 1437 3360 1492 enim
3397 1436 3545 1492 Filius
3579 1455 3688 1510 qua-

481 1525 832 1597 Augustinus
856 1525 1028 1580 libros
1055 1525 1198 1580 duos
1225 1525 1294 1578 de
1330 1523 1832 1579 Praedestinatione
1859 1527 2084 1579 sancto-
2165 1541 2292 1581 rere
2333 1532 2392 1581 et
2432 1527 2648 1581 salvare
2697 1527 2849 1598 quod
2887 1525 3176 1598 perierat),
3223 1543 3323 1584 nec
3358 1526 3563 1586 dicimus
3595 1525 3688 1580 ideo

481 1629 630 1682 rum,
659 1614 718 1669 in
745 1612 951 1686 quibus
985 1617 1170 1668 totum
1209 1612 1357 1694 quod
1399 1611 1687 1668 confertur
1725 1612 1940 1668 homini
1984 1611 2085 1666 bo-
2166 1614 2344 1670 creari
2377 1631 2718 1688 quemquam
2749 1615 3036 1670 hominem
3063 1619 3132 1671 ut
3155 1613 3355 1669 diaboli
3379 1613 3530 1670 faciat
3545 1613 3690 1670 volun-

480 1719 640 1772 num,
681 1719 749 1758 ex
792 1701 978 1774 gratia
1014 1701 1118 1757 Dei
1157 1700 1299 1768 fieri,
1346 1717 1461 1756 non
1501 1717 1568 1756 ex
1617 1701 1864 1756 hominis
1909 1700 2086 1756 libero
2165 1708 2363 1771 tatem,
2398 1708 2456 1759 et
2485 1703 2843 1775 agnoscimus
2863 1720 3090 1758 omnem
3111 1703 3389 1758 hominem
3415 1719 3514 1759 non
3527 1703 3694 1758 redem-

481 1791 734 1858 arbitrio,
765 1807 834 1846 ex
861 1789 1158 1846 sententiis
1195 1793 1518 1844 sanctarum
1553 1788 1976 1862 Scripturarum
2002 1777 2150 1844 sapB
2165 1797 2327 1864 ptum
2357 1793 2580 1849 diabolo
2608 1810 2732 1850 esse
2758 1794 3060 1867 captivum.
3084 1793 3460 1850 vaaricatio
3476 1792 3600 1848 enim
3619 1793 3694 1847 bo-

483 1879 831 1953 pientissime
859 1878 1124 1935 ostendit.
1147 1877 1258 1933 Sed
1282 1878 1514 1933 fuerunt
1531 1877 1706 1951 aliqui
1731 1877 1827 1950 qui
1857 1882 1959 1933 aut
1974 1894 2088 1934 non
2167 1879 2336 1936 minis
2363 1880 2646 1954 dispositae
2685 1899 2722 1938 a
2768 1881 2985 1938 saeculis
3020 1882 3320 1938 creationis
3357 1881 3578 1936 ordinem
3601 1886 3693 1935 tur-

483 1967 868 2040 intelligendo,
909 1963 1012 2023 aut
1038 1965 1279 2038 intelligi
1308 1983 1376 2022 ea
1403 1966 1644 2022 nolendo
1673 1983 1798 2038 quae
1828 1965 1905 2021 ibi
1934 1971 2086 2022 recte
2167 1968 2303 2025 bare
2331 1986 2446 2025 non
2473 1970 2664 2042 potuit
2695 1989 2708 2026 :
2740 1976 2798 2026 et
2821 1970 3025 2026 merito
3052 1978 3314 2027 creatura
3351 1968 3594 2043 peccatrix
3613 1985 3696 2042 pm-

483 2057 694 2131 scripta
719 2061 871 2124 sunt,
904 2055 964 2112 in
988 2071 1225 2130 pravum
1250 2071 1479 2112 sensum
1507 2055 1786 2111 abducere
1810 2054 2086 2111 conaban-
2165 2059 2352 2114 nalem
2379 2057 2823 2116 dominationem
2852 2059 3006 2116 illius
3032 2059 3268 2132 patitur,
3299 2059 3385 2114 cui
3409 2058 3577 2114 relicto
3598 2073 3697 2110 vero

421 2147 424 2152 ’
481 2154 595 2205 tur.
629 2147 841 2202 Contra
866 2161 1007 2218 quos
1030 2143 1228 2200 beatus
1254 2145 1516 2216 Prosper,
1546 2143 1644 2216 qui
1663 2145 1787 2216 ejus
1814 2144 2084 2200 doctrinm
2165 2147 2406 2204 Domino
2442 2153 2644 2222 sponte
2679 2165 2740 2204 se
2782 2148 3051 2204 vendidit.
3078 2168 3106 2202 υ
3152 2149 3364 2220 (Object.
3395 2145 3443 2214 7,
3471 2146 3518 2213 8,
3543 2144 3695 2212 9,10.)

483 2235 666 2292 ﬁdelis
701 2239 994 2290 exsecutor
1019 2233 1146 2300 fuit,
1190 2233 1549 2290 rescribendo
1578 2232 1885 2289 fortissime
1917 2232 2083 2290 resti-
2170 2255 2196 2289 α
2229 2238 2358 2294 Haec
2377 2237 2586 2310 quippe
2603 2237 2843 2294 servitus
2860 2253 2976 2294 non
2991 2237 3276 2292 institutio
3295 2241 3379 2290 est
3403 2234 3510 2301 Dei,
3530 2233 3611 2288 sed
3627 2233 3698 2304 ju-

485 2324 573 2392 tit,
619 2329 791 2396 atque
845 2322 1083 2379 convicit
1129 2322 1198 2378 de
1249 2321 1516 2396 praedicto
1559 2322 1832 2394 magistro
1878 2327 2084 2378 sancta
2164 2323 2394 2380 dicium.
2437 2323 2546 2390 Qui
2588 2330 2780 2380 autem
2811 2324 3010 2380 dicunt
3043 2325 3197 2397 quod
3242 2325 3358 2380 haec
3395 2323 3466 2378 sit
3499 2321 3702 2377 voluntas

485 2412 740 2470 Ecclesiae
767 2429 882 2468 non
912 2417 1062 2468 recte
1101 2428 1198 2467 eos
1225 2411 1484 2466 sensisse.
1518 2410 1757 2483 Scripsit
1783 2411 1934 2466 enim
1971 2427 2087 2466 me-
2168 2413 2272 2470 Dei
2298 2419 2364 2468 ut
2391 2429 2598 2485 magna
2625 2431 2756 2487 pars
2783 2413 3238 2471 Christianorum
3259 2414 3408 2469 salva
3419 2429 3525 2468 esse
3541 2427 3623 2467 nec
3637 2427 3703 2464 ve-

482 2507 738 2559 moratus
764 2501 867 2568 vir,
893 2503 1090 2556 beatus
1109 2499 1320 2555 scilicet
1337 2500 1598 2572 Prosper,
1623 2499 1696 2554 ad
1724 2499 1992 2556 Ruﬁnum
2018 2501 2090 2556 de
2169 2501 2254 2570 lit,
2282 2519 2386 2557 nec
2409 2503 2604 2574 possit,
2635 2509 2738 2559 aut
2761 2503 2960 2558 dicunt
2987 2503 3139 2576 quod
3155 2505 3304 2559 Deus
3331 2501 3463 2558 nolit
3477 2506 3534 2557 ut
3553 2515 3704 2554 omnes

481 2589 668 2662 gratia
690 2593 750 2645 et
777 2587 957 2644 libero
985 2587 1220 2644 arbitrio
1246 2587 1508 2660 :scripsit
1524 2592 1722 2642 contra
1739 2587 1986 2660 capitula
2001 2603 2092 2642 ca-
2169 2585 2430 2642 catholici
2457 2587 2518 2642 in
2549 2587 2661 2642 fide
2689 2586 2963 2643 catholica
3000 2592 3376 2660 perseverent,
3413 2585 3502 2641 sed
3530 2583 3641 2638 velit
3657 2590 3706 2637 ut

482 2677 889 2734 lumniatorum
919 2677 1213 2733 Gallorum
1241 2677 1312 2732 de
1342 2676 1865 2749 priedestinatione;
1897 2674 2117 2760 similia

483 2773 573 2823 ter
616 2772 676 2823 et
717 2771 916 2822 contra
961 2765 1210 2838 capitula
1255 2765 1637 2837 objectionum
1687 2765 2088 2820 Vincentiana-

485 2871 614 2912 rum
642 2855 714 2910 de
742 2855 940 2910 eadem
969 2853 1484 2926 praedestinatione,
1529 2869 1749 2909 necnon
1785 2853 1858 2908 ad
1898 2869 2089 2909 excer-

485 2951 586 3019 pta
608 2961 731 3018 quae
758 2960 827 2999 ex
855 2943 1140 2999 Genuensi
1167 2943 1394 2999 civitate
1421 2942 1475 2998 ei
1500 2949 1636 2999 sunt
1659 2943 1835 2998 missa
1854 2943 1924 2999 de
1953 2959 2093 3015 prie-

486 3031 860 3088 destinatione
887 3019 1393 3104 congruentissime
1437 3031 1745 3103 respondit.
1793 3031 1860 3086 In
1889 3031 2093 3104 quibus

2172 2691 2381 2747 magna
2405 2675 2606 2731 exinde
2633 2693 2764 2749 pars
2787 2681 3089 2748 apostatet,
3123 2681 3228 2732 aut
3255 2693 3290 2731 a
3311 2673 3592 2730 sanctitatis
3613 2687 3707 2744 pm-

2173 2764 2356 2836 posito
2383 2770 2530 2831 ruat,
2564 2771 2664 2820 aut
2691 2765 2840 2836 quod
2876 2765 3162 2820 adulteria
3211 2771 3270 2819 et
3302 2762 3595 2834 corruptelae
3621 2760 3707 2815 vir-

2168 2853 2364 2924 ginum
2394 2870 2571 2909 sacrm
2583 2870 2681 2910 um
2709 2853 2836 2909 ideo
2857 2855 3210 2924 contingant,
3237 2854 3366 2926 quia
3385 2853 3498 2906 illas
3519 2852 3641 2906 Deus
3656 2847 3710 2902 ad

2171 2943 2277 2998 hoc
2332 2941 2748 3015 praedestinavit
2795 2949 2864 2998 aut
2927 2943 3216 3010 caderent,
3283 2942 3444 2998 nimis
3505 2954 3710 3012 perverse

2171 3031 2442 3100 sentiunt,
2475 3037 2535 3086 et
2561 3032 2821 3104 nequiter
2854 3033 2958 3087 hoc
3003 3031 3222 3088 dicunt.
3264 3031 3405 3097 Quia
3440 3026 3712 3084 detestanda

487 3120 747 3178 omnibus
772 3121 949 3177 lector
975 3119 1158 3176 ﬁdelis
1185 3123 1372 3192 potest
1398 3119 1638 3192 probare
1681 3135 1812 3174 eum
1850 3120 2092 3176 sensisse
2107 3107 2152 3168 Β
2173 3127 2232 3178 et
2259 3121 2641 3176 abominanda
2667 3121 2856 3193 opinio
2911 3126 3017 3187 est,
3061 3136 3186 3192 quae
3232 3120 3407 3176 Deum
3441 3119 3714 3190 cujusquam

487 3210 560 3266 de
584 3209 1079 3284 prmdestinatione
1103 3209 1226 3276 Dei,
1270 3209 1344 3264 ad
1380 3208 1622 3264 salutem
1663 3209 1898 3264 humani
1926 3225 2095 3281 gene-

487 3300 586 3368 ris,
617 3315 732 3356 non
759 3299 834 3355 ad
860 3297 1281 3354 damnationem
1312 3297 1455 3354 ﬁeri.
1478 3297 1640 3355 Unde
1667 3313 1818 3353 nunc
1847 3315 1912 3354 ex
1931 3297 2094 3354 dictis

489 3388 789 3445 memorati
815 3387 921 3444 viri
946 3387 1135 3460 aliqua
1163 3403 1460 3460 excerpere
1490 3386 1652 3442 nobis
1690 3387 1920 3460 placuit,
1952 3394 2012 3444 et
2036 3387 2095 3444 in

489 3479 635 3534 hanc
672 3477 966 3552 epistolam
1005 3493 1234 3550 ponere,
1281 3475 1485 3549 quibus
1528 3475 1934 3548 objectionibus
1966 3477 2098 3532 Vin-

489 3566 764 3624 centianis
783 3567 866 3622 ita
881 3566 1173 3640 respondit
1184 3565 1376 3622 dicens
1389 3567 1410 3634 (
1423 3567 1802 3624 Vincentiumo
1809 3567 1964 3636 bjsct.
1984 3565 2006 3624 1
2025 3565 2091 3638 l):

494 3674 523 3710 α
553 3655 846 3723 Quomodo
875 3671 1072 3712 verum
1097 3653 1378 3711 constabit
1413 3655 1564 3726 quod
1600 3654 1751 3710 Deus
1796 3653 1940 3710 nolit
1981 3671 2098 3710 om-

491 3761 593 3801 nes
623 3745 860 3812 salvare,
881 3744 988 3800 etsi
1011 3760 1208 3799 omnes
1235 3742 1440 3798 salvari
1468 3743 1661 3810 velint,
1702 3759 1830 3808 cum
1876 3744 2098 3800 Veritas

492 3833 643 3890 dicat
675 3853 686 3888 :
723 3854 747 3886 ι
783 3833 844 3890 Si
884 3849 1002 3902 vos,
1041 3849 1170 3889 cum
1211 3831 1338 3888 sitis
1372 3831 1530 3899 mali,
1567 3831 1745 3888 nostis
1783 3831 1933 3887 bona
1965 3833 2101 3888 data

499 3941 528 3976 ι
553 3923 691 3980 dare
717 3922 850 3980 ﬁliis
875 3921 1096 3990 vestris,
1129 3928 1341 3994 quanto
1371 3919 1554 3992 magis
1580 3921 1752 3977 Pater
1774 3927 1961 3978 vester
1983 3937 2098 3977 C(8-

499 4031 522 4064 ¢
557 4013 714 4069 lestis
730 4011 889 4068 dabit
899 4011 1051 4068 bona
1065 4008 1388 4082 petentibus
1401 4025 1465 4064 se
1484 4008 1509 4062 ?
1539 4028 1562 4061 ι
1587 4009 1840 4075 Qualiter
1853 4009 1978 4066 ﬁeri
2004 4027 2100 4083 po-

494 4105 608 4157 test
633 4105 700 4158 ut
725 4101 894 4167 Deus,
931 4099 1028 4172 qui
1059 4099 1232 4154 etiam
1267 4097 1395 4154 illos
1422 4097 1603 4154 salvat
1639 4099 1711 4154 de
1746 4097 1951 4172 quibus
1987 4099 2100 4156 dici

497 4206 610 4245 non
628 4193 816 4262 potest
830 4189 980 4260 quod
998 4187 1204 4244 salvari
1224 4187 1416 4254 velint,
1449 4187 1592 4243 nolit
1613 4187 1834 4260 aliquos
1861 4188 2096 4254 salvare,

2161 3570 2170 3577 ο

2174 3211 2337 3266 malae
2388 3209 2692 3266 voluntatis
2737 3216 2838 3265 aut
2883 3210 3046 3265 male
3093 3209 3332 3264 actionis
3371 3206 3536 3263 credit
3572 3209 3716 3259 ando-

2174 3316 2316 3366 rem,
2344 3300 2506 3371 cujus
2532 3298 2950 3371 praedestinatio
2960 3315 3257 3370 nunquam
3277 3301 3430 3352 extra
3445 3294 3714 3356 bonitatem,

2177 3405 2469 3460 nunquam
2511 3393 2670 3443 extra
2693 3387 2974 3459 justitiam
3014 3391 3119 3442 est.
3162 3387 3442 3443 Universae
3481 3384 3612 3438 enim
3643 3381 3717 3434 via

2177 3477 2404 3534 Domini
2429 3476 2814 3532 misericordia
2841 3483 2898 3532 et
2927 3476 3148 3531 veritas.
3171 3475 3462 3530 Adulter-ia
3479 3472 3612 3528 enim
3633 3484 3720 3524 ma-

2178 3567 2419 3624 ritarum
2446 3573 2504 3622 et
2524 3565 2871 3636 corruptelas
2893 3564 3170 3635 virginum
3187 3579 3302 3618 non
3321 3558 3720 3618 instituerenovit

2177 3672 2246 3712 ea
2303 3654 2596 3720 Divinitas,
2652 3653 2751 3708 sed
2803 3653 3096 3719 damnare,
3156 3670 3264 3708 nec
3315 3651 3604 3724 disponere,
3645 3643 3720 3700 sed

2178 3743 2399 3817 punire.
2449 3743 2584 3810 Quae
2633 3743 2784 3798 mala
2827 3742 3084 3798 homines
3120 3758 3253 3797 cum
3296 3739 3596 3803 admittunt,
3636 3735 3726 3790 suis

2179 3833 2646 3908 concupiscentiis
2689 3838 2747 3887 et
2779 3831 3179 3906 cupiditatibus
3219 3830 3482 3894 serviunt,
3522 3841 3640 3898 quas
3668 3819 3721 3876 ab

2179 3923 2276 3978 illa
2285 3922 2470 3996 prima
2477 3921 2804 3978 voluntariae
2815 3920 3292 3993 praevaricationis
3303 3919 3424 3974 labe
3433 3916 3723 3974 tinxerunt.-

2180 4011 2292 4068 Sed
2323 4011 2478 4067 nullo
2504 4011 2672 4066 modo
2701 4010 3042 4066 credendum
3065 4014 3151 4065 est
3178 4007 3497 4080 huiusmodi
3524 4001 3728 4060 homines

2179 4099 2238 4156 in
2267 4099 2414 4156 hanc
2434 4098 2884 4172 desperationem
2913 4113 2980 4153 ex
3030 4097 3132 4152 Dei
3175 4097 3461 4152 voluntate
3497 4089 3727 4148 cecidisse.

2181 4205 2312 4246 cum
2332 4187 2520 4262 potius
2548 4188 2750 4242 allevat
2769 4186 3042 4242 Dominus
3069 4202 3268 4240 omnes
3295 4184 3389 4256 qui
3413 4183 3668 4241 corruunt,
3685 4180 3728 4228 et

497 4277 724 4334 etiamsi
770 4275 975 4333 salvari
1018 4276 1210 4344 velint,
1247 4275 1358 4332 nisi
1393 4275 1596 4348 aliqua:
1641 4292 1824 4332 causa;
1861 4277 2105 4333 existant
2183 4279 2376 4349 erigat
2390 4293 2588 4333 omnes
2603 4276 2788 4330 elisos.
2805 4276 2982 4330 Nemo
3001 4273 3150 4330 enim
3174 4274 3285 4329 nisi
3307 4273 3453 4328 illius
3468 4267 3630 4342 gratia
3647 4269 3729 4320 sta-

497 4368 568 4424 de
596 4365 818 4440 quibus,
851 4365 1110 4439 quamvis
1135 4365 1252 4422 sint
1277 4365 1441 4422 nobis
1466 4364 1950 4437 incognoscibiles,
1981 4366 2104 4438 ipse

2185 4367 2399 4422 bilitur.
2432 4365 2534 4422 Dei
2564 4382 2698 4436 ergo
2731 4366 2988 4420 voluntas
3018 4369 3106 4419 est
3125 4369 3192 4418 ut
3227 4364 3288 4418 in
3331 4363 3472 4416 bona
3495 4358 3729 4413 voluntate

495 4461 687 4514 tamen
709 4455 928 4528 judicat
955 4455 1115 4524 bene,
1155 4455 1227 4512 de
1263 4471 1374 4528 quo
1412 4454 1524 4511 dici
1561 4471 1676 4511 non
1713 4461 1902 4528 potest
1937 4455 2470 4527 aliterDmaneant,
2495 4461 2554 4512 et
2574 4455 2902 4528 priusquam
2925 4454 3221 4508 deseratur
3240 4452 3514 4508 neminem
3541 4443 3726 4501 deserit.

497 4563 629 4604 eum
656 4545 963 4617 quidquam
999 4544 1184 4601 facere
1211 4543 1473 4600 debuisse
1503 4561 1674 4617 quam
1715 4543 1911 4600 fecerit
1928 4545 1954 4599 Ἰ
1992 4546 2101 4601 Re-

499 4639 658 4690 mota
680 4650 816 4705 ergo
843 4634 948 4689 hac
970 4632 1309 4689 discretione
1346 4649 1516 4706 quam
1543 4633 1732 4688 divina
1760 4633 1995 4688 scientia
2021 4633 2104 4689 in-

499 4729 590 4778 tra
637 4727 916 4778 secretum
967 4723 1206 4794 justitixe
1247 4739 1363 4778 sum
1414 4722 1683 4788 continet,
1728 4722 2103 4780 sincerissime

499 4812 842 4868 credendum
861 4817 1030 4884 atque
1051 4812 1426 4884 proﬁtendum
1446 4817 1533 4866 est
1548 4811 1729 4866 Deum
1748 4812 1888 4866 velle
1903 4817 1970 4866 ut
1987 4828 2104 4866 om-

500 4916 603 4957 nes
631 4902 890 4958 homines
917 4901 1056 4956 salvi
1093 4902 1250 4956 ﬁant.
1291 4900 1350 4956 Si
1391 4899 1621 4970 quidem
1656 4900 1976 4979 Apostolus,
2011 4917 2105 4955 cu-

495 4993 594 5063 jus
619 4992 731 5047 ista
754 4990 1044 5046 sententia
1069 4995 1176 5057 est,
1206 4987 1605 5044 sollicitissime
1641 4988 1908 5060 praecipit,
1955 4990 2102 5060 quod

499 5090 564 5146 in
593 5080 852 5138 omnibus
877 5079 1137 5136 Ecclesiis
1163 5077 1416 5150 piissime
1444 5081 1503 5132 et
1528 5077 1859 5142 custoditur,
1895 5083 1962 5132 ut
1986 5079 2103 5134 Deo

500 5187 602 5242 pro
619 5171 880 5227 omnibus
901 5167 1222 5226 hominibus
1247 5167 1596 5240 supplicetur
1616 5185 1628 5220 :
1651 5183 1716 5222 ex
1731 5167 1935 5238 quibus
1953 5170 2100 5240 quod

499 5261 665 5316 multi
723 5264 981 5334 pereunt,
1039 5257 1397 5332 pereuntium
1451 5261 1540 5314 est
1589 5255 1892 5323 meritum;
1947 5258 2095 5328 quod

501 5350 666 5406 multi
693 5351 998 5417 salvantur,
1033 5347 1301 5405 salvantis
1330 5352 1419 5402 est
1447 5347 1678 5402 donum.
1704 5345 1778 5400 Ut
1796 5345 1947 5400 enim
1966 5363 2097 5401 reus

499 5439 820 5506 damnetur,
849 5439 1202 5512 inculpabilis
1228 5445 1315 5495 est
1351 5437 1455 5494 Dei
1486 5435 1710 5509 justitia
1750 5454 1761 5488 :
1801 5440 1868 5491 ut
1907 5441 2098 5492 autem

501 5542 634 5584 reus
645 5527 1008 5599 justiﬁcetur,
1033 5527 1332 5586 ineﬁabilis
1352 5526 1455 5584 Dei
1479 5525 1666 5599 gratia
1682 5530 1788 5581 est.
1814 5544 1841 5578 »
1876 5525 2091 5596 (Object.

499 5615 586 5688 4.)
613 5635 634 5668 ι
668 5616 812 5675 ltem
840 5615 1037 5674 dicunt
1055 5617 1207 5690 quod
1242 5616 1428 5688 major
1453 5630 1585 5690 pars
1609 5612 1837 5688 generis
1866 5613 2099 5672 humani

2183 4547 2248 4602 In
2279 4544 2468 4600 libello
2496 4543 2670 4615 igitur
2699 4559 2866 4614 quem
2897 4557 3069 4613 supra
3095 4546 3439 4596 memoratus
3466 4537 3543 4590 vir
3575 4538 3730 4589 contra

2183 4633 2431 4706 capitula
2477 4631 2952 4687 calumniatorum
3003 4629 3294 4684 Gallorum
3338 4625 3566 4698 scripsit,
3605 4623 3730 4694 juxta

2183 4723 2356 4777 finem
2377 4721 2630 4792 ejusdem
2659 4719 2787 4774 libri
2817 4720 2901 4774 ita
2929 4717 3232 4774 subnexuit
3259 4718 3448 4772 dicens
3479 4715 3636 4786 (Sent.
3653 4710 3692 4776 1)
3715 4725 3726 4760 :

2187 4829 2214 4863 α
2241 4810 2505 4881 Quisquis
2526 4809 2701 4880 igitur
2717 4825 2784 4862 ex
2803 4806 3294 4880 praedestinatione
3313 4804 3432 4871 Dei,
3454 4803 3594 4857 velut
3609 4794 3730 4852 fatali

2184 4899 2536 4963 necessitate,
2559 4896 2814 4951 homines
2836 4896 2894 4950 in
2919 4900 3148 4967 peccata
3165 4894 3479 4966 compulsos
3500 4888 3612 4959 cogi
3627 4883 3732 4940 dicit

2183 4987 2243 5043 in
2273 4993 2534 5054 mortem,
2567 5002 2681 5042 non
2708 4992 2792 5040 est
2829 4983 3156 5040 catholicus.
3205 4983 3375 5038 Nullo
3421 4979 3562 5035 enim
3601 4970 3732 5030 modo

2183 5074 2600 5150 prie-destinatio
2625 5074 2728 5129 Dei
2761 5073 3018 5128 homines
3048 5071 3272 5144 iniquos
3311 5069 3458 5134 facit,
3486 5079 3648 5136 neque
3665 5076 3733 5115 cu-

2179 5170 2446 5241 jusquam
2473 5163 2702 5220 omnino
2725 5167 2813 5217 est
2855 5179 3025 5218 causa
3070 5160 3304 5233 peccati.
3351 5179 3374 5210 ι
3419 5158 3553 5212 Item
3591 5150 3727 5241 (Seni.

2177 5237 2232 5328 ᾖ)
2266 5237 2340 5310 τίς
2385 5254 2492 5320 Qui
2533 5253 2670 5308 dicit
2697 5253 2847 5325 quod
2878 5253 2948 5306 ab
2980 5251 3046 5306 iis
3076 5251 3174 5324 qui
3198 5265 3309 5304 non
3340 5251 3470 5302 sunt
3495 5237 3731 5328 praedesti-

2180 5325 2299 5400 nati
2327 5343 2398 5398 ad
2429 5343 2618 5409 vitam,
2651 5359 2764 5396 non
2792 5342 3011 5396 auferat
3035 5343 3298 5412 percepta
3317 5331 3566 5406 baptismi
3580 5325 3729 5402 gratia

2181 5433 2452 5506 originale
2481 5436 2794 5506 peccatum,
2827 5447 2940 5486 non
2977 5435 3066 5485 est
3091 5425 3419 5484 catholicus.
3449 5423 3729 5478 Sacramen-

2180 5527 2304 5579 tum
2333 5521 2484 5578 enim
2502 5519 2876 5594 baptismatis,
2909 5535 3020 5592 quo
3047 5515 3239 5574 omnia
3276 5527 3502 5588 prorsus
3533 5510 3730 5582 penem

2177 5613 2459 5680 delentur,
2481 5609 2652 5668 etiam
2669 5609 2729 5666 in
2757 5608 2839 5666 eis
2865 5610 3062 5665 verum
3088 5613 3180 5664 est
3199 5603 3295 5680 qui
3313 5618 3424 5662 non
3441 5596 3634 5658 suntin
3653 5607 3728 5650 ve-
