4018 6168
385 318 408 372 1
420 316 524 376 557

1829 316 2214 376 ΕΡΙδΤΟΙιΛΕ.

3524 321 3662 378 1558

381 444 552 498 ritate
583 443 857 509 mansuri,
888 447 946 496 et
973 442 1044 496 ob
1075 442 1180 498 hoc
1203 443 1274 497 ad
1302 457 1490 497 veram
1521 443 1694 497 vitam
1715 459 1826 496 non
1855 447 2325 516 suntAparatum
2351 446 2438 497 est
2464 442 2523 496 in
2551 441 2774 496 Christo
2807 457 3044 513 regnum
3076 447 3350 498 aeternum
3379 447 3510 499 ante
3527 459 3661 500 con-

379 528 786 604 praedestinati.
823 551 848 582 »
869 531 1010 586 Item
1036 529 1202 601 (Sent.
1232 529 1284 600 3)
1323 549 1333 584 :
1375 552 1395 582 ι
1422 531 1530 596 Qui
1550 533 1680 586 dicit
1703 532 1851 603 quod
1873 549 1982 586 non

377 620 763 693 praedestinati
799 620 872 674 ad
919 620 1110 686 vitam,
1162 620 1382 674 etiamsi
1427 621 1634 676 fuerint
1664 621 1723 676 in
1762 621 1984 676 Christo

373 725 482 782 per
531 707 873 781 baptismum
915 707 1248 779 rcgenerati,
1294 715 1351 762 et
1401 709 1492 780 pie
1535 715 1591 764 et
1632 693 1784 780 juste
1829 709 1984 762 vixe-

373 797 514 866 rint,
538 797 680 853 nihil
709 798 788 853 eis
819 797 1015 870 prosit,
1047 797 1144 851 sed
1173 797 1370 852 tandiu
1412 805 1768 853 reserventur
1808 798 1984 852 donec

374 893 566 954 ruant,
599 903 704 941 nec
729 893 860 941 ante
890 903 985 941 eos
1014 903 1078 940 ex
1109 887 1214 940 hac
1240 887 1354 939 vita
1381 903 1550 957 quam
1578 888 1682 941 hoc
1724 887 1804 941 eis
1847 903 1980 940 con-

372 975 580 1048 tingat,
613 975 840 1042 auferri,
872 981 1141 1047 tanquam
1176 975 1246 1029 ad
1282 975 1740 1030 constitutionem
1770 977 1870 1030 Dei
1900 981 1983 1030 ta-

372 1064 516 1120 lium
545 1065 839 1122 hominum
869 1064 1033 1119 ruina
1061 1064 1354 1118 referenda
1381 1065 1473 1131 sit,
1497 1081 1608 1119 non
1630 1071 1716 1120 est
1744 1065 1980 1120 catholi-

371 1170 515 1210 cus:
553 1154 688 1227 quia
721 1171 836 1209 non
858 1153 983 1208 ideo
1022 1154 1173 1208 Deus
1211 1158 1440 1224 tempus
1489 1154 1674 1208 aetatis
1717 1153 1979 1226 cuiquam

371 1243 714 1315 prorogavit,
750 1247 816 1297 ut
842 1242 939 1297 diu
966 1241 1200 1296 vivendo
1228 1247 1534 1308 corrueret,
1561 1249 1619 1297 et
1637 1258 1672 1296 a
1697 1243 1807 1296 ﬁde
1827 1249 1980 1298 recta

372 1333 436 1388 in
466 1347 572 1386 sua
601 1331 953 1402 longaevitate
971 1331 1252 1396 deliceret,
1277 1347 1405 1385 cum
1425 1331 1574 1386 inter
1587 1331 1858 1386 beneﬁcia
1876 1331 1978 1386 Dei

372 1419 728 1477 numeranda
755 1420 832 1476 sit
873 1419 998 1491 ipsa
1032 1419 1376 1490 longmvitas,
1426 1437 1536 1491 qua
1575 1420 1741 1474 homo
1780 1420 1980 1476 melior

371 1509 572 1564 debuit
600 1525 723 1563 esse
749 1524 861 1562 non
891 1507 1066 1579 pejor.
1097 1527 1120 1558 ι
1157 1509 1301 1563 Item
1329 1507 1495 1576 (Sent.
1519 1509 1568 1579 4)
1605 1527 1618 1562 :
1645 1533 1672 1560 «ς
1719 1509 1825 1574 Qui
1845 1509 1979 1564 dicit

372 1599 525 1670 quod
556 1614 670 1652 non
695 1613 888 1652 omnes
915 1603 1182 1652 vocentur
1209 1597 1280 1651 ad
1309 1597 1573 1668 gratiam,
1623 1598 1670 1652 si
1701 1598 1770 1652 de
1799 1599 1867 1652 iis
1893 1600 1976 1652 lo-

2067 533 2418 588 stitutionem
2481 530 2697 586 mundi.
2753 531 2832 585 Ex
2881 536 3000 586 toto
3051 532 3204 586 enim
3252 533 3462 588 mundo
3509 537 3662 589 totus

2065 623 2309 677 mundus
2334 620 2578 692 eligitur,
2625 625 2684 674 et
2711 636 2775 674 ex
2805 620 3062 675 omnibus
3102 621 3422 676 hominibus
3466 639 3660 677 omnes

2064 711 2320 766 homines
2349 711 2706 782 adoptantur.
2741 711 2856 764 Nec
2887 715 3068 780 potest
3099 710 3212 764 ullo
3251 711 3416 766 modo
3454 729 3553 782 per
3579 712 3662 767 in-

2064 799 2392 853 ﬁdelitatem
2448 805 2618 869 atque
2681 796 3119 851 inobedientiam
3168 798 3504 867 multorum,
3559 800 3660 856 Dei

2063 887 2359 958 promissio
2387 887 2664 953 vacillare,
2698 886 2932 942 dicentis
2961 887 3031 941 ad
3062 886 3342 942 Abraham
3378 907 3388 941 :
3429 909 3451 940 ε
3485 889 3550 944 In
3577 907 3662 944 se-

2064 977 2214 1031 mine
2233 981 2332 1031 tuo
2351 976 2754 1031 benedicentur
2775 993 2968 1030 omnes
2985 983 3202 1046 gentes.
3235 996 3261 1026 »
3287 977 3447 1042 Quod
3469 981 3659 1032 autem

2062 1065 2322 1137 promisit
2350 1070 2550 1138 potens
2578 1070 2664 1119 est
2691 1070 2749 1119 et
2788 1064 2988 1131 facere,
3031 1072 3096 1119 ut
3131 1070 3189 1118 et
3227 1066 3323 1136 qui
3374 1067 3662 1122 salvantur

2061 1155 2186 1209 ideo
2206 1151 2354 1209 salvi
2382 1154 2514 1222 sint,
2545 1154 2678 1226 quia
2706 1154 2831 1208 illos
2859 1155 3034 1210 voluit
3071 1155 3344 1210 Dominus
3373 1156 3554 1210 salvos
3582 1156 3660 1210 fa-

2060 1260 2224 1310 cere;
2275 1249 2332 1298 et
2374 1244 2470 1314 qui
2519 1250 2776 1314 pereunt,
2831 1244 2958 1298 ideo
3005 1249 3241 1315 pereant
3297 1243 3433 1318 quia
3475 1244 3660 1316 perire

2061 1337 2408 1388 meruerunt.
2443 1351 2464 1382 »
2500 1331 2606 1404 (Ad
2625 1338 2872 1402 excerpta
2903 1334 3143 1388 Genuen.
3180 1332 3262 1402 6.)
3303 1350 3330 1386 α
3363 1334 3427 1388 In
3457 1350 3523 1389 eo
3555 1351 3658 1390 au-

2059 1427 2174 1477 tem
2206 1421 2354 1493 quod
2382 1421 2684 1492 Apostolus
2713 1421 2794 1475 ait
2817 1439 2828 1474 :
2865 1422 3025 1476 INon
3041 1421 3190 1476 enim
3219 1423 3471 1478 omnium
3487 1429 3572 1478 est
3593 1421 3658 1477 ﬁ-

2065 1530 2088 1562 (ι
2111 1511 2227 1577 des,
2257 1530 2282 1563 »
2303 1527 2403 1564 cur
2423 1509 2684 1564 omnibus
2707 1509 2844 1564 ﬁdes
2865 1527 2975 1564 non
2987 1510 3167 1576 detur,
3197 1528 3310 1566 non
3327 1511 3492 1566 debet
3521 1512 3659 1567 hde-

2059 1601 2170 1654 lem
2199 1615 2440 1667 movere,
2474 1599 2569 1670 qui
2599 1598 2777 1652 credit
2809 1616 2873 1652 ex
2902 1615 3015 1654 uno
3053 1616 3248 1654 omnes
3291 1599 3402 1654 isse
3437 1599 3496 1654 in
3524 1617 3658 1655 con-

372 1685 570 1758 quitur
598 1685 802 1758 quibus
825 1685 1081 1740 Christus
1111 1686 1479 1740 annuntiatus
1509 1703 1620 1740 non
1652 1692 1755 1754 est,
1785 1704 1978 1758 repre-
2059 1687 2478 1742 demnationem
2517 1687 2638 1742 sine
2673 1686 3024 1741 dubitatione
3055 1687 3450 1758 justissimam,
3485 1688 3566 1742 ita
3597 1695 3662 1744 ut

371 1775 544 1830 bendi
571 1791 686 1830 non
709 1774 877 1830 debet
915 1793 930 1830 :
976 1774 1109 1846 quia
1153 1775 1362 1830 scimus
1403 1776 1631 1847 quidem
1677 1775 1737 1830 in
1784 1793 1980 1830 omnes
2001 1777 2215 1862 Bnulla
2235 1783 2384 1832 esset
2410 1777 2514 1832 Dei
2555 1777 2712 1848 justa
2747 1777 3130 1848 reprehensio,
3177 1776 3348 1830 etiam
3393 1777 3440 1832 si
3470 1777 3660 1832 nullus

369 1865 512 1919 ﬁnes
535 1869 700 1919 terra:
731 1864 1092 1936 Evangelium
1127 1864 1493 1930 destinatum,
1543 1865 1641 1920 sed
1670 1882 1781 1919 non
1811 1870 1977 1937 puta-
2060 1865 2190 1920 inde
2219 1865 2572 1922 liberaretur.
2605 1865 2763 1920 Unde
2806 1869 3028 1920 constat
3065 1881 3330 1935 magnam
3377 1881 3496 1920 esse
3525 1882 3658 1936 gra-

368 1969 498 2008 mus
514 1955 635 2024 jam
660 1952 719 2008 in
745 1953 1005 2009 omnibus
1021 1958 1188 2009 terrae
1213 1953 1421 2008 ﬁnibus
1440 1953 1840 2025 praedicatum;
1875 1971 1978 2009 nec
2059 1955 2194 2010 tiam
2223 1955 2372 2026 quod
2399 1953 2629 2026 plurimi
2657 1953 2988 2019 liberantur,
3027 1959 3086 2008 et
3120 1953 3254 2024 quid
3283 1953 3389 2008 sibi
3425 1954 3659 2010 debere-

367 2059 670 2114 possumus
689 2043 894 2109 dicere,
927 2043 1076 2114 quod
1115 2043 1193 2097 ibi
1238 2043 1549 2115 sitlgratiae
1598 2043 1830 2110 vocatio,
1880 2043 1976 2098 ubi
2057 2050 2153 2098 tur
2179 2043 2237 2098 in
2283 2043 2362 2098 eis
2411 2042 2505 2114 qui
2553 2060 2666 2099 non
2699 2042 3013 2097 liberantur
3062 2049 3418 2114 agnoscant:
3460 2048 3525 2098 ut
3562 2044 3658 2116 qui

367 2131 568 2186 matris
587 2131 850 2188 Ecclesiae
865 2122 1050 2188 adhuc
1070 2132 1228 2186 nulla
1246 2137 1334 2186 est
1363 2132 1734 2203 regeneratio.
1772 2153 1794 2182 ι
1829 2133 1970 2187 Item
2049 2133 2384 2204 gloriantur,
2417 2149 2531 2188 non
2560 2133 2619 2187 in
2648 2133 2765 2188 suis
2805 2131 3040 2197 meritis,
3096 2149 3218 2203 quae
3263 2132 3424 2204 paria
3465 2132 3660 2190 vident

367 2219 543 2288 (Sent.
579 2219 630 2282 5)
672 2239 684 2274 :
737 2239 766 2276 α
798 2220 904 2286 Qui
941 2221 1081 2276 dicit
1117 2221 1265 2293 quod
1309 2221 1404 2292 qui
1444 2220 1624 2276 vocati
1665 2227 1815 2288 sunt,
1858 2238 1970 2276 non

362 2310 660 2382 aequaliter
687 2309 868 2364 vocati
895 2309 1028 2378 sint,
1062 2309 1161 2365 sed
1198 2309 1294 2364 alii
1335 2316 1399 2365 ut
1437 2310 1747 2377 crederent,
1783 2311 1879 2365 alii
1907 2318 1972 2366 ut

363 2413 480 2454 non
510 2399 822 2467 crederent,
849 2399 1010 2471 quasi
1039 2399 1301 2470 cuiquam
1338 2399 1554 2454 vocatio
1595 2415 1765 2454 causa
1804 2399 1973 2455 fuerit

365 2504 483 2542 non
504 2488 784 2554 credendi,
819 2505 933 2542 non
961 2493 1112 2543 recte
1141 2488 1296 2543 dicit.
1344 2488 1608 2552 Quamvis
1651 2489 1802 2543 enim
1833 2489 1971 2544 ﬁdes

364 2593 482 2632 non
505 2576 580 2632 sit
605 2575 712 2632 nisi
740 2593 806 2631 ex
834 2577 936 2632 Dei
968 2578 1115 2632 dono
1144 2582 1202 2632 et
1236 2577 1481 2632 hominis
1510 2578 1813 2643 voluntate,
1851 2578 1972 2633 inﬁ-

363 2665 569 2721 delitas
597 2671 789 2722 tamen
818 2683 932 2721 non
959 2671 1046 2720 est
1071 2665 1180 2721 nisi
1220 2683 1285 2721 ex
1333 2667 1452 2722 sola
1486 2667 1734 2722 hominis
1776 2668 1970 2722 volun-

363 2757 506 2810 tate.
543 2772 569 2806 ι
602 2754 746 2809 Item
773 2753 950 2823 (Sent.
985 2753 1037 2823 6)
1073 2773 1086 2808 :
1134 2774 1159 2806 (ί
1205 2755 1312 2820 Qui
1358 2755 1492 2810 dicit
1539 2755 1687 2827 quod
1731 2754 1969 2810 liberum

366 2841 668 2898 arbitrium
694 2843 754 2901 in
782 2843 1011 2898 homine
1039 2843 1179 2898 nihil
1223 2843 1314 2909 sit,
1363 2844 1462 2898 sed
1501 2843 1616 2898 sive
1649 2844 1722 2898 ad
1761 2843 1971 2899 bonum

362 2931 481 2986 sive
509 2931 581 2986 ad
608 2932 820 2987 malum
851 2931 1269 3003 praedestinatio
1291 2931 1394 2987 Dei
1423 2932 1482 2987 in
1504 2932 1824 2988 hominibus
1843 2950 1971 3005 ope-

363 3025 542 3088 retur,
572 3037 686 3075 non
713 3026 800 3076 est
826 3021 1154 3075 catholicus.
1187 3021 1500 3076 Arbitrium
1543 3022 1692 3076 enim
1723 3023 1968 3078 hominis

2053 2239 2174 2277 esse
2193 2221 2489 2289 damnatis,
2516 2221 2613 2276 sed
2634 2221 2694 2276 in
2714 2220 2953 2276 Domino
2971 2220 3308 2291 glorientur.
3333 2221 3448 2275 Cur
3465 2226 3655 2277 autem

2053 2311 2225 2366 istum
2252 2311 2441 2383 potius
2471 2327 2640 2383 quam
2672 2310 2833 2364 illum
2863 2307 3080 2376 liberet,
3111 2308 3499 2365 inscrutabilia
3523 2316 3658 2366 sunt

2047 2399 2262 2472 judicia
2289 2401 2412 2472 ejus
2441 2407 2497 2455 et
2526 2397 2939 2470 investigabiles
2966 2398 3066 2453 viae
3095 2398 3257 2470 jejus.
3314 2419 3336 2450 ι
3371 2399 3589 2468 (Object.
3623 2399 3656 2456 8

2053 2490 2384 2558 Gallorum.)
2423 2507 2447 2540 «
2482 2489 2666 2554 Quare
2697 2488 2754 2542 in
2802 2487 3102 2560 praeteritis
3133 2487 3350 2542 saeculis
3379 2487 3659 2544 dimiserit

2054 2577 2204 2632 Deus
2233 2593 2426 2632 omnes
2442 2582 2638 2648 gentes
2660 2576 2878 2648 ingredi
2909 2576 3024 2631 vias
3053 2592 3200 2642 suas,
3234 2577 3457 2648 quando
3485 2575 3656 2632 Jacob

2055 2665 2364 2738 elegit'sibi
2393 2665 2686 2732 Dominus,
2717 2672 2774 2720 et
2800 2681 2913 2720 non
2956 2665 3088 2719 fecit
3127 2665 3316 2720 taliter
3355 2665 3508 2721 omni
3550 2683 3654 2721 na-

2052 2755 2216 2822 tioni,
2251 2759 2308 2810 et
2331 2755 2546 2826 judicia
2566 2771 2668 2810 sua
2688 2771 2800 2809 non
2823 2753 3199 2809 manifestavit
3219 2754 3298 2809 eis
3324 2769 3338 2810 :
3362 2760 3417 2809 et
3437 2771 3538 2809 cur
3557 2755 3655 2827 qui

2055 2844 2357 2916 aliquando
2388 2861 2502 2898 non
2529 2843 2787 2916 populus,
2833 2859 2983 2898 nunc
3031 2849 3222 2898 autem
3267 2843 3504 2915 populus
3546 2843 3650 2899 Dei

2052 2933 2369 3000 diceretur;
2429 2937 2488 2986 et
2541 2949 2780 3003 quorum
2837 2931 3139 3003 aliquando
3196 2948 3310 2986 non
3351 2931 3650 2997 misertus,

2050 3040 2200 3078 nunc
2231 3027 2421 3077 autem
2448 3021 2800 3087 misereatur,
2837 3026 2894 3074 et
2920 3021 3015 3075 ubi
3055 3021 3268 3076 dictum
3297 3026 3384 3076 est
3423 3039 3434 3074 :
3475 3040 3498 3072 ι
3527 3021 3654 3078 Non

359 3109 551 3181 gratia
579 3109 680 3164 Dei
706 3125 821 3164 non
850 3108 1050 3174 abolet,
1087 3109 1187 3164 sed
1232 3110 1438 3175 adolet,
1486 3116 1543 3164 et
1579 3109 1648 3164 ab
1681 3127 1871 3166 errore
1909 3111 2028 3182 inc
2055 3131 2077 3164 ι
2110 3112 2266 3184 plebs
2295 3127 2422 3166 mea
2448 3127 2563 3177 vos,
2595 3109 2674 3164 ibi
2709 3114 2978 3166 vocentur
3019 3109 3123 3165 ﬁlii
3165 3109 3269 3165 Dei
3311 3109 3454 3179 vivi;
3504 3131 3526 3162 ι
3575 3116 3650 3182 et,

361 3198 514 3252 viam
537 3203 762 3253 revocat
791 3215 856 3252 ac
882 3198 1116 3262 reducit,
1152 3203 1216 3253 ut
1245 3199 1392 3270 quod
1426 3216 1526 3254 sua
1555 3199 1817 3255 libertate
1847 3207 1970 3255 erat

362 3303 620 3360 pravum,
650 3287 862 3359 Spiritu
891 3287 992 3342 Dei
1023 3293 1226 3359 agente
1263 3288 1338 3342 sit
1387 3295 1619 3343 rectum.
1670 3289 1966 3344 Praedesti-

362 3375 521 3432 natio
548 3392 773 3448 quoque
809 3375 910 3430 Dei
953 3393 1176 3448 semper
1221 3377 1280 3432 in
1323 3376 1468 3431 bono
1516 3384 1619 3444 est,
1674 3394 1796 3449 quae
1845 3395 1969 3449 pec-

361 3472 581 3532 catum,
639 3465 759 3519 sola
810 3465 1056 3520 hominis
1099 3467 1386 3521 voluntate
1434 3466 1826 3533 commissum,
1871 3473 1969 3521 aut

367 3554 772 3609 remittendum
820 3554 975 3608 novit
1015 3571 1141 3609 cum
1188 3556 1354 3609 laude
1403 3555 1818 3622 misericordiae,
1871 3562 1972 3610 aut

365 3643 727 3714 plectendum
774 3660 904 3698 cum
951 3643 1117 3698 laude
1153 3645 1408 3715 justitim.
1444 3664 1469 3697 »
1503 3646 1644 3700 Item
1677 3646 1853 3717 (Sent.
1883 3645 1962 3714 7):

365 3749 394 3785 ί
428 3731 538 3796 Qui
563 3732 700 3787 dicit
735 3733 884 3804 quod
914 3734 1064 3788 Deus
1105 3733 1440 3804 quibusdam
1475 3733 1607 3788 ﬁliis
1643 3734 1782 3800 suis,
1828 3750 1968 3805 quos

362 3821 718 3892 regeneravit
759 3821 818 3875 in
871 3823 1114 3888 Christo,
1169 3822 1371 3893 quibus
1419 3823 1606 3889 ﬁdem,
1651 3840 1830 3894 spem,
1882 3823 1967 3877 di-

361 3908 658 3964 lectionem
686 3910 859 3976 dedit,
893 3910 964 3965 ob
997 3911 1101 3965 hoc
1137 3911 1610 3982 perseverantiam
1644 3928 1757 3965 non
1797 3911 1967 3965 dede-

361 3998 438 4054 rit
477 3997 610 4070 quia
637 4015 674 4052 a
698 4015 884 4054 massa
911 3999 1243 4070 perditionis
1269 4001 1622 4072 praescientia
1639 4000 1739 4055 Dei
1755 4008 1811 4054 et
1835 4017 1969 4071 prae-

362 4087 740 4142 destinatione
769 4105 879 4142 non
909 4088 1022 4143 sint
1049 4089 1296 4155 discreti,
1342 4088 1390 4143 si
1427 4089 1532 4143 hoc
1577 4089 1697 4143 vult
1741 4091 1966 4143 ﬁrmare

367 4177 517 4248 quod
546 4177 698 4231 Deus
727 4177 1051 4248 hujusmodi
1079 4177 1335 4232 homines
1363 4179 1423 4232 in
1452 4177 1610 4233 bonis
1639 4196 1762 4250 quae
1791 4179 1966 4233 dona-

369 4273 528 4320 verat
551 4265 796 4321 noluerit
817 4283 1168 4337 permanere,
1201 4274 1259 4321 et
1294 4267 1414 4338 ipse
1462 4267 1541 4322 eis
1589 4285 1754 4322 causa
1807 4285 1966 4322 aver-

365 4353 541 4408 sionis
561 4355 858 4422 exstiterit,
885 4361 1079 4410 contra
1093 4357 1375 4428 justitiam
1395 4357 1495 4410 Dei
1523 4358 1714 4411 sentit.
1756 4357 1965 4421 Quam-

2049 3217 2224 3272 quare
2277 3201 2425 3272 quod
2479 3198 2765 3271 quaerebat
2809 3199 2982 3254 Israel
3028 3217 3141 3254 non
3179 3200 3256 3254 sit
3301 3205 3652 3266 consecutus,

2049 3289 2246 3345 electio
2276 3295 2467 3344 autem
2507 3295 2807 3344 consecuta
2854 3294 2956 3353 est,
3001 3289 3187 3343 caeteri
3225 3305 3354 3343 vero
3397 3289 3653 3344 excaecati

2049 3385 2201 3446 sunt,
2233 3377 2578 3449 impossibile
2607 3383 2694 3432 est
2722 3379 3214 3449 comprehendere,
3245 3383 3302 3431 et
3328 3378 3654 3448 periculosas

2050 3467 2394 3522 curiositatis
2423 3472 2510 3520 est
2538 3482 2806 3536 quaerere.
2841 3467 2984 3520 Cum
3005 3472 3196 3520 tamen
3228 3465 3378 3536 quod
3407 3465 3561 3520 nulla
3581 3465 3656 3522 sit

2050 3555 2200 3626 apud
2229 3556 2409 3609 Deum
2441 3554 2730 3625 iniquitas,
2755 3553 2966 3607 nemini
2995 3554 3159 3608 liceat
3180 3553 3476 3624 ignorare:
3503 3555 3650 3624 quod

2049 3661 2154 3699 nec
2181 3643 2293 3697 alia
2318 3643 2523 3713 gratia,
2559 3649 2659 3696 aut
2687 3642 2798 3696 alia
2827 3642 2934 3696 ﬁde
2963 3658 3306 3713 quemquam
3334 3641 3650 3709 hominum,

2049 3732 2162 3787 sive
2197 3737 2327 3786 ante
2367 3731 2569 3801 legem,
2612 3731 2726 3785 sive
2773 3729 2912 3800 legis
2958 3737 3232 3802 tempore,
3280 3730 3649 3802 justiﬁcatum

2049 3837 2170 3876 esse
2200 3819 2542 3875 credendum
2570 3819 2662 3883 sit,
2707 3835 2877 3891 quam
2928 3819 3032 3873 hac
3069 3819 3287 3886 eadem,
3336 3835 3436 3890 per
3481 3837 3650 3891 quam

2049 3909 2322 3965 Dominus
2349 3914 2542 3964 noster
2561 3909 2724 3964 Jes‘us
2755 3907 3009 3963 Christus
3031 3907 3338 3964 secundum
3357 3907 3650 3964 consilium

2052 3999 2353 4054 voluntatis
2383 4015 2499 4053 suae
2529 3997 2588 4052 in
2619 3998 2730 4051 ﬁne
2760 3997 3090 4051 saeculorum
3121 3997 3276 4051 venit
3313 4013 3564 4069 quaerere
3594 4003 3652 4054 et

2049 4088 2200 4142 salva
2213 4103 2272 4141 re
2298 4087 2446 4158 quod
2475 4085 2737 4158 perierat.
2772 4086 2982 4140 Causas
3011 4101 3140 4140 vero
3169 4101 3400 4157 operum
3431 4084 3650 4157 etjudi-

2049 4177 2265 4232 ciorum
2297 4176 2416 4244 Dei,
2451 4175 2546 4248 qui
2578 4193 2644 4230 ex
2670 4180 2790 4230 toto
2821 4175 2891 4229 ad
2931 4175 3206 4230 humanas
3248 4175 3562 4230 voluntates
3593 4183 3649 4229 et

2048 4266 2297 4320 actiones
2312 4265 2499 4333 refert,
2525 4281 2664 4336 quas
2683 4270 2874 4319 tamen
2897 4263 2955 4318 in
2975 4265 3334 4335 parvulorum
3351 4263 3649 4335 adoptione

2049 4361 2147 4409 aut
2174 4355 2524 4408 abdicatione
2549 4370 2659 4408 non
2693 4353 2921 4418 invenit,
2973 4359 3029 4406 et
3069 4352 3518 4423 dispensationes
3545 4353 3646 4407 Dei

367 4443 449 4498 vis
463 4443 614 4498 enim
635 4444 1047 4514 omnipotentia
1067 4445 1169 4500 Dei
1191 4445 1438 4516 potuerit
1461 4447 1605 4500 vires
1625 4446 1809 4500 standi
1832 4463 1968 4518 prae-
1986 4437 2033 4496 Ι)
2046 4462 2112 4498 ex
2141 4443 2300 4498 liberi
2325 4443 2542 4497 arbitrii
2563 4442 2682 4496 vult
2699 4440 3073 4495 mutabilitate
3099 4440 3320 4506 variari,
3352 4441 3650 4512 proﬁtetur

365 4531 498 4587 bere
526 4532 787 4604 lapsuris,
809 4533 996 4604 gratia
1013 4540 1204 4588 tamen
1225 4535 1348 4605 ejus
1369 4551 1479 4588 non
1511 4535 1665 4606 prius
1693 4552 1787 4590 eos
1814 4536 1967 4589 dese-

365 4621 485 4677 ruit
495 4638 665 4692 quam
685 4621 754 4676 ab
767 4622 846 4676 eis
868 4623 1242 4678 desereretur.
1258 4623 1330 4677 Et
1347 4625 1480 4694 quia
1491 4625 1594 4678 hoc
1606 4624 1758 4696 ipsos
1776 4625 1968 4678 volun-

363 4710 514 4765 taria
539 4709 786 4766 facturos
809 4711 1118 4766 defectione
1143 4713 1414 4783 praevidit,
1445 4713 1570 4767 ideo
1600 4713 1659 4766 in
1681 4713 1968 4784 praedesti-

361 4799 609 4856 nationis
639 4800 908 4855 electione
939 4801 1063 4855 illos
1083 4819 1194 4855 non
1214 4801 1428 4856 habuit.
1459 4823 1484 4856 »
1509 4804 1648 4857 Item
1677 4804 1843 4872 (Sent.
1869 4802 1956 4872 8);:

365 4910 390 4942 at.
426 4889 535 4956 Qui
563 4889 702 4944 dicit
725 4891 872 4961 quod
895 4907 1006 4945 non
1027 4908 1222 4946 omnes
1244 4891 1500 4946 homines
1531 4891 1660 4946 velit
1689 4893 1837 4946 Deus
1857 4892 1961 4945 sal-

361 4996 460 5033 vos
483 4977 626 5044 ﬁeri,
660 4978 757 5032 sed
802 4983 1020 5033 certum
1064 4995 1364 5034 numerum
1411 4979 1955 5050 praedestinatorum,

359 5065 560 5120 durius
589 5065 840 5137 loquitur
867 5082 1036 5138 quam
1065 5067 1409 5138 loquendum
1443 5073 1530 5122 est
1563 5068 1630 5121 de
1662 5068 1960 5123 altitudine

357 5153 747 5209 inscrutabilis
774 5154 969 5226 gratiae
1001 5154 1120 5220 Dei,
1155 5154 1248 5225 qui
1293 5162 1350 5209 et
1388 5173 1582 5210 omnes
1627 5157 1743 5210 vult
1782 5158 1960 5210 salvos

357 5241 504 5308 ﬁeri,
536 5248 595 5297 et
611 5243 683 5297 ad
701 5242 1050 5314 agnitionem
1076 5242 1332 5297 veritatis
1353 5244 1558 5311 venire,
1583 5250 1641 5299 et
1659 5245 1960 5299 voluntatis

359 5347 480 5386 suae
509 5330 859 5402 propositum
886 5330 942 5384 in
972 5329 1053 5384 eis
1076 5329 1292 5401 implet,
1325 5349 1462 5400 quos
1492 5333 1774 5401 praescitos
1814 5350 1955 5404 prae-

359 5419 682 5485 destinavit,
715 5419 1138 5490 praedestinatos
1170 5420 1403 5486 vocavit,
1437 5426 1654 5472 vocatos
1680 5423 1953 5488 justilica-

359 5509 460 5575 vit,
489 5509 826 5579 justiﬁcatos
855 5507 1188 5580 gloriﬁcavit
1215 5526 1225 5561 :
1260 5507 1400 5562 nihil
1433 5509 1696 5562 omittens
1739 5511 1808 5564 de
1851 5512 1960 5582 ple-

362 5597 621 5655 nitudine
637 5596 913 5670 gentium,
929 5603 986 5654 et
1009 5598 1078 5654 de
1099 5597 1253 5654 omni
1267 5597 1481 5653 semine
1498 5597 1690 5666 Israel,
1715 5589 1803 5652 cui
1823 5615 1959 5671 prae-

2049 4532 2156 4587 sibi
2183 4549 2305 4586 esse
2332 4529 2658 4586 scrutabilia
2678 4529 2888 4600 judicia
2918 4529 3038 4595 Dei,
3073 4534 3129 4582 et
3155 4527 3512 4600 vestigabiles
3529 4531 3646 4586 vias

2049 4624 2190 4692 ejus,
2225 4627 2282 4674 et
2309 4619 2457 4692 quod
2488 4619 2683 4672 doctor
2705 4617 2960 4689 gentium
3001 4617 3210 4672 Paulus
3249 4633 3360 4673 non
3405 4618 3647 4674 audebat

2047 4710 2344 4780 attingere,
2369 4708 2459 4763 hic
2488 4724 2546 4762 se
2574 4707 2818 4762 aestimat
2835 4713 3147 4761 reseratum
3167 4725 3330 4778 posse
3356 4709 3643 4780 vulgare.»

2048 4800 2186 4854 Item
2216 4798 2391 4870 (Sent.
2425 4797 2474 4866 9)
2513 4816 2523 4851 :
2567 4817 2588 4847 ι
2638 4796 2744 4862 Qui
2791 4796 2927 4850 dicit
2973 4796 3120 4867 quod
3167 4813 3279 4851 non
3321 4813 3422 4868 pro
3471 4797 3647 4852 totius

2045 4885 2240 4942 mundi
2271 4885 2656 4957 redemptione
2688 4885 2940 4940 Salvator
2979 4886 3054 4939 sit
3087 4885 3400 4951 cruciﬁxus,
3434 4902 3547 4940 non
3574 4887 3644 4940 ad

2043 4975 2381 5030 sacramenti
2405 4973 2689 5040 virtutem,
2739 4974 2838 5027 sed
2884 4973 2953 5027 ad
2984 4963 3236 5027 ﬁdelium
3265 4973 3493 5045 respicit
3520 4991 3646 5046 par-

2041 5072 2176 5132 tem,
2208 5081 2336 5119 cum
2365 5063 2597 5134 sanguis
2627 5061 2834 5116 Christi
2857 5062 3098 5132 pretium
3118 5062 3293 5116 totius
3313 5062 3509 5116 mundi
3531 5061 3637 5118 sit:

2045 5171 2078 5208 a
2107 5169 2218 5224 quo
2236 5153 2416 5224 pretio
2436 5151 2685 5206 extranei
2706 5157 2856 5216 sunt,
2886 5151 2982 5221 qui
3013 5155 3114 5205 aut
3140 5150 3399 5204 delectati
3419 5151 3645 5222 captivi-

2045 5247 2161 5297 tate
2191 5239 2389 5296 redimi
2417 5241 2740 5305 noluerunt,
2776 5245 2876 5294 aut
2918 5243 3048 5311 post
3082 5239 3526 5310 redemptionem
3571 5242 3642 5295 ad

2042 5331 2295 5384 eamdem
2327 5334 2461 5383 sunt
2488 5329 2815 5382 servitutem
2847 5327 3074 5382 reversi.
3109 5329 3234 5382 Non
3265 5327 3416 5382 enim
3444 5329 3644 5383 cecidit

2039 5419 2267 5473 verbum
2295 5418 2542 5488 Domini,
2572 5435 2753 5488 neque
2781 5423 3046 5471 evacuata
3076 5423 3161 5470 est
3191 5417 3386 5471 mundi
3419 5409 3639 5473 redem-

2043 5510 2162 5582 ptio
2197 5528 2208 5563 :
2243 5508 2377 5579 quia
2401 5507 2506 5562 etsi
2536 5523 2648 5560 non
2678 5507 2936 5578 cognovit
2951 5506 3194 5561 mundus
3222 5507 3400 5562 Deum
3420 5507 3479 5562 in
3497 5508 3643 5562 vasis

2041 5599 2158 5664 irae,
2193 5596 2452 5669 cognovit
2481 5601 2674 5652 tamen
2706 5596 2950 5652 mundus
2979 5595 3160 5652 Deum
3188 5595 3247 5652 in
3283 5596 3430 5653 vasis
3473 5596 3642 5654 mise-
