4018 6168
415 350 559 412 1559

1010 353 1077 414 a.
1113 352 1388 414 mm
1425 351 1657 411 mum
1693 306 2031 410 naeniae.
2069 350 2396 410 meum.
2437 347 2735 408 OPERUM
2771 347 2955 405 pass
2992 346 3092 405 III.

3553 346 3695 404 1560

411 477 688 548 ιιὶοοιιὰὶω,
709 493 833 553 qua
851 479 1022 548 Deus,
1044 480 1216 538 nullis
1234 496 1430 536 eorum
1452 479 1669 536 meritis
1690 479 2010 552 praeceden-
2026 480 2077 540 Α
2093 477 2175 533 ita
2209 476 2494 532 deﬁnierit
2527 481 2592 532 ut
2629 475 2948 548 quicunque
2987 489 3098 530 non
3127 472 3382 539 credunt,
3419 487 3488 528 ex
3517 471 3695 544 ipsius

413 567 588 637 tibus,
612 568 762 625 eruit
777 569 848 625 de
867 574 1146 643 potestate
1164 568 1548 636 tenebrarum,
1573 574 1630 623 et
1647 568 1940 624 transtulit
1956 567 2016 622 in

415 673 656 729 regnum
875 658 1192 715 dilectionis
1233 675 1368 714 suae.
1406 677 1428 709 ι
1480 659 1623 713 Item
1666 658 1834 728 (Sent.
1872 654 1964 721 1ο)
1999 675 2012 712 :

419 763 448 800 α
480 746 588 812 Qui
613 746 751 802 dicit
777 747 926 819 quod
953 747 1288 820 quibusdam
1317 746 1601 818 Evangelii
1635 745 1954 818 praedicatio
1982 762 2017 800 a

415 834 658 892 Domino
685 835 1070 902 subtrahatur,
1104 853 1176 892 ne
1197 842 1461 910 percepta
1489 836 1776 906 Evangelii
1812 835 2015 908 praedi-

417 923 638 980 catione
676 924 980 992 salventur,
1011 924 1210 998 'potest
1247 924 1576 997 objectionis
1613 924 1880 980 invidiam
1923 925 2018 978 de-

417 1012 631 1068 clinare
659 1013 972 1086 patrocinio
1000 1013 1178 1086 ipsius
1208 1014 1530 1080 Salvatoris,
1549 1013 1644 1086 qui
1673 1013 1822 1085 apud
1853 1029 2018 1085 quos-

417 1101 570 1169 dam,
604 1115 744 1174 quos
771 1101 854 1158 ait
878 1101 1052 1158 fuisse
1080 1102 1412 1169 credituros,
1447 1103 1495 1157 si
1524 1102 1865 1157 mirabilium
1893 1103 2016 1173 ejus

417 1188 583 1261 signa
608 1187 898 1258 vidissent,
941 1190 1124 1246 noluit
1156 1191 1378 1264 operari
1410 1210 1422 1245 :
1457 1196 1515 1245 et
1545 1190 1877 1262 quibusdam
1913 1206 2016 1262 po-

417 1277 567 1353 pulis
593 1278 774 1334 vetuit
798 1280 1082 1352 apostolos
1109 1279 1508 1351 evangelizare,
1541 1284 1600 1334 et
1624 1296 1774 1334 nunc
1797 1279 2017 1352 aliquas

415 1365 804 1439 adhucgentes
815 1367 1031 1440 patitur
1039 1373 1196 1424 extra
1209 1367 1452 1440 gratiam
1463 1384 1624 1424 suam
1633 1368 1836 1440 degere
1851 1387 1864 1436 ;
1887 1385 2017 1424 cum

416 1459 609 1512 tamen
635 1456 1088 1513 constantissime
1113 1457 1224 1512 ﬁde
1241 1461 1566 1530 perceptum
1595 1457 1922 1524 habeamus,
1956 1456 2017 1513 in

2095 566 2494 622 constitutione
2521 581 2632 620 non
2653 565 2903 627 credant,
2942 580 3054 618 non
3089 567 3175 618 est
3191 562 3517 618 catholicus.
3540 561 3696 616 Sicut

2096 655 2246 711 enim
2271 655 2431 722 ﬁdes,
2467 672 2590 726 quas
2620 671 2722 726 per
2745 653 3098 707 dilectionem
3131 657 3415 723 operatur,
3456 650 3560 706 Dei
3601 651 3696 706 do-

2096 763 2232 802 num
2261 750 2365 810 est,
2390 745 2470 799 ita
2497 743 2797 798 inﬁdelitas
2817 741 3142 796 constitutio
3169 741 3271 796 Dei
3291 757 3404 795 non
3433 745 3538 806 est,
3562 740 3698 811 quia

2095 835 2246 890 Deus
2276 850 2469 906 poenas
2509 832 2806 886 criminum
2842 831 2997 885 novit
3036 830 3316 895 ordinare,
3359 845 3473 884 non
3511 828 3698 884 crimi-

2096 940 2188 978 na.
2221 925 2336 978 Nec
2371 938 2718 992 consequens
2746 926 2832 974 est
2854 926 2920 974 ut
2946 919 3092 990 quod
3115 936 3229 973 non
3254 918 3554 983 remiserit,
3577 917 3696 989 ipse

2097 1011 2459 1068 commiserit.
2484 1009 2922 1066 Praedestinatus
2944 1009 3133 1079 itaque
3176 1008 3311 1062 vivit
3347 1007 3403 1062 in
3441 1007 3552 1062 ﬁde
3589 1005 3696 1062 sibi

2097 1101 2304 1156 donata
2337 1120 2348 1154 :
2381 1117 2495 1155 non
2524 1099 2953 1171 praedestinatus
2978 1097 3125 1169 perit
3152 1097 3484 1150 inﬁdelitate
3511 1096 3698 1150 volun-

2097 1191 2262 1256 taria,
2305 1206 2417 1244 non
2457 1194 2668 1244 coacta.
2711 1205 2738 1240 ι
2780 1188 2924 1242 Item
2966 1187 3131 1254 (Sent.
3171 1184 3253 1254 15)
3291 1205 3304 1239 :
3349 1205 3374 1236 ι
3417 1185 3528 1250 Qui
3562 1185 3699 1240 dicit

2099 1279 2249 1352 quod
2278 1279 2429 1333 idem
2461 1277 2537 1333 sit
2563 1276 2917 1349 praescientia
2963 1275 3111 1346 quod
3156 1273 3592 1346 praedestinatio,
3637 1273 3698 1329 in

2097 1367 2260 1423 bonis
2279 1367 2399 1422 sine
2412 1366 2582 1422 dubio
2602 1364 2864 1438 operibus
2882 1364 3088 1419 nostris
3107 1363 3218 1419 duo
3235 1363 3349 1418 ista
3376 1362 3693 1436 permiscet.

2099 1456 2234 1523 Quae
2258 1456 2410 1512 enim
2437 1473 2502 1511 ex
2531 1455 2632 1510 Dei
2649 1471 2882 1509 munere
2903 1453 3195 1519 habemus,
3219 1458 3277 1507 et
3294 1469 3417 1524 quas
3441 1451 3700 1524 prmscita

416 1560 612 1600 omnes
653 1545 852 1600 mundi
893 1550 1084 1618 partes
1136 1545 1441 1601 Ecclesiam
1487 1545 1852 1614 dilatandam,
1913 1562 2019 1602 nec
2097 1545 2382 1612 dicuntur,
2419 1561 2532 1600 non
2569 1547 2806 1616 possunt
2840 1559 2951 1597 non
3003 1559 3125 1596 esse
3176 1541 3608 1614 pmdesﬁnata:
3643 1545 3700 1596 et

416 1638 551 1689 ante
575 1649 697 1688 esse
717 1633 824 1688 hoc
843 1634 1110 1690 saeculum
1131 1634 1442 1690 ﬁniendum
1462 1651 1632 1707 quam
1650 1635 1708 1690 in
1727 1635 2017 1690 universos
2099 1651 2223 1707 quae
2241 1635 2639 1707 prmdestinata
2660 1633 3034 1705 appellantur,
3060 1647 3172 1686 non
3191 1637 3428 1702 possunt
3444 1646 3559 1684 non
3578 1646 3699 1686 esse

415 1722 558 1820 fines
583 1726 751 1777 terra
777 1721 1141 1820 Evangelium
1171 1723 1467 1820 dirigatur,
1511 1729 1569 1779 et
1601 1723 1784 1780 omnis
1825 1723 2018 1796 lingua
2039 1757 2084 1820 Β
2100 1723 2376 1797 praescita.
2409 1724 2474 1778 In
2500 1722 2662 1777 malis
2689 1727 2878 1777 autem
2906 1719 3168 1793 operibus
3190 1719 3400 1775 nostris
3425 1719 3548 1774 sola
3565 1735 3702 1790 prae-

417 1810 754 1866 conﬁteatur
781 1811 1049 1882 quoniam
1081 1811 1354 1868 Dominus
1393 1813 1557 1868 Jesus
1595 1813 1656 1868 in
1692 1813 1874 1884 gloria
1916 1813 2019 1869 Dei
2039 1807 2083 1820 “’
2102 1811 2338 1868 scientia
2365 1811 2467 1866 Dei
2497 1810 2863 1882 intelligenda
2891 1813 2977 1865 est
3006 1827 3018 1862 :
3064 1808 3198 1880 quia
3237 1807 3384 1862 sicut
3425 1807 3704 1880 praescivit

415 1897 602 1954 Patris
625 1903 730 1954 est.
767 1917 791 1950 ι
825 1899 970 1955 Item
997 1899 1170 1965 (Sent.
1198 1900 1286 1970 11)
1316 1919 1328 1954 :
1357 1918 1386 1954 α
1422 1901 1530 1966 Qui
1568 1901 1708 1957 dicit
1743 1902 1890 1974 quod
1919 1919 2021 1975 per
2100 1907 2158 1957 et
2187 1900 2766 1974 praedestinavit-qua;
2807 1899 2926 1971 ipse
2972 1897 3123 1964 facit,
3175 1902 3234 1952 et
3281 1902 3347 1952 ut
3388 1897 3702 1951 faceremus

413 1987 726 2061 potentiam
754 1987 906 2044 Deus
933 1987 1191 2044 homines
1218 1990 1279 2044 in
1307 1995 1536 2062 peccata
1554 1991 1873 2063 compellat,
1904 2008 2020 2047 me-
2099 1991 2258 2046 dedit
2287 2007 2298 2043 :
2329 1989 2411 2044 ita
2438 1988 2716 2062 praescivit
2744 1993 2986 2054 tantum,
3009 2003 3122 2042 non
3143 1985 3315 2041 etiam
3343 1984 3703 2058 predestina-

414 2075 526 2132 rito
551 2076 1007 2148 reprehenditur.
1041 2077 1164 2134 Nec
1194 2077 1344 2134 enim
1375 2079 1544 2146 Deus,
1567 2080 1663 2152 qui
1688 2079 1923 2152 justitiae
1951 2097 2018 2136 ac
2096 2080 2194 2149 vit,
2227 2095 2351 2152 quae
2379 2094 2483 2134 nec
2509 2078 2632 2150 ipsa
2659 2077 2810 2144 fecit,
2841 2093 2945 2132 nec
2974 2082 3040 2132 ut
3075 2076 3388 2131 faceremus
3432 2074 3636 2146 exegit.
3671 2093 3698 2127 ι

411 2161 680 2221 bonitatis
695 2169 898 2222 auctor
923 2170 1028 2233 est,
1059 2171 1120 2222 et
1145 2167 1308 2236 cujus
1327 2167 1520 2223 omnia
1538 2171 1754 2224 statuta
1779 2174 1838 2224 et
1861 2185 2018 2224 man-
2098 2169 2200 2224 His
2228 2185 2362 2239 ergo
2391 2166 2654 2222 omnibus
2681 2166 2762 2222 ita
2791 2183 2858 2221 ex
2889 2165 3064 2221 sacris
3093 2163 3416 2220 doctoribus
3451 2163 3701 2236 probatis

413 2251 546 2310 data
569 2259 768 2310 contra
793 2259 1084 2327 peccatum
1121 2260 1274 2323 sunt,
1321 2271 1660 2330 quemquam
1706 2257 1778 2312 ad
1828 2273 2018 2330 pecca-
2098 2262 2268 2330 atque
2295 2257 2355 2312 in
2385 2255 2622 2311 diversis
2646 2254 2928 2328 opusculis
2954 2254 3072 2310 suis
3115 2253 3334 2310 diverso
3373 2253 3541 2325 style,
3587 2269 3702 2308 non

412 2346 538 2398 tum
565 2357 784 2414 cogere,
818 2348 877 2398 et
899 2341 970 2398 ab
1008 2343 1332 2400 innocentia
1372 2344 1432 2400 in
1473 2345 1724 2402 facinora
1771 2346 2020 2419 praecipi-
2098 2345 2320 2402 diversa
2347 2345 2475 2412 ﬁde,
2507 2343 2780 2418 probatis,
2813 2343 3022 2400 bonum
3054 2342 3194 2398 mihi
3235 2343 3458 2398 videtur
3502 2347 3569 2397 ut
3605 2358 3703 2396 no-

413 2437 538 2487 tare
564 2431 877 2488 credendus
899 2436 1004 2488 est.
1034 2431 1094 2488 Si
1121 2433 1217 2505 qui
1245 2439 1437 2490 autem
1462 2438 1580 2489 tam
1594 2435 1883 2507 profundae
1908 2436 2017 2490 im-
2097 2434 2225 2491 velli
2253 2435 2511 2490 doctores
2549 2439 2870 2490 sanctorum
2917 2434 3150 2488 Patrum
3197 2438 3254 2486 et
3298 2431 3703 2486 catholicorum

413 2519 643 2594 pietatis
667 2526 820 2588 sunt,
851 2525 917 2576 nt
945 2525 1105 2577 extra
1145 2521 1460 2578 remedium
1508 2523 1876 2596 correptionis
1923 2525 2019 2580 ha-
2098 2523 2390 2580 doctorum
2413 2529 2726 2596 sequantur
2769 2523 3018 2594 vestigia,
3061 2538 3174 2577 non
3219 2538 3254 2576 a
3291 2526 3444 2576 recto
3471 2521 3704 2576 tramite

409 2605 673 2676 beantur,
726 2625 841 2665 non
885 2626 922 2664 a
960 2609 1078 2666 Deo
1120 2608 1470 2667 incrementa
1514 2611 1830 2685 iniquitatis
1879 2613 2020 2669 acci-
2099 2629 2297 2668 eorum
2329 2613 2652 2668 traditionis
2678 2612 2736 2667 in
2767 2612 2976 2667 erroris
3013 2611 3176 2666 devia
3211 2610 3535 2665 secedentes
3586 2627 3706 2664 cor-

411 2696 598 2770 piunt,-
628 2696 728 2752 sed
763 2713 868 2770 per
889 2698 1222 2771 semetipsos
1259 2699 1567 2756 deteriores
1603 2702 1766 2770 ﬁunt,
1799 2701 1896 2774 qui
1926 2719 2019 2758 re-
2099 2707 2272 2756 ruant
2314 2719 2327 2756 :
2376 2701 2527 2774 quia,
2576 2717 2734 2756 sacra
2779 2701 3069 2772 Scriptura
3124 2699 3361 2765 dicente,
3412 2698 3504 2753 via
3547 2698 3706 2768 regia

412 2785 595 2858 linqui
621 2801 657 2842 a
683 2785 821 2855 Deo,
847 2791 906 2843 et
929 2785 1036 2842 sibi
1063 2803 1130 2843 ac
1158 2788 1550 2861 deceptoribus
1577 2790 1696 2846 suis
1717 2790 1866 2846 tradi
1892 2807 2019 2864 pro-
2097 2791 2472 2863 gradiendum
2514 2795 2601 2846 est
2643 2790 2731 2846 his
2781 2790 2876 2862 qui
2929 2790 3000 2845 ad
3047 2790 3222 2845 vitam
3277 2789 3470 2843 volunt
3513 2803 3707 2860 perve-

415 2879 545 2948 pter
569 2874 942 2948 praecedentia
968 2881 1200 2949 peccata
1229 2884 1578 2946 meruerunt,
1611 2884 1678 2936 ut
1716 2880 1798 2935 eis
1826 2896 2020 2952 pecca-
2100 2880 2221 2936 nire
2249 2886 2537 2946 aeternam,
2569 2897 2752 2952 neque
2782 2881 2854 2934 ad
2884 2879 3188 2943 dexteram,
3221 2893 3403 2950 neque
3450 2877 3522 2931 ad
3569 2876 3707 2931 sini-

409 2968 536 3020 tum
559 2963 637 3020 sit
665 2964 790 3038 ipsa
815 2965 986 3021 etiam
1005 2981 1174 3038 paena
1193 2968 1427 3039 peccati.
1455 2985 1482 3021 ι
1502 2969 1646 3024 Item
1671 2967 1840 3036 (Sent.
1879 2967 1964 3040 l2)
2000 2988 2012 3024 :
2100 2975 2276 3024 stram
2305 2985 2341 3024 a
2369 2985 2651 3042 quoquam
2681 2977 2894 3024 temere
2922 2968 3317 3023 declinandum
3350 2985 3362 3020 :
3396 2967 3530 3038 quia
3558 2966 3704 3021 sicut

415 3050 746 3147 s-Quidicit
773 3053 1288 3147 quibusdam
1305 3055 1534 3147 vocatis,
1563 3061 1621 3112 et
1641 3056 1729 3147 pie
1752 3058 2018 3147 justeque
2038 3059 2189 3147 Cvia
2229 3064 2383 3114 recta
2431 3059 2585 3114 ducit
2640 3059 2712 3114 ad
2754 3058 2946 3126 vitam,
2997 3058 3076 3112 sic
3122 3056 3282 3112 devia
3325 3073 3582 3112 errorum
3632 3056 3705 3109 ad

413 3139 746 3208 viventibus,
787 3141 1107 3198 obedientia
1138 3142 1504 3200 subtrahatur
1547 3151 1614 3201 ut
1656 3145 1882 3202 obedire
1925 3147 2018 3203 de-
2044 3139 2082 3147 “
2100 3152 2342 3203 mortem
2370 3149 2612 3204 tendunt
2640 3153 2990 3220 perpetuam.
3023 3147 3180 3202 Unde
3213 3146 3486 3218 propheta
3515 3145 3708 3200 Domi-

415 3228 638 3299 sistant,
669 3231 818 3287 male
845 3231 1112 3306 opinatur
1139 3233 1211 3288 de
1237 3231 1490 3290 bonitate
1516 3233 1618 3290 Dei
1646 3240 1817 3308 atque
1851 3235 2018 3307 justi-
2097 3253 2235 3293 num
2266 3242 2530 3310 precatur
2556 3237 2746 3293 dicens
2774 3255 2786 3291 :
2825 3255 2850 3287 α
2884 3235 3072 3291 Deduc
3101 3251 3211 3300 me,
3243 3235 3502 3300 Domine,
3527 3234 3586 3288 in
3614 3234 3710 3288 via

417 3317 516 3385 tia,
547 3323 615 3374 ut
638 3318 897 3376 videatur
923 3320 995 3376 ad
1022 3320 1372 3394 impietatem
1391 3322 1514 3396 pios
1534 3339 1751 3395 cogere,
1784 3329 1842 3379 et
1860 3325 2018 3380 inno-
2102 3345 2128 3379 ι
2150 3331 2269 3394 tua,
2304 3332 2363 3382 et
2390 3326 2690 3382 ambulabo
2719 3325 2778 3381 in
2802 3325 3038 3380 veritate
3082 3331 3201 3379 tua.
3241 3343 3264 3377 ›
3303 3327 3466 3388 (Ρδαι.
3503 3338 3704 3388 tmv,

415 3407 662 3464 centiam
686 3407 848 3465 boms
877 3408 1145 3478 adimere,
1177 3427 1306 3466 cum
1335 3411 1456 3485 ipse
1487 3412 1562 3468 sit
1587 3412 1815 3486 pietatis
1849 3419 2020 3486 atque
2105 3415 2211 3480 ll.)
2249 3417 2318 3472 Et
2340 3416 2474 3471 item
2511 3435 2522 3470 :
2562 3436 2584 3467 ι
2619 3415 2811 3470 Deduc
2840 3431 2950 3479 me,
2987 3413 3242 3478 Domine,
3274 3413 3334 3466 in
3371 3412 3578 3467 semita
3624 3429 3710 3466 re-

412 3494 748 3554 innocentiss
772 3497 1009 3570 largitor
1035 3503 1094 3554 et
1119 3505 1326 3556 custos.
1361 3502 1470 3567 Qui
1511 3518 1646 3574 ergo
1682 3503 1799 3558 Deo
1838 3503 2022 3559 adhic-
2113 3523 2139 3558 α
2172 3511 2282 3572 cta,
2315 3511 2546 3578 propter
2581 3503 2837 3559 inimicos
2885 3519 3059 3558 meos.
3113 3521 3138 3553 ι
3187 3505 3348 3566 (Psal.
3395 3515 3542 3567 xm,
3595 3501 3709 3567 11.)

415 3590 522 3654 ret,
551 3586 766 3660 Spiritu
789 3587 892 3644 Dei
921 3587 1148 3659 agitur:
1191 3589 1288 3663 qui
1320 3596 1512 3646 autem
1550 3609 1586 3646 a
1622 3592 1738 3647 Deo
1785 3593 2016 3660 recedit,
2102 3592 2166 3647 Et
2208 3593 2344 3648 item
2379 3611 2390 3646 :
2426 3614 2448 3645 ι
2480 3593 2644 3647 Viam
2671 3592 2987 3664 iniquitatis
3017 3607 3265 3646 amovea
3288 3607 3379 3644 me
3408 3596 3467 3644 et
3493 3590 3553 3645 in
3581 3590 3707 3660 lege

413 3675 644 3748 propria
681 3675 972 3732 voluntate
1017 3677 1244 3734 obedire
1299 3679 1540 3736 desistit.
1585 3699 1613 3735 ι
1660 3681 1803 3736 Item
1845 3680 2014 3750 (Sent.
2108 3704 2132 3732 ιι
2164 3688 2264 3738 tua
2290 3683 2557 3738 miserere
2596 3681 2726 3736 mei.
2769 3681 2934 3736 Viam
2981 3680 3233 3735 veritatis
3278 3679 3442 3750 elegi,
3489 3678 3711 3750 judicia

416 3761 504 3833 13)
541 3781 553 3818 :
591 3781 619 3817 α
650 3764 759 3831 Qui
779 3765 918 3822 dicit
943 3766 1094 3838 quod
1126 3767 1355 3840 quidam
1374 3768 1670 3825 hominum
1690 3786 1804 3826 non
1829 3771 1899 3826 ad
1915 3771 2020 3826 hoc
2111 3794 2128 3820 ι
2161 3776 2262 3826 tua
2290 3787 2400 3826 non
2427 3787 2554 3826 sum
2584 3769 2807 3825 oblitus.
2846 3789 2871 3821 »
2910 3769 3078 3839 (I’sal.
3113 3783 3266 3833 xvm,
3298 3767 3387 3835 29,
3420 3767 3538 3836 30.)
3569 3768 3707 3832 Quae

416 3868 454 3908 a
479 3853 597 3909 Deo
625 3853 800 3910 creati
819 3859 954 3911 sunt
989 3861 1055 3912 ut
1089 3854 1263 3912 vitam
1301 3857 1684 3930 adipiscantur
1722 3864 2012 3927 mternam,
2101 3859 2175 3915 sit
2203 3866 2393 3916 autem
2425 3861 2541 3915 haec
2567 3859 2657 3914 via
2684 3864 2855 3924 recta,
2889 3863 2948 3912 et
2976 3858 3064 3912 via
3093 3857 3361 3924 veritatis,
3394 3857 3521 3930 ipsa
3546 3857 3707 3911 Veri-

415 3940 516 3998 sed
544 3946 610 3998 ut
635 3941 892 4000 habitum
919 3945 1312 4000 tantummodo
1331 3947 1518 4002 seculi
1538 3949 1830 4020 praesentis
1857 3966 2019 4004 orna-
2099 3954 2188 4004 tas
2209 3949 2267 4004 in
2299 3949 2598 4020 Evangelia
2629 3947 2875 4003 ostendit
2903 3947 3093 4002 dicens
3118 3965 3129 4000 :
3155 3966 3181 3999 ‹‹
3213 3947 3328 4016 Ego
3356 3962 3485 4001 sum
3514 3946 3625 4010 via,
3649 3953 3709 4000 et

414 4035 562 4098 rent,
603 4037 662 4087 et
696 4031 770 4086 ad
795 4032 1100 4088 utilitatem
1127 4041 1497 4090 nascerentur
1522 4036 1784 4104 aliorum,
1816 4038 2019 4094 melius
2105 4053 2131 4090 α
2163 4037 2387 4104 veritas,
2420 4043 2478 4092 et
2505 4036 2619 4091 vita
2643 4037 2818 4106 (Joan.
2852 4053 2959 4102 xxv,
2977 4036 3052 4105 6).
3087 4053 3115 4087 ν
3143 4056 3165 4086 ι
3198 4035 3305 4100 Qui
3333 4035 3596 4107 sequitur
3611 4051 3704 4090 me

415 4119 746 4191 loqueretur
771 4119 962 4176 dicens
988 4120 1138 4193 quod
1167 4122 1337 4191 Deus,
1381 4123 1478 4195 qui
1525 4130 1746 4180 creator
1774 4132 1861 4182 est
1896 4143 2021 4183 om-
2107 4139 2130 4178 ι
2165 4143 2278 4181 non
2303 4126 2556 4182 ambulat
2583 4126 2642 4181 in
2669 4125 2934 4192 tenebris,
2963 4125 3060 4206 sed
3089 4123 3318 4179 habebit
3352 4125 3549 4179 lumen
3578 4125 3705 4180 vita:

417 4208 596 4276 nium,
628 4225 742 4264 non
769 4209 982 4265 frustra
1010 4209 1182 4266 etiam
1209 4227 1306 4267 eos
1334 4212 1540 4269 condat
1576 4229 1716 4286 quos
1767 4214 2024 4288 previdit
2105 4231 2133 4268 α
2171 4217 2350 4282 (Joan.
2376 4230 2496 4282 vni,
2535 4215 2642 4284 1‘2).
2670 4233 2695 4266 »
2722 4214 2792 4269 Et
2809 4213 2942 4267 alibi
2975 4231 2986 4266 :
3027 4233 3048 4262 ι
3086 4213 3200 4284 Ego
3222 4229 3368 4278 sum,
3387 4213 3596 4285 inquit,
3620 4230 3707 4268 os-

413 4297 543 4354 vitm
584 4303 809 4354 aeternae
864 4299 1165 4373 participes
1214 4317 1328 4357 non
1372 4301 1612 4370 futuros,
1669 4304 1804 4376 quia
1848 4304 2021 4360 etiam
2107 4322 2134 4356 ί(
2164 4304 2327 4359 tium.
2360 4305 2470 4359 Per
2492 4321 2583 4358 me
2613 4303 2660 4358 si
2685 4302 2810 4374 quis
2837 4301 3137 4366 introierit,
3163 4301 3470 4356 salvabitur
3499 4290 3607 4357 {et
3631 4301 3714 4357 in-

417 4387 480 4443 in
501 4387 668 4444 malis
693 4387 1018 4444 hominibus
1039 4388 1249 4446 bonum
1268 4389 1370 4446 Dei
1391 4407 1531 4464 Opus
1551 4400 1638 4448 est
1655 4393 1780 4466 ipsa
1796 4399 2018 4461 natum,
2037 4401 2088 4464 1)
2111 4409 2138 4443 α
2169 4392 2477 4463 gredietur,
2529 4397 2586 4446 et
2626 4391 2964 4462 egredietur,
3025 4395 3084 4445 et
3117 4407 3324 4462 pascua
3369 4389 3641 4445 inveniet.
3684 4409 3707 4442 ι

361 4527 371 4534 .
421 4483 482 4532 et
507 4476 806 4534 laudabilis
832 4483 918 4534 est
945 4477 1004 4534 in
1043 4478 1347 4552 impiorum
1382 4480 1744 4537 damnatione
1776 4482 2018 4553 justitia.
2108 4483 2290 4547 (Joan.
2324 4497 2378 4548 x,
2411 4481 2489 4549 9.)
2527 4481 2626 4535 Ille
2656 4485 2844 4535 autem
2878 4479 2973 4550 qui
2999 4479 3152 4544 dicit,
3186 4479 3331 4534 sicut
3355 4479 3719 4552 praedicanda

419 4567 548 4623 Non
585 4573 774 4639 potest
799 4574 989 4624 autem
1017 4568 1220 4624 merito
1243 4569 1580 4642 reprehendi
1599 4571 1693 4643 qui
1716 4571 1853 4626 dicit
1871 4573 2021 4644 quod
2106 4568 2304 4641 pietas,
2351 4569 2640 4642 pudicitia,
2689 4575 2747 4622 et
2784 4568 3046 4634 charitas,
3098 4573 3156 4622 et
3194 4574 3407 4622 caetera:
3455 4567 3708 4633 virtutes,

421 4653 592 4710 etiam
622 4655 821 4711 talium
851 4655 1170 4712 conditione
1186 4658 1430 4714 mundus
1454 4665 1706 4725 ornetur,
1731 4666 1788 4715 et
1809 4661 1953 4732 quod
1973 4662 2020 4718 si
2105 4657 2184 4713 ita
2215 4659 2632 4731 praedestinatio
2659 4657 3016 4730 przedicanda
3044 4663 3147 4722 est,
3175 4664 3240 4712 ut
3260 4658 3353 4728 qui
3385 4656 3715 4712 obcdienter

421 4743 519 4818 qui
537 4743 644 4800 sibi
673 4761 778 4800 sua
803 4745 1104 4818 iniquitate
1133 4747 1374 4802 nocituri
1404 4754 1556 4815 sunt,
1598 4749 1667 4803 ad
1715 4749 2015 4806 utilitatem
2103 4751 2219 4804 haec
2244 4749 2421 4812 audit,
2448 4766 2560 4802 non
2582 4748 2639 4802 in
2660 4748 2906 4813 homine,
2931 4765 2994 4802 ac
3016 4764 3114 4819 per
3136 4748 3240 4802 hoc
3273 4764 3343 4801 ne
3380 4746 3440 4801 in
3478 4764 3539 4801 se
3569 4747 3708 4818 ipso,

421 4839 728 4892 nascantur
753 4834 1012 4890 aliorum.
1036 4835 1232 4908 Neque
1252 4836 1400 4892 enim
1432 4837 1742 4910 quamlibet
1767 4839 2022 4896 innume~
2102 4839 2199 4894 sed
2219 4839 2277 4892 in
2307 4838 2543 4892 Domino
2566 4837 2858 4908 glorietur,
2892 4836 3032 4890 bene
3060 4837 3163 4890 hoc
3197 4835 3348 4900 dicit,
3383 4835 3431 4889 si
3463 4835 3718 4890 discrete

423 4923 618 4980 rabilis
637 4923 940 4979 multitudo
962 4923 1263 4996 impiorum
1283 4925 1545 4981 indecora
1567 4932 1652 4982 est
1671 4929 1900 4996 mundo,
1923 4936 2024 4985 aut

423 5010 640 5068 inutilis
668 5011 770 5068 Dei
801 5029 994 5085 regno,
1029 5028 1158 5068 cum
1193 5013 1366 5070 etiam
1411 5032 1512 5087 per
1545 5016 1798 5088 ipsorum
1837 5019 2026 5075 veniat

421 5101 790 5176 propaginem
818 5103 1210 5174 regeneranda
1235 5104 1546 5176 generatio,
1576 5112 1632 5160 et
1673 5106 1732 5162 in
1769 5107 1849 5162 eis
1889 5110 2027 5164 tole-

422 5191 616 5248 iandis
642 5208 708 5248 ac
736 5191 1038 5264 diligendis
1065 5191 1306 5264 populus
1327 5193 1429 5249 Dei
1472 5194 1572 5248 ﬁat
1612 5194 1902 5264 illustrior,
1945 5198 2026 5252 di-

423 5296 584 5336 scens
611 5280 923 5338 bonitatem
952 5286 1010 5337 et
1037 5281 1370 5354 patientiam
1403 5281 1474 5337 ab
1501 5283 1600 5338 illo
1631 5284 1724 5356 qui
1757 5285 1901 5356 pluit
1929 5304 2025 5342 su-

425 5385 526 5440 per
576 5370 762 5441 justos
807 5376 866 5426 et
907 5371 1166 5442 injustas,
1214 5375 1272 5428 et
1307 5372 1483 5428 solem
1515 5389 1680 5429 suum
1723 5375 1857 5429 oriri
1894 5376 2028 5432 facit

425 5473 595 5530 super
621 5458 798 5514 honos
826 5465 885 5514 et
912 5461 1108 5515 malos.
1145 5479 1172 5514 ιι
1208 5462 1347 5517 Item
1371 5461 1547 5530 (Sent.
1586 5462 1672 5524 14)
1706 5483 1716 5516 :
1747 5484 1770 5514 α
1805 5464 1910 5530 Qui
1938 5466 2025 5521 di-

422 5545 504 5600 cit
529 5546 678 5618 quod
710 5547 808 5618 qui
840 5548 1172 5619 evangelicae
1199 5549 1584 5622 predicationi
1624 5568 1736 5606 non
1766 5552 2020 5618 credunt,

425 5649 492 5688 ex
533 5632 634 5689 Dei
665 5633 1155 5706 pmdestinatione
1185 5653 1297 5694 non
1326 5639 1574 5706 credant,
1611 5646 1668 5697 et
1695 5641 1845 5715 quod
1874 5642 2023 5700 Deus

2104 4933 2163 4983 et
2193 4927 2500 4982 secundum
2518 4926 2839 4981 auditorum
2872 4925 3214 4996 qualitatem
3261 4925 3715 4996 praedicationem

2106 5033 2267 5072 suam
2322 5021 2620 5088 temperat,
2673 5032 2742 5070 ne
2790 5015 2932 5069 forte
2987 5014 3250 5068 inﬁrmus
3312 5013 3541 5068 auditor
3585 5014 3712 5068 inde

2109 5104 2434 5160 scandalum
2484 5109 2672 5160 sumat
2717 5103 2864 5158 unde
2903 5102 3099 5157 debuit
3141 5103 3312 5156 vitam
3356 5102 3607 5156 haurire.
3648 5103 3710 5158 In

2109 5195 2410 5250 scrutando
2440 5200 2630 5249 autem
2686 5199 2744 5248 et
2796 5192 3120 5248 meditando
3164 5193 3482 5264 Scripturas
3526 5208 3716 5246 sacras

2109 5289 2343 5358 Oportet
2372 5284 2633 5337 lectorem
2661 5289 2824 5338 caute
2854 5289 2912 5336 et
2935 5281 3243 5354 prudenter
3265 5298 3452 5352 agere,
3480 5298 3551 5336 ne
3569 5282 3712 5336 forte

2110 5373 2249 5428 velit
2279 5373 2406 5444 plus
2426 5389 2623 5444 sapere
2655 5388 2822 5444 quam
2853 5376 3072 5444 oportet
3110 5387 3324 5442 sapere,
3378 5371 3474 5425 sed
3517 5387 3710 5442 sapere

2111 5464 2182 5517 ad
2212 5462 2574 5516 sobrietatem
2606 5467 2663 5514 et.
2683 5463 2990 5516 secundum
3039 5460 3310 5514 rationem
3349 5459 3500 5514 ﬁdei.
3557 5459 3708 5515 Unde

2109 5551 2284 5606 etiam
2315 5551 2614 5622 Sapientia
2642 5567 2743 5621 per
2777 5548 3070 5622 parabolas
3099 5549 3262 5602 docet
3288 5548 3480 5603 dicens
3505 5566 3517 5600 :
3546 5565 3570 5596 α
3603 5546 3706 5602 Mel

2109 5661 2134 5695 α
2163 5638 2440 5704 invenisti,
2477 5639 2704 5693 comede
2730 5639 2878 5710 quod
2918 5637 3124 5692 sufﬁcit
3151 5637 3274 5703 tibi,
3323 5653 3393 5691 ne
3413 5635 3581 5696 .forte
3623 5652 3682 5689 sa
