3958 6170
255 354 400 413 1561

1710 360 2092 418 ΕΡῙδἸὉΙΛΕ.

3405 359 3427 412 i
3437 356 3543 414 562

252 500 282 534 α
317 482 494 536 tiatus
525 495 750 535 evomas
777 479 936 547 illud,
994 487 1051 536 et
1097 484 1354 554 perjures
1406 499 1609 539 nomen
1656 486 1774 539 Dei.
1828 489 1920 546 »Α
1940 485 2188 557 parvulis
2218 479 2498 538 mentibus
2518 483 2761 554 tegenda
2791 489 2877 538 est
2893 483 3009 539 alta
3031 483 3284 551 scientia,
3306 499 3377 538 ne
3395 483 3548 538 unde

251 571 439 638 (Prov.
474 583 601 636 xxv,
646 567 761 638 16.)
805 570 874 625 Et
909 570 1168 625 similiter
1207 571 1304 642 qui
1337 571 1499 626 docet
1541 572 1732 634 alium,
1779 574 1857 627 sic

249 657 425 714 debet
452 675 778 714 sermonem
799 660 1066 714 doctrinae
1096 670 1432 732 temperare,
1469 667 1533 715 ut
1561 661 1656 732 qui
1700 663 1860 716 audit

249 764 448 802 verum
481 747 694 812 audiat,
730 753 786 802 et
816 748 909 819 qui
931 748 1089 802 audit
1108 749 1423 819 intelligat:
1458 749 1536 802 sic
1557 750 1704 804 enim
1728 767 1858 821 apo-

249 836 513 891 stolicam
534 837 772 891 formam
786 837 844 891 in
855 838 1102 892 docendo
1125 845 1338 891 servat:
1357 839 1504 908 quod
1523 839 1857 909 quibusdam

249 923 606 980 auditoribus
637 925 752 980 suis
781 926 895 980 ait:
920 945 945 977 α
969 927 1102 997 Ego,
1129 927 1350 992 fratres,
1376 943 1489 980 non
1520 928 1678 998 potui
1707 928 1859 982 vobis

255 1033 283 1068 ι
318 1014 474 1087 loqui
505 1016 666 1086 quasi
695 1015 1099 1087 spiritualibus,
1141 1016 1237 1068 sed
1283 1016 1442 1086 quasi
1492 1017 1809 1070 carnalibus
1842 1035 1853 1070 :

255 1123 282 1155 ι
313 1109 590 1175 tanquam
613 1105 856 1176 parvulis
878 1105 937 1158 in
959 1105 1181 1159 Christo
1203 1105 1285 1158 lac
1309 1104 1462 1158 vobis
1490 1111 1683 1176 potum
1706 1106 1854 1172 dedi,

256 1212 281 1244 ι
313 1209 430 1247 non
459 1209 666 1247 escam.
700 1193 961 1247 Nondum
993 1193 1140 1246 enim
1177 1193 1465 1264 poteratis,
1501 1194 1596 1247 sed
1625 1210 1725 1247 nec
1757 1193 1857 1246 ad-

256 1298 284 1335 c
314 1281 430 1335 huc
461 1281 688 1352 quidem
713 1281 962 1352 potestis.
995 1281 1337 1353 Sapientiam
1366 1287 1555 1336 autem
1577 1282 1860 1353 loquimur

257 1389 282 1420 ι
315 1368 469 1424 inter
497 1369 772 1440 perfectos
806 1389 816 1423 :
857 1371 1194 1442 sapientiam
1226 1377 1416 1424 autem
1442 1388 1554 1425 non
1575 1371 1742 1441 hujus
1762 1389 1860 1426 sae-

257 1477 282 1508 σ
315 1459 450 1521 culi,
471 1475 653 1530 neque
672 1458 987 1530 principum
1007 1459 1212 1525 saeculi,
1236 1459 1710 1530 quidestruuntur
1727 1479 1739 1528 ;
1759 1460 1856 1513 sed

258 1567 280 1597 ι
321 1547 610 1618 loquimur
632 1547 734 1602 Dei
755 1547 1088 1619 sapientiam
1112 1547 1170 1601 in
1186 1548 1472 1619 mysterio,
1496 1566 1618 1619 quae
1631 1549 1858 1603 abscon-

259 1655 283 1686 ι
314 1635 436 1690 dita
465 1641 568 1701 est,
601 1653 769 1708 quam
797 1636 1213 1708 praedestinavit
1241 1637 1390 1691 Deus
1417 1643 1548 1691 ante
1577 1638 1780 1692 saecula
1799 1638 1857 1692 in

1938 591 2032 628 cor
2060 573 2380 628 docentium
2411 573 2480 627 ad
2507 590 2731 626 summa
2757 574 3054 636 attollitur,
3081 574 3209 627 inde
3241 571 3542 628 inﬁrmitas

1937 663 2259 717 auditorum
2279 663 2348 716 ad
2371 663 2482 715 ima
2502 661 2823 716 delabatur?
2851 683 2872 712 ι
2902 663 3025 716 Non
3044 664 3231 716 omnia
3245 678 3544 734 possumus

1938 769 2150 806 omnes.
2181 753 2290 806 Sed
2317 751 2704 822 unusquisque
2744 757 3000 805 nostrum
3046 751 3334 822 proprium
3374 751 3546 804 habet

1939 841 2146 895 donum
2179 857 2242 894 ex
2275 841 2410 903 Deo,
2444 839 2588 892 alius
2631 841 2728 900 sic,
2777 840 2920 893 alius
2963 857 3093 893 vero
3140 841 3238 894 sic.
3287 840 3444 895 Unde
3487 844 3545 894 et

1943 930 2195 984 Salvator
2223 929 2280 982 in
2315 928 2615 998 Evangelio
2636 929 2903 982 dixinitus
2923 929 2992 982 ad
3015 929 3119 982 hoc
3141 929 3544 1000 discipulorum

1941 1035 2169 1072 suorum
2190 1017 2996 1089 perpendensimbecillitatem
3019 1018 3100 1072 ait
3117 1037 3128 1071 :
3145 1018 3378 1072 «Adhue
3404 1017 3544 1070 mul-

1945 1127 1967 1157 ¢
2002 1112 2060 1160 ta
2089 1106 2266 1160 habeo
2297 1106 2449 1159 vobis
2487 1105 2689 1173 dicere,
2735 1107 2830 1160 sed
2880 1124 2989 1161 non
3040 1107 3273 1178 potestis
3317 1112 3543 1178 portare
3570 1089 3583 1098 ‘

1945 1217 1966 1248 ι
2005 1196 2169 1249 modo
2205 1214 2214 1248 :
2245 1211 2372 1248 cum
2405 1201 2595 1248 autem
2621 1196 2836 1249 venerit
2867 1195 2961 1249 ille
2993 1196 3240 1268 Spiritus
3268 1194 3540 1259 veritatis,

1947 1303 1968 1333 α
2003 1282 2241 1337 docebit.
2283 1303 2303 1332 η
2339 1288 2448 1337 etc.
2480 1285 2655 1350 (Joan.
2693 1297 2804 1349 xvi,
2833 1281 2944 1344 12.)
2986 1284 3042 1338 Si
3085 1284 3235 1338 enim
3273 1284 3545 1338 Dominus

1942 1380 2136 1428 noster
2161 1372 2482 1426 auditorum
2514 1389 2743 1426 suorum
2776 1372 3047 1443 pensabat
3069 1373 3416 1442 qualitatem,
3447 1373 3542 1444 qui

1940 1481 2042 1518 nos
2072 1479 2267 1517 sumus
2304 1467 2368 1515 ut
2412 1461 2468 1515 in
2517 1461 2778 1516 omnibus
2828 1462 3014 1516 omnia
3064 1463 3354 1534 aequaliter
3399 1479 3542 1534 prae-

1939 1552 2178 1606 dicanda
2205 1568 2326 1606 esse
2359 1550 2728 1604 censeamus?
2767 1551 3005 1605 Maxime
3045 1568 3172 1604 cum
3204 1551 3322 1622 ipse
3349 1551 3543 1606 Domi-

1941 1657 2048 1695 nus
2078 1641 2229 1694 dicat
2259 1658 2269 1692 :
2309 1661 2330 1689 ι
2365 1639 2472 1704 Qui
2500 1639 2960 1694 scandalizaverit
3000 1657 3175 1694 unum
3216 1640 3286 1693 de
3326 1639 3544 1712 pusillis

257 1743 281 1776 ι
313 1723 499 1795 gloria
528 1730 721 1779 nostra
761 1727 809 1792 (1
838 1727 959 1780 Cor.
994 1740 1077 1790 In,
1117 1725 1138 1778 'l
1175 1728 1327 1794 δρψ).
1369 1745 1392 1776 ι)
1435 1726 1594 1780 Unde
1635 1730 1692 1780 et
1730 1726 1861 1781 alibi
1886 1798 1900 1800 ξ
1948 1751 1970 1782 ι
2015 1729 2134 1784 istis
2163 1730 2258 1800 qui
2290 1729 2346 1782 in
2375 1746 2465 1782 me
2490 1729 2745 1792 credunt,
2783 1750 2802 1778 ι
2843 1734 2948 1783 etc.
2982 1728 3258 1800 [nsipiens
3295 1728 3544 1783 medicus

254 1812 710 1884 idemApostolus
720 1813 1194 1889 hortaturdicens:
1210 1834 1228 1862 ι
1241 1814 1640 1868 Omniavestra
1651 1815 1720 1868 ad
1733 1816 1862 1869 aedi-
1885 1798 2028 1874 Best
2046 1819 2140 1890 qui
2171 1798 2451 1886 malagma
2465 1833 2628 1871 suum
2652 1817 2734 1871 ita
2747 1817 2969 1882 format,
2995 1823 3060 1872 ut
3075 1798 3399 1888 impositum
3420 1832 3542 1871 ma-

257 1921 281 1952 ι
306 1902 629 1957 ﬁcationem
651 1903 808 1969 fiant,
832 1909 890 1958 et
902 1903 1094 1958 omnia
1115 1903 1348 1957 honeste
1368 1919 1433 1956 ac
1445 1903 1752 1957 secundum
1774 1919 1861 1957 or-

256 2007 282 2040 a
302 1989 496 2045 dinem
508 1992 665 2046 ﬁant.
677 2011 700 2043 »
711 1993 759 2058 (Ι
775 1994 894 2046 Cor.
905 1989 1136 2059 x1v,"iO.)
1161 1991 1304 2045 Hinc
1321 1991 1547 2062 quidam
1561 1992 1853 2045 doctorum

253 2079 566 2134 rectissime
585 2079 696 2134 ait:
723 2080 908 2134 Dolosi
931 2085 1122 2134 autem
1144 2081 1230 2133 vel
1256 2079 1502 2151 imperiti
1527 2080 1726 2134 medici
1748 2083 1856 2149 est,

252 2168 429 2222 etiam
462 2168 600 2222 utile
639 2169 1111 2224 medicamentum
1137 2168 1215 2220 sic
1240 2167 1490 2238 alligare,
1515 2175 1579 2223 ut
1601 2174 1721 2223 arte
1744 2185 1855 2223 non

251 2256 434 2330 possit
452 2256 681 2312 absolvi.
708 2257 867 2313 Unde
889 2257 1018 2312 etin
1036 2258 1159 2329 lege
1179 2257 1354 2311 veteri
1374 2274 1476 2330 per
1493 2259 1724 2329 Moysen
1743 2258 1857 2312 Do-

252 2345 447 2401 minus
463 2345 698 2401 mandat
714 2345 904 2400 dicens
925 2364 936 2398 :
959 2367 979 2397 ι
1005 2346 1063 2401 Si
1087 2346 1211 2418 quis
1234 2345 1517 2417 aperuerit
1532 2348 1830 2402 cisternam
1841 2389 1854 2413 ,

259 2454 282 2487 ι
320 2440 380 2490 et
399 2434 620 2501 foderit,
646 2441 704 2489 et
722 2452 832 2490 non
856 2435 1141 2506 operuerit
1171 2451 1314 2501 eam,
1347 2435 1719 2507 cecideritque
1758 2436 1858 2490 bos

256 2543 281 2575 ι
318 2529 422 2579 aut
449 2524 641 2579 asinus
678 2523 736 2578 in
770 2541 914 2590 eam,
946 2524 1132 2578 reddit
1158 2524 1417 2578 dominus
1443 2525 1699 2579 cisternae
1730 2542 1856 2596 pre-

256 2631 282 2664 c
317 2613 463 2668 tium
487 2613 896 2685 jumentorum.
931 2631 958 2664 ›)
994 2613 1181 2680 (Exod.
1215 2627 1330 2678 XXI,
1361 2610 1482 2685 33.)
1511 2613 1685 2683 Cujus
1715 2617 1857 2683 ﬁgu-

254 2717 334 2756 rae
397 2701 751 2773 mysterium-
792 2702 987 2756 beatus
1045 2701 1349 2771 Gregorius
1401 2702 1627 2773 exponit
1673 2701 1862 2756 dicens

262 2791 487 2857 (Μοναι.
504 2804 673 2857 xxvu,
700 2790 786 2859 ’14)
813 2808 824 2843 :
856 2810 879 2841 ι
905 2790 1050 2854 Quid
1062 2795 1149 2844 est
1165 2789 1385 2862 aperire
1407 2791 1728 2856 cisternam,
1753 2791 1861 2845 nisi

255 2878 549 2934 intellectu
577 2879 760 2933 valido
783 2879 1085 2951 Scriptura:
1113 2897 1317 2933 arcana
1345 2885 1640 2950 penetrare
1663 2881 1687 2932 ?
1715 2879 1861 2944 Quid

251 2973 449 3023 autem
470 2985 572 3040 per
590 2967 784 3023 bovem
807 2975 864 3022 et
880 2969 1120 3030 asinum,
1145 2969 1198 3022 id
1217 2973 1304 3023 est
1315 2969 1586 3024 mundum
1613 2970 1861 3024 immun-

259 3056 511 3130 dumque
533 3058 765 3124 animal,
802 3057 910 3112 nisi
943 3057 1122 3111 ﬁdelis
1153 3059 1388 3128 quisque
1417 3064 1474 3112 et
1501 3058 1743 3112 inﬁdelis
1767 3075 1861 3113 ac-

1938 1908 2026 1978 gis
2054 1911 2254 1961 noceat
2285 1922 2451 1976 quam
2483 1905 2740 1976 expediat
2785 1911 3015 1975 aagroto.
3071 1905 3308 1976 Sapiens
3354 1910 3543 1959 autem

1937 1996 2186 2050 medicus
2216 1995 2459 2065 primum
2484 1993 3144 2065 exploratzegritudinem
3166 1993 3536 2056 inﬁrmitatis,

1937 2091 1994 2139 et
2022 2085 2102 2139 sic
2123 2084 2263 2138 bene
2282 2083 2650 2154 temperando
2667 2084 2831 2152 juxta
2853 2082 3182 2154 qualitatem
3195 2081 3542 2151 aegritudinis

1938 2173 2166 2228 adhibet
2197 2172 2533 2227 medicinam
2564 2171 2780 2225 salutis.

2013 2262 2140 2316 Hmc
2170 2277 2324 2331 ergo,
2357 2260 2533 2314 amice
2563 2259 2911 2323 charissime,
2947 2258 3072 2312 ideo
3101 2257 3202 2312 tibi
3230 2257 3444 2328 scripsi,
3477 2262 3544 2312 ut

1938 2367 2300 2422 cognosceres
2322 2349 2486 2420 quale
2504 2349 2829 2402 scandalum
2851 2347 2920 2402 de
2941 2347 3051 2401 illis
3077 2345 3330 2418 partibus
3351 2345 3542 2416 opinio

1937 2441 2166 2495 veniens
2187 2439 2240 2492 in
2266 2438 2372 2492 hoc
2396 2439 2600 2509 populo
2619 2437 2988 2507 generaverit,
3013 2441 3072 2490 et
3099 2435 3144 2490 si
3165 2435 3290 2506 quis
3308 2451 3542 2491 manens

1941 2529 2090 2600 apud
2113 2533 2169 2582 te
2197 2527 2362 2582 docet
2389 2543 2512 2598 qua:
2540 2533 2705 2580 recta:
2737 2525 2864 2579 ﬁdei
2899 2531 3033 2580 sunt
3073 2524 3373 2591 contraria,
3408 2541 3540 2596 pro-

1944 2617 2136 2672 hibeas
2167 2633 2315 2684 eum,
2347 2620 2412 2670 ut
2449 2621 2628 2670 cesset
2668 2614 2737 2668 ab
2777 2615 2880 2668 hac
2919 2621 3090 2680 secta,
3133 2613 3396 2684 dicasque
3438 2613 3491 2668 ei
3524 2631 3537 2668 :

1945 2707 2104 2771 Vide,
2132 2706 2324 2770 frater,
2359 2722 2429 2760 ne
2458 2706 2560 2758 hac
2594 2704 2820 2758 licentia
2852 2709 2952 2758 tua
2982 2703 3036 2757 in
3076 2703 3432 2775 praedicando
3457 2700 3544 2757 of-

1945 2795 2283 2850 fendiculum
2315 2795 2414 2848 ﬁat
2443 2793 2701 2860 inﬁrmis,
2733 2798 2790 2846 et
2818 2799 2916 2847 tuo
2946 2793 3210 2862 dogmate
3237 2808 3308 2846 ne
3339 2791 3541 2863 perdas

1944 2901 2074 2939 eum
2096 2901 2195 2956 pro
2217 2901 2326 2955 quo
2346 2883 2602 2937 Christus
2620 2889 2876 2937 mortuus
2895 2887 2998 2947 est,
3015 2883 3146 2952 quia
3167 2881 3398 2951 sanguis
3419 2881 3542 2950 ejus

1944 2972 2264 3044 requiretur
2295 2971 2362 3024 de
2395 2987 2564 3024 manu
2594 2976 2710 3024 tua.
2741 2970 2973 3025 Conﬁdo
2999 2970 3149 3024 enim
3178 2975 3251 3034 te,
3279 2968 3364 3022 vir
3381 2983 3543 3022 vene-

1945 3062 2136 3126 rande,
2173 3061 2313 3114 bene
2341 3077 2460 3114 esse
2493 3059 2896 3126 Christianum,
2937 3076 3039 3113 nec
3077 3057 3291 3129 aliquid
3337 3061 3394 3110 te
3440 3057 3542 3110 ha-

251 3145 509 3218 cipitur?
537 3147 645 3212 Qui
675 3163 808 3218 ergo
836 3147 1137 3201 cisternam
1181 3147 1339 3202 fodit.
1385 3164 1508 3201 eam
1555 3147 1858 3220 cooperiat,
1883 3135 2078 3205 Cbere
2109 3149 2244 3203 velle
2275 3149 2332 3202 in
2361 3155 2460 3202 tua
2490 3148 2778 3202 mansione
2819 3148 2964 3218 quod
3006 3145 3304 3216 Evangelio
3333 3143 3545 3200 Christi

252 3251 330 3290 ne
359 3235 490 3291 illuc
518 3235 618 3291 bos
645 3236 728 3290 vel
757 3235 948 3290 asinus
973 3242 1118 3290 ruat.
1156 3237 1216 3290 Id
1247 3241 1338 3290 est
1362 3237 1456 3308 qui
1485 3237 1542 3290 in
1564 3255 1723 3291 sacro
1753 3238 1864 3290 elo-

253 3323 392 3396 quio
415 3323 534 3395 jam
565 3325 682 3379 alta
708 3323 989 3395 intelligit,
1023 3324 1288 3379 sublimes
1310 3342 1506 3380 sensus
1536 3342 1723 3379 coram
1749 3343 1861 3380 non

251 3411 608 3484 capientibus
637 3429 738 3484 per
766 3412 1053 3467 silentium
1085 3417 1260 3483 tegat,
1296 3429 1365 3466 ne
1399 3430 1498 3485 per
1536 3414 1860 3468 scandalum

252 3500 462 3556 mentis
490 3507 590 3556 aut
613 3501 836 3556 ﬁdelem
863 3501 1176 3572 parvulum,
1205 3508 1304 3556 aut
1323 3501 1606 3556 inﬁdelem
1630 3503 1724 3573 qui
1747 3519 1864 3556 cre-

253 3590 392 3645 dere
420 3589 714 3662 potuisset,
747 3589 1057 3646 interimat.
1090 3591 1164 3645 Ex
1195 3597 1376 3645 morte
1407 3590 1557 3645 enim
1581 3592 1864 3661 jumento-

251 3695 387 3734 rum
413 3678 582 3734 debet
609 3679 874 3750 pretium,
909 3680 1004 3750 qui
1028 3679 1164 3734 illud
1186 3679 1400 3733 scilicet
1417 3679 1710 3733 admisisse
1729 3695 1864 3732 con-

251 3767 520 3833 vincitur,
552 3768 700 3822 unde
729 3768 800 3822 ad
831 3768 1108 3840 agendam
1137 3769 1525 3840 paenitentiam
1555 3785 1684 3822 reus
1711 3773 1864 3822 tene-

250 3864 373 3914 tur.
405 3841 940 3930 Quisquis'namque
971 3857 1041 3911 ad
1073 3857 1188 3912 alta
1215 3857 1461 3911 scientiae
1501 3858 1713 3912 ﬂuenta
1741 3874 1865 3929 per-

249 3946 508 4013 veniens,
531 3963 659 4001 cum
681 3946 797 4001 haec
816 3947 964 4018 apud
995 3945 1161 4000 bruta
1182 3946 1532 4002 audientium
1555 3947 1724 4000 corda
1751 3963 1860 4001 non

251 4036 590 4103 contexerit,
631 4052 808 4108 ptenze
833 4053 962 4091 reus
993 4035 1290 4101 addicitur,
1325 4035 1372 4088 si
1404 4052 1504 4107 per
1531 4034 1702 4090 verba
1741 4036 1862 4105 ejus

252 4125 317 4180 in
339 4124 684 4189 scandalum,
716 4141 816 4179 seu
846 4123 1074 4189 munda,
1110 4141 1210 4178 seu
1251 4139 1408 4178 mens
1446 4123 1738 4178 immunda
1768 4140 1862 4177 ca-

252 4213 468 4287 piatur.
502 4213 820 4285 Operienda
857 4219 943 4267 est
971 4213 1162 4285 itaque
1192 4212 1438 4268 cisterna
1469 4230 1480 4265 :
1513 4212 1646 4284 quia
1674 4229 1862 4266 coram

1943 3239 2272 3294 adversetur
2299 3256 2312 3290 :
2344 3237 2440 3291 sed
2471 3235 2651 3305 magis
2671 3236 2775 3290 hoc
2801 3235 2950 3306 quod
2982 3235 3200 3306 placeat
3222 3233 3358 3298 Deo,
3389 3236 3448 3285 et
3473 3231 3544 3284 ad

1943 3329 2185 3382 salutem
2215 3326 2461 3398 pertinet
2483 3325 2822 3378 animarum.
2855 3324 2918 3378 In
2949 3340 3061 3394 qua
3079 3322 3364 3376 voluntate
3393 3323 3451 3373 et
3486 3318 3547 3373 in

1945 3433 2056 3486 quo
2084 3415 2270 3469 studio
2299 3414 2564 3468 divinitas
2594 3413 2816 3467 Domini
2847 3412 3026 3466 nostri
3056 3413 3186 3465 Jesu
3219 3409 3427 3464 Christi
3456 3407 3545 3462 in-

1943 3505 2221 3559 columem
2253 3503 2310 3556 in
2339 3508 2611 3556 aeternum
2643 3506 2699 3555 te
2728 3516 3056 3553 conservare
3083 3499 3364 3569 dignetur.

2499 3616 2844 3671 EPISTULA
2874 3615 2995 3669 VII.

2257 3742 2325 3778 Al)
2360 3738 2672 3778 Ll'DOYIGlIM
2709 3736 3001 3776 GERMANLE
3031 3737 3228 3775 REGE“.

1953 3834 2120 3888 Mittit
2134 3837 2256 3884 acta
2275 3840 2300 3869 ι
2336 3831 2510 3883 conci!
2517 3831 2562 3882 ii
2582 3830 2900 3895 illoguntini
2911 3843 3012 3896 pro
3020 3830 3051 3894 j
3057 3829 3250 3880 uribus
3271 3829 3320 3880 ct
3343 3828 3548 3881 inimu-

2019 3903 2287 3956 m'tatibus
2317 3902 2707 3964 ecclesiasticis,
2745 3902 2856 3968 ipso
2894 3898 3160 3968 {Ita/2.2.110)
3195 3898 3540 3966 pi‘wsidente,

2015 3975 2272 4027 celebrati
2298 3987 2448 4025 anno
2469 3973 2696 4026 Domini
2727 3972 2854 4034 857,
2896 3975 3128 4038 temporc
3169 3970 3351 4024 Leonis
3393 3983 3548 4038 papae

2018 4047 2042 4098 Ι
2060 4045 2093 4098 V
2111 4049 2157 4097 ct
2193 4044 2441 4098 Lotharii
2473 4045 2840 4110 imperatoris.

2155 4132 2316 4194 tApud
2341 4129 2516 4193 Mansi,
2543 4129 2746 4192 Concil.,
2775 4134 2892 4178 tom.
2922 4127 3050 4192 XlV,
3086 4143 3190 4192 pag.
3216 4128 3344 4184 900.)

2016 4211 2256 4268 Domino
2277 4211 2634 4266 serenissimo
2659 4217 2716 4265 et
2737 4210 3216 4265 Christianissimo
3236 4209 3354 4280 regi
3373 4209 3549 4266 Lune-

332 4353 613 4410 ‘Occasio
667 4355 837 4425 hujus
883 4354 1103 4410 concilii
1153 4355 1473 4418 celebrandi
1519 4355 1717 4410 eadem
1759 4354 1867 4410 fuit
1947 4372 2058 4410 non
2083 4355 2315 4410 minime
2344 4354 2758 4409 deturbaverat.
2781 4355 2929 4408 Nam
2957 4359 3550 4425 certamconsumma-

257 4442 388 4498 quae
411 4425 711 4481 Meldensis
743 4420 1052 4480 {nimirum
1089 4427 1236 4497 quod
1279 4443 1408 4481 cum
1451 4444 1484 4480 a
1523 4427 1678 4490 laicis
1721 4425 2122 4510 bonaDtionis
2152 4427 2338 4481 saeculi
2369 4425 2772 4506 diem,aliaque
2797 4425 3060 4540 perplura
3093 4423 3191 4478 Dei
3207 4422 3380 4504 solius
3406 4420 3551 4476 noti-

257 4497 642 4540 prnlnsinrum-
679 4499 805 4540 inm
833 4497 1044 4540 naritnr
1071 4505 1128 4540 nt
1159 4514 1424 4540 nor-gnum,
1463 4498 1684 4540 ﬂagitium
1717 4498 1866 4540 invn-
1948 4499 2022 4540 fin
2065 4499 2305 4540 ano-nite
2341 4497 2498 4540 nnnsi
2533 4496 2800 4540 divinitus
2846 4495 2890 4540 si
2913 4494 2949 4540 ’ιί
2992 4494 3254 4540 revelata-
3303 4509 3445 4540 seire
3491 4507 3550 4540 se

255 4497 645 4570 ecclesiarum,
673 4499 805 4570 jura
821 4497 1044 4570 pariter
1071 4505 1128 4552 et
1159 4514 1428 4570 personae,
1463 4498 1685 4552 assidue
1716 4498 1866 4570 inva-

256 4569 549 4629 derentur,
576 4569 645 4622 de
687 4585 756 4622 ue
779 4569 864 4621 his
884 4569 1204 4639 frequentes
1227 4569 1376 4639 apud
1409 4585 1599 4638 regem
1625 4569 1865 4639 querelze

256 4645 469 4693 essent.
495 4639 588 4693 ille
608 4586 684 4693 ad
701 4639 1045 4693 liberandam
1070 4639 1195 4693 istis
1218 4639 1381 4693 malis
1403 4640 1705 4693 Ecclesiam
1732 4656 1864 4693 con-

255 4645 469 4704 essent,
495 4639 588 4694 ille
608 4639 676 4693 ad
701 4639 1045 4693 liberandam
1070 4639 1195 4693 istis
1218 4639 1381 4693 malis
1403 4640 1705 4694 Ecclesiam
1732 4656 1864 4694 con-

253 4710 643 4792 gregarifecit
695 4711 990 4792 synodum
1022 4709 1438 4792 provincialem,
1473 4711 1562 4792 cui
1603 4711 1866 4792 Rabanus

255 4781 736 4864 aminepiscopus,
751 4783 849 4864 .vir
872 4781 1147 4864 doctrina,
1183 4781 1462 4864 probitate
1484 4788 1654 4864 atque
1683 4782 1864 4864 scien-

255 4853 343 4908 tia
371 4853 530 4924 valde
560 4853 815 4924 insignis,
850 4870 1085 4923 praeesse
1117 4853 1362 4907 deberet.
1394 4853 1499 4917 Qui
1525 4859 1725 4924 quotve
1755 4853 1868 4924 epi-

258 4923 417 4994 scopi
447 4923 578 4977 huic
606 4923 839 4977 cnncilio
888 4924 1264 4988 interfuerint,
1317 4941 1440 4994 quae
1482 4923 1862 4982 tractaverint,

1948 4499 2025 4554 tia
2065 4499 2310 4568 cognita,
2341 4497 2501 4568 quasi
2533 4491 2814 4550 divinitus
2846 4491 2951 4568 sibi
2991 4494 3254 4568 revelata,
3303 4491 3461 4568 scire
3491 4507 3550 4545 se

1949 4563 2233 4624 fatebatur
2256 4587 2268 4634 ;
2299 4563 2577 4622 et'eodem
2601 4584 2750 4620 anno
2771 4566 3030 4621 ultimum
3055 4566 3200 4618 diem
3221 4563 3416 4618 mundi
3447 4563 3550 4616 im-

1950 4641 2163 4695 minere
2193 4638 2548 4710 praedicabat.
2584 4637 2750 4710 Unde
2799 4637 2960 4691 multi
2995 4668 3002 4676 -
3014 4636 3214 4710 plebeii
3254 4635 3550 4704 utriusque

1949 4729 2133 4776 sexus,
2159 4708 2362 4764 timore
2409 4709 2786 4780 perculsiadi
2806 4708 3286 4780 eamnvenientes,
3313 4720 3551 4780 munera

1948 4783 2030 4909 irEli
2059 4775 2330 4846 ferebant,
2346 4775 2517 4850 seque
2533 4779 3040 4833 orationibusillius
3059 4775 3544 4832 commendabant.

1969 4860 2037 4909 it.
2057 4853 2202 4909 auod
2225 4851 2450 4909 gravius
2485 4856 2588 4909 est.
2614 4850 2756 4902 sacri
2788 4849 3000 4903 ordinis
3024 4848 3123 4902 viri
3149 4847 3432 4902 doctrinas
3458 4862 3544 4900 ec-

1969 4847 2037 4920 Et,
2057 4853 2202 4924 quod
2224 4847 2450 4922 gravius
2485 4856 2588 4916 est,
2614 4850 2756 4902 sacri
2788 4849 3000 4924 ordinis
3024 4848 3123 4902 viri
3148 4847 3432 4924 doctrinas
3458 4862 3550 4900 ec-

1949 4919 2290 4979 clesiasticas
2337 4927 2754 4993 postponentcs,
2792 4920 3162 4993 illamhquasi
3221 4919 3548 4993 magistram

256 4987 436 5066 atque
464 5011 565 5066 per
601 5011 843 5048 canones
892 4996 1168 5066 servanda
1209 4987 1584 5060 deﬁniverint,
1635 4996 1870 5066 epistola
1951 4996 2170 5050 coalitus
2183 4987 2519 5066 destinatam
2539 4991 2938 5066 sequebantur.
2966 4987 3094 5044 Hinc
3115 4990 3170 5066 in
3194 4987 3549 5066 praesentiam

256 5057 578 5138 synodalis,
602 5081 727 5136 qua:
775 5081 902 5138 cum
951 5065 1216 5138 subjectis
1262 5067 1534 5138 capitulis
1562 5057 1743 5138 imis-sa
1784 5071 1871 5138 est
1953 5067 2341 5138 episcoporum
2365 5064 2513 5138 apud
2540 5057 2806 5138 Sanctum
2832 5062 3112 5138 Albanum
3128 5057 3551 5138 deducta,etdi-

255 5131 712 5209 adLudovicum
759 5131 1073 5209 Germaniae
1126 5131 1349 5209 regem:
1391 5137 1685 5192 manifeste
1733 5137 1868 5209 satis
1951 5131 2276 5209 ligenterde
2303 5131 2834 5209 suisassertionibus
2849 5132 3144 5209 requisita,
3157 5131 3550 5209 presbyterum

258 5206 496 5280 indicat.
553 5207 639 5262 Ad
692 5207 848 5280 hanc,
891 5207 1061 5280 etiam
1119 5203 1394 5280 synodum
1445 5214 1678 5278 spectat,
1721 5207 1866 5280 quod
1951 5203 2253 5280 quemdam
2277 5205 2382 5260 sibi
2414 5223 2481 5259 ea
2531 5205 2876 5280 suggessisse
2921 5203 2977 5280 et
3020 5221 3080 5256 se
3132 5203 3268 5256 talia
3307 5205 3552 5280 quaestus

259 5278 612 5356 Francorum
685 5279 917 5356 annales
980 5279 1049 5334 de
1112 5271 1323 5333 femina
1379 5271 1756 5356 quaeunovani
1811 5296 1868 5332 se
1950 5271 2118 5356 causa
2161 5294 2420 5356 narrasse
2460 5271 2708 5356 professa
2757 5283 2860 5356 est.
2916 5275 3268 5356 Quapropter
3296 5271 3556 5356 synodali

259 5349 644 5422 prophetitem
697 5349 978 5422 jactabat.
1033 5367 1348 5422 munusque
1395 5343 1616 5420 publice
1664 5351 1869 5404 docen-
1946 5351 2158 5422 judicio
2180 5348 2421 5422 publicis
2453 5343 2592 5422 caesa
2620 5347 2856 5422 flagellis
2888 5343 3555 5422 ministeriumpraadica-

261 5417 324 5492 di
353 5417 410 5475 et
428 5417 795 5492 concionandi
823 5421 1152 5492 usurpabat,
1213 5417 1415 5476 notato
1444 5437 1592 5475 anno
1637 5422 1870 5476 tradunt
1948 5417 2140 5487 tionis,
2173 5417 2320 5492 quod
2351 5418 2816 5492 irrationabiliter
2829 5417 3098 5492 arripuit,
3132 5422 3190 5469 et
3217 5417 3554 5492 sibicontra

261 5491 346 5562 sic
384 5509 396 5545 :
431 5512 452 5542 ι
490 5491 694 5545 Eodem
718 5508 867 5546 anno
895 5489 995 5547 8/17
1023 5493 1225 5546 mulier
1246 5492 1500 5562 quaedam
1523 5493 1590 5545 de
1609 5493 1872 5546 Aleman-
1953 5510 2166 5546 morem
2192 5489 2645 5562 ecclesiasticum
2693 5489 3391 5562 vindicare_prtesumpsit,
3425 5503 3553 5562 cum

262 5561 377 5616 uiae
393 5562 654 5645 partibus
672 5563 899 5645 nomine
911 5557 1736 5645 leiqta.pseudoprophetissa,
1756 5563 1870 5644 Mo-
1954 5564 2221 5645 dedecore
2255 5561 2464 5645 amisit,
2509 5559 2740 5645 sinisque
2768 5557 3042 5612 vaticiniis
3071 5557 3300 5613 tandem
3322 5557 3553 5612 confusa

260 5623 598 5706 gantiacum
619 5633 789 5702 venit,
815 5649 939 5708 quae
959 5623 1274 5690 Salomonis
1294 5623 1537 5707 episcopi
1550 5623 1871 5707 parochiam
1956 5635 2122 5690 ﬁnem
2147 5631 2430 5704 imposuit.
2457 5623 2490 5684 ἰ
2525 5623 2662 5687 Sevi
2693 5631 2816 5686 BIN.
