3958 6170
456 325 592 395 1563

1039 325 1103 382 Β.
1145 323 1424 382 ΒΑΒΑΝῙ
1453 325 1684 382 MAURI
1727 323 2042 382 ARCHIEP

2126 324 2434 382 KOGUNT.
2473 324 2772 383 OPERUM
2807 325 2994 382 PARS
3029 324 3130 380 IIl.

3597 322 3737 382 1564

445 463 570 506 vico
597 466 741 506 verae
769 449 1056 521 religionis
1081 449 1473 506 strenuissimo
1502 451 1726 517 rectori,
1759 467 1823 506 ac
1852 450 2040 505 defen:
2058 452 2110 512 Α
2129 450 2312 522 primo
2332 451 2680 506 decrevimus
2699 450 3004 522 unicuique
3027 464 3280 522 personae
3307 447 3399 502 vel
3427 445 3592 503 sexui
3617 462 3744 502 oon-
3799 517 3818 531 θ

446 539 561 594 sori
590 545 796 595 sancta
826 539 928 594 Dei
957 539 1233 606 Ecclesiae,
1267 556 1382 594 una
1410 557 1537 596 cum
1583 556 1755 595 uxore
1800 544 1859 594 et
1893 540 2049 612 prole

445 643 566 695 sua,
605 629 840 701 ejusque
868 628 1145 696 ﬁdelibus,
1162 628 1275 684 vita
1293 634 1350 683 et
1378 629 1551 696 salus,
1582 630 1763 686 honor
1793 635 1850 684 et
1876 629 2045 683 bene-

443 716 634 784 dictio,
667 734 794 773 cum
825 717 1060 772 victoria
1088 717 1208 772 sine
1229 720 1338 772 ﬁne
1372 735 1657 773 mansura.

415 866 422 871 ,
517 806 872 877 Dignissimaa
921 807 1245 863 reverentiae
1300 814 1495 862 vestrae
1536 799 1899 879 patefecimus
1941 824 2042 862 nos

446 893 746 950 humillimi
775 895 970 950 famuli
997 897 1186 963 vestri,
1220 895 1484 951 Rabanus
1514 896 1784 962 videlicet,
1815 897 2045 966 Mogun-

443 983 706 1040 tiacensis
763 985 1020 1040 Ecclesiae
1076 985 1340 1057 indignus
1393 986 1862 1057 archiepiscopus,
1919 1003 2046 1040 cum

444 1073 788 1145 coepiscopis
815 1075 958 1128 meis
987 1073 1085 1146 qui
1107 1073 1178 1128 ad
1221 1074 1498 1146 praedictae
1543 1074 1798 1131 Ecclesiae
1841 1074 2047 1128 dioece-

445 1161 555 1216 sim
579 1163 900 1234 pertinent;
925 1163 1031 1218 hoc
1053 1168 1157 1229 est,
1192 1164 1471 1229 Samuele,
1509 1163 1842 1234 Egorbaldo,
1875 1164 2050 1218 Batu-

443 1255 588 1318 rato,
637 1250 887 1318 Hebone,
940 1251 1276 1318 Gorbratho,
1332 1252 1662 1320 Hammone,
1713 1251 2044 1323 Waltgario,

441 1340 738 1412 Ansgario,
799 1340 1050 1412 Otgario,
1108 1342 1378 1406 Lantone,
1430 1341 1727 1396 Salomone
1764 1346 1823 1396 et
1866 1339 2048 1396 Gebe-

445 1427 642 1496 hardo,
673 1445 802 1484 cum
845 1428 1078 1500 reliquis
1109 1428 1337 1499 collegis
1378 1429 1588 1483 nostris
1615 1427 2043 1500 chorepiscopis,

442 1515 756 1584 abbatibus,
783 1517 1090 1584 monachis,
1121 1516 1481 1589 presbyteris,
1523 1521 1581 1572 et
1625 1517 1841 1572 caeteris
1869 1517 2046 1572 eccle-

441 1605 684 1661 siasticis
715 1607 1005 1662 ordinibus
1037 1622 1051 1661 :
1085 1607 1220 1677 quia
1239 1607 1494 1662 venimus
1511 1607 1822 1661 secundum
1845 1606 2048 1678 jussio-

443 1710 574 1750 nem
594 1701 837 1750 vestram
857 1696 916 1750 in
937 1695 1220 1752 civitatem
1233 1696 1601 1767 Moguntiam,
1626 1695 1816 1768 ibique
1836 1695 2048 1768 pariter

443 1783 698 1852 adunati,
722 1790 850 1857 post
867 1785 1194 1840 triduanum
1201 1785 1503 1856 jejunium,
1521 1785 1670 1856 quod
1687 1801 1814 1840 cum
1832 1785 2045 1840 litaniis

443 1872 868 1941 celebravimus,
898 1873 1144 1929 divinam
1171 1874 1502 1947 suppliciter
1541 1873 1894 1946 postulantes
1933 1875 2047 1930 cle-

448 1961 740 2032 mentiam,
773 1967 1052 2035 quatenus
1079 1968 1271 2018 sancta
1289 1963 1477 2034 gratia
1505 1979 1609 2018 sua
1633 1969 1967 2019 conventum
1990 1967 2049 2018 et

440 2051 723 2107 actionem
777 2051 955 2125 ipsius
1011 2052 1211 2124 synodi
1266 2051 1373 2107 sibi
1423 2051 1819 2124 acceptabilem
1865 2053 2048 2109 facere

439 2140 791 2212 dignaretur,
827 2146 885 2196 et
912 2141 1234 2196 Christiano
1259 2142 1466 2214 populo
1485 2143 1850 2213 proﬁcentem
1869 2141 1940 2196 ad
1960 2158 2050 2196 sa-

438 2229 615 2286 lutem
646 2235 706 2285 et
735 2229 910 2286 vitam
939 2236 1290 2303 perpetuam,
1342 2229 1609 2303 vobisque
1657 2230 1730 2285 ad
1773 2235 2044 2286 aeternum

442 2319 716 2375 honorem
741 2326 799 2375 et
825 2319 1089 2392 gloriam.
1123 2319 1228 2376 Ubi
1258 2319 1432 2375 etiam
1459 2319 1807 2376 decrevimus
1835 2325 1899 2375 ut
1935 2320 2047 2376 sin-

437 2408 589 2480 gulis
610 2408 893 2482 parochiis
918 2425 1020 2482 per
1039 2409 1327 2481 episcopos
1347 2415 1405 2464 et
1423 2409 1668 2478 clericos,
1693 2427 1796 2482 per
1817 2409 2047 2465 abbates

438 2501 496 2552 et
527 2499 855 2566 monachos,
883 2498 1064 2553 oratio
1081 2515 1183 2571 pro
1209 2497 1363 2553 vobis
1385 2505 1440 2553 et
1461 2515 1563 2570 pro
1582 2503 1768 2553 vestra
1786 2499 2043 2572 conjuge,

442 2585 613 2642 simul
633 2587 790 2658 prole
809 2586 1162 2642 nobilissima
1175 2588 1338 2642 ﬁeret
1351 2588 1531 2658 (cujus
1545 2587 1815 2643 orationis
1825 2603 2048 2642 summa

435 2681 544 2743 est,
577 2675 881 2732 missarum
913 2677 1025 2732 tria
1054 2676 1234 2731 millia
1265 2682 1324 2730 et
1360 2675 1685 2747 quingenta,
1741 2683 1799 2732 et
1836 2677 2046 2748 psalte-

441 2763 658 2820 riorum
677 2764 831 2819 mille
861 2765 1235 2837 septingenta)
1273 2785 1284 2818 :
1311 2764 1415 2819 hoc
1433 2764 1586 2820 omni
1606 2764 1897 2819 devotione
1923 2782 2048 2836 pos-

437 2852 684 2907 tulantes
743 2857 810 2908 ut
867 2853 1016 2908 Deus
1075 2853 1431 2925 omnipotens
1493 2852 1819 2908 diuturnam
1890 2851 2044 2906 vobis

439 2941 740 3008 sanitatem
793 2958 857 2996 ac
928 2941 1356 3014 prosperitatem
1423 2941 1708 3008 concedat,
1773 2957 2042 3012 regnum-

436 3045 546 3102 que
593 3036 842 3085 vestrum
889 3031 987 3084 diu
1036 3030 1284 3084 siabiliat
1335 3029 1404 3084 ab
1446 3030 1598 3084 omni
1644 3031 1804 3086 hoste
1850 3031 2043 3086 defen-

433 3134 563 3173 sum
580 3118 639 3173 in
659 3125 831 3185 terra,
857 3125 1093 3190 postque
1122 3119 1292 3188 hujus
1313 3118 1438 3172 vitm
1458 3119 1764 3173 terminum
1785 3119 1844 3174 in
1869 3136 2044 3190 regno

434 3207 646 3262 caelesti
669 3206 910 3279 gloriam
939 3206 1094 3262 vobis
1119 3207 1288 3262 simul
1319 3223 1444 3261 cum
1467 3207 1674 3263 sanctis
1706 3208 1824 3263 suis
1853 3225 2046 3264 conce-

441 3295 542 3351 dat
567 3295 990 3368 sempiternam.
1022 3297 1177 3351 Tunc
1193 3313 1324 3351 vero
1346 3296 1701 3352 considentes
1718 3297 1777 3352 in
1798 3297 2041 3353 claustro

437 3385 623 3442 sancti
640 3385 842 3440 Albani
854 3385 1140 3458 martyris,
1164 3385 1470 3440 secundum
1493 3402 1708 3440 morem
1729 3386 1909 3448 illum.
1932 3403 2042 3458 quo

435 3475 635 3547 priscis
663 3473 1010 3547 temporibus
1038 3473 1142 3530 sub
1172 3475 1372 3530 Carolo
1393 3474 1734 3547 imperatore
1764 3475 2043 3530 Hildebal-

440 3564 547 3618 dus
575 3569 634 3619 et
661 3563 1005 3635 Richolphus
1028 3580 1156 3618 cum
1187 3564 1402 3619 cagteris
1437 3563 1710 3636 episcopis
1741 3569 1799 3619 et
1831 3564 2044 3619 abbati-

433 3651 538 3708 bus
565 3653 700 3708 illuc
741 3653 1200 3708 convenientibus
1247 3653 1519 3720 fecerunt,
1568 3658 1628 3708 et
1665 3653 1935 3725 coepimus
1981 3653 2040 3708 in

433 3741 535 3797 Dei
564 3742 792 3798 nomine
811 3743 1098 3798 communi
1124 3759 1397 3798 consensu
1417 3749 1474 3797 et
1491 3742 1777 3797 voluntate
1798 3747 2041 3798 tractare

432 3829 650 3902 pariter
679 3830 750 3885 de
778 3836 931 3886 statu
959 3847 1104 3886 verae
1141 3831 1450 3902 religionis,
1483 3835 1653 3902 atque
1697 3830 1942 3886 utilitate
1985 3836 2042 3886 et

430 3918 682 3989 profectu
722 3918 1055 3974 Christianae
1100 3918 1297 3990 plebis.
1349 3918 1619 3973 Convenit
1655 3919 1804 3973 inter
1831 3934 1934 3972 nos
1971 3919 2040 3972 de

431 4010 624 4061 nostro
645 4006 933 4062 communi
949 4007 1182 4077 collegio
1204 4006 1536 4062 clericorum
1551 4012 1721 4078 atque
1741 4007 2040 4061 monacho-

431 4111 556 4173 rum
585 4095 726 4149 duas
751 4095 936 4149 facere
955 4100 1190 4160 turmas,
1229 4095 1376 4150 sicut
1403 4102 1461 4150 et
1488 4094 1723 4150 fecimus
1749 4112 1760 4148 :
1783 4094 1864 4150 ita
1891 4100 1954 4150 ut
1980 4096 2038 4150 in

431 4199 546 4238 una
569 4188 760 4238 turma
779 4183 1137 4239 considerent
1165 4183 1411 4256 episcopi
1439 4200 1564 4238 cum
1587 4183 1923 4255 quibusdam
1941 4201 2037 4240 no-

429 4272 609 4338 tariis,
645 4272 896 4342 legentes
926 4278 1097 4344 atque
1123 4277 1548 4344 perscrutantes
1576 4278 1832 4327 sanctum
1865 4273 2038 4328 Evan-

425 4362 656 4433 gelium,
681 4378 785 4416 nec
804 4377 921 4416 non
942 4361 1220 4433 Epistolas
1240 4368 1299 4416 et
1317 4363 1487 4416 Actus
1507 4361 1906 4437 apostolorum,
1949 4379 2037 4416 ca-

427 4467 604 4507 nones
634 4467 876 4523 quoque,
913 4467 977 4505 ac
1007 4450 1228 4506 diversa
1258 4455 1581 4506 sanctorum
1625 4451 1859 4506 Patrum
1901 4467 2036 4522 Opu-

2131 556 2339 610 gruum
2362 540 2633 595 honorem
2653 539 2976 612 impendere
2996 539 3307 594 secundum
3325 535 3549 592 dictum
3568 536 3742 592 sancti

2129 629 2282 684 Petri
2303 630 2472 700 primi
2492 630 2734 702 pastoris
2751 629 3027 694 Ecclesiae,
3049 644 3159 700 quo
3177 627 3260 682 ait
3283 645 3294 681 :
3329 649 3352 675 ι
3395 625 3614 682 Omnes
3641 626 3742 680 ho-

2134 735 2164 769 .i
2185 724 2402 788 norate,
2442 718 2858 773 fraternitatem
2886 717 3124 788 diligite,
3155 716 3338 771 Deum
3382 714 3607 781 timete,
3662 731 3745 768 re-

2131 825 2154 857 ι
2185 783 2316 877 gem
2347 783 2733 863 honoriﬁcate.
2775 805 2952 872 Servi,
2989 783 3213 860 subditi
3255 809 3440 859 estote
3493 803 3555 858 in
3592 787 3744 858 omni

2131 913 2158 947 α
2191 895 2395 950 timore
2423 896 2687 962 dominis,
2709 913 2822 951 non
2836 900 3057 951 tantum
3075 893 3236 949 bonis
3251 898 3308 948 et
3327 891 3626 958 modestis,
3648 893 3742 946 sed

2133 1002 2158 1036 ι
2192 984 2365 1039 etiam
2389 984 2648 1057 dyscolis,
2671 986 2790 1042 haec
2808 990 2896 1040 est
2911 984 3062 1040 enim
3079 983 3267 1054 gratia
3283 982 3344 1036 in
3364 980 3598 1036 Christo
3617 982 3644 1038 Ι
3649 999 3744 1036 esu

2135 1091 2158 1123 ι
2189 1073 2429 1128 Domino
2449 1080 2641 1129 nostro
2663 1073 2713 1150 (Ι
2728 1076 2875 1129 Patr.
2908 1077 2992 1144 II).
3025 1093 3048 1124 ι
3083 1072 3186 1128 Cui
3213 1071 3376 1144 paria
3395 1071 3601 1126 doctor
3614 1087 3746 1142 gen-

2131 1160 2294 1229 tium,
2319 1162 2391 1217 ad
2407 1161 2766 1218 Timotheum
2787 1162 3125 1234 discipulum
3146 1177 3313 1216 suum
3333 1158 3613 1225 scribens,
3627 1159 3706 1214 ait
3728 1176 3742 1211 :

2137 1269 2161 1301 «
2188 1249 2434 1306 Attende
2460 1250 2568 1306 tibi
2599 1257 2658 1307 et
2683 1251 2969 1318 doctrinae,
3007 1250 3154 1305 insta
3192 1250 3254 1304 in
3282 1247 3416 1314 illis,
3450 1248 3568 1302 hoc
3594 1248 3744 1303 enim

2138 1361 2156 1388 ι
2192 1338 2402 1395 faciens
2431 1345 2490 1395 et
2513 1345 2570 1395 te
2596 1341 2782 1413 ipsum
2810 1339 3026 1395 salvum
3040 1339 3228 1406 facies,
3251 1344 3310 1394 et
3329 1354 3430 1393 eos
3454 1336 3555 1409 qui
3575 1343 3633 1392 te
3651 1354 3746 1393 au-

2134 1445 2161 1480 «
2193 1427 2375 1484 diunt.
2410 1429 2700 1485 Seniorem
2728 1445 2799 1484 ne
2834 1428 3228 1501 increpaveris,
3269 1427 3370 1482 sed
3411 1425 3651 1482 obsecra
3683 1433 3748 1482 ut

2133 1535 2156 1568 ι
2189 1523 2438 1588 patrem;
2467 1519 2724 1590 juvenes,
2749 1523 2815 1573 ut
2829 1517 3034 1572 fratres
3060 1536 3074 1584 ;
3106 1533 3268 1584 anus,
3300 1522 3370 1572 ut
3393 1519 3645 1582 matres;
3660 1517 3748 1586 ju-

2133 1626 2160 1660 «
2192 1609 2473 1676 venculas,
2504 1615 2571 1664 ut
2609 1623 2850 1674 sorores,
2901 1608 2960 1662 in
3008 1605 3162 1662 omni
3210 1605 3479 1660 castitate
3511 1607 3566 1672 (1
3606 1605 3742 1659 Tim.

2135 1715 2159 1748 ι
2191 1698 2293 1769 Iv).
2322 1716 2348 1750 ιι
2381 1698 2620 1770 Insuper
2647 1697 2821 1752 etiam
2848 1711 3160 1768 congruum
3185 1710 3310 1750 esse
3339 1693 3535 1749 visum
3571 1699 3659 1748 est
3685 1699 3746 1748 ut

2068 1771 2116 1833 Β
2133 1773 2452 1842 sacerdotes
2482 1791 2541 1842 et
2563 1787 2819 1842 Ecclesiae
2847 1785 2950 1840 Dei
2973 1786 3104 1857 jure
3128 1781 3384 1855 legitimo
3415 1781 3744 1838 inconvulso

2131 1875 2580 1945 honorarentur;
2613 1875 2682 1932 de
2711 1873 2914 1948 quibus
2939 1873 3214 1930 Dominus
3239 1872 3324 1927 ait
3351 1889 3366 1926 :
3412 1889 3445 1925 ι
3495 1871 3610 1936 Qui
3654 1887 3744 1926 vos

2133 1981 2161 2017 ι
2191 1965 2369 2032 audit,
2394 1980 2487 2020 me
2517 1964 2678 2021 audit
2703 1983 2716 2032 ;
2765 1969 2823 2020 et
2853 1963 2949 2036 qui
2975 1981 3073 2019 vos
3114 1961 3334 2034 recipit,
3368 1977 3468 2015 me
3497 1959 3700 2032 recipit
3727 1979 3739 2014 :

2132 2071 2161 2106 α
2192 2054 2288 2126 qui
2319 2059 2512 2110 autem
2536 2071 2628 2109 me
2658 2053 2874 2127 recipit,
2909 2051 3109 2124 recipit
3143 2068 3275 2107 eum
3311 2049 3414 2122 qui
3462 2066 3560 2104 me
3594 2049 3743 2104 misit

2134 2160 2160 2195 α
2190 2145 2338 2211 (Luc.
2371 2161 2424 2212 ι,
2458 2143 2652 2198 Matth.
2687 2147 2762 2212 χ).
2796 2161 2825 2197 ι
2860 2143 2930 2198 Et
2964 2140 3268 2214 Apostolus
3307 2139 3384 2194 ad
3426 2137 3738 2194 Hebraea:

2133 2251 2157 2283 ι
2193 2231 2450 2300 Obedite,
2493 2231 2699 2305 inquit,
2732 2231 3046 2304 praepositis
3075 2229 3293 2294 vestris,
3346 2233 3406 2283 et
3457 2227 3743 2299 subjacete

2135 2339 2164 2373 ι
2192 2317 2273 2377 eis
2299 2339 2310 2375 :
2345 2321 2453 2394 ipsi
2476 2321 2628 2378 enim
2650 2321 3004 2394 pervigilant,
3040 2319 3201 2393 quasi
3228 2319 3522 2374 rationem
3566 2317 3744 2376 reddi—

2131 2428 2157 2464 ι
2189 2410 2303 2467 turi
2331 2427 2433 2482 pro
2464 2411 2760 2466 animabus
2800 2410 2999 2465 vestris
3024 2409 3214 2480 (Hebr.
3245 2407 3394 2477 xm).
3431 2427 3462 2462 ι
3503 2408 3653 2462 Nam
3677 2407 3745 2462 de

2129 2499 2443 2554 reverentia
2470 2498 2830 2554 ecclesiarum
2858 2498 3131 2554 Dominus
3158 2497 3241 2551 ait
3271 2515 3284 2551 :
3313 2516 3340 2548 α
3371 2496 3595 2551 Domus
3621 2512 3745 2550 mea

2133 2607 2156 2638 α
2193 2588 2393 2668 domus
2423 2587 2693 2643 orationis
2727 2586 3015 2643 vocabitur
3048 2585 3265 2641 cunctis
3296 2583 3575 2656 gentibus
3611 2585 3735 2656 (Isa.

2130 2694 2158 2729 α
2189 2677 2321 2748 LVI).
2343 2677 2503 2732 Unde
2529 2677 2701 2732 etiam
2732 2677 2941 2748 legitur
2985 2675 3044 2730 in
3085 2674 3390 2746 Evangelio
3429 2673 3636 2742 (Marc.
3668 2688 3740 2740 Π,

2127 2768 2292 2820 Joan.
2331 2769 2416 2836 ii),
2440 2766 2589 2838 quod
2609 2766 2728 2838 ipse
2748 2765 3023 2821 Dominus
3043 2781 3170 2820 cum
3196 2763 3446 2818 venisset
3478 2763 3552 2817 ad
3581 2763 3740 2818 Jeru-

2127 2854 2304 2909 salem
2345 2860 2404 2910 et
2429 2855 2720 2910 introisset
2739 2855 2798 2910 in
2818 2854 3114 2927 templum,
3142 2869 3238 2908 eos
3258 2852 3358 2924 qui
3377 2851 3615 2924 negotia
3638 2857 3740 2907 ter-

2125 2959 2264 2999 rena
2293 2947 2352 2999 et
2382 2943 2699 3016 emptiones
2723 2949 2891 3016 atque
2920 2942 3272 2998 venditiones
3297 2940 3533 2996 illicitas
3569 2941 3628 2996 in
3657 2958 3738 2996 eo-

2128 3030 2258 3086 dem
2286 3030 2638 3098 exercebant,
2666 3031 2828 3104 quasi
2849 3031 3132 3103 ﬂagellum
3148 3028 3502 3084 defuniculis
3512 3029 3731 3094 faciens,

2128 3136 2323 3176 omnes
2353 3121 2485 3175 inde
2505 3121 2752 3192 ejecerit.
2781 3107 2932 3176 Proh
2951 3119 3139 3174 dolor!
3162 3118 3250 3172 his
3269 3118 3632 3190 temporibus
3643 3135 3737 3173 nec

2126 3209 2250 3264 loca
2278 3215 2474 3265 sancta
2503 3215 2863 3277 venerantur,
2903 3225 3086 3280 neque
3131 3207 3382 3262 ministri
3411 3207 3522 3262 Dei
3558 3207 3738 3262 condi-

2122 3315 2233 3369 gne
2262 3297 2615 3354 honorantur
2642 3318 2654 3353 :
2679 3299 2778 3354 sed
2808 3314 2968 3353 versa
2985 3297 3103 3351 vice
3131 3296 3214 3351 illi
3235 3295 3335 3368 qui
3354 3296 3630 3351 honorari
3647 3295 3739 3350 de-

2124 3387 2371 3442 buerunt
2381 3388 2757 3458 ﬂagellantur,
2764 3387 2884 3460 spol
2891 3387 3081 3442 iantur
3091 3392 3262 3458 atque
3272 3384 3519 3440 diversis
3534 3385 3735 3440 calum

2123 3475 2232 3530 niis
2262 3476 2620 3548 franguntur.
2651 3477 2810 3531 Unde
2839 3474 3142 3530 necessitas
3171 3491 3384 3546 magna
3411 3490 3520 3528 nos
3557 3473 3735 3544 coegit

2122 3581 2224 3636 pro
2254 3564 2358 3620 hac
2387 3581 2448 3618 re
2478 3565 2550 3618 ad
2579 3581 2675 3620 vos
2705 3565 3034 3630 reclamare,
3064 3568 3281 3636 petere,
3310 3568 3382 3617 ut
3408 3562 3562 3617 sicut
3591 3563 3735 3634 apud

2121 3660 2504 3709 antecessores
2531 3660 2746 3709 vestros
2788 3670 2950 3725 reges
2992 3658 3162 3724 atque
3214 3652 3596 3724 imperatores
3643 3651 3736 3724 qui

2121 3749 2254 3797 ante
2280 3760 2376 3798 vos
2401 3743 2649 3810 fuerunt,
2677 3743 2950 3798 honorem
2987 3747 3182 3796 sancta
3206 3740 3312 3795 Dei
3351 3739 3604 3796 Ecclesia
3635 3739 3735 3795 ha-

2119 3830 2262 3898 buit,
2291 3838 2347 3886 et
2375 3849 2478 3904 per
2501 3832 2918 3887 immunitatem
2950 3847 3146 3886 eorum
3165 3829 3552 3902 possessiones
3565 3829 3736 3884 eccle-

2121 3920 2356 3977 siasticae
2374 3920 2710 3976 inconvulsae
2738 3921 3126 3993 perstiterunt,
3147 3924 3557 3990 manentesque
3577 3918 3639 3972 in
3657 3916 3735 3972 eis

2121 4025 2345 4082 semper
2365 4010 2523 4065 illaesi
2541 4015 3038 4082 perseveraverant
3059 4029 3072 4064 :
3097 4010 3178 4064 ita
3197 4008 3348 4081 apud
3378 4024 3477 4063 vos
3507 4008 3734 4062 moder-

2119 4099 2208 4154 nis
2261 4098 2612 4172 temporibus
2654 4099 3110 4154 incontaminatae
3157 4102 3550 4172 permaneant.
3607 4096 3734 4151 Zelo

2119 4188 2270 4244 enim
2308 4189 2412 4243 Dei
2441 4194 2663 4260 oportet
2689 4205 2785 4244 vos
2825 4188 3124 4243 defendere
3166 4187 3440 4242 Ecclesias
3491 4185 3731 4250 Christi,

2119 4277 2214 4349 qui
2243 4277 2395 4332 vobis
2425 4293 2661 4350 regnum
2686 4277 2744 4332 in
2767 4282 2921 4332 terra
2945 4283 3002 4332 et
3029 4275 3472 4332 dominationem
3501 4274 3732 4342 tribuit,

2117 4372 2184 4421 ut
2211 4382 2312 4438 per
2339 4365 2550 4421 nullius
2577 4367 2968 4438 suggestiones
2987 4365 3211 4437 iniquas
3237 4369 3486 4419 vestram
3503 4379 3736 4418 conces-

2117 4456 2350 4522 sionem,
2391 4471 2560 4526 quam
2603 4455 2663 4509 in
2705 4455 3119 4526 eleemosynam
3163 4458 3408 4508 vestram
3461 4453 3735 4507 Ecclesiis

427 4541 600 4606 scula,
629 4556 756 4594 cum
788 4539 1007 4595 caeteris
1035 4539 1209 4594 sacris
1236 4539 1610 4611 dogmatibus,
1636 4539 1892 4610 diligenti
1921 4546 2036 4596 stu-
2112 4543 2328 4600 Christi
2356 4543 2694 4611 contulistis,
2725 4543 2922 4598 sinatis
2943 4541 3275 4616 permutari.
3309 4541 3456 4607 Quia
3483 4541 3734 4596 inhone-

428 4629 522 4682 dio
542 4628 918 4700 perquirendo
949 4629 1152 4700 quibus
1181 4629 1362 4684 modis
1392 4633 1604 4683 statum
1649 4627 1904 4684 Ecclesiae
1933 4629 2032 4684 Dei

429 4722 490 4772 et
541 4717 875 4772 Christiana:
918 4717 1096 4790 plebis
1136 4718 1450 4789 profectum
1495 4734 1633 4772 sana
1678 4717 1934 4772 doctrina
1979 4725 2037 4774 et

427 4805 697 4878 exemplis
713 4806 947 4877 justitiae
969 4807 1379 4875 inconvulsum,
1403 4807 1678 4877 largiente
1703 4807 1890 4878 gratia
1910 4808 2032 4875 Dei,

430 4897 701 4971 perﬁcere
733 4901 790 4950 et
816 4911 1144 4951 conservare
1175 4902 1419 4968 possent.
1455 4897 1518 4950 In
1549 4896 1661 4951 alia
1689 4914 1819 4951 vero
1849 4902 2038 4952 turma

425 4987 697 5043 sederunt
719 4983 968 5046 abbates
982 5001 1046 5040 ac
1078 4984 1296 5056 probati
1317 4985 1596 5052 monachi,
1625 4986 1880 5056 regulam
1899 5003 2034 5042 san-

426 5076 502 5131 cti
533 5074 820 5131 Benedicti
850 5075 1122 5146 legentes,
1163 5080 1334 5146 atque
1377 5080 1685 5130 tractantes
1739 5075 2038 5146 diligenter

426 5165 672 5237 qualiter
701 5164 1104 5218 monachorum
1135 5163 1306 5218 vitam
1330 5163 1389 5218 in
1413 5164 1705 5219 meliorem
1727 5169 1936 5219 statum
1955 5172 2036 5220 at-

425 5269 534 5324 que
561 5258 930 5324 augmentum
963 5269 1090 5308 cum
1115 5247 1228 5308 Dei'
1238 5252 1423 5324 gratia
1443 5253 1749 5324 perducere
1779 5260 2031 5326 possent,

427 5347 486 5394 et
501 5341 820 5412 ubicunque
838 5358 940 5412 per
954 5341 1358 5412 negligentiam
1375 5347 1545 5412 atque
1565 5342 1840 5396 desidiam
1859 5349 2034 5397 recto-

428 5445 555 5482 rum
579 5430 856 5499 regularis
885 5431 1020 5484 ordo
1051 5431 1300 5502 dilapsus
1329 5430 1544 5496 fuisset,
1581 5448 1810 5486 rursum
1840 5449 2034 5487 secun-

317 5539 332 5546 υ
427 5517 564 5573 dum
593 5533 849 5572 normam
879 5520 1086 5590 regulae
1108 5520 1286 5575 sancti
1317 5520 1603 5576 Benedicti
1633 5521 1703 5576 ad
1729 5520 2032 5593 integrum

373 5580 383 5595 ι
432 5604 835 5666 ιθεῐὶιιιθτθιωκ
877 5580 975 5662 llis
995 5625 1129 5680 ergo
1158 5608 1239 5665 ita
1267 5609 1552 5684 dispositis
1579 5580 1750 5684 atque
1767 5580 2030 5686 peractis,

2117 4639 2270 4688 stum
2301 4638 2387 4688 est
2409 4638 2473 4688 ut
2495 4634 2600 4688 hoc
2629 4633 2779 4704 quod
2809 4648 2924 4688 non
2945 4631 3130 4687 solum
3153 4631 3493 4687 Christianis
3511 4637 3738 4702 tempo-

2117 4721 2273 4778 ribus
2301 4739 2337 4777 a
2355 4721 2690 4777 Christianis
2711 4719 3162 4793 imperatoribus,
3184 4719 3282 4774 sed
3303 4719 3480 4774 etiam
3497 4735 3534 4774 a
3557 4735 3738 4791 paga-

2118 4811 2207 4865 nis
2235 4810 2461 4882 regibus
2481 4815 2735 4882 tempore
2761 4809 3098 4881 gentilitatis
3118 4807 3190 4862 ad
3208 4808 3485 4863 honorem
3502 4807 3610 4862 Dei
3623 4809 3741 4864 col.

2117 4901 2296 4956 latum
2315 4906 2420 4968 est,
2447 4899 2649 4955 vestris
2665 4899 3015 4971 temporibus
3029 4898 3090 4953 in
3109 4902 3295 4952 vestro
3312 4913 3489 4969 regno
3505 4913 3742 4969 permit.

2119 4994 2290 5045 tetur.
2324 4991 2472 5045 Nam
2497 4989 2739 5060 legimus
2769 4988 2919 5060 apud
2947 4987 3184 5042 Esdram
3211 4986 3365 5058 quod
3391 4987 3742 5043 Artaxerxes

2118 5096 2216 5134 rex
2245 5078 2434 5134 Esdrae
2461 5077 2658 5134 scriba;
2680 5077 2822 5148 legis
2859 5076 2962 5132 Dei
2988 5093 3090 5148 per
3103 5075 3397 5148 epistolam
3427 5075 3741 5132 mandave-

2119 5167 2210 5232 rit,
2249 5167 2333 5221 ita
2359 5163 2553 5222 dicens
2587 5185 2598 5219 ε
2637 5186 2659 5218 c
2695 5167 2811 5236 Ego
2840 5167 3173 5220 Artaxerxes
3203 5179 3299 5217 rex
3341 5163 3516 5217 statui
3553 5169 3741 5236 atque

2122 5277 2148 5305 α
2181 5256 2401 5311 decrevi
2435 5255 2695 5311 omnibus
2713 5253 3036 5310 custodibus
3056 5269 3198 5308 arca:
3216 5251 3453 5326 publicae
3472 5253 3572 5325 qui
3596 5260 3742 5310 sunt

2119 5363 2144 5396 «
2179 5351 2337 5400 trans
2359 5347 2602 5400 ﬂumen:
2631 5344 3013 5415 Quodcunque
3033 5342 3262 5415 petierit
3281 5359 3317 5396 a
3342 5341 3502 5397 vobis
3522 5343 3740 5399 Esdras

2120 5454 2142 5486 ι
2176 5435 2436 5489 sacerdos
2468 5433 2651 5488 scriba
2679 5432 2818 5502 legis
2845 5432 2949 5486 Dei
2971 5432 3116 5499 coeli,
3145 5431 3295 5502 quod
3319 5430 3392 5486 ad
3417 5431 3594 5486 ritum
3627 5433 3734 5487 Dei

2121 5543 2146 5577 ((
2171 5524 2296 5579 coeli
2339 5523 2604 5596 pertinet,
2645 5521 2930 5577 tribuatur
2966 5520 3268 5592 diligenter
3307 5519 3368 5575 in
3401 5520 3572 5576 domo
3624 5521 3735 5578 Dei

2121 5633 2143 5666 ι
2180 5611 2304 5670 coeli
2334 5631 2346 5668 :
2383 5629 2456 5670 ne
2482 5611 2626 5670 forte
2657 5611 2939 5670 irascatur
2982 5615 3179 5668 contra
3204 5625 3444 5684 regnum
3471 5607 3629 5683 regis
3676 5615 3736 5666 et
