3958 6170
213 332 363 391 1565

1674 338 2059 397 EPISTOL/E.

3368 335 3506 398 1566

218 473 252 510 α
283 457 534 513 ﬁliorum
548 459 693 530 ejus.
715 458 886 514 Vobis
907 473 1131 530 quoque
1147 465 1346 514 notum
1363 457 1598 516 facimus
1618 461 1687 516 de
1704 464 1829 518 uni-
1847 466 1895 526 Α
1911 481 2014 537 per
2043 482 2110 520 ea
2146 467 2221 522 sit
2246 467 2328 523 eis
2359 467 2656 522 vivendum
2687 471 2744 520 et
2782 444 3196 537 praedicandum
3219 479 3234 530 ;
3257 475 3511 516 necessa-

219 565 248 600 ι
279 546 454 602 versis
470 546 874 614 sacerdotibus,
899 553 956 602 et
977 547 1202 614 Levitis,
1227 554 1284 602 et
1308 549 1650 617 cantoribus,
1667 557 1725 606 et
1739 553 1830 622 ja-

221 657 247 685 ι
281 635 579 703 nitoribus,
607 636 938 702 Nathinaais,
974 641 1032 690 et
1064 636 1337 691 ministris
1359 637 1559 692 domus
1588 639 1692 694 Dei
1720 640 1829 695 hu-

221 743 250 776 «
272 725 387 796 jus,
424 729 492 779 ut
509 725 767 796 vectigal,
800 730 858 779 et
893 725 1188 792 tributum,
1213 729 1272 780 et
1292 743 1548 781 annonas
1576 744 1688 783 non
1725 729 1829 783 ha-

221 831 252 865 α
281 813 462 868 beatis
475 818 813 885 potestatem
835 812 1162 886 imponendi
1182 831 1354 886 super
1375 832 1488 870 eos.
1511 817 1595 872 Tu
1615 823 1826 884 autem,

222 921 252 954 α
284 903 480 970 Esdra,
513 903 823 958 secundum
852 901 1191 974 sapientiam
1222 903 1324 958 Dei
1352 905 1458 971 tui,
1498 922 1620 976 quae
1661 913 1746 962 est
1771 906 1832 962 in

220 1009 250 1044 α
284 1009 458 1048 manu
487 997 606 1060 tua,
639 993 918 1048 constitue
943 991 1164 1063 judices
1195 999 1253 1048 et
1278 994 1562 1066 praesides,
1597 1001 1662 1050 ut
1685 996 1834 1067 judi-

220 1099 250 1134 ι
281 1087 412 1137 cent
440 1081 593 1137 omni
621 1083 829 1154 populo
858 1081 954 1154 qui
981 1087 1066 1137 est
1087 1087 1246 1136 trans
1278 1083 1509 1151 ﬂumen,
1534 1085 1622 1139 his
1640 1085 1832 1139 videli-

221 1189 249 1224 ι
280 1177 373 1226 cet
399 1171 498 1244 qui
537 1177 815 1226 noverunt
845 1171 1026 1242 legem
1057 1171 1159 1226 Dei
1190 1171 1292 1239 tui,
1325 1172 1424 1227 sed
1454 1178 1512 1227 et
1539 1173 1831 1245 imperitos

221 1281 248 1310 ι
277 1260 474 1315 docete
503 1259 697 1315 libere.
732 1261 801 1315 Et
830 1261 1014 1315 omnis
1034 1259 1127 1332 qui
1151 1277 1265 1316 non
1295 1261 1494 1316 fecerit
1517 1261 1700 1332 legem
1727 1262 1830 1318 Dei

221 1365 250 1401 ε
276 1348 386 1415 tui,
418 1353 478 1403 et
502 1349 684 1420 legem
732 1347 885 1419 regis
924 1347 1242 1418 diligenter,
1279 1349 1558 1418 judicium
1605 1350 1714 1404 erit
1760 1350 1830 1404 de

219 1456 247 1488 ι
282 1454 370 1504 eo,
402 1435 519 1492 sive
547 1437 605 1492 in
636 1443 898 1502 mortem,
924 1437 1040 1492 sive
1069 1437 1128 1492 in
1161 1437 1438 1504 exsilium,
1472 1438 1586 1492 sive
1616 1438 1673 1492 in
1703 1455 1831 1492 con-

222 1545 246 1576 ι
280 1524 700 1581 demnationem
729 1525 1056 1582 substantiae
1086 1527 1226 1597 ejus,
1273 1526 1358 1580 vel
1401 1530 1551 1580 certe
1599 1526 1658 1580 in
1703 1542 1827 1581 car-

221 1635 246 1667 ι
280 1631 468 1670 cerem
497 1613 553 1686 (Ι
573 1616 735 1670 Esdr.
765 1618 889 1684 vn).
924 1634 951 1668 »

288 1703 373 1759 De
404 1703 740 1760 Christianis
768 1719 898 1758 vero
924 1703 1152 1774 regibus
1180 1708 1239 1759 et
1261 1704 1695 1776 imperatoribus
1715 1721 1830 1760 non

217 1809 446 1849 necesse
471 1797 559 1848 est
589 1791 781 1864 aliqua
807 1793 1062 1864 exempla
1087 1809 1318 1865 ponere,
1351 1809 1479 1849 cum
1508 1809 1705 1848 omnes
1726 1795 1824 1865 qui
1839 1785 1886 1846 B

215 1886 384 1938 rectae
412 1881 544 1936 ﬁdei
573 1885 634 1936 et
659 1880 783 1936 sani
806 1880 1086 1952 dogmatis
1111 1881 1340 1948 fuerint,
1382 1899 1418 1937 a
1456 1883 1826 1938 Constantino

216 1969 578 2043 imperatore,
613 1969 710 2042 qui
741 1969 958 2042 primus
997 1969 1406 2042 imperatorum
1447 1970 1827 2028 Christianam

212 2057 545 2130 religionem
576 2057 875 2114 defendere
919 2063 1090 2130 atque
1134 2060 1408 2115 honorem
1454 2059 1828 2116 Ecclesiarum

213 2147 322 2209 Dei
342 2147 689 2220 ampliﬁcare
713 2147 902 2219 capit,
933 2164 1111 2220 usque
1131 2148 1202 2202 ad
1236 2165 1351 2215 vos,
1385 2165 1610 2222 semper
1637 2149 1698 2206 in
1723 2150 1829 2205 hoc

213 2235 408 2293 studio
431 2237 672 2292 solerter
697 2235 1076 2292 laboraverint
1101 2243 1166 2293 ut
1193 2237 1442 2293 Ecclesia
1487 2239 1592 2295 Dei
1631 2256 1829 2311 pacem

215 2331 276 2381 et
301 2324 776 2396 tranquillitatem
806 2324 1060 2393 haberet,
1094 2332 1374 2398 quatenus
1402 2327 1586 2384 cultus
1605 2329 1708 2384 Dei
1735 2329 1824 2384 in-

215 2413 638 2470 contaminatus
665 2413 829 2482 foret,
861 2419 920 2470 et
947 2416 1095 2470 servi
1127 2417 1250 2488 ejus
1278 2415 1399 2472 sine
1420 2417 1826 2488 impedimento

215 2505 336 2560 Deo
350 2503 757 2558 delectabiliter
770 2503 1134 2560 deservirent.
1159 2505 1352 2570 Qualis
1373 2511 1564 2561 autem
1585 2506 1830 2562 vindicta

217 2591 334 2648 illis
361 2592 460 2664 qui
477 2597 673 2647 contra
685 2593 956 2648 mandata
973 2594 1077 2649 Dei
1107 2600 1164 2650 et
1182 2601 1381 2650 contra
1395 2596 1708 2668 jussionem
1731 2613 1826 2650 ve-

216 2686 410 2746 stram
430 2681 687 2736 Ecclesiae
717 2681 927 2738 Christi
958 2699 1060 2754 per
1077 2684 1371 2739 avaritiam
1401 2684 1718 2739 molestiam
1744 2685 1828 2740 in-

214 2770 428 2836 ferunt,
449 2771 762 2838 conveniat,
786 2771 846 2827 in
871 2771 1236 2844 sequentibus
1254 2790 1358 2844 per
1378 2779 1703 2828 sanctorum
1727 2774 1828 2828 Pa-

215 2865 377 2915 trum
403 2875 666 2928 canones,
697 2865 756 2916 et
783 2877 886 2932 per
903 2861 1218 2916 doctrinam
1246 2861 1562 2917 divinarum
1583 2861 1830 2934 Scriptu-

219 2963 421 3002 rarum
467 2965 714 3020 congruo
760 2949 880 3004 loco
929 2949 1454 3004 demonstravimus.
1505 2951 1631 3004 Non
1675 2950 1828 3004 enim

214 3036 612 3104 formidamus,
661 3038 824 3109 juxta
867 3039 1182 3110 exemplum
1234 3038 1460 3092 Domini
1503 3039 1825 3106 Salvatoris,

214 3123 643 3197 corruptoribus
684 3125 882 3198 templi
925 3126 1028 3181 Dei
1058 3132 1116 3180 et
1149 3126 1688 3182 contaminatoribus
1736 3128 1898 3192 sa-C

214 3229 448 3268 crorum
464 3214 714 3269 locorum
731 3215 1008 3286 judicium
1024 3212 1568 3286 congruum'inferre
1593 3235 1604 3269 :
1630 3217 1763 3288 quia
1785 3218 1831 3271 si

215 3302 306 3356 illi
329 3318 365 3356 a
386 3303 612 3358 Christo
633 3303 870 3358 Domino
899 3305 1062 3375 ejecti
1095 3310 1229 3359 sunt
1261 3305 1410 3360 foras
1439 3305 1509 3360 de
1535 3306 1700 3360 domo
1731 3302 1832 3361 Dei

217 3391 325 3464 qui
347 3408 450 3464 per
472 3392 838 3466 cupiditatem
858 3399 1144 3448 terrenam
1174 3394 1459 3450 violabant
1477 3401 1734 3450 sanctum
1753 3396 1833 3450 lo-

215 3497 376 3549 cum,
404 3498 518 3537 non
540 3487 626 3537 est
655 3481 912 3554 iniquum
954 3483 1326 3538 insolentibus
1367 3490 1426 3538 et
1461 3501 1522 3538 se
1552 3484 1832 3554 corrigere

216 3570 546 3626 nolentibus
574 3572 906 3626 canonicum
933 3571 1140 3627 inferre
1164 3573 1462 3644 judicium,
1493 3578 1560 3627 ut
1583 3573 1832 3627 sentiant

214 3659 468 3732 correpti
497 3659 647 3732 quod
673 3666 803 3715 ante
832 3661 1138 3718 noluerunt
1165 3662 1375 3716 sentire
1404 3661 1609 3718 leniter
1631 3663 1829 3716 admo-

215 3748 352 3804 niti.
391 3749 542 3804 Deus
579 3749 935 3822 omnipotens
964 3767 1060 3804 vos
1096 3751 1156 3805 in
1198 3768 1302 3806 sua
1337 3751 1564 3822 justitia
1611 3750 1830 3806 confor-

214 3842 326 3905 tet,
351 3842 412 3893 et
439 3837 677 3894 illaesum
706 3838 776 3894 ab
806 3839 959 3894 omni
988 3839 1148 3895 hoste
1176 3845 1452 3912 protegat.

869 3987 1168 4034 CAPITULA
1179 4019 1194 4035 .

601 4105 732 4158 CAP.
768 4104 812 4160 Ι.
841 4135 904 4145 -
935 4106 1008 4160 De
1036 4107 1140 4174 ﬁde
1168 4107 1452 4161 catholica.

301 4210 532 4266 Initium
559 4210 798 4267 actionis
824 4217 1030 4267 nostrae
1060 4213 1130 4267 de
1159 4213 1268 4268 ﬁde
1301 4229 1422 4268 esse
1466 4214 1828 4270 decrevimus.

219 4315 355 4372 quae
385 4299 661 4356 bonorum
687 4306 772 4356 est
787 4301 1040 4356 omnium
1067 4301 1497 4357 fundamentum
1525 4321 1537 4356 :
1561 4309 1618 4358 et
1637 4320 1836 4375 quam-

217 4388 312 4443 vis
347 4407 369 4438 ι
404 4389 526 4444 sine
547 4389 676 4456 ﬁde,

223 4497 250 4529 ι
271 4476 538 4549 possibile
557 4478 632 4532 sit
651 4479 871 4550 placere
883 4480 1018 4547 Deo,
1042 4499 1068 4532 »
1087 4481 1120 4533 ﬁ
1134 4479 1232 4534 des
1253 4485 1444 4534 tamen
1467 4480 1684 4552 indiget
1709 4497 1838 4553 ope—

217 4583 310 4632 re,
340 4583 367 4618 «
399 4566 533 4638 quia
561 4567 698 4622 ﬁdes
725 4569 848 4622 sine
879 4568 1143 4639 operibus
1163 4573 1388 4624 mortua
1415 4575 1502 4624 est
1532 4571 1667 4637 (Jac.
1691 4569 1774 4633 II).
1803 4590 1830 4623 ι»

215 4653 360 4711 Ideo
389 4653 586 4711 beatus
624 4656 928 4728 Gregorius
963 4674 975 4710 :
1011 4657 1129 4724 Ille,
1156 4657 1358 4728 inquit,
1385 4674 1514 4712 vere
1540 4659 1720 4714 credit
1739 4659 1834 4730 qui

214 4749 446 4798 exercet
473 4745 755 4816 operando
798 4746 948 4816 quod
991 4745 1188 4800 credit.
1231 4745 1583 4817 Quapropter
1623 4746 1692 4801 de
1724 4747 1834 4801 ﬁde

211 4837 420 4888 nostra
457 4848 652 4887 omnes
681 4834 910 4888 omnino
941 4834 1289 4890 Christianos
1321 4835 1660 4890 alterutrum
1685 4835 1834 4890 inter

207 4937 284 4976 se
299 4919 516 4992 jugiter
543 4921 848 4978 admonere
877 4929 935 4979 et
959 4924 1157 4978 docere
1183 4930 1438 4995 oportet:
1470 4925 1712 4980 maxime
1740 4931 1828 4980 ta-

207 5025 353 5063 men
369 5009 596 5065 Domini
619 5001 938 5067 sacerdotes
960 5012 1020 5066 in
1040 5029 1106 5067 eo
1127 5013 1436 5069 certamine
1462 5012 1718 5070 laborare
1737 5014 1829 5069 de-

203 5103 328 5166 cet,
362 5104 427 5154 ut
464 5099 705 5155 firmiter
731 5100 802 5154 ab
830 5100 1090 5156 omnibus
1117 5107 1397 5158 teneatur.

470 5225 602 5279 CAP.
637 5227 706 5281 ΙΙ.
745 5257 808 5266 -
831 5229 903 5281 [)c
923 5229 1172 5296 dogmate
1201 5231 1573 5282 ecclesiastico.

289 5332 434 5386 Cum
465 5331 644 5403 igitur
670 5333 860 5388 omnia
879 5333 1114 5410 concilia
1141 5351 1419 5390 canonum
1437 5334 1532 5404 qui
1547 5335 1827 5408 recipiun-

193 5428 311 5477 tur
335 5419 454 5476 sint
479 5437 514 5475 a
541 5422 924 5479 sacerdotibus
961 5423 1203 5496 legenda
1244 5427 1302 5478 et
1340 5423 1726 5496 intelligenda,
1767 5429 1825 5478 et

286 5557 313 5587 ι
338 5545 510 5601 Deest
532 5547 726 5603 habeat
753 5553 854 5604 aut
880 5548 1092 5620 aliquid
1121 5547 1416 5620 ejusmodi.

1911 554 2061 609 rium
2087 555 2368 623 duximus,
2402 561 2468 610 ut
2491 572 2560 610 ea
2579 571 2702 626 quae
2727 555 2798 609 ad
2821 553 2989 608 ﬁdem
3007 552 3311 624 pertinent,
3337 555 3395 604 et
3412 549 3504 604 ubi

1911 643 1982 696 de
2009 643 2380 716 exstirpandis
2407 645 2555 699 vitiis
2583 649 2641 698 et
2663 642 2985 716 plantandis
3007 639 3305 696 virtutibus
3319 639 3511 694 scribi-

1910 736 2022 799 tur,
2053 733 2157 787 hoc
2186 733 2256 788 ab
2285 735 2365 788 eis
2384 733 2580 788 crebro
2616 734 2854 803 legatur,
2887 736 2943 786 et
2970 730 3112 784 bene
3139 728 3505 799 intelligatur,

1910 821 2044 875 utin
2069 823 2272 893 populo
2291 823 2646 894 praedicetur.
2669 822 2744 876 Et
2773 819 3008 892 quilibet
3040 818 3332 891 episcopus
3355 828 3380 858 ι
3407 818 3509 872 ho-

1912 910 2098 964 milias
2117 911 2466 966 continentes
2481 910 2830 966 necessarias
2851 908 3282 974 admonitiones,
3306 906 3510 978 quibus

1913 998 2152 1070 subjecti
2180 1001 2511 1056 erudiantur
2543 1019 2554 1054 :
2588 1001 2642 1054 id
2671 1006 2755 1055 est
2785 1000 2854 1054 de
2887 999 2997 1054 ﬁde
3017 997 3310 1063 catholica,
3343 1001 3511 1068 prout

1911 1104 2110 1159 capere
2136 1089 2353 1160 possint
2382 1109 2394 1144 :
2431 1091 2500 1144 de
2520 1094 2793 1162 perpetua
2819 1087 3192 1144 retributione
3209 1085 3506 1150 bonorum,

1911 1181 1970 1230 et
1995 1181 2207 1232 aeterna
2241 1179 2602 1234 damnatione
2641 1180 2940 1246 malorum,
2988 1177 3058 1232 de
3102 1173 3509 1232 resurrectione

1913 1282 2136 1336 quoque
2161 1266 2368 1334 futura,
2393 1272 2450 1321 et
2469 1268 2669 1322 ultimo
2685 1268 2916 1339 judicio,
2941 1273 3000 1322 et
3027 1265 3228 1338 quibus
3248 1261 3509 1336 operibus

1872 1392 1880 1400 ι
1911 1354 2088 1426 possit
2113 1355 2421 1426 promereri
2455 1355 2623 1412 beata
2659 1357 2791 1423 vita,
2842 1355 3110 1428 quibusve
3155 1352 3390 1409 excludi.
3441 1352 3512 1406 Et

1911 1448 1976 1498 ut
2002 1445 2228 1498 easdem
2258 1444 2517 1500 homilias
2547 1445 2784 1517 quisque
2811 1450 3005 1517 aperte
3041 1442 3348 1498 transferre
3385 1445 3506 1495 stu-

1910 1532 2042 1587 deat
2052 1533 2110 1586 in
2129 1533 2400 1588 rusticam
2413 1534 2727 1588 Romanam
2739 1533 3010 1604 linguam,
3024 1537 3124 1587 aut
3132 1531 3506 1597 Theotiscam,

1912 1637 2022 1692 quo
2048 1621 2266 1677 facilius
2303 1623 2490 1678 cuncti
2532 1623 2752 1695 possint
2797 1622 3111 1692 intelligere
3151 1637 3274 1692 quae
3319 1619 3510 1674 dicun-

1908 1714 2023 1764 tur.

2082 1799 2214 1853 CAP.
2247 1799 2349 1855 III.
2386 1830 2450 1840 -
2484 1801 2558 1855 De
2590 1805 2936 1856 sacramento
2966 1800 3328 1870 baptismatis.

1981 1923 2346 1979 Sacramenta
2373 1924 2566 1996 itaque
2593 1924 2950 1996 baptismatis
2984 1925 3242 1980 volumus
3274 1928 3340 1979 ut
3378 1940 3512 1979 con-

1909 2012 2156 2068 corditer
2187 2018 2357 2087 atque
2385 2013 2744 2069 uniformiter
2766 2013 2827 2070 in
2857 2013 3094 2085 singulis
3115 2013 3398 2086 parochiis
3425 2029 3513 2068 se-

1909 2102 2155 2158 cundum
2184 2104 2504 2160 Romanum
2539 2103 2795 2160 ordinem
2836 2103 2990 2158 inter
3022 2119 3124 2157 nos
3161 2101 3514 2157 celebrentur

1903 2191 2119 2264 jugiter
2145 2199 2315 2265 atque
2343 2197 2744 2249 conserventur
2773 2216 2788 2249 :
2819 2193 2877 2248 id
2921 2198 3025 2259 est,
3070 2189 3402 2247 scrutinium
3440 2191 3513 2246 ad

1909 2281 2164 2337 ordinem
2194 2282 2570 2356 baptismatis,
2603 2283 2751 2338 sicut
2777 2282 2837 2338 in
2865 2281 3104 2338 decretis
3127 2279 3329 2336 Leonis
3356 2295 3514 2352 papa

1907 2370 2012 2426 sub
2033 2372 2252 2427 duobus
2282 2372 2606 2428 continetur
2623 2371 2904 2446 capitulis.
2927 2373 2992 2428 In
3011 2370 3253 2442 capitulo
3276 2369 3473 2440 quinto
3497 2387 3508 2422 :

1911 2461 2042 2515 Haec
2071 2461 2182 2516 duo
2204 2467 2480 2534 tempora,
2507 2462 2565 2517 id
2586 2468 2675 2518 est
2693 2463 2908 2517 Pascha
2938 2466 2996 2516 et
3032 2461 3407 2524 Pentecostes,
3443 2459 3515 2512 ad

1909 2547 2308 2620 baptizandum
2331 2567 2365 2604 a
2391 2551 2644 2606 Romano
2672 2549 2936 2621 pontiﬁce
2957 2547 3212 2620 legitima
3228 2552 3360 2602 sunt
3379 2561 3516 2618 pra:-

1909 2637 2038 2691 ﬁxa.
2061 2637 2207 2692 Item
2227 2637 2284 2692 in
2306 2639 2552 2710 capitulo
2571 2642 2727 2692 sexto
2753 2656 2764 2691 :
2793 2639 2920 2692 Non
2943 2636 3244 2692 interdicta
3269 2633 3510 2700 licentia,

1911 2725 2044 2796 quia
2063 2725 2119 2780 in
2143 2726 2424 2798 baptismo
2443 2726 2743 2783 tribuendo
2765 2725 3014 2798 quolibet
3025 2731 3279 2796 tempore
3298 2722 3519 2796 periclio

1907 2815 2160 2870 tantibus
2190 2816 2534 2872 subvenitur.
2568 2817 2638 2871 Et
2678 2815 2912 2871 Siricius
2941 2814 3004 2869 δε
3045 2815 3110 2870 In
3131 2813 3379 2886 qualibet
3415 2829 3518 2867 ne-

1909 2902 2172 2958 cessitate
2199 2904 2370 2958 fuerit
2399 2921 2539 2976 Opus
2580 2905 2729 2960 sacri
2759 2905 2912 2960 unda
2948 2902 3322 2975 baptismatis,
3362 2901 3516 2956 omni

1909 2991 2167 3046 volumus
2195 2993 2483 3048 celeritate
2513 2994 2780 3048 succurri.
2813 2993 3034 3049 Debent
3064 2992 3240 3064 igitur
3271 2991 3516 3063 episcopi

1911 3097 2041 3136 cum
2075 3098 2279 3151 magna
2304 3081 2603 3153 diligentia
2639 3082 2980 3155 presbyteris
3009 3083 3126 3136 suis
3154 3081 3379 3136 tradere
3420 3079 3518 3134 ba-

1912 3169 2106 3241 ptismi
2133 3176 2570 3244 sacramentum,
2601 3178 2658 3225 et
2687 3171 2822 3243 quid
2861 3171 2917 3226 in
2949 3171 3145 3228 eodem
3189 3169 3520 3225 renuntian-

1913 3259 2067 3324 dum,
2103 3259 2304 3331 quidve
2325 3261 2668 3316 credendum
2699 3261 2789 3316 sit.
2823 3261 3202 3316 Renuntiatur
3229 3259 3379 3314 enim
3405 3257 3521 3312 dia-

1912 3347 2040 3402 bolo
2059 3355 2116 3403 et
2137 3349 2399 3421 operibus
2421 3351 2561 3420 ejus.
2587 3350 2774 3422 Opera
2793 3366 2922 3403 vero
2942 3348 3170 3415 diaboli,
3202 3365 3372 3419 opera
3402 3363 3522 3401 car-

1912 3435 2001 3490 nis
2029 3453 2150 3491 esse
2179 3436 2574 3508 intelliguntur
2605 3457 2616 3490 :
2652 3455 2774 3509 quae
2799 3443 2966 3491 sunt:
2994 3435 3312 3500 homicidia,
3344 3434 3519 3488 forni-

1912 3525 2177 3591 cationes,
2197 3525 2492 3590 adulteria,
2517 3525 2835 3591 ebrietates,
2861 3530 2918 3578 et
2939 3525 3118 3579 multa
3131 3522 3242 3578 alia
3260 3521 3348 3577 his
3367 3522 3522 3578 simi-

1912 3613 2005 3678 lia,
2035 3630 2159 3684 quze
2179 3614 2451 3668 diabolico
2473 3613 2742 3669 instinctu
2765 3613 2922 3684 prius
2943 3611 3279 3691 cogitatione
3315 3609 3520 3666 mentis

1913 3702 2307 3773 concipiuntur
2322 3719 2491 3773 quam
2513 3718 2680 3772 opere
2700 3705 3113 3772 perpetrentur.
3140 3700 3366 3772 Pompa;
3387 3716 3519 3756 vero

1915 3791 2168 3863 ejusdem
2189 3796 2347 3845 sunt:
2369 3789 3296 3870 superbia,jactantia,elatio,vana
3315 3787 3516 3861 gloria,

1914 3879 2109 3946 fastus,
2163 3885 2218 3934 et
2268 3879 2381 3936 alia
2427 3879 2842 3952 quamplurima
2880 3895 3002 3950 quae
3046 3896 3112 3934 ex
3153 3877 3243 3934 his
3279 3878 3417 3934 oriri
3445 3878 3520 3934 vi-

1915 3969 2139 4024 dentur.

2198 4077 2328 4130 CAP.
2355 4075 2449 4131 IV.
2479 4105 2544 4116 -—
2576 4077 2649 4130 De
2671 4091 2802 4145 pace
2835 4081 2884 4130 et
2918 4077 3230 4132 concordia.

1989 4183 2136 4238 Sane
2156 4199 2298 4254 opus
2324 4188 2412 4237 est
2430 4187 2495 4237 ut
2513 4198 2619 4254 pax
2640 4189 2698 4237 et
2716 4183 3013 4238 concordia
3032 4183 3108 4237 sit
3126 4186 3295 4254 atque
3316 4181 3520 4237 unani-

1918 4271 2088 4326 mitas
2123 4271 2182 4326 in
2213 4272 2420 4344 populo
2459 4271 2800 4338 Christiano,
2834 4271 2969 4344 quia
2994 4288 3172 4327 unum
3202 4271 3382 4326 Deum
3413 4270 3520 4325 Pa-

707 4409 730 4442 ι
756 4394 820 4445 ut
843 4389 982 4444 dicit
999 4391 1298 4462 Apostolus
1321 4392 1505 4458 (Hebr.
1538 4396 1636 4459 x1),
1652 4358 1694 4444 ιι
1725 4391 1834 4446 im-
1853 4377 1902 4436 Π
1918 4366 2066 4416 trem
2091 4361 2364 4462 hftfemus
2393 4361 2450 4416 in
2467 4361 2640 4462 “BFs,
2742 4367 3173 4462 “nam.lflau:em
3194 4358 3518 4462 Magiam}

1919 4466 2090 4505 unam
2121 4451 2312 4517 ﬁdem,
2355 4467 2532 4505 unum
2559 4449 2840 4520 baptisma
2871 4467 2885 4504 :
2916 4449 3042 4502 ideo
3072 4449 3132 4502 in
3159 4464 3274 4502 una
3297 4463 3436 4518 pace
3462 4452 3522 4502 et

1917 4540 2292 4594 unanimitate
2312 4539 2665 4594 concorditer
2680 4538 2863 4593 vivere
2882 4536 3168 4604 debemus,
3191 4537 3239 4592 si
3258 4537 3330 4591 ad
3347 4551 3521 4592 unam

1919 4635 1977 4683 et
1997 4645 2186 4684 veram
2210 4628 2597 4683 haereditatem
2615 4627 2774 4696 regni
2797 4625 3036 4680 caelestis
3056 4625 3314 4696 cupimus
3331 4640 3523 4696 perve-

1917 4717 2042 4772 nire
2074 4737 2086 4771 :
2121 4737 2144 4768 ‹
2178 4717 2322 4781 Quia
2350 4733 2462 4772 non
2492 4723 2580 4771 est
2606 4715 2971 4770 dissensionis
3017 4715 3188 4780 Deus,
3231 4714 3330 4769 sed
3368 4713 3521 4786 pacis

1922 4827 1943 4857 ι
1981 4809 2064 4874 (11
2088 4807 2209 4862 Cor.
2239 4813 2375 4874 xxv),
2408 4824 2436 4860 υ
2470 4811 2534 4861 ut
2561 4805 2682 4876 ipse
2721 4804 2820 4859 ait.
2857 4803 3038 4875 Igitur
3067 4803 3114 4858 si
3143 4803 3291 4858 inter
3323 4819 3521 4858 omnes

1915 4895 2108 4951 ﬁdeles
2133 4911 2242 4967 pax
2279 4901 2338 4950 et
2361 4893 2658 4950 concordia
2686 4892 2945 4947 habenda
2981 4898 3085 4960 est,
3118 4891 3339 4946 dicente
3365 4893 3518 4962 Apo-

1911 4985 2054 5039 stolo
2083 5002 2093 5036 :
2131 5003 2159 5038 ι
2192 4985 2394 5039 Pacem
2415 4982 2714 5056 sequimini
2738 4999 2866 5037 cum
2895 4979 3174 5044 omnibus,
3208 4985 3267 5034 et
3307 4979 3519 5036 sancti-

1915 5092 1942 5124 «
1969 5075 2239 5140 moniam,
2300 5073 2420 5128 sine
2479 5089 2592 5143 qua
2639 5087 2806 5125 nemo
2858 5069 3063 5125 videbit
3102 5070 3283 5124 Deum
3329 5070 3513 5137 (Hebr.

1909 5166 2010 5231 xu)
2037 5179 2049 5216 :
2076 5180 2104 5214 »
2129 5163 2306 5218 multo
2329 5161 2508 5232 magis
2539 5160 2690 5214 inter
2721 5159 3009 5231 episcopos
3041 5164 3099 5212 et
3135 5157 3368 5212 comites
3395 5175 3517 5213 esse

1909 5250 2094 5317 debet,
2127 5251 2223 5322 qui
2252 5256 2379 5322 post
2415 5249 2725 5322 imperialis
2755 5247 2928 5319 apicis
2965 5247 3299 5317 dignitatem
3336 5263 3516 5319 popu-

1907 5339 2027 5394 lum
2059 5339 2160 5393 Dei
2189 5344 2411 5409 regunt.
2446 5339 2532 5392 Ita
2571 5337 2720 5392 enim
2762 5336 2912 5390 inter
2947 5351 3006 5389 se
3048 5335 3388 5390 concordare
3416 5335 3518 5390 de-

1911 5427 2065 5494 bent,
2097 5433 2162 5483 ut
2187 5428 2524 5484 alterutrum
2553 5427 2659 5482 sibi
2687 5426 2756 5480 ad
2789 5425 2890 5480 Dei
2923 5424 3214 5480 servitium
3247 5441 3519 5498 peragen-

1974 5549 2001 5592 δ
2031 5551 2206 5622 Epist.
2275 5550 2299 5604 l
2375 5551 2446 5606 ad
2495 5551 2830 5616 Himerium,
2878 5551 3354 5613 Tarraconensem
3403 5550 3517 5624 epi-

1899 5638 2150 5696 scopum.
