4018 6168
530 324 677 386 1567
790 372 805 379 -
1129 326 1192 383 Β.
1234 325 1508 383 RABANI
1545 325 1778 385 MAURI
1815 328 2152 388 ARCHIEP.
2191 328 2517 389 MOGUNT.
2558 328 2857 388 OPERUM
2896 326 3080 383 PARS
3111 327 3208 384 III.
3599 336 3705 396 1568

532 452 688 522 dum,
721 458 781 511 et
806 453 1182 510 ministerium
1216 470 1384 510 suum
1424 459 1578 510 recte
1615 453 1970 526 explendum.
2020 457 2194 517 nonA
2211 455 2521 512 secundum
2551 470 2830 510 canonum
2860 453 3261 522 auctoritatem,
3277 455 3520 514 ‘volumus
3552 477 3564 513 :
3590 467 3637 517 et
3660 471 3710 521 ut

533 543 718 600 solum
754 559 868 599 non
897 548 1154 609 noceant,
1183 543 1321 616 quin
1348 543 1536 616 potius
1557 543 1899 600 adminiculo
1920 544 2052 600 sint.
2221 545 2348 600 laici
2379 545 2440 600 in
2468 561 2662 599 eorum
2696 543 3010 598 ministerio
3040 541 3290 598 obediant
3319 545 3551 618 episcopis
3573 550 3629 604 ad
3650 568 3710 606 re-

468 636 475 642 “
891 650 1021 706 CAP,
1056 650 1122 704 ν,
1153 681 1218 692 .__
1248 651 1323 706 οε
1350 653 1775 708 σοηεηὺοαιίοηε,
2217 633 2432 706 gendas
2462 632 2750 695 Ecclesiae,
2784 632 2977 686 viduas
3016 637 3072 686 et
3101 633 3364 704 orphanos
3394 634 3707 708 defendendos,

2221 728 2280 779 et
2298 728 2363 779 ut
2389 721 2726 778 obediendes
2752 721 2867 776 sint
2889 720 2970 775 eis
3001 720 3072 775 ad
3101 737 3287 776 eorum
3321 722 3711 783 Christianitatem

2221 811 2553 867 servandam
2589 830 2601 866 :
2630 809 3149 881 consentientesque
3174 809 3282 864 sint
3305 812 3508 867 comites
3534 820 3581 868 et
3595 815 3710 885 judi-

2221 917 2315 957 ces
2343 900 2675 974 prmsulibus
2701 900 2818 954 suis
2844 899 2916 954 ad
2939 898 3186 969 justiﬁes
3203 899 3458 954 faciendas
3469 901 3597 972 juxta
3612 921 3713 976 prie-

2221 996 2381 1063 cepta
2428 990 2627 1045 divinae
2681 989 2839 1060 legis,
2895 993 2954 1042 et
2999 988 3310 1044 nullatenus
3350 1006 3438 1060 per
3468 990 3712 1063 aliquorum

2221 1078 2597 1145 mendacium,
2618 1077 2704 1132 vel
2720 1078 2925 1133 falsum
2947 1077 3341 1143 testimonium,
3366 1094 3520 1149 neque
3535 1096 3613 1152 per
3625 1098 3715 1153 per-

891 650 1021 706 CAP.
1056 650 1122 704 V.
1153 681 1218 692 -
1248 651 1323 706 De
1350 653 1775 720 conspiratione.

607 757 667 814 Si
691 773 823 812 vero
848 773 967 830 pax-
984 763 1042 812 et
1068 757 1365 812 concordia
1392 774 1680 813 summum
1710 757 1860 813 inter
1885 758 2141 815 homines

535 851 596 901 et
622 845 866 901 maxime
894 846 1243 902 Christianos
1266 847 1475 902 bonum
1493 847 1802 919 judicatur,
1827 853 1885 903 et
1909 847 2140 920 praemio

535 951 760 992 summo
788 936 1284 1001 remunerandum,
1316 935 1374 990 id
1401 940 1506 1003 est,
1539 942 1605 991 ut
1633 937 1756 1007 ejus
1793 937 1996 991 merito
2038 936 2140 993 ﬁlii

536 1023 640 1080 Dei
669 1040 934 1079 vocemur
963 1025 1176 1093 (Matth.
1210 1028 1286 1095 γ),
1320 1041 1508 1079 nonne
1547 1041 1578 1079 e
1617 1025 1899 1080 contrario
1935 1026 2142 1080 discor-

536 1112 646 1169 die
673 1118 731 1168 et
760 1113 1122 1168 dissensionis
1150 1130 1436 1168 summum
1466 1118 1555 1168 est
1579 1114 1810 1181 malum,
1842 1120 1900 1168 et
1919 1130 2142 1170 summa
2221 1112 2597 1182 fm’f‘wum'"
2626 1112 2704 1132 '°‘
2722 1112 2925 1178 "mu":
2951 1112 3341 1182 ““⁹“¹⁸Ῐ⁵ν⁸¹¹,““¹’
3366 1112 3638 1182 ¹¹ῨΊ““⁵¹³Ῑ⁵ῘΞ

536 1166 1116 1277 {septenas
1132 1166 1215 1258 is
1229 1166 1547 1275 magis...
1571 1166 2143 1270 amisisses;
2215 1166 3178 1277 {E’E‘fn‘igf‘lfﬁ‘fﬂPETEET3__‘”
3217 1166 3365 1238 ius“
3406 1166 3519 1236 βίον
3555 1168 3710 1224 dim-

537 1255 1301 1363 m.as.a....ss;.a
1324 1255 2142 1347 insanaagassa's.
2223 1257 2431 1328 Hm]
2456 1257 2518 1314 ίιι
2543 1256 2733 1328 aliqua
2760 1255 3116 1328 θεραπευτ-

537 1379 722 1436 minat
742 1382 919 1447 (Prov.
944 1382 1044 1449 v1),
1074 1385 1244 1453 atque
1264 1380 1389 1435 ideo
1411 1380 1559 1435 ﬁlius
1577 1379 1784 1435 diaboli
1805 1396 1920 1436 non
1939 1381 2141 1437 imme-

2227 1401 2356 1457 CAP.
2382 1400 2527 1456 VlII.
2553 1430 2620 1442 —
2649 1401 2725 1455 De
2744 1399 3179 1472 proprietatibus
3199 1399 3268 1452 ab
3291 1400 3519 1468 episcopis
3547 1403 3610 1455 rei
3626 1416 3720 1472 pre-

538 1468 649 1524 rito
677 1469 1038 1525 nominetur?
1071 1469 1231 1525 Unde
1255 1468 1576 1536 statuimus,
1608 1474 1780 1541 atque
1806 1470 2142 1527 auctoritate
2450 1473 2685 1540 sbyteris
2699 1475 2820 1540 post
2846 1470 3259 1524 ordinationem
3283 1472 3552 1539 acquisita.

540 1557 918 1614 ecclesiastica
935 1558 1354 1624 conﬁrmamus,
1383 1574 1479 1612 eos
1508 1558 1605 1630 qui
1625 1564 1822 1613 contra
1849 1575 2040 1630 regem
2058 1560 2146 1616 vel

539 1646 946 1702 ecclesiasticas
973 1645 1294 1716 dignitates,
1327 1646 1443 1701 sive
1483 1646 1800 1718 reipublicae
1839 1653 2147 1720 potestates

539 1734 603 1790 in
631 1750 972 1806 unoquoque
999 1733 1195 1789 ordine
1223 1734 1505 1806 legitimas
1527 1735 1920 1808 dispositiones
1947 1736 2142 1808 [Forte,

540 1822 797 1894 legitima
817 1822 1202 1895 dispositione.
1254 1823 1461 1895 Hann]
1504 1823 1858 1892 constitutas,
1891 1827 2148 1898 conjura-

539 1911 725 1968 tiones
751 1916 809 1967 et
835 1911 1278 1985 conspirationes
1314 1911 1636 1969 rebellionis
1669 1919 1728 1969 et
1759 1914 2147 1988 repugnantia

542 1999 778 2068 faciunt,
810 2017 847 2056 a
877 2001 1272 2057 communione
1314 2006 1374 2056 et
1416 2003 1697 2058 consortio
1740 2004 2147 2060 catholicorum

539 2104 732 2146 veram
761 2104 957 2162 pacem
982 2089 1297 2145 amantium
1323 2089 1751 2159 submovendas,
1794 2097 1854 2148 et
1898 2092 2008 2148 nisi
2045 2109 2148 2166 per

541 2176 934 2252 paenitentiam
958 2183 1017 2234 et
1043 2178 1496 2235 emendationem
1524 2180 1646 2252 paci
1675 2197 1738 2236 se
1758 2181 2147 2239 ecclesiastica

540 2267 1042 2342 incorporaverint,
1085 2267 1157 2324 ab
1199 2268 1458 2325 omnibus
1498 2269 1631 2325 ﬁliis
1670 2271 1826 2342 pacis
1861 2270 2147 2327 sancimus

543 2363 813 2414 extorres.

2298 1596 2364 1652 In
2389 1594 2624 1651 concilio
2637 1592 3065 1665 Carthaginensi
3085 1594 3268 1658 (Cone.
3291 1593 3592 1663 Carthagm,
3610 1610 3645 1648 ρ.
3659 1592 3720 1651 ὶθὶ

2226 1685 2499 1758 scriptum
2528 1689 2615 1740 est
2640 1689 2708 1739 ut
2726 1681 3076 1756 prmsbyteri,
3108 1681 3344 1749 diaconi,
3375 1682 3452 1736 vel
3481 1681 3722 1755 quicunque

2161 1798 2210 1860 Β
2226 1772 2435 1839 clerici,
2476 1773 2575 1846 qui
2601 1771 2743 1828 nihil
2775 1770 3045 1827 habentes
3087 1770 3428 1860 ordinantur,
3461 1776 3511 1825 et
3536 1777 3723 1843 tempore

2225 1863 2579 1936 episcopatus
2614 1862 2705 1917 vel
2729 1860 3026 1917 clericatus
3052 1859 3145 1916 sui
3174 1875 3336 1931 agros
3358 1859 3438 1914 vel
3462 1874 3725 1932 quacunque

2225 1951 2433 2026 praedia
2458 1967 2563 2007 suo
2590 1951 2822 2007 nomine
2847 1954 3198 2022 comparant,
3219 1954 3472 2022 tanquam
3488 1948 3728 2004 mullo-

2226 2039 2562 2096 minicarum
2592 2038 2898 2095 invasionis
2917 2039 3156 2094 crimine
3172 2043 3471 2106 teneantur,
3489 2037 3578 2093 nisi
3591 2037 3731 2092 admo-

2226 2129 2332 2186 niti
2361 2129 2605 2186 ecclesie
2633 2128 2830 2184 eadem
2856 2128 2979 2200 ipsa
3005 2126 3362 2184 contulerint.
3386 2126 3613 2183 Biantem
3631 2125 3730 2197 ipsis

2228 2219 2442 2294 proprii
2469 2217 2684 2292 aliquid
2711 2217 3049 2273 liberalitate
3075 2216 3334 2289 alicujus,
3363 2216 3443 2271 vel
3464 2215 3733 2271 successione

2228 2295 2580 2380 cognationis
2600 2306 2905 2374 obvenerit,
2931 2306 3143 2362 faciant
3161 2306 3292 2361 inde
3316 2304 3453 2379 quod
3474 2320 3632 2359 eorum
3644 2318 3735 2376 pm-

2228 2397 2411 2470 posito
2439 2395 2717 2452 convenit.
2745 2397 2905 2462 Quod
2934 2396 2981 2451 si
3014 2412 3049 2450 a
3074 2412 3183 2451 suo
3211 2394 3479 2468 proposito
3498 2398 3736 2449 retrorsum

542 2464 674 2522 Car.
706 2464 802 2521 VI.
837 2494 904 2507 —
933 2467 1007 2521 De
1037 2468 1395 2522 immunitate
1415 2481 1606 2521 rerum
1629 2469 2142 2522 ecclesiasticarum.
2227 2464 2680 2553 gmrbimeﬁm,
2698 2485 2913 2540 honore
2930 2464 3516 2555 θεοιθείαεάοοῖηάίδηί
3530 2487 3736 2553 umqum

613 2571 882 2644 Quisquis
937 2572 1048 2645 [Αι.
1107 2572 1166 2629 Si
1212 2573 1356 2644 quis.
1421 2573 1627 2645 ΗΑιω.]
1676 2573 1825 2629 fastu
1871 2571 2147 2646 superbia
2225 2574 2451 2648 reprobi
2495 2575 2840 2647 judicentur.
2895 2573 3220 2646 Presbyteri
3261 2588 3387 2628 vero
3419 2588 3518 2628 non
3556 2569 3739 2626 vendant

540 2661 725 2717 elatus
750 2661 982 2717 domum
1031 2661 1133 2717 Dei
1180 2661 1336 2718 ducit
1374 2661 1873 2734 contemptibilem,
1918 2667 1977 2717 et
2022 2678 2148 2734 pos-
2226 2681 2346 2720 rem
2375 2664 2622 2720 ecclesia:
2659 2663 2757 2718 ubi
2792 2668 2927 2718 sunt
2945 2661 3258 2725 constituti,
3298 2659 3627 2717 nescientibus
3645 2658 3737 2731 epi-

543 2749 824 2806 sessiones
849 2750 967 2807 Deo
995 2756 1365 2817 consecratas,
1412 2757 1583 2823 atque
1619 2751 1687 2806 ad
1729 2752 1999 2807 honorem
2042 2751 2145 2806 Dei
2222 2753 2407 2826 scopis
2445 2753 2583 2821 suis,
2623 2768 2736 2808 non
2785 2752 3055 2807 habentes
3099 2751 3497 2807 necessitatem.
3534 2749 3628 2805 Nec
3654 2745 3737 2820 epi-

544 2837 650 2895 sub
679 2839 850 2911 regiae
872 2839 1248 2896 immunitatis
1271 2839 1595 2896 defensione
1610 2840 1964 2907 constitutas,
1986 2838 2145 2895 inho-
2223 2858 2392 2915 scopo
2416 2842 2584 2897 liceat
2610 2839 2861 2896 matricis
2883 2840 3129 2896 ecclesia
3158 2856 3281 2896 rem
3305 2840 3447 2896 tituli
3478 2838 3555 2894 sui
3572 2835 3742 2892 nomine

544 2931 705 2983 neste
725 2928 1072 2995 tractaverit,
1092 2929 1180 3003 vel
1200 2928 1506 3001 infringere
1525 2929 1964 3001 praesumpserit,
1989 2929 2149 3001 quasi
2228 2947 2522 3003 usurpare.

543 3014 769 3072 invasor
797 3023 855 3072 et
881 3016 1118 3072 violator
1145 3017 1345 3073 domus
1365 3018 1466 3073 Dei
1487 3017 2020 3074 excommunicetur.
2044 3018 2151 3073 De-

543 3109 635 3160 cet
661 3104 835 3160 etiam
855 3109 922 3160 ut
947 3105 1392 3176 indignationem
1414 3106 1590 3179 ipsius
1612 3106 1827 3161 domini
1853 3107 2004 3177 regis
2024 3123 2151 3162 sen-

546 3193 671 3260 tiat,
693 3195 857 3266 cujus
875 3192 1274 3250 benevolentiae
1288 3201 1641 3266 contemptor
1662 3200 1721 3250 et
1734 3195 2151 3250 constitutionis

546 3280 944 3355 praevaricator
969 3282 1202 3356 exstitit.
1242 3282 1622 3339 Nihilominus
1659 3288 1849 3339 tamen
1895 3300 1992 3340 rex
2034 3300 2150 3340 suae

544 3370 920 3427 concessionis
946 3371 1366 3427 immunitatem
1406 3371 1477 3427 ab
1506 3372 1766 3428 omnibus
1804 3371 2005 3428 ditioni
2034 3389 2151 3428 sum

544 3458 812 3533 subjectis
862 3459 1092 3516 illmsam
1139 3461 1455 3517 conservari
1505 3461 1811 3534 praecipiat,
1857 3478 2150 3517 assensum

543 3565 676 3605 vero
705 3565 816 3604 non
855 3548 1105 3622 praebeat
1121 3549 1430 3622 improvide
1457 3549 1893 3618 afﬁrmantibus,
1916 3567 2029 3606 non
2058 3551 2152 3605 d‘e-

544 3634 680 3694 bere
707 3654 829 3694 esse
856 3655 948 3694 res
978 3638 1318 3707 Dominicas,
1357 3639 1413 3694 id
1459 3644 1547 3694 est
1580 3639 1821 3695 Domino
1857 3639 2150 3694 dominan-

543 3725 689 3783 tium
716 3726 954 3795 deditas,
983 3727 1066 3783 ita
1078 3727 1183 3784 sub
1205 3727 1524 3784 defensione
1551 3727 1720 3799 regis,
1744 3727 1889 3784 sicut
1908 3727 2147 3800 propria:

543 3831 661 3875 sua:
705 3822 842 3872 sunt
886 3816 1241 3873 hmreditates
1287 3835 1300 3871 :
1352 3816 1646 3888 magisque
1690 3816 1963 3882 advertat,
2012 3815 2148 3888 quia

546 3909 760 3977 quanto
779 3906 930 3961 Deus
948 3906 1308 3962 excellentior
1325 3911 1411 3961 est
1428 3905 1676 3971 homine,
1694 3910 1853 3960 tanto
1872 3911 2147 3977 praestan-

543 3993 659 4050 tior
681 4000 771 4050 est
795 3993 983 4050 divina
1011 4011 1180 4051 causa
1210 3995 1535 4050 mortalium
1574 3994 1947 4066 possessione.
1995 3994 2146 4059 Quo-

545 4081 697 4138 circa
721 4082 1000 4155 decipitur
1027 4083 1282 4156 quisquis
1325 4083 1453 4156 plus
1480 4083 1539 4138 in
1589 4083 1832 4155 propriis
1875 4098 2045 4155 quam
2089 4082 2150 4138 in

546 4169 851 4226 Dominicis
874 4171 1042 4226 rebus
1075 4171 1353 4243 gloriatur
1381 4191 1394 4226 :
1431 4188 1670 4243 quarum
1709 4171 2024 4227 divinarum
2055 4187 2150 4227 re-

548 4274 677 4314 rum
707 4258 966 4315 defensor
985 4266 1044 4315 et
1067 4265 1256 4316 custos
1283 4259 1550 4315 divinitus
1585 4265 1851 4326 statutus,
1892 4256 2150 4332 diligenti

549 4362 685 4403 cura
714 4364 828 4404 non
855 4348 1040 4405 solum
1068 4365 1165 4404 eas
1191 4365 1432 4412 servare,
1464 4349 1562 4405 sed
1581 4348 1751 4404 etiam
1773 4349 2151 4421 multiplicare

547 4435 731 4504 debet,
792 4438 1083 4510 magisque
1137 4455 1201 4494 ea
1258 4455 1381 4510 quae
1437 4437 1681 4493 diximus
1730 4438 2217 4510 praestantiora,D

548 4541 720 4598 quam
748 4542 853 4582 sua
879 4527 1175 4583 defendere
1213 4527 1374 4582 illum
1412 4531 1635 4599 oportet
1666 4532 1725 4581 et
1757 4532 2144 4598 augmentare.

550 4613 612 4670 Si
636 4614 764 4686 quis
782 4615 956 4686 igitur
974 4616 1205 4671 insanus
1226 4616 1653 4689 importunitate
1672 4615 2049 4687 improbitatis
2067 4633 2151 4671 re-

546 4718 678 4774 gem
706 4719 743 4758 a
777 4710 929 4760 recto
957 4705 1245 4777 proposito
1257 4710 1511 4760 avertere
1529 4704 1846 4768 tentaverit,
1871 4704 2152 4776 nullisque

548 4791 813 4848 remediis
839 4793 1089 4865 mitigari
1112 4811 1274 4865 posse
1304 4794 1454 4849 visus
1490 4794 1679 4860 fuerit,
1712 4793 1844 4848 licet
1869 4791 2154 4865 obsequiis

549 4880 832 4954 aliquibus
854 4882 1196 4938 transitoriis
1227 4883 1305 4939 sit
1322 4882 1688 4949 necessarius,
1721 4881 2070 4953 abjiciendus
2083 4880 2154 4937 ab

548 4987 617 5027 eo
644 4971 1134 5044 projiciendusque
1159 4988 1220 5028 re
1247 4979 1350 5039 est,
1365 4973 1528 5042 juxta
1556 4970 1696 5026 illud
1725 4971 2110 5042 evangelicum
2136 4988 2148 5026 :

552 5077 583 5115 ι
610 5059 674 5117 Si
702 5076 819 5133 pes,
852 5077 1052 5117 manus
1088 5061 1349 5116 oculusve
1374 5065 1506 5115 tuus
1535 5059 1876 5114 scandalizat
1904 5064 1981 5126 te,
2012 5075 2146 5114 erue

552 5168 582 5200 α
612 5149 729 5218 illa,
754 5154 814 5205 et
838 5150 1048 5223 projice
1075 5149 1174 5205 abs
1200 5154 1258 5204 te
1283 5149 1506 5222 (Matth.
1535 5151 1716 5218 xvm).
1755 5167 1778 5199 ι

2516 3058 2647 3112 CAP.
2671 3056 2766 3112 IX.
2790 3084 2859 3098 —
2886 3057 2958 3111 De
2994 3056 3530 3110 manumissionibus.

2302 3183 2369 3237 In
2396 3180 2630 3239 concilio
2654 3179 3085 3252 Carthaginensi
3109 3181 3295 3248 (Cone.
3324 3177 3512 3247 Afric.,
3541 3193 3581 3231 ο.
3604 3173 3672 3241 3i)
3693 3173 3749 3226 ita

2230 3271 2552 3326 continetur
2582 3288 2594 3324 :
2627 3271 2709 3326 De
2743 3268 3288 3325 manumissionibus
3323 3268 3380 3322 in
3418 3264 3620 3322 ecclesia
3644 3260 3748 3316 cele-

2230 3358 2480 3425 brandis,
2501 3358 2551 3414 si
2570 3358 2627 3414 id
2648 3358 2828 3414 nostri
2846 3357 3278 3414 consacerdotes
3297 3373 3396 3429 per
3412 3355 3608 3411 Italiam
3622 3351 3752 3407 facere

2230 3449 2610 3520 reperiuntur,
2644 3452 2851 3503 nostra;
2898 3447 3067 3502 etiam
3100 3445 3215 3501 erit
3240 3445 3450 3501 ﬁduciae
3477 3444 3674 3498 istorum
3693 3453 3753 3491 or-

2230 3537 2422 3593 dinem
2459 3537 2639 3609 sequi,
2680 3537 2815 3592 data
2857 3537 3024 3609 plane
3069 3535 3305 3591 licentia
3348 3534 3511 3589 misso
3545 3529 3756 3601 legato“

2231 3641 2580 3698 quecunque
2607 3625 2783 3697 digna
2808 3625 2921 3680 ﬁde
2950 3641 3052 3696 pro
3079 3629 3238 3680 statu
3268 3622 3514 3679 Ecclesiae
3544 3625 3595 3674 et
3625 3615 3757 3671 salute

2228 3715 2548 3771 animarum
2576 3731 2745 3785 agere
2774 3714 3078 3785 potuerint,
3119 3729 3228 3768 nos
3259 3712 3440 3768 sciant
3467 3703 3752 3765 laudabiliter

2226 3805 2288 3861 in
2313 3810 2614 3877 conspectu
2638 3803 2864 3858 Domini
2888 3808 3238 3874 accepturos.

2229 3930 2363 3985 Car.
2394 3929 2462 3983 Χ.
2489 3959 2554 3970 -
2576 3929 2650 3983 De
2669 3929 2895 3982 decimis
2912 3928 3114 3982 dandis
3142 3931 3193 3980 et
3217 3929 3279 3981 in
3297 3931 3529 3996 quatuor
3538 3923 3753 3994 portions:

2858 3998 3186 4053 dividendis.

2301 4124 2573 4181 Volumus
2592 4128 2658 4180 ut
2678 4122 2907 4178 decima
2927 4139 3052 4194 qua
3068 4122 3313 4195 singulis
3335 4113 3753 4178 danturecdesiis,

2230 4230 2334 4287 per
2361 4213 2615 4270 consulta
2636 4213 3026 4285 episcoporum
3054 4228 3090 4266 a
3114 4210 3454 4285 presbyteris
3478 4208 3542 4264 ad
3566 4221 3678 4261 usus
3697 4216 3758 4256 eo-

2230 4303 2412 4359 clesia:
2441 4308 2499 4358 et
2527 4318 2839 4374 pauperum
2859 4318 3081 4356 summa
3100 4300 3398 4373 diligentia
3413 4297 3757 4370 dispensentur.

2231 4392 2486 4458 Quatuor
2513 4396 2703 4446 autem
2727 4396 2844 4445 tam
2874 4389 2944 4444 de
2963 4388 3239 4445 reditibus
3254 4405 3423 4462 quam
3450 4387 3515 4442 de
3539 4381 3762 4440 oblatione

2230 4480 2499 4547 ﬁdelium,
2528 4484 2698 4552 prout
2715 4477 3015 4551 cujuslibet
3032 4478 3280 4535 ecclesiae
3296 4477 3525 4533 facultas
3549 4466 3761 4531 admittit»

2230 4571 2377 4626 sicut
2402 4569 2618 4625 dudum
2650 4566 3060 4623 rationabiliter
3100 4573 3190 4622 est
3226 4568 3528 4631 decretum,
3563 4554 3768 4617 convenit

2231 4658 2356 4714 ﬁeri
2384 4658 2669 4731 portiones
2705 4676 2716 4712 :
2765 4673 3004 4728 quarum
3047 4657 3121 4712 sit
3157 4672 3276 4712 una
3317 4652 3599 4728 pontiﬁcis,
3632 4647 3769 4703 alter!

2233 4730 2582 4814 clericorum,
2615 4762 2928 4819 pauperum
2958 4745 3148 4812 tertia,
3173 4751 3378 4817 quarta
3400 4739 3624 4799 ecclesiae
3645 4730 3771 4790 fabri-

2232 4837 2314 4895 cis
2367 4836 2703 4909 applicanda
2737 4837 2903 4907 juxta
2936 4834 3397 4890 constitutionem
3436 4823 3767 4909 episcopalem:

2233 4906 2663 4982 Admonendum
2692 4929 2884 4980 tamen
2912 4931 3001 4978 est
3014 4929 3080 4978 ut
3097 4922 3314 4978 decima
3330 4922 3444 4978 Deo
3462 4915 3666 4975 omnino
3681 4906 3772 4967 dari

2232 5032 2346 5072 non
2366 5015 2702 5087 negligatur,
2738 5029 2907 5086 quam
2936 5013 3085 5068 Deus
3104 5012 3222 5085 ipse
3240 5011 3365 5067 dari
3384 5008 3486 5064 sibi
3517 4995 3771 5087 constituit.

2236 5104 2369 5178 quia
2394 5085 2708 5185 timendum
2737 5085 2840 5170 est,
2875 5102 2922 5156 si
2952 5101 3080 5174 quis
3105 5101 3221 5157 Deo
3239 5116 3409 5156 suum
3427 5094 3656 5185 debitum

2234 5173 2431 5262 trahit,
2456 5173 2529 5248 ne
2562 5191 2707 5247 forte
2734 5191 2885 5246 Deus
2912 5173 3014 5262 per
3035 5194 3325 5263 peccatum
3354 5202 3515 5242 suum
3540 5173 3777 5238 κατεηιεί

548 5273 680 5330 αλιι.
712 5274 834 5331 VII.
877 5305 942 5317 -
980 5276 1050 5331 De
1074 5279 1332 5344 potestate
1352 5276 1723 5343 episcoporum
1749 5286 1914 5340 super
1951 5286 2035 5344 res
2078 5285 2158 5325 ec-
2236 5279 2555 5338 necessaria
2581 5296 2706 5336 sua,

613 5343 1095 5409 clrsiasticas,enrn
1105 5362 1263 5416 mque
1271 5347 1653 5400 convenientia
1664 5359 1791 5397 cum
1804 5343 2157 5410 Iaicisﬂcquc

612 5402 1004 5471 abominandis
1031 5402 1300 5485 pervérsis
1317 5417 1583 5486 prmniis.
1972 5402 1979 5409 ’
2062 5402 2080 5410 ’

2237 5428 2370 5481 CAP.
2404 5425 2500 5480 XI.
2535 5454 2600 5465 -
2631 5424 2959 5493 Utantiquar
2995 5423 3220 5476 ecclesia
3267 5419 3499 5475 habeant
3533 5402 3778 5485 ρνίνίισθία

623 5519 701 5575 Ut
723 5521 967 5594 episcopi
995 5527 1332 5594 potestatem
1363 5521 1611 5583 habeant
1637 5537 1728 5575 res
1753 5518 2157 5576 ecclesiasticas
2972 5509 3096 5549 3W-

549 5588 872 5682 prievidere,
904 5588 1116 5682 regere,
1160 5616 1218 5666 et
1242 5610 1581 5684 gubernare,
1605 5613 1776 5682 atque
1803 5608 2153 5682 dispensare,
2314 5601 2572 5662 Ecclesia:
2599 5598 3275 5675 antiquitus‘constitutaa,
3308 5611 3411 5654 nec
3436 5588 3662 5651 decimis,
3703 5593 3782 5637 ιιθο
