4018 6168
286 260 428 318 1569

1755 256 2137 312 EPISTOLE.

3431 257 3455 310 1
3465 256 3573 314 570

280 389 410 444 aliis
431 385 874 460 possessionibus
896 401 996 457 pro
1025 384 1180 440 novis
1191 384 1451 442 oratoriis
1467 385 1588 442 sine
1613 385 1952 442 consensuA
1976 401 2000 432 σ
2036 381 2162 437 Sive
2191 381 2562 440 manducetis.
2616 381 2729 436 sive
2759 381 2994 449 bibabis,
3029 382 3219 441 omnia
3242 383 3300 439 in
3343 381 3570 442 laudem

282 483 344 532 et
362 476 597 532 concilio
615 475 916 548 episcopali
938 474 1248 547 priventur.

282 605 418 659 CAP.
463 604 584 658 XII.
627 633 691 642 —
723 603 797 656 Nc.
837 603 1146 669 presbyteri
1180 603 1300 656 sine
1325 617 1588 656 consensu
1626 605 1891 669 episcopo-

357 689 488 728 rum
538 690 638 742 per
667 675 912 728 ecclesias
965 676 1382 727 constituantur
1414 677 1503 741 λυθί
1522 674 1590 726 ab
1633 673 1720 727 his
1748 675 1890 726 reci-

353 747 618 815 piantur.

356 852 688 922 Quicunque
698 851 992 924 presbyter
1009 867 1109 922 per
1120 851 1363 922 pretium
1406 851 1696 905 ecclesiam
1719 850 1889 904 fuerit

281 942 540 1013 adeptus,
600 941 828 995 omnino
870 942 1185 1012 deponatur
1219 958 1230 992 :
1266 941 1414 1012 quod
1463 946 1662 994 contra
1710 938 1886 993 eccle-

287 1031 528 1086 siasticae
571 1031 779 1101 regulae
812 1029 1165 1101 disciplinam
1201 1046 1368 1100 agere
1396 1029 1761 1100 dignoscitur,
1793 1027 1889 1098 qui

285 1119 461 1175 alium
471 1118 865 1192 presbyterum
880 1119 1130 1190 legitime
1151 1119 1222 1173 ad
1237 1119 1531 1174 ecclesiam
1565 1118 1888 1172 ordinatum

285 1226 392 1281 per
419 1209 711 1280 pecuniam
745 1208 1038 1286 expulerit,
1069 1225 1307 1278 eamque
1336 1207 1439 1262 sibi
1478 1206 1668 1262 taliter
1715 1205 1891 1260 vindi-

287 1298 503 1353 caverit
535 1317 546 1365 ;
583 1299 732 1368 quod
759 1297 959 1353 vitium
988 1298 1100 1351 late
1129 1297 1396 1350 diffusum
1427 1313 1647 1350 summo
1703 1294 1890 1349 studio

287 1387 654 1442 emendatum
711 1394 814 1442 est.
875 1389 1128 1458 Itemque
1175 1385 1620 1440 interdicendum
1675 1384 1893 1439 videtur

285 1476 527 1543 clericis,
557 1477 672 1530 sive
700 1476 875 1542 laicis,
909 1494 979 1530 ne
1009 1476 1134 1546 quis
1151 1475 1380 1530 cuilibet
1406 1474 1734 1547 presbytero
1754 1490 1893 1544 prse-

286 1571 482 1620 sumat
511 1565 646 1619 dare
676 1565 965 1620 ecclesiam
995 1565 1118 1620 sine
1136 1564 1362 1619 licentia
1387 1570 1446 1619 et
1475 1579 1748 1618 consensu
1779 1563 1893 1634 epi-

286 1654 444 1726 scopi
465 1653 572 1708 sui.

289 1779 424 1832 CAP.
465 1779 615 1832 XIII.
651 1808 715 1818 —
745 1779 819 1833 De
846 1781 1170 1832 clcricormn
1192 1781 1304 1831 vita
1326 1781 1436 1832 δίε-ι’
1465 1779 1884 1832 monachorum.

362 1903 775 1958 Providendum
804 1903 1120 1957 necessario
1152 1907 1239 1956 est
1275 1901 1578 1973 unicuique
1631 1900 1888 1972 episcopo

286 1991 535 2064 qualiter
552 1992 805 2047 canonici
850 1993 1030 2046 vivere
1059 1991 1318 2057 debeant,
1350 2007 1567 2045 necnon
1605 1996 1661 2044 et
1690 2005 1888 2043 mona-

284 2081 400 2148 chi,
432 2087 499 2137 ut
524 2081 827 2136 secundum
879 2080 1134 2134 ordinem
1177 2080 1496 2150 regularem
1544 2077 1725 2132 vivere
1765 2083 1887 2132 stu-

286 2170 481 2237 deant,
515 2176 580 2225 ut
605 2171 687 2224 ait
713 2170 1015 2242 Apostolus
1045 2171 1094 2232 (I
1115 2169 1237 2223 Cor.
1261 2174 1361 2232 vn)
1395 2185 1406 2220 :
1445 2187 1466 2218 ι
1491 2165 1888 2237 Unusquisque

289 2279 320 2312 ι
350 2259 412 2314 in
444 2277 554 2331 qua
583 2260 871 2314 vocatione
906 2263 1130 2312 vocatus
1159 2263 1261 2319 est,
1297 2257 1353 2310 in
1383 2274 1450 2311 ea
1475 2261 1804 2326 permaneat
1837 2273 1880 2307 :-

287 2354 434 2404 etut
462 2366 496 2403 a
551 2349 790 2420 negotiis
847 2345 1208 2402 saecularibus
1257 2345 1484 2399 omnino
1540 2343 1879 2400 abstineant.

289 2437 470 2492 Multa
499 2443 630 2491 sunt
657 2437 808 2491 enim
838 2435 1066 2506 negotia
1103 2434 1408 2498 saecularia,
1443 2434 1511 2487 de
1555 2433 1642 2488 his
1697 2440 1886 2487 tamen

288 2542 472 2598 pauca
502 2526 932 2598 perstrinximus
965 2526 1065 2579 :ad
1088 2541 1210 2596 qua;
1238 2523 1484 2595 pertinet
1497 2522 1678 2576 omnis
1693 2521 1882 2588 libido,

288 2631 407 2670 non
437 2615 619 2670 solum
647 2614 1007 2668 immunditia
1027 2613 1229 2678 carnis,
1259 2611 1356 2666 sed
1390 2611 1560 2665 etiam
1617 2610 1675 2664 in
1729 2609 1884 2666 omni

287 2704 502 2759 carnali
531 2703 980 2775 concupiscentia
1009 2701 1278 2773 quidquid
1309 2701 1434 2772 plus
1469 2701 1624 2770 justo
1673 2698 1890 2770 appetit

298 2793 472 2848 homo
503 2812 514 2847 :
543 2799 708 2866 turpe
729 2793 965 2859 lucrum,
999 2807 1236 2846 munera
1263 2789 1474 2861 injusta
1517 2787 1787 2860 accipere,
1804 2787 1890 2842 vel

291 2882 468 2937 etiam
485 2883 619 2938 dare
639 2899 739 2954 pro
765 2881 952 2952 aliquo
981 2880 1253 2945 saeculari,
1287 2895 1414 2934 cum
1446 2884 1665 2951 quaestu
1710 2877 1890 2950 pretio

289 2971 539 3043 aliquem
576 2971 904 3037 conducere,
933 2971 1318 3025 contentiones
1337 2974 1395 3024 et
1422 2969 1566 3034 lites,
1600 2968 1688 3022 vel
1741 2967 1890 3021 rixas

289 3076 504 3126 amare,
537 3060 595 3115 in
635 3059 853 3132 placitis
909 3059 1268 3114 saecularibus
1306 3058 1614 3130 disputare,
1661 3060 1892 3128 excepta

290 3149 616 3204 defensione
636 3149 1018 3222 orphanorum
1035 3155 1134 3203 aut
1149 3147 1445 3203 viduarum
1475 3167 1491 3202 :
1525 3147 1892 3202 conductores

291 3244 401 3294 aut
457 3244 850 3310 procuratores
897 3254 1020 3292 esse
1078 3237 1426 3294 smcularium
1466 3253 1677 3304 rerum,
1710 3235 1892 3307 turpis

293 3327 452 3382 verbi
476 3328 561 3382 vel
588 3327 719 3383 facti
745 3327 1114 3399 joculatorem
1145 3343 1286 3393 esse,
1317 3326 1402 3380 vel
1449 3327 1641 3396 jocum
1669 3325 1894 3380 saecula-

293 3434 420 3473 rem
465 3417 715 3488 diligere,
749 3417 900 3471 aleas
931 3433 1142 3483 amare,
1179 3420 1574 3470 ornamentum
1631 3413 1892 3468 inconve-

293 3507 460 3562 niens
489 3505 771 3578 proposito
790 3523 890 3561 suo
913 3522 1183 3576 quzerere,
1206 3505 1264 3558 in
1291 3503 1504 3557 deliciis
1525 3502 1707 3556 vivere
1730 3502 1890 3568 velle,

293 3596 491 3668 gulam
511 3599 568 3648 et
588 3593 919 3650 ebrietatem
933 3594 1110 3666 sequi,
1144 3594 1388 3665 pondera
1407 3592 1618 3662 injusta
1628 3591 1713 3644 vel
1743 3607 1898 3644 men-

295 3701 464 3740 suras
493 3683 600 3738 hab
619 3701 716 3751 ire,
753 3685 1045 3755 negotium
1074 3684 1346 3753 injustum
1378 3696 1633 3735 exercere
1653 3680 1782 3752 (nec
1807 3683 1896 3733 ta-

296 3789 433 3828 men
455 3774 675 3843 justum
719 3773 1009 3844 negotium
1047 3777 1131 3826 est
1173 3769 1618 3824 interdicendum
1666 3773 1900 3840 propter

295 3862 662 3917 necessitates
682 3861 948 3927 diversas,
964 3861 1096 3931 quia
1109 3859 1346 3930 legimus
1367 3864 1591 3912 sanctos
1619 3857 1898 3928 apostolos

297 3951 618 4022 negotiatos
647 3967 788 4017 esse,
829 3956 886 4004 et
913 3950 968 4004 in
1001 3949 1194 4018 regula
1223 3947 1405 4002 sancti
1431 3945 1718 4001 Benedicti
1760 3961 1899 4016 prae-

298 4038 825 4112 cipiturprtevidere
852 4055 951 4109 per
973 4053 1210 4108 quorum
1251 4053 1450 4090 manus
1475 4035 1764 4104 negotium
1785 4049 1901 4086 mo-

301 4129 536 4185 nasterii
554 4126 822 4199 transeat)
846 4169 856 4180 .
891 4143 1056 4180 canes
1077 4130 1134 4179 et
1148 4142 1274 4178 aves
1293 4125 1448 4195 sequi
1463 4125 1534 4178 ad
1560 4122 1895 4187 venandum,

301 4218 367 4273 in
391 4217 890 4287 comessationibus
913 4221 969 4270 et
986 4213 1304 4268 vinolentiis
1330 4212 1516 4267 nimiis
1554 4211 1896 4276 incumbere,

305 4307 759 4380 superﬂuitatem
789 4305 845 4360 in
886 4303 1226 4377 quibuslibet
1273 4301 1437 4356 rebus
1491 4302 1638 4354 nolle
1685 4299 1896 4370 fugere.

305 4398 447 4462 Quae
475 4395 947 4451 omn'nministris
967 4393 1160 4448 altaris
1180 4390 1582 4450 interdicimus,
1614 4389 1903 4442 hortantes

307 4503 408 4542 eos
439 4484 807 4541 servareillud
825 4483 1192 4554 apostolicum
1217 4501 1227 4535 :
1267 4501 1289 4532 ι
1311 4481 1489 4534 Nemo
1512 4477 1760 4532 militans
1789 4476 1905 4530 Deo

313 4595 340 4628 ι
375 4574 626 4646 implicat
654 4590 714 4627 se
741 4571 983 4641 negotiis
1033 4568 1394 4624 saecularibus
1453 4569 1532 4635 (ΙΙ
1570 4568 1708 4622 Tim.
1743 4569 1798 4634 ll)
1835 4583 1900 4618 ε»

307 4664 666 4720 considerare
693 4677 916 4733 quoque
947 4659 1284 4714 sententiam
1346 4656 1568 4712 Domini
1620 4654 1857 4710 dicentis
1887 4671 1898 4706 :

312 4772 343 4808 ε
374 4753 664 4808 Attendite
696 4768 767 4806 ne
795 4755 1101 4820 graventur
1127 4747 1298 4802 corda
1323 4751 1506 4800 vestra
1563 4746 1623 4800 in
1677 4743 1908 4815 crapula

314 4860 345 4896 α
376 4847 436 4898 et
461 4841 731 4897 ebrietate
761 4841 908 4908 (Luc.
940 4840 1064 4910 XXI)
1094 4857 1110 4892 :
1140 4858 1160 4888 ι
1185 4837 1476 4892 moderare
1505 4834 1691 4890 cibum
1721 4838 1778 4888 et
1805 4851 1905 4905 po-

310 4941 458 4998 tum,
491 4936 572 4996 ut,
599 4931 762 5002 juxta
790 4928 1130 5000 Apostolum
1158 4927 1222 4998 (I-
1246 4928 1382 4980 Tim.
1417 4924 1521 4994 III),
1555 4923 1724 4978 sobrii
1773 4923 1904 4987 sint,

312 5020 501 5094 parati
529 5019 599 5074 ad
629 5018 918 5074 servitium
948 5015 1172 5070 Domini
1205 5033 1216 5068 :
1245 5021 1376 5068 ante
1405 5030 1466 5068 se
1479 5015 1608 5084 joca
1625 5011 1913 5068 saecularia

314 5110 405 5164 vel
433 5108 614 5180 turpia
643 5107 761 5162 fieri
791 5123 904 5160 non
935 5105 1280 5176 permittere,
1315 5103 1411 5157 sed
1436 5119 1710 5174 pauperes
1738 5107 1796 5156 et
1824 5101 1911 5155 in-

1905 1695 1953 1756 B

1914 4184 1964 4243 D

1976 488 1999 520 «
2023 469 2123 525 Dei
2152 470 2315 525 facite
2345 474 2394 543 (Ι
2415 473 2544 528 Uor.
2573 475 2650 539 Χ).
2681 491 2701 522 ι

2224 579 2354 635 ΟΜ).
2383 578 2528 633 XIV.
2565 608 2628 618 —
2673 581 2742 634 De
2761 585 2878 634 υοιο
2903 581 3320 634 monachorum.

2042 703 2242 758 Nullus
2263 705 2666 758 monachorum
2697 703 2907 775 aliquid
2931 705 3290 776 proprietatis
3339 703 3564 772 habeat,

1971 799 2029 847 et
2077 809 2165 846 res
2213 794 2526 858 saeculares,
2582 793 2784 864 quibus
2836 794 3196 860 renuntiavit,
3249 783 3572 850 nullatenus

1969 881 2075 936 sibi
2105 888 2355 952 usurpet,
2401 899 2504 936 nec
2555 881 2848 953 parochias
2899 883 3263 937 ecclesiarum
3320 883 3572 955 accipere

1969 976 2270 1043 praesumat
2301 971 2422 1025 sine
2455 987 2734 1025 consensu
2764 971 3028 1043 episcopi.
3057 972 3138 1026 De
3169 971 3306 1044 ipsis
3333 989 3465 1028 vero
3493 972 3572 1027 ti-

1969 1060 2121 1124 tulis,
2146 1059 2203 1113 in
2233 1060 2435 1130 quibus
2452 1060 2742 1114 constituti
2767 1060 2997 1128 fuerint,
3022 1061 3299 1116 rationem
3313 1061 3572 1134 episcopo

1970 1150 2055 1202 vel
2074 1151 2196 1218 ejus
2225 1148 2429 1203 vicario
2455 1149 2711 1215 reddant,
2768 1156 2822 1204 et
2851 1149 3136 1205 convocati
3187 1150 3257 1204 ad
3294 1151 3572 1222 synodum

1972 1238 2218 1292 veniant.

2118 1365 2246 1417 Car.
2281 1363 2397 1417 XV.
2417 1365 2556 1417 —l)c
2572 1365 2783 1418 clericis
2800 1379 3011 1418 comam
3030 1367 3424 1420 nutrientibus.

2045 1472 2108 1525 In
2141 1470 2378 1524 decretis
2407 1469 2664 1540 Gregorii
2694 1487 2850 1542 νίψω
2879 1470 3146 1542 scriptum
3181 1478 3268 1526 est
3299 1490 3310 1524 :
3345 1472 3403 1526 Si
3447 1470 3572 1544 quis

1975 1577 2042 1614 ex
2063 1560 2279 1614 clericis
2309 1559 2574 1613 laxaverit
2613 1575 2856 1626 comam,
2884 1560 3206 1614 anathema.
3259 1560 3420 1616 Unde
3449 1577 3575 1617 san-

1976 1649 2154 1702 cimus
2181 1654 2244 1703 ut
2269 1648 2595 1719 hujusmodi
2631 1654 2998 1703 coerceantur
3025 1649 3094 1703 ad
3125 1649 3426 1720 pristinum
3455 1655 3574 1705 sta-

1975 1743 2096 1792 tum
2136 1743 2358 1791 reverti.

2170 1865 2300 1917 Cm.
2333 1863 2478 1917 XVI.
2514 1893 2578 1903 —
2609 1865 2682 1916 De
2709 1865 2824 1917 vita
2852 1865 3394 1919 sanctimonialium.

2041 1969 2340 2024 Abbatissa
2360 1986 2482 2040 quae
2511 1969 2568 2023 in
2591 1969 2815 2023 civitate
2839 1969 3246 2024 monasterium
3266 1969 3454 2036 habet,
3480 1986 3572 2026 ne-

1972 2074 2258 2130 quaquam
2287 2058 2354 2112 de
2382 2057 2723 2112 monasterio
2753 2057 3094 2128 egrediatur,
3127 2057 3237 2112 nisi
3259 2075 3361 2130 per
3407 2059 3576 2114 licen-

1968 2147 2109 2200 tiam
2139 2146 2383 2218 episcopi
2413 2146 2519 2212 sui,
2553 2151 2653 2200 aut
2681 2145 2776 2217 qui
2819 2147 2940 2216 ejus
2969 2145 3146 2200 vicem
3190 2145 3426 2214 obtinet,
3464 2147 3575 2204 nisi

1967 2235 2109 2289 forte
2139 2235 2315 2306 regali
2355 2235 2609 2305 jussione
2655 2240 2906 2305 cogatur.
2941 2235 3011 2289 Et
3045 2234 3090 2289 si
3149 2236 3372 2306 quando
3424 2235 3576 2292 foras

1968 2325 2171 2395 pergit,
2205 2325 2274 2378 de
2293 2323 2810 2379 sanctimonialibus
2856 2340 2996 2395 quas
3049 2340 3239 2378 secum
3269 2323 3444 2390 ducit,
3477 2340 3573 2379 cu-

1969 2431 2090 2467 ram
2121 2419 2180 2468 et
2220 2413 2568 2484 vigilantiam
2597 2411 2818 2479 habeat,
2851 2417 2917 2466 ut
2956 2413 3112 2467 nulla
3139 2412 3222 2467 eis
3251 2413 3418 2467 detur
3446 2428 3574 2485 pec-

1968 2489 2381 2556 candilicentia
2408 2502 2520 2555 sive
2543 2501 2777 2556 occasio.
2802 2501 2912 2556 Sed
2969 2506 3026 2556 et
3069 2517 3199 2556 cum
3254 2501 3457 2573 pergit,
3513 2502 3576 2557 in

1969 2590 2311 2644 monasterio
2325 2590 2497 2644 talem
2527 2589 2586 2644 in
2605 2589 2722 2643 vice
2743 2605 2846 2643 sua
2865 2589 3213 2644 constituere
3240 2589 3426 2657 debet,
3450 2606 3574 2662 quae

1968 2679 2039 2734 de
2067 2677 2577 2733 sanctimonialium
2606 2676 2901 2732 animabus
2919 2693 3112 2732 curam
3134 2683 3192 2732 et
3219 2677 3571 2748 vigilantiam

1970 2771 2152 2838 gerat.
2178 2766 2396 2822 Habeat
2411 2766 2583 2820 etiam
2605 2765 2876 2821 abattissa
2901 2766 3152 2821 studium
3173 2765 3230 2821 in
3249 2766 3576 2822 aediﬁcando

1973 2873 2042 2910 ea
2069 2872 2193 2928 quae
2213 2855 2283 2910 ad
2301 2854 2813 2909 sanctimonialium
2835 2858 3232 2910 necessitatem
3267 2855 3572 2926 pertinent,

1973 2951 2032 3000 et
2049 2945 2107 2998 in
2133 2944 2520 3000 restaurando.
2555 2943 3021 2998 Sanctimoniales
3051 2960 3179 2998 vero
3208 2943 3268 2998 in
3297 2949 3578 2998 monaste-

1971 3035 2056 3090 rio
2085 3033 2402 3089 constitutae
2430 3031 2676 3088 habeant
2687 3033 2936 3088 studium
2955 3032 3262 3103 inlegendo
3283 3037 3342 3088 et
3365 3033 3424 3086 in
3442 3047 3578 3088 can-
3666 3081 3674 3092 ,

1973 3123 2164 3190 tando,
2189 3123 2248 3178 in
2278 3123 2624 3195 psalmorum
2673 3121 3047 3176 celebratione
3075 3121 3190 3177 sive
3219 3121 3488 3190 oratione,
3522 3127 3582 3178 et

1973 3213 2142 3268 horas
2155 3212 2470 3275 canonicas,
2496 3209 2835 3264 matutinam
2865 3209 3140 3277 videlicet,
3162 3209 3425 3280 primam,
3454 3215 3571 3265 ter-

1974 3301 2134 3368 tiam,
2185 3305 2420 3365 sextam,
2455 3314 2680 3363 nonam,
2728 3297 3125 3368 vespertinam,
3151 3297 3579 3370 completorium

1975 3387 2523 3460 paritercelebrent;
2559 3392 2615 3440 et
2629 3402 2843 3449 omnes,
2878 3391 3107 3456 excepta
3136 3402 3304 3456 quam
3337 3385 3578 3440 infirmi-

1975 3483 2064 3530 tas
2093 3482 2267 3532 tenet.
2304 3476 2362 3530 in
2391 3474 2722 3528 dormitorio
2752 3473 3056 3539 dormiant,
3090 3479 3148 3528 et
3176 3472 3436 3527 omnibus
3461 3472 3582 3527 die-

1977 3566 2081 3620 bus
2121 3566 2192 3618 ad
2249 3563 2688 3618 consolationem
2721 3561 2964 3626 veniant,
3027 3566 3084 3614 et
3112 3566 3178 3614 ut
3225 3565 3425 3615 cetera
3457 3577 3576 3614 scr-

1976 3659 2108 3708 vent
2127 3670 2248 3725 qum
2273 3653 2329 3706 in
2351 3652 2545 3722 regula
2577 3649 3090 3704 sanctimonialium
3121 3647 3496 3715 continentur,
3521 3655 3583 3704 et

1978 3760 2102 3815 qua
2121 3759 2155 3797 a
2182 3741 2389 3797 sanctis
2419 3739 2678 3794 Patribus
2707 3737 2819 3792 illic
2845 3737 3150 3792 constituta
3177 3741 3328 3792 sunt.

2051 3851 2163 3906 CAP
2215 3848 2390 3903 XVII.
2423 3875 2475 3884 —
2509 3849 2582 3902 De
2609 3847 2947 3915 pauperibus
2977 3859 3093 3898 non
3112 3843 3505 3913 opprimendis.

2050 3959 2342 4012 Monemus
2364 3953 2579 4025 regiam
2610 3952 2877 4024 pietatem
2917 3950 2986 4005 de
3035 3950 3394 4022 oppressione
3438 3967 3581 4022 pau-

1980 4063 2179 4119 perum
2200 4044 2524 4109 liberorum,
2543 4049 2607 4096 ut
2630 4057 2740 4094 non
2759 4058 2792 4094 a
2805 4039 3213 4112 potentioribus
3233 4056 3336 4111 per
3354 4038 3583 4111 aliquod

1981 4136 2194 4190 malum
2213 4132 2502 4204 ingenium
2531 4136 2723 4185 contra
2745 4129 3024 4200 justitiam
3055 4128 3466 4200 opprimantur,
3493 4129 3582 4184 vel

1984 4228 2260 4294 cogantur
2287 4227 2351 4276 ut
2381 4238 2470 4275 res
2496 4237 2626 4274 suas
2653 4219 2898 4273 vendant
2922 4217 3035 4272 sive
3064 4203 3312 4284 tradant,
3341 4234 3412 4272 ne
3431 4217 3582 4272 forte

1985 4318 2247 4384 parentes
2275 4327 2467 4365 eorum
2483 4313 2678 4364 contra
2695 4307 2977 4377 justitiam
3006 4307 3146 4360 ﬁant
3173 4304 3582 4374 exhereditati,

1987 4407 2045 4456 et
2072 4401 2258 4471 regale
2284 4398 2614 4470 obsequium
2647 4396 2954 4460 minuatur,
2997 4398 3056 4448 et
3081 4393 3188 4464 ipsi
3245 4397 3476 4464 propter
3501 4391 3587 4448 in-

1987 4489 2294 4561 digentiam
2335 4485 2573 4541 mendici
2631 4485 2718 4538 vel
2759 4485 3008 4538 latrones
3052 4497 3150 4536 seu
3199 4481 3590 4537 malefactores

1987 4579 2320 4643 efﬁciantur,
2369 4582 2426 4630 et
2453 4581 2518 4630 ut
2570 4573 2773 4644 sapius
2819 4589 2930 4627 non
2986 4573 3128 4626 fiant
3192 4569 3431 4625 manniti
3461 4579 3486 4608 ι
3513 4569 3588 4626 ad

1985 4669 2209 4741 placita,
2241 4666 2350 4722 nisi
2377 4666 2523 4720 sicut
2572 4664 2630 4718 in
2657 4661 2936 4718 dominico
2967 4659 3265 4733 capitulari
3285 4659 3421 4716 olim
3439 4659 3587 4716 facto

1987 4756 2325 4831 praecipitur.

1992 4903 2123 4958 CAP.
2154 4897 2358 4955 XVIII.
2389 4928 2453 4939 -
2483 4899 2556 4953 Dc
2587 4898 2744 4950 rebus
2773 4909 3084 4965 pauperum
3098 4895 3422 4963 per-malam
3441 4905 3590 4948 occa-

2453 4972 2661 5024 sionem
2688 4985 2801 5023 non
2822 4967 3124 5021 sumendis.

2065 5099 2302 5168 Propter
2329 5093 2670 5167 provisiones
2717 5107 3046 5164 pauperum,
3101 5105 3343 5160 quorum
3395 5103 3589 5144 curam

315 5175 577 5270 digentes
605 5213 792 5252 secum
825 5195 896 5250 ad
927 5175 1180 5248 mensam
1202 5192 1427 5259 habere,
1447 5199 1503 5245 et
1517 5191 1812 5245 lectionem
1836 5189 1916 5242 di-
1996 5186 2204 5242 habere
2225 5184 2510 5248 debemus,
2541 5181 2751 5253 placuit
2775 5179 2935 5235 nobis
2965 5185 3029 5270 ut
3057 5194 3161 5233 nec
3189 5175 3454 5270 episcopi,
3487 5192 3590 5270 nec

314 5288 508 5342 vinam
535 5286 742 5341 ibidem
761 5285 973 5350 audire,
1009 5289 1065 5337 et
1091 5298 1315 5336 sumere
1344 5279 1528 5335 cibum
1585 5295 1712 5334 cum
1742 5278 1914 5333 bene-

319 5377 566 5432 dictione
596 5375 839 5442 Domini,
871 5374 1180 5430 secundum
1219 5370 1556 5442 Apostolum
1591 5369 1866 5423 dicentem
1901 5385 1912 5419 :

395 5565 420 5596 ³
450 5556 510 5612 Id
536 5561 640 5625 est,
672 5553 880 5612 viritim
911 5552 1106 5610 vocati.

1996 5275 2245 5341 abbates,
2270 5290 2374 5328 nec
2401 5270 2650 5332 comites.
2685 5285 2786 5324 nec
2833 5265 3042 5333 vicarii,
3069 5283 3172 5321 nec
3193 5265 3432 5338 judices,
3462 5263 3594 5320 nul-

1997 5367 2198 5436 lusque
2226 5363 2476 5426 omnino,
2509 5358 2610 5414 sub
2642 5359 2793 5413 mala
2820 5355 3111 5412 occasione
3143 5355 3230 5410 vel
3261 5355 3410 5410 malo
3440 5355 3596 5426 inge-
