4018 6168
533 279 662 336 1071
1115 280 1176 336 Β.
1219 279 1491 336 ΒΑΒΛΝΙ
1529 281 1760 362 MAURI
1800 278 2126 337 ARCHIEP.

2190 277 2503 336 MOGUNT.
2547 277 2845 335 OPERUM
2884 239 3064 334 eAas
3101 279 3194 335 III.
3595 285 3699 343 «οη

529 405 646 472 nio,
679 421 769 461 res
787 421 1118 478 pauperum,
1135 407 1421 462 velminus
1433 407 1765 479 potentium,
1797 423 2006 475 emere,
2029 411 2128 461 aut
2145 405 2198 466 Α
2218 405 2487 478 scriptum
2515 411 2634 461 est:
2677 405 2783 470 Qui
2810 404 3116 460 voluntarie
3141 403 3468 460 homicidium
3502 405 3700 475 fecerint,

528 495 726 550 tollere
753 495 962 550 audeat
991 513 1003 548 :
1040 495 1137 550 sed
1153 496 1407 568 quisquis
1437 515 1502 551 ex
1526 497 1607 551 eis
1635 497 1846 569 aliquid
1903 512 2130 567 compa-
2214 495 2558 567 poenitentiae
2589 495 2814 566 quidem
2823 493 3038 565 jugiter
3063 511 3120 549 se
3143 493 3461 561 submittant,
3476 498 3704 566 perfectio-

529 599 656 638 rare
682 583 940 652 voluerit,
959 585 1019 639 in
1046 584 1267 656 publico
1297 586 1502 657 placito
1531 603 1720 640 coram
1751 586 1966 642 idoneis
2015 592 2131 639 tes-
2213 600 2344 638 nem
2373 600 2503 637 vero
2525 583 2672 637 circa
2700 583 2823 636 vitae
2853 583 3058 636 exitum
3104 589 3495 654 consequantur.
3518 586 3572 640 In
3609 603 3703 642 oon-

526 671 678 728 tibus
698 678 756 728 et
783 689 913 728 cum
955 675 1174 729 ratione
1202 675 1306 730 hoc
1333 676 1502 730 faciat
1532 695 1545 734 :
1572 677 1909 748 ubicumque
1940 682 2130 730 autem
2215 673 2342 727 cilio
2371 689 2500 726 vero
2543 672 2870 742 Agatheusi,
2901 688 3024 742 cap.
3047 667 3136 736 37,
3157 671 3224 725 de
3275 672 3530 727 homicidis
3549 680 3597 727 et
3623 676 3702 730 fal-

529 761 695 817 aliter
723 761 1011 818 inventum
1036 763 1205 819 fuerit
1251 764 1482 831 factum,
1513 765 1618 820 hoc
1667 765 1896 820 omnino
1946 781 2135 820 emen-
2214 763 2291 817 sis
2320 761 2560 817 testibus
2598 761 2676 815 ita
2713 761 2921 831 legitur
2953 779 2964 813 :
2991 761 3181 831 Itaque
3223 761 3507 817 censuimus
3530 762 3704 818 homici-

529 849 651 906 dari
687 868 790 924 per
826 851 1040 922 regiam
1060 854 1319 909 convenit
1348 855 1681 925 jussionem.
2215 851 2316 906 das
2372 857 2430 906 et
2480 850 2650 906 falsos
2693 855 2865 905 testes
2907 865 2944 904 a
2998 849 3372 904 communione
3413 849 3706 907 ewlesiastica

532 976 665 1032 CAP.
691 977 840 1032 XIX.
863 1007 928 1020 —
961 979 1034 1033 De
1057 978 1142 1032 his
1163 981 1263 1048 qui
1289 981 1363 1033 ad
1405 981 1824 1034 subvertendam
1841 981 2126 1048 justitiam

2214 939 2643 1005 submovendos,
2684 939 2792 994 nisi
2807 939 3146 1011 poenitentiae
3164 939 3505 994 satisfactione
3523 939 3705 995 crimina

2217 1046 2230 1048 _
2431 1047 2444 1048 ,
2781 1027 2989 1048 ηψμ
3027 1027 3242 1048 “Mm-
3277 1027 3531 1048 ,μιιψς
3575 1045 3588 1048 _
3633 1027 3682 1048 M.

1053 1027 1291 1105 muriam
1317 1054 1619 1120 accipiunt.
1841 1027 1863 1048 θ

2209 1030 2457 1084 admissa
2475 1028 2760 1084 diluerint.
2781 1029 2922 1083 Item
2936 1027 2995 1083 in
3019 1027 3248 1084 concilio
3265 1027 3552 1098 Agatbensi,
3568 1045 3607 1083 c.
3633 1027 3699 1092 62.

2211 1119 2482 1190 scriptum
2519 1124 2606 1174 est
2632 1118 2700 1173 de
2717 1118 2806 1174 his
2834 1118 2930 1190 qui
2978 1133 3166 1174 servos
3205 1121 3354 1172 extra
3368 1117 3582 1189 ljudicem
3629 1134 3704 1174 ne-

601 1155 709 1220 Qui
734 1155 1395 1212 veroadsubvertendam
1418 1157 1751 1228 justitiam’a
1771 1156 1993 1212 duobus
2009 1173 2129 1211 mu-
2211 1155 2493 1220 “""w‘",
2519 1155 2700 1218 “'1‘”
2719 1155 2806 1174 "‘°
2834 1155 2930 1190 ‘1'“
2978 1155 3058 1174 ’Μ
3079 1155 3166 1218 ’νῗ
3205 1155 3590 1218 ⁹““⁸ἶ’¹¹““¹”⁹¹¹³.
3630 1155 3704 1219 ³³¹ῗ

601 1260 664 1280 Μ
696 1243 977 1280 “dum”,
1025 1245 1130 1280 ΒΜ
1159 1250 1242 1280 ad
1273 1245 1340 1280 ολ
1371 1262 1436 1280 Μ
1463 1246 1554 1280 ως
1591 1247 1735 1280 mw,
1764 1245 1865 1280 am
1919 1245 2128 1280 MM“
2211 1214 2342 1264 cant
2389 1227 2400 1262 :
2439 1209 2498 1263 ει
2531 1225 2657 1280 quis
2706 1223 2928 1263 servum
2974 1223 3258 1278 proprium
3295 1221 3405 1260 sine
3444 1212 3708 1262 consecuta

531 1260 670 1300 nera
695 1243 997 1317 accipiunt,
1025 1245 1130 1300 hoc
1158 1250 1245 1300 est
1271 1245 1340 1300 ab
1371 1262 1436 1300 eo
1463 1246 1558 1318 qui
1591 1247 1739 1317 quod
1763 1245 1869 1300 sibi
1919 1245 2128 1317 injuste

529 1333 778 1389 ablatum
799 1339 885 1388 est
903 1334 1056 1405 juste
1085 1334 1339 1406 requirit,
1372 1340 1428 1389 et
1471 1334 1540 1389 ab
1561 1351 1627 1389 eo
1683 1335 1779 1406 qui
1814 1335 2012 1389 eadem
2050 1335 2132 1389 in-

523 1423 676 1493 juste
703 1422 924 1489 invasit,
958 1423 1298 1478 admonendi
1324 1428 1458 1478 sunt
1469 1423 1756 1478 etfortiter
1782 1424 2128 1494 increpandi.

529 1526 600 1566 ne
627 1527 865 1581 regnum
891 1511 1119 1578 Christi,
1153 1511 1301 1582 quod
1327 1511 1588 1566 omnibus
1618 1513 1770 1582 juste
1799 1511 2130 1566 facientibus

529 1605 702 1672 patet,
735 1598 842 1654 sibi
859 1599 978 1654 sine
1007 1600 1126 1655 ulla
1143 1600 1541 1655 retractatione
1565 1601 1873 1656 secludunt.

2213 1297 2424 1352 biennii
2454 1303 2676 1352 reatum
2699 1295 2990 1368 sanguinis
3023 1294 3357 1350 emundabit.
3401 1297 3520 1351 Item
3543 1295 3591 1350 in
3613 1311 3708 1350 con-

2212 1386 2338 1442 cilio
2370 1385 2730 1452 Eliberitano,
2765 1401 2889 1457 cap,
2932 1383 2983 1450 5,
3029 1385 3296 1456 scriptum
3323 1389 3403 1438 est
3448 1383 3508 1438 de
3539 1385 3711 1440 domina

2214 1493 2336 1548 quae
2350 1491 2454 1548 per
2477 1475 2657 1531 zelum
2687 1474 2949 1530 ancillam
2978 1490 3140 1529 suam
3159 1473 3408 1528 occiderit
3433 1491 3444 1526 :
3469 1473 3522 1528 Si
3554 1489 3639 1544 qua
3657 1473 3711 1528 fe-

2211 1565 2370 1620 mina
2404 1565 2594 1620 furore
2630 1564 2734 1619 zeli
2790 1579 3022 1619 accensa
3081 1562 3316 1633 flagellis
3363 1560 3622 1616 verbaverit
3641 1577 3711 1616 an-

2151 1641 2201 1702 B
2221 1653 2407 1710 cillam
2431 1670 2610 1719 suam,
2639 1654 2719 1708 ita
2747 1659 2812 1708 ut
2823 1653 2974 1708 intra
2986 1653 3218 1708 tertium
3241 1651 3383 1707 diem
3403 1651 3608 1706 animam
3621 1667 3712 1705 cum

919 1724 1052 1778 CAP.
1072 1725 1196 1779 XX.
1216 1755 1275 1765 -
1297 1727 1370 1780 De
1397 1728 1731 1794 parricidis.

2222 1743 2472 1798 cruciatu
2502 1742 2769 1806 effundat,
2803 1757 2869 1796 eo
2891 1741 3039 1812 quod
3059 1740 3330 1795 incertum
3345 1739 3650 1794 sitvoluntate
3663 1753 3715 1792 an

602 1830 974 1886 Parricidium
1005 1835 1198 1886 autem
1229 1847 1400 1903 quam
1436 1833 1513 1886 sit
1543 1832 1871 1888 detestabile
1903 1833 2136 1900 crimen,
2221 1849 2352 1887 casu
2381 1831 2646 1886 occiderit
2675 1831 2753 1885 :si
2778 1831 3082 1895 voluntate,
3103 1827 3514 1901 postseptimum
3527 1843 3718 1898 annum;

531 1918 591 1974 in
613 1919 828 1990 judicio
858 1919 1002 1974 facto
1023 1919 1172 1974 inter
1213 1920 1351 1974 Cain
1407 1926 1465 1974 et
1503 1921 1644 1975 Abel
1691 1921 1924 1976 fratrem
1968 1939 2135 1977 suum
2221 1922 2269 1976 si
2297 1938 2449 1987 casu,
2475 1937 2579 1993 per
2597 1919 2967 1992 quinquennii
2995 1924 3252 1990 tempora
3277 1921 3392 1972 acta
3415 1916 3719 1986 legitimam-

531 2005 810 2062 Dominus
839 2009 1086 2063 ostendit
1111 2008 1249 2080 ipse,
1269 2026 1397 2064 cum
1419 2009 1490 2064 ad
1514 2010 1652 2065 Cain
1661 2011 1999 2082 parricidam
2011 2011 2091 2065 ait
2113 2029 2126 2078 ;
2216 2011 2475 2077 nitentia,
2499 2009 2569 2064 ad
2592 2009 3047 2064 communionem
3077 2007 3290 2079 placuit
3302 2005 3519 2060 admitti.
3545 2003 3666 2069 Quod
3686 2003 3720 2058 si

534 2114 564 2153 α
585 2096 913 2152 Maledictus
969 2098 1082 2152 eris
1131 2115 1300 2169 super
1354 2105 1581 2164 terram,
1635 2117 1758 2171 quae
1800 2101 2022 2172 aperuit
2068 2116 2130 2155 os
2210 2116 2340 2154 vero
2364 2099 2515 2154 intra
2536 2104 2795 2170 tempora
2821 2097 3127 2152 constituta
3163 2095 3330 2152 fuerit
3365 2094 3620 2159 inﬁrmata,
3652 2106 3716 2146 ac-

535 2203 560 2237 ι
593 2201 777 2252 suum,
810 2191 868 2240 et
893 2185 1139 2257 suscepit
1159 2185 1490 2257 sanguinem
1509 2188 1698 2242 fratris
1726 2187 1815 2243 tui
1833 2188 1902 2242 de
1957 2205 2129 2244 manu
2211 2189 2384 2261 cipiat
2411 2189 2886 2244 communionem.

535 2292 564 2328 α
594 2279 731 2379 tum.
763 2291 890 2330 cum
939 2281 1202 2348 operatus
1245 2276 1418 2379 fueris
1432 2293 1608 2379 “eam,
1656 2293 1769 2376 non
1815 2277 1974 2332 dabit
2025 2277 2127 2379 tibi
2283 2315 2412 2369 CAP.
2443 2313 2644 2368 XXIII.
2680 2325 2744 2354 __
2784 2315 2856 2367 De
2887 2313 3204 2367 Immicidm
3242 2326 3349 2365 non
3374 2312 3535 2379 manu
3557 2324 3669 2363 eam.

537 2383 559 2415 ι
594 2362 808 2418 fructus
835 2381 966 2419 suos
1000 2383 1011 2418 :
1038 2381 1211 2435 vagus
1237 2371 1294 2420 et
1323 2365 1594 2438 profugus
1650 2366 1760 2420 eris
1806 2383 1976 2438 super
2018 2373 2130 2423 ter-
2291 2362 2412 2369 ”“’
2445 2362 2643 2368 "mw
2784 2362 2814 2367 ⁷
2835 2362 2850 2366 ⁷

539 2471 560 2504 ι
590 2468 732 2507 ram.
771 2472 797 2504 »
829 2453 894 2508 In
924 2469 1034 2524 quo
1064 2453 1236 2508 etiam
1272 2454 1476 2564 Aposuit
1519 2455 1765 2525 signum,
1799 2456 1915 2556 .hoc
1958 2460 2044 2512 est
2068 2463 2134 2512 ut
2284 2493 2349 2548 In
2380 2492 2614 2548 concilio
2651 2493 2970 2564 Ancyram,
3001 2505 3122 2560 cap.
3165 2487 3254 2556 2'2,
3301 2486 3542 2559 scriptum
3565 2489 3633 2539 est
3671 2481 3722 2537 de

530 2548 776 2653 32‘}???
793 2543 1437 2653 _‘i‘.§‘f'3‘f’is.__}’fﬁf‘f§f‘f
1485 2551 1996 2653 ΞῗῬιῗῗῖἓΪῗνῗδῗῖ
2022 2562 2125 2653 *ἲῗίέ
2208 2581 2526 2637 homicidiis
2555 2597 2669 2636 non
2689 2585 2887 2653 sponte
2917 2578 3244 2634 commissis
3263 2578 3283 2601 ο
3303 2575 3446 2648 pn'or
3470 2570 3727 2646 quidem

530 2630 1184 2743 ἓῨὲῗῗῗέῗῗῖἶῈῗῗξῗ
1205 2633 1423 2743 ἓῗῗὲῗῗῗ
1438 2677 1449 2689 ·
1467 2633 2126 2743 ,ῗῗῗηίέῗίδμίῖἱωὲίέέῗῧῗδ
2211 2672 2393 2726 ﬁnitio
2423 2677 2550 2743 post
2605 2630 2936 2742 sept'ennem
2985 2630 3373 2740 paenitentum
3415 2630 3730 2737 ρεὲτεειίοιιεω

753 2718 764 2730 .
1041 2720 1053 2731 .
1095 2720 1106 2732 .
1411 2721 1422 2732 .
1929 2723 1939 2734 ,
2211 2717 2390 2726 ---ην
2424 2717 2550 2743 τ---
2605 2717 2936 2742 _-,--------_
2985 2717 3373 2740 τη---ηῂμῄ
3415 2717 3470 2737 Γ
3509 2717 3513 2718 ,

530 2717 2125 2833 ξῗῗῗῗῖζῖδῖῗεῗῗῖἷ¹ῗῖίῖῗῖ¹ξῖίῗὲἷἷ¹ῗῘ¹ξ¹ῗ¹¹ῘηίῖῗΪεῙ³ξΪ⁸ἷῗἾ¹
2213 2760 2482 2833 consequi
2499 2758 2790 2833 praecepit;
2821 2757 3068 2814 secunda
3095 2772 3250 2824 vera.
3278 2749 3727 2829 quinquennii“

533 2811 587 2862 et
613 2809 784 2862 variis
809 2809 960 2864 vitiis
984 2813 1154 2881 atque
1177 2809 1324 2880 gulae
1346 2809 1623 2866 illecebris
1650 2811 1990 2879 deserviunt,
2020 2829 2134 2868 me-

533 2896 642 2921 ιε.--
665 2896 1059 2921 --ι.ε--.ε.ι-ι--..
1084 2903 1147 2921 --ι
1174 2898 1226 2921 ε..
1251 2915 1322 2921 --μ
1337 2915 1357 2921 -
1391 2899 1438 2921 ι-
1454 2915 1504 2921 μ
1537 2917 1586 2921 __
1601 2917 1661 2921 ,μ
1680 2905 1828 2921 -..ι,-
1861 2919 1886 2921 μ
1907 2901 2032 2921 --μυ
2047 2917 2099 2921 ,μ
2556 2889 2568 2902 ⁸

532 2896 644 2951 lius
665 2896 829 2952 nobis
839 2897 1060 2952 videtur
1084 2903 1150 2954 ut
1174 2898 1234 2953 in
1251 2915 1363 2954 uno
1391 2899 1510 2955 loco
1536 2905 1830 2956 manentes
1860 2901 2136 2973 peniten-

531 2984 614 3038 tia
641 2984 895 3040 districta
922 2987 1253 3059 semeptisos
1264 2988 1556 3060 castigent,
1597 2989 1644 3043 si
1674 3005 1710 3044 a
1732 2958 1959 3045 Domini
1977 2958 2191 3046 boni-0
2284 2995 2414 3050 cip.
2454 2991 2651 3048 xxrv.
2684 3020 2750 3033 -
2781 2991 2854 3046 De
2880 2992 3069 3046 occisis
3093 2989 3422 3059 presbyteri:
3447 2987 3504 3040 in
3527 2982 3672 3052 gradu

531 3077 648 3128 tate
703 3073 1055 3145 indulgentia
1095 3075 1356 3130 facinoris
1410 3077 1498 3132 sui
1530 3077 1818 3151 percipere
1872 3096 2130 3136 merean-
2907 3063 3118 3131 Ροείείε·

529 3166 646 3218 tur.
675 3162 800 3216 Non
821 3163 970 3217 enim
988 3164 1070 3218 eis
1099 3163 1288 3220 licebit
1312 3165 1464 3220 ultra
1490 3165 1704 3221 militiae
1729 3167 2018 3238 cingulum
2037 3185 2134 3224 su-
2286 3171 2394 3238 Qui
2421 3169 2813 3244 presbyterum
2841 3166 3063 3234 occidit,
3110 3164 3405 3222 duodecim
3446 3173 3675 3218 annorum
3694 3155 3732 3211 ei

530 3267 704 3338 mere,
736 3256 795 3306 et
819 3251 1031 3323 nuptiis
1058 3253 1146 3307 vel
1184 3253 1458 3324 conjugiis
1511 3255 1782 3327 copulari,
1815 3256 1948 3328 quia
1985 3257 2129 3313 sacri
2213 3261 2546 3335 poenitentia
2569 3258 2878 3315 secundum
2906 3261 3122 3313 statuta
3141 3255 3394 3328 priorum
3439 3252 3730 3338 imponam;

528 3337 772 3396 canones
791 3339 897 3396 hoc
913 3339 994 3396 eis
1022 3357 1136 3396 non
1157 3341 1536 3402 consentiunt.
2211 3356 2312 3407 aut
2341 3351 2390 3406 si
2409 3349 2714 3422 negaverit,
2762 3348 2810 3402 si
2840 3346 2982 3402 liber
3008 3351 3113 3411 est,
3136 3361 3271 3400 cum
3309 3339 3578 3400 duodecim
3593 3337 3732 3409 juret:

601 3445 732 3502 CAP.
775 3447 922 3504 XXI.
946 3477 1012 3490 —
1035 3451 1110 3505 Dc
1134 3452 1466 3506 mulieribus
1489 3466 1609 3521 quas
1632 3458 1829 3522 partus
1856 3469 1980 3508 suos
2033 3469 2130 3508 ne-
2211 3441 2260 3496 Si
2286 3423 2478 3496 antém
2511 3455 2721 3504 servus,
2751 3453 2854 3509 Per
2893 3433 3192 3491 du°de°im
3246 3446 3488 3525 Vomere?
3525 3427 3738 3525 feffem“

1255 3527 1402 3576 οαηεο
1498 3516 1517 3521 ”
1632 3516 1649 3522 ⁷
2211 3547 2272 3585 se
2291 3533 2512 3602 purget.
2537 3526 2834 3583 Convictus
2848 3541 2978 3580 vero
3005 3539 3182 3590 noxae,
3203 3537 3381 3594 usque
3424 3518 3491 3574 ad
3530 3516 3736 3572 ultimum

599 3626 682 3681 De
700 3625 1031 3683 mulieribus
1061 3643 1185 3699 quas
1205 3626 1554 3684 fornicantur
1573 3635 1630 3683 et
1649 3634 1845 3700 partus
1874 3645 2004 3684 suos
2033 3645 2132 3686 ne-
2210 3620 2338 3674 Vitae
2364 3623 2570 3689 ῐθιιριιε
2597 3615 2815 3671 militia
2862 3613 3150 3686 cingulum
3195 3612 3454 3683 deponat,
3487 3613 3539 3662 et
3562 3615 3737 3661 πωπω

525 3719 676 3783 cant,
707 3716 794 3770 vel
821 3732 945 3788 quae
973 3722 1151 3788 agunt
1169 3733 1360 3773 secum
1389 3722 1455 3772 ut
1491 3723 1653 3773 utero
1689 3723 1984 3790 conceptos
2035 3736 2124 3774 ex-
2207 3708 2451 3767 amittat-

527 3804 762 3872 cutiant,
786 3805 1025 3878 antiqua
1051 3805 1278 3877 quidem
1300 3806 1554 3861 definitio
1602 3823 1782 3880 usque
1810 3807 1883 3862 ad
1911 3808 2124 3863 exitum
2279 3817 2410 3872 CAP,
2433 3811 2602 3869 XXV.
2631 3842 2695 3854 _
2725 3813 2798 3867 De
2821 3810 3152 3881 presbyteri:
3195 3812 3320 3876 post
3358 3802 3736 3874 degradath

526 3891 654 3948 vita
682 3909 778 3948 eas
800 3893 870 3948 ab
899 3894 1133 3950 ecclesia
1151 3900 1419 3962 removet,
1444 3895 1746 3951 humanius
1761 3902 1950 3951 autem
1978 3912 2127 3950 nunc
2716 3965 2726 3976 ξ
2906 3883 3111 3935 060531.3-

526 3979 826 4038 deﬁnimus
847 3988 912 4037 ut
940 3983 990 4037 ei
1017 3984 1212 4038 decem
1256 4000 1534 4038 annorum
1567 3990 1790 4056 tempus
1817 3985 2124 4039 secundum
2279 3991 2616 4048 Nuntiatum
2647 3973 2734 4044 est
2783 3987 2944 4043 nobis
2981 3986 3130 4058 quod
3161 3985 3340 4058 aliqui
3369 3982 3460 4055 qui
3489 3978 3605 4035 olim
3633 3973 3741 4028 dixe-

527 4070 1000 4140 prazﬁxosgradus
1018 4072 1360 4142 paenitentiae
1391 4073 1684 4143 largiatur.
1713 4075 1855 4128 Item
1877 4073 1935 4128 in
1995 4090 2125 4129 con-
2205 4088 2339 4137 runt
2367 4099 2426 4136 se
2456 4080 2627 4136 fuisse
2658 4078 2995 4142 sacerdotes,
3056 4081 3113 4130 et
3139 4080 3338 4147 postea
3368 4065 3629 4141 degradati
3666 4074 3740 4133 pm

526 4156 656 4212 cilio
687 4157 1050 4227 Eliberitano,
1092 4176 1212 4231 cap.
1246 4159 1336 4225 63,
1371 4161 1641 4232 scriptum
1673 4167 1759 4216 est
1786 4162 1856 4215 de
1885 4162 1971 4216 his
2000 4178 2122 4232 qum
2203 4171 2320 4225 suis
2347 4169 2606 4242 peccatiS,
2638 4166 3025 4240 penitentiam
3049 4163 3269 4235 agendo
3299 4159 3550 4230 ωσι-θεία
3573 4157 3740 4210 δειλοῖο·

527 4245 671 4300 ﬂlios
692 4262 757 4300 ex
778 4247 1056 4302 adulterio
1097 4253 1334 4303 necant:
1369 4249 1428 4304 Si
1468 4267 1579 4321 qua
1629 4267 1730 4320 per
1781 4251 2121 4306 adulterium
2140 4275 2331 4347 Drum
2359 4275 2460 4330 per
2495 4257 2713 4311 diversa
2743 4256 2866 4310 loca
2908 4258 3270 4308 transeuntes
3297 4249 3629 4323 quaesierunt,

525 4336 862 4408 conceperit,
895 4337 1064 4408 idque
1093 4343 1220 4410 post
1247 4338 1462 4393 facinus
1491 4339 1775 4407 occiderit,
1807 4341 2018 4412 placuit
2034 4341 2120 4394 vix
2140 4327 2379 4401 "cidati
2385 4352 2535 4401 sunt.
2569 4342 2970 4415 Hujuscemodi
3015 4337 3501 4396 interrectionibus
3519 4327 3742 4406 [Femin-

525 4425 586 4480 in
615 4426 726 4480 ﬁne
746 4426 797 4480 ei
821 4426 841 4496 [
871 4426 921 4481 ei
942 4443 1044 4481 nec
1069 4427 1127 4481 in
1151 4426 1288 4500 fine]
1329 4427 1571 4482 dandam
1621 4445 1741 4483 esse
1779 4430 2122 4484 communio-
2201 4434 2614 4505 terfectoribus]
2638 4447 2864 4488 omnem
2899 4428 3333 4485 ecclesiasticam
3351 4420 3741 4481 communionem

527 4527 678 4581 nem,
702 4529 768 4568 eo
797 4515 944 4585 quod
993 4515 1366 4586 geminaverit
1415 4517 1614 4572 scelus.
1637 4519 1780 4572 Item
1800 4518 1858 4572 in
1888 4519 2121 4573 concilio
2203 4525 2565 4596 denegamus,
2597 4523 2774 4578 donec
2807 4520 3030 4592 dignam
3047 4516 3436 4591 paenitentiam
3478 4529 3570 4586 pro
3616 4509 3741 4562 rem

527 4601 818 4671 Ilerdensi,
850 4619 972 4675 cap.
997 4604 1050 4672 2,
1081 4605 1354 4678 scriptum
1402 4612 1488 4661 est
1517 4607 1586 4662 de
1609 4607 1695 4662 his
1716 4624 1838 4679 quae
1861 4608 2000 4680 [qui]
2031 4608 2125 4662 ab-
2204 4630 2306 4670 suo
2330 4613 2638 4668 secundum
2660 4610 2938 4683 judicium
2966 4606 3357 4680 episcoporum
3386 4601 3658 4659 exsolvant.

527 4692 1300 4803 ῗῖξῗηέῗθῖῗῗῗὶἷῖἷηῗὲοε,
1321 4697 1964 4803 ,έῗξῖέῗῗίδξἾῗευηίκΗῖ
1993 4714 2123 4803 ξ’.⁶ῗ¹“⁰
2276 4740 2406 4794 Cu.
2440 4737 2638 4794 XXVI.
2670 4766 2735 4778 —
2754 4737 2828 4792 De
2852 4735 3099 4803 inﬁrmis
3137 4735 3200 4787 in
3235 4732 3482 4802 periculo
3523 4723 3688 4780 πηοτιεε

526 4780 624 4851 qui
646 4781 794 4835 male
830 4787 1126 4854 conceptos
1167 4800 1234 4838 ex
1277 4783 1554 4839 adulterio
1589 4785 1754 4851 fetus,
1803 4785 1888 4839 vel
1944 4786 2124 4842 editos
2278 4777 2406 4794 VM.
2440 4777 2638 4794 mu“
2673 4777 2681 4778 ί

522 4884 725 4926 necare
745 4871 1083 4939 studuerint,
1115 4873 1201 4927 vel
1231 4872 1290 4928 in
1320 4873 1604 4930 ventribus
1651 4879 1900 4929 matrum
1947 4876 2124 4946 potio-

522 4958 688 5014 nibus
708 4960 987 5032 aliquibus
1015 4960 1339 5028 colliserint,
1363 4961 1424 5016 in
1438 4967 1676 5034 utroque
1700 4980 1834 5018 sexu
1851 4963 2122 5020 adulteris

518 5054 650 5120 post
666 5053 884 5121 septem
907 5066 1184 5105 annorum
1194 5051 1534 5122 poenitentia;
1562 5052 1841 5108 curricula
1865 5070 2045 5108 comm
2055 5072 2119 5110 u-

522 5137 616 5192 nio
635 5138 936 5208 tribuatur,
968 5139 1050 5194 ita
1069 5145 1259 5195 tamen
1275 5144 1339 5195 ut
1363 5141 1516 5195 omni
1544 5147 1797 5216 tempore
1837 5142 1963 5198 vita:
2003 5161 2118 5200 suae

521 5225 746 5284 ﬂetibus
775 5234 833 5284 et
861 5229 1166 5284 humilitati
1196 5228 1479 5285 insistant.

2273 4915 2359 4972 Ab
2385 4915 2628 4972 inﬁmis
2654 4915 2713 4970 in
2733 4913 2932 4970 mortis
2957 4910 3206 4984 periculo
3256 4907 3452 4982 positis
3492 4919 3587 4978 per
3622 4911 3742 4972 pm'

2203 5005 2429 5078 byteros
2449 5022 2592 5078 pura
2631 5003 2970 5076 inquirenda
2987 5007 3075 5057 est
3116 4999 3408 5065 confessio,
3451 5011 3558 5052 non
3587 4998 3740 5047 tamen

2200 5093 2312 5150 illis
2353 5094 2692 5166 imponenda
2727 5092 3013 5165 quantitas
3040 5088 3406 5162 pauitantia,
3439 5085 3534 5142 sed
3565 5083 3743 5139 innote-

2199 5184 2422 5251 scenda,
2441 5188 2499 5239 et
2517 5199 2647 5239 cum
2673 5181 2982 5237 amicorum
3023 5177 3387 5243 orationibus,
3433 5180 3491 5230 et
3535 5172 3740 5228 eleemo-

2197 5288 2468 5344 synarum
2496 5271 2696 5328 studiis
2722 5270 2942 5343 pondus
2970 5267 3312 5341 poenitentia:
3334 5259 3736 5322 sublevandum:

857 5338 990 5392 CAP.
1022 5337 1198 5394 XXII.
1222 5367 1286 5379 —
1317 5339 1392 5392 De
1419 5339 1755 5394 homicidiis.
2059 5398 2066 5406 _
2196 5337 2262 5416 u't
2295 5361 2344 5416 si
2363 5359 2507 5417 forte
2539 5337 2922 5432 ωίεηξγει-ίηι,
2955 5337 3028 5414 εἶθ
3055 5356 3285 5429 obligati
3341 5345 3740 5432 excommunica-

587 5439 652 5494 In
682 5442 914 5496 concilio
942 5445 1260 5516 Ancyrano,
1294 5461 1416 5516 cap.
1444 5443 1534 5501 21.
1568 5445 1640 5500 de
1692 5445 1989 5503 homicidis
2037 5447 2112 5504 ita
2194 5449 2366 5519 tione,
2400 5449 2570 5507 alieni
2608 5429 2673 5506 ex
2711 5446 2988 5506 consortio
3040 5447 3180 5504 bene
3229 5447 3368 5501 ﬁant
3395 5443 3578 5515 [Porta
3630 5429 3740 5491 obli-

587 5552 613 5586 ι
643 5544 739 5601 Est
769 5563 947 5604 canon
968 5547 1040 5607 20
1066 5551 1286 5608 concilii
1305 5538 1606 5625 Ancyrani.
