3958 6170
187 308 216 364 ‘l
226 306 337 365 573

1646 295 2030 356 EPISTOLAE.

3343 292 3481 351 1574

188 433 312 504 gati
341 449 375 488 a
402 429 795 487 communione
833 426 1000 483 alieni
1039 426 1123 482 vel
1166 428 1447 484 consortio
1493 428 1666 483 veniae
1713 430 1795 482 vel
1817 422 1999 485 Asive
2028 420 2156 476 ﬁliae
2188 419 2466 488 avunculi,
2510 426 2611 475 aut
2657 418 2834 491 patris
2885 417 3033 485 ﬁliae,
3087 419 3173 474 vel
3219 418 3486 491 privignae

190 522 473 577 bonorum
504 521 664 574 ﬁant.
690 517 895 588 Hum]
925 537 936 571 :
962 534 996 571 a
1025 535 1134 589 quo
1164 517 1411 589 periculo
1448 517 1497 572 si
1527 517 1795 571 divinitus

191 611 375 683 erepti
402 608 805 673 convaluerint,
842 607 1185 679 poenitentiae
1216 607 1445 662 modum
1470 624 1504 661 a
1530 623 1633 662 suo
1660 602 1793 661 con-

191 700 404 756 fessore
425 698 755 771 impositum
783 696 1083 766 diligenter
1110 696 1421 752 observent.
1451 697 1520 751 Et
1549 695 1675 751 ideo
1703 712 1794 750 se-

192 789 443 845 cundum
472 786 802 843 canonicam
829 785 1245 853 auctoritatem,
1265 802 1337 840 ne
1358 785 1469 839 illis
1483 786 1662 856 janua
1679 785 1795 855 pie-

189 878 326 934 tatis
357 878 550 933 clausa
577 876 851 944 videatur,
882 874 1231 930 orationibus
1247 880 1305 929 et
1323 873 1794 930 consolationibus

191 966 585 1024 ecclesiasticis
614 981 774 1021 sacra
809 981 936 1020 cum
982 965 1245 1020 unctione
1291 963 1395 1019 Dei
1440 964 1634 1035 [Forte,
1684 980 1793 1018 un-

191 1057 379 1113 ctione
408 1055 541 1127 olei]
580 1054 816 1110 animati
853 1053 1164 1110 secundum
1210 1058 1427 1111 statuta
1472 1058 1793 1109 sanctorum

192 1147 431 1203 Patrum
456 1143 852 1200 communione
880 1143 1067 1199 viatici
1091 1143 1436 1200 reficiantur.

1877 529 1991 567 suae
2012 509 2309 565 concubitu
2332 510 2597 581 pollutus,
2622 509 2707 563 vel
2730 509 3121 581 hujuscemodi
3143 509 3488 581 conjunctio-

1875 601 1963 655 nis
1992 606 2205 655 attactu
2234 599 2550 657 maculatus
2581 598 2753 653 fuerit
2782 617 2793 651 :
2827 615 2922 653 eos
2955 598 3222 670 disjungi,
3259 603 3317 653 et
3343 599 3486 653 ulte-

1877 688 1993 767 rius
2019 705 2312 760 nunquam
2350 687 2613 759 conjugio
2662 686 2931 759 copulari,
2982 687 3082 742 sed
3122 687 3226 743 sub
3275 704 3485 759 magna

1875 778 2225 833 districtione
2255 777 2377 832 ﬁeri
2406 777 2681 832 volumus.

1948 885 2079 939 CAP.
2111 885 2280 939 XXX.
2301 885 2553 951 -οαοια
2581 884 2934 951 generatione
2963 885 3223 953 conjugia
3251 900 3411 954 copu-

2392 1002 2399 1005 .
2480 958 2596 1009 lari
2628 955 2873 1008 debeant.

1947 1061 2395 1117 Contradicimus
2426 1078 2648 1134 quoque
2677 1065 2742 1116 ut
2779 1060 2839 1116 in
2881 1066 3085 1132 quarta
3118 1061 3481 1134 generatione

1875 1150 2064 1206 nullus
2091 1151 2335 1223 amplius
2355 1151 2613 1223 conjugio
2636 1150 2932 1223 copuletur
2962 1174 2976 1208 :
3003 1149 3099 1205 ubi
3130 1156 3322 1207 autem
3351 1159 3483 1226 post

1874 1239 2236 1295 interdictum
2252 1240 2459 1295 factum
2479 1239 2765 1294 inventum
2782 1239 2970 1307 fuerit,
2994 1245 3306 1312 separetur.
3333 1241 3479 1297 Sane

1875 1328 2072 1383 eadem
2097 1344 2218 1399 quae
2242 1328 2299 1383 in
2320 1328 2441 1393 viri,
2467 1329 2586 1382 haec
2605 1327 2876 1383 nimirum
2897 1328 2954 1383 in
2979 1328 3169 1384 uxoris
3190 1331 3481 1401 parentela

261 1433 573 1498 Quasitum
602 1438 690 1487 est
726 1430 796 1486 ab
834 1429 1116 1502 aliquibus
1151 1428 1419 1484 fratribus
1455 1429 1525 1483 de
1568 1428 1655 1482 his
1697 1427 1793 1498 qui
1875 1418 1944 1473 de
1960 1418 2081 1489 lege
2100 1418 2427 1489 nuptiarum
2448 1418 2643 1488 regula
2662 1417 3028 1473 custodienda
3048 1425 3154 1473 est.
3177 1419 3323 1483 Quia
3346 1436 3480 1491 ergo

192 1524 249 1577 in
278 1521 547 1594 patibulis
575 1519 1134 1592 suspenduntur-pro
1167 1518 1285 1573 suis
1323 1516 1626 1572 sceleribus
1664 1521 1793 1588 post
1873 1510 2095 1561 Constat
2123 1522 2218 1560 808
2247 1505 2388 1560 (11108
2416 1521 2537 1559 esse
2563 1504 2620 1558 in
2642 1521 2809 1559 came
2839 1522 2971 1571 una,
3017 1507 3328 1562 Communis
3364 1508 3480 1563 illis

190 1611 598 1666 confessionem
625 1610 743 1665 Deo
770 1613 1076 1680 peractam,
1120 1612 1313 1662 utrum
1356 1607 1629 1662 cadavera
1662 1605 1790 1661 illo.
1871 1594 2137 1666 utrinque
2170 1594 2459 1683 parentela
2507 1610 2629 1649 esse
2670 1594 2949 1649 credenda
2996 1600 3098 1663 est,
3151 1596 3297 1650 sicut
3341 1598 3480 1652 scri-

191 1716 318 1755 rum
346 1700 419 1755 ad
447 1698 710 1754 ecclesias
747 1697 1049 1753 deferenda
1076 1696 1209 1762 sint,
1241 1701 1300 1751 et
1334 1688 1643 1751 oblationes
1689 1711 1848 1767 proh
1871 1689 2031 1756 Ptum
2061 1690 2148 1739 est
2178 1703 2190 1738 ε
2227 1702 2253 1735 (ί
2286 1684 2465 1738 Erunt
2495 1683 2607 1738 duo
2638 1683 2696 1737 in
2729 1699 2897 1739 carne
2925 1700 3042 1739 una
3068 1684 3226 1757 (Gen.
3257 1688 3343 1755 ιι).
3380 1706 3403 1737 ι

188 1789 270 1844 eis
300 1787 618 1854 offerendas,
651 1792 710 1842 et
735 1786 918 1842 missa:
957 1785 1320 1853 celebrande,
1361 1801 1435 1840 an
1473 1801 1604 1840 non.
1651 1784 1849 1849 ραι-υ
2004 1791 2134 1846 CAP.
2163 1791 2360 1846 XXXI.
2384 1821 2450 1831 —
2480 1792 2553 1846 De
2584 1791 2741 1844 modo
2769 1792 2967 1845 dandae
2987 1794 3343 1860 ρωηίιεηιίε,

190 1876 295 1932 bus
316 1874 781 1976 τεεΡοηίξθδξωιιε
818 1893 830 1929 ³
877 1875 936 1930 Si
981 1873 1242 1976 Offnibus
1261 1874 1366 1976 _d‘f_
1385 1874 1625 1945 Ρθθοθῖίε
1652 1873 1788 1976 fuis
1940 1897 2139 1952 Modus
2164 1902 2499 1968 tempusque
2532 1896 2877 1967 poenitentiae
2906 1902 3138 1968 peccata
3164 1914 3270 1953 sua
3306 1900 3483 1954 conti-

190 1982 393 2057 Ρῖπδω
419 1963 1177 2057 οοηίθδδίφβωᾳθὲθηίίδυδ]
1221 1968 1279 2018 et
1314 1962 1498 2057 digne_
1519 1962 1789 2057 Ρωηίΐθθῖν
1868 1986 2137 2053 tentibus,
2171 1991 2271 2041 aut
2282 1962 2801 2057 per-antiquorum
2842 1962 3122 2041 canonum
3170 1986 3480 2043 institutio-

189 2054 709 2151 tibusv_001f1muni°
734 2056 793 2108 ίη
821 2054 933 2107 ﬁne
960 2052 1269 2151 339"”de
1301 2051 1633 2151 οδηοηίουξη
1659 2051 1785 2150 δυξ²
1865 2091 2017 2143 nem,
2059 2051 2160 2130 aut
2198 2051 2317 2146 per-
2340 2051 2662 2129 sanctarum
2702 2074 3122 2145 Scripturarum
3170 2076 3475 2132 auctorita-

183 2160 311 2199 sum
348 2143 538 2199 danda
565 2148 670 2208 est,
703 2159 803 2198 cur
830 2158 943 2197 non
979 2141 1061 2195 eis
1097 2141 1193 2212 qui
1234 2156 1335 2212 pro
1378 2141 1622 2211 peccatis
1668 2141 1785 2194 suis

1882 2179 2003 2230 :em,
2029 2169 2129 2218 aut
2152 2180 2252 2235 per
2279 2163 2711 2219 ecclesiasticam
2749 2163 3213 2219 consuetudinem
3255 2164 3472 2236 imponi

183 2248 409 2304 penam
437 2238 745 2287 extremam
766 2230 1133 2303 persolvunt?
1155 2230 1436 2301 Scriptum
1461 2234 1547 2283 est
1574 2230 1724 2282 enim
1765 2246 1777 2281 :

1882 2252 2033 2308 lebet
2055 2269 2090 2307 a
2119 2230 2520 2308 sacerdotibus.
2553 2253 2698 2306 Nam
2740 2251 2836 2323 qui
2879 2268 2981 2323 pro
3010 2252 3249 2324 peccatis
3295 2230 3478 2324 gravi-

184 2321 368 2420 clion
386 2320 632 2420 vindicat
648 2320 818 2420 Deus
818 2318 904 2373 bis
923 2318 981 2418 in
1002 2317 1245 2420 idipsum
1268 2318 1535 2420 (Νξιὶιατηι
1565 2320 1784 2386 Diu-Tm
1869 2340 1975 2396 bus
2003 2342 2153 2397 leves
2176 2341 2448 2412 quosdam
2477 2346 2535 2396 et
2560 2317 2858 2396 inusitatos
2881 2317 3183 2412 imponunt
3205 2317 3478 2412 paeniten-

183 2410 351 2509 LX37-
389 2429 413 2461 ’
437 2410 582 2464 Nam
609 2409 730 2509 ίΡξθ
776 2407 1049 2509 ῙΞΟῙΠῘΠΠῗ
1090 2407 1171 2460 ait
1212 2424 1224 2459 ³
1271 2426 1294 2457 ⁸
1336 2407 1406 2509 II“
1446 2421 1787 2507 .quocunque
1867 2431 1961 2485 tiae
1981 2407 2210 2497 modos;
2225 2435 2565 2485 consumunt
2588 2429 2908 2501 [consuunt]
2949 2407 3227 2501 pulvillos,
3271 2445 3473 2485 secun-

184 2516 214 2550 ι
233 2498 331 2552 die
347 2513 647 2553 conversus
670 2498 840 2553 fuerit
861 2500 1137 2567 peccator,
1162 2499 1390 2573 peccata
1409 2498 1531 2565 ejus
1554 2510 1667 2549 non
1697 2510 1785 2548 re-

1882 2519 2004 2574 ium
2054 2519 2443 2591 propheticum
2487 2498 2805 2573 sermonem
2839 2498 3051 2585 (Ezech.
3101 2517 3318 2595 χχχιιι),
3369 2518 3475 2574 sub

185 2605 211 2640 ‘
240 2587 595 2660 Pumbuntur
613 2586 665 2642 ei
687 2586 898 2679 (133?“-
922 2586 1131 2679 ’θέλων
1169 2604 1193 2636 ³
1228 2585 1297 2639 Et
1316 2584 1522 2679 ίιέεηιω
1552 2603 1563 2637 ⁵
1592 2602 1620 2637 ⁸
1645 2584 1786 2679 ⁸019
1869 2608 2022 2662 omni
2050 2584 2238 2663 cubito
2266 2624 2487 2675 manus,
2518 2612 2577 2663 et
2612 2607 2826 2662 faciunt
2852 2584 3147 2662 cervicalia
3159 2605 3263 2661 sub
3277 2584 3475 2679 capite

185 2696 206 2729 ⁶
236 2681 483 2775 ξιξ-οξξθω
507 2674 854 2775 ΑΡξαξδῖοΓίδν
903 2675 1003 2775 ⁵Ϋά
1050 2677 1512 2775 ιξῖέίζξπεῗξῖδίξπ
1548 2678 1607 2773 εξ
1639 2671 1790 2727 Vivat
1866 2697 2140 2751 universae
2169 2697 2351 2752 aetatis
2373 2696 2444 2751 ad
2473 2671 2773 2768 capiendas
2802 2694 3040 2751 animas.
3072 2695 3181 2751 Sed
3208 2671 3472 2751 discretio

184 2767 493 2865 fdi-bid)”
505 2765 758 2865 salute?
779 2780 912 2865 θῐξξο
930 2763 1622 2865 δοφίηίθάξωίίιίίῖξίδίὶυίδ
1642 2777 1789 2865 ξηοξ“
1868 2785 2143 2840 servanda
2170 2792 2257 2841 est
2286 2785 2436 2840 inter
2462 2763 2801 2856 pcenitentes
2844 2783 2941 2856 qui
2986 2783 3223 2856 publice,
3274 2788 3333 2839 et
3372 2784 3469 2857 qui

178 2853 254 2953 ῑξε
282 2858 551 2953 “lngo”:
577 2853 967 2953 ξωηίίξθηῖίδπι
999 2852 1278 2953 ,άεηρεαιτ
1315 2857 1388 2953 et.
1412 2851 1677 2950 despemf
1868 2873 2135 2930 absconse
2153 2875 2424 2946 poenitere
2443 2849 2704 2929 debeant.
2727 2849 2881 2929 Nam
2895 2849 3230 2945 qui-publice
3252 2849 3464 2944 peccat,

177 2942 482 3035 deflenti“
508 2941 630 3035 DF?!
664 2941 762 3013 qui
795 2957 920 2997 eam
947 2941 1019 2996 ad
1051 2940 1495 3035 δυδνθηίθηδωξξ
1512 2940 1786 3035 milia}?
1868 2967 2092 3034 oportet
2115 2940 2183 3018 ut
2210 2962 2431 3035 publica
2458 2963 2762 3018 mulctetur
2788 2940 3140 3034 paenitentia,
3173 2965 3233 3017 et
3252 2940 3474 3017 secun-

176 3031 438 3087 sufﬁcere
482 3032 564 3087 vel
593 3031 654 3086 in
678 3035 963 3085 momento
992 3047 1157 3101 posse
1204 3046 1318 3084 non
1348 3029 1545 3085 credit.
1589 3029 1788 3084 Perdi-
1807 3056 1852 3117 ο
1869 3029 2005 3106 dim,
2030 3029 2285 3106 οηίίηέω
2310 3067 2590 3106 canonum
2631 3067 2734 3122 pro
2772 3029 2974 3105 fieri“,
3014 3066 3116 3105 suo
3153 3056 3212 3104 et
3253 3065 3471 3105 θηοω,

176 3120 359 3176 disset
384 3121 529 3176 latro
558 3120 618 3175 in
646 3136 808 3175 cruce
835 3119 1128 3192 praemium
1157 3119 1229 3173 ad
1259 3118 1470 3174 Christi
1498 3118 1785 3174 dexteram

1882 3140 2207 3207 nunicetur,
2239 3145 2299 3195 et
2332 3139 2742 3196 reconcilietur.
2792 3138 3135 3193 Ptenitentes
3181 3154 3311 3193 vero
3351 3144 3473 3193 tam

176 3209 448 3311 ξθηάθῐιε.
462 3212 612 3310 (ιξιοο
633 3212 813 3311 Im"):
846 3208 895 3263 εί
931 3208 1095 3311 malm.
1119 3208 1289 3263 unius
1327 3208 1479 3263 hom
1506 3208 1785 3311 ῐξξεῐξξίθητ
1868 3228 2241 3301 expletionem
2273 3228 2564 3284 constituti
2593 3226 2865 3300 temporis
2889 3243 3058 3299 quam
3086 3226 3351 3283 facinoris
3390 3243 3477 3282 re-

175 3302 263 3354 tia
294 3315 408 3385 non
425 3302 665 3370 juvisset
693 3318 707 3352 :
741 3314 869 3354 cum
898 3302 1047 3353 esset
1078 3302 1141 3352 in
1177 3313 1360 3368 paena,
1398 3302 1679 3368 paenituit,
1731 3302 1785 3353 et

1882 3318 2197 3374 missionem
2226 3318 2565 3384 desiderent,
2594 3334 2697 3373 nec
2718 3316 2798 3372 eis
2826 3316 3070 3372 sufﬁciat
3085 3316 3190 3370 sia
3211 3331 3479 3388 quarum-

228 1255 361 1310 CAP.
391 1252 618 1309 XXVII.
652 1283 717 1293 —
748 1253 820 1307 De
849 1252 1062 1378 hamai
1086 1254 1509 1322 suspenduntur
1538 1251 1758 1319 inpati-

1006 1340 1071 1377 τε.

1006 1340 1071 1377 τε.

175 3403 285 3460 per
306 3378 481 3443 unius
510 3387 785 3442 sermonis
812 3386 1238 3458 professionem,
1271 3384 1654 3441 habitaculum
1693 3401 1790 3457 pa-

176 3475 378 3544 radisi,
418 3475 535 3532 Deo
565 3476 949 3548 promittente,
980 3475 1312 3547 promeruit.
1350 3475 1499 3529 Vera
1541 3490 1674 3546 ergo
1715 3474 1787 3529 ad

176 3565 368 3621 Deum
392 3565 677 3621 conversio
702 3565 762 3620 in
790 3563 1004 3620 ultimis
1031 3564 1344 3636 positorum
1374 3567 1563 3618 mente
1599 3564 1787 3635 potius

180 3659 272 3710 est
305 3654 634 3710 aestimanda
660 3671 831 3726 quam
855 3659 1130 3725 tempore,
1162 3652 1437 3725 propheta
1462 3651 1567 3706 hoc
1596 3652 1789 3706 taliter

177 3748 474 3799 asserente
509 3763 520 3797 :
561 3764 583 3795 ι
618 3744 760 3799 Cum
788 3759 1088 3798 conversus
1115 3741 1478 3813 ingemueris,
1512 3747 1649 3797 tunc
1672 3741 1785 3796 sal-

176 3852 205 3887 c
238 3849 350 3888 vus
380 3833 490 3888 eris
518 3834 729 3902 (Ezech.
760 3838 971 3898 XXXIII).
1008 3849 1034 3884 »

494 3941 625 3996 CAP.
656 3939 909 3997 XXVIII.
941 3969 1006 3980 —
1037 3940 1112 3993 De
1139 3938 1478 3993 incestuosis.

246 4046 331 4103 Ut
360 4046 603 4118 episcopi
628 4046 975 4102 incestuosos
1026 4045 1252 4117 penitus
1291 4044 1628 4116 investigare
1668 4049 1784 4100 stu-

168 4136 358 4192 deant
386 4135 616 4191 omnino
644 4135 992 4191 decrevimus
1024 4153 1036 4190 :
1072 4135 1168 4206 qui
1196 4134 1244 4188 si
1281 4134 1554 4205 pmnitere
1584 4134 1782 4189 nolue-

168 4226 314 4293 rint,
343 4224 414 4279 de
443 4223 688 4280 Ecclesia
715 4223 1082 4295 expellantur,
1109 4224 1285 4278 donec
1304 4223 1376 4277 ad
1394 4223 1784 4294 paenitentiam

166 4319 556 4369 revertantur.
579 4313 739 4378 Quod
758 4313 806 4367 si
826 4312 1180 4368 sacerdotum
1208 4312 1495 4367 noluerint
1528 4312 1785 4367 admoni-

1869 3407 2001 3462 dam
2031 3423 2220 3462 rerum
2251 3406 2705 3479 perceptionibus
2743 3404 3081 3470 abstineant,
3113 3403 3174 3458 ni
3208 3420 3268 3459 se
3301 3404 3476 3459 etiam

1868 3513 1903 3551 a
1934 3496 2117 3551 noxiis
2165 3495 2627 3551 delectationibus
2674 3492 3012 3547 subtrahant
3064 3509 3075 3544 :
3127 3491 3474 3546 declinantes

1868 3591 2059 3640 autem
2088 3600 2123 3639 a
2149 3584 2299 3638 malo
2329 3583 2537 3637 faciant
2554 3582 2781 3647 bonum,
2813 3580 3105 3651 inquirant
3141 3594 3356 3650 pacem,
3407 3595 3473 3634 ac

1867 3678 2177 3746 sequantur
2204 3671 2379 3727 illam.

1937 3764 2117 3818 Multa
2143 3761 2368 3833 quidem
2402 3761 2511 3815 alia
2526 3776 2628 3831 per
2644 3758 2892 3813 diversas
2922 3756 3257 3829 quaestiones
3277 3771 3468 3811 coram

1868 3851 2030 3907 nobis
2058 3851 2229 3906 allata
2250 3854 2401 3918 sunt,
2422 3849 2521 3904 sed
2541 3864 2641 3920 pro
2663 3846 2935 3901 brevitate
2953 3845 3225 3917 temporis
3249 3844 3310 3900 in
3329 3860 3469 3917 prm-

1867 3940 2012 3996 senti
2040 3939 2275 3995 concilio
2320 3936 2579 3993 omnibus
2621 3934 2959 4007 respondere
2989 3940 3048 3990 et
3074 3950 3144 3988 ea
3180 3932 3471 3988 absolvam

1865 4046 1979 4084 non
2006 4027 2311 4100 potuimus.
2344 4026 2473 4080 Ilaec
2509 4040 2639 4079 vero
2661 4040 2783 4095 qua:
2812 4022 2968 4077 vobis
2986 4022 3319 4078 transmissa
3336 4027 3473 4078 sunt

1863 4118 2109 4190 petimus
2138 4122 2204 4171 ut
2228 4119 2415 4170 vestra
2444 4112 2777 4169 auctoritate
2808 4112 3106 4167 ﬁrmentur
3129 4130 3141 4165 :
3178 4116 3252 4180 et,
3279 4111 3326 4167 si
3345 4111 3472 4185 quis

1866 4204 2221 4260 adversarius
2268 4204 2378 4257 illis
2415 4202 2652 4257 existere
2699 4201 2958 4267 voluerit,
3012 4201 3312 4272 praevalere
3357 4216 3471 4257 non

1866 4293 2246 4367 permittatur.
2276 4292 2379 4347 Dei
2408 4291 2560 4346 enim
2588 4295 2978 4361 cooperatores
3015 4306 3112 4345 vos
3158 4304 3279 4344 esse
3305 4288 3472 4344 debe-

165 4402 430 4459 tionibus
455 4419 651 4458 aurem
688 4402 1130 4468 accommodare,
1162 4401 1414 4456 volentes
1440 4401 1499 4455 in
1528 4401 1783 4473 pristinis

1882 4384 1958 4450 is,
1984 4390 2041 4438 et
2061 4383 2349 4454 adjutores
2369 4386 2575 4436 sanctae
2609 4381 2732 4451 ejus
2762 4380 3036 4446 Ecclesiae,
3068 4384 3344 4450 quatenus
3384 4393 3472 4432 re-

162 4492 488 4565 perdurarc
510 4490 856 4559 criminibus,
883 4495 1106 4563 oportet
1126 4506 1222 4545 eos
1248 4507 1350 4562 per
1370 4490 1651 4545 saecularis
1681 4507 1783 4562 po—

164 4580 377 4637 tentiae
403 4580 760 4653 disciplinam
787 4597 821 4636 a
849 4584 967 4635 tam
997 4595 1172 4652 prava
1197 4578 1604 4635 consuetudine
1633 4595 1784 4635 coer-

163 4684 315 4728 cel-1.

418 4740 549 4795 CAP.
580 4740 779 4796 XXIX.
812 4770 876 4781 —
907 4741 981 4796 De
1007 4740 1291 4795 damnatis
1315 4741 1548 4810 nuptiis.

243 4848 313 4905 Si
337 4847 465 4920 quis
492 4847 718 4903 viduam
736 4863 969 4903 uxorem
988 4846 1229 4913 duxerit,
1263 4852 1321 4901 et
1350 4851 1547 4918 postea
1565 4863 1694 4903 cum
1723 4848 1784 4901 fi-

157 4938 377 4993 liastra
404 4952 511 4992 sua
532 4937 837 4992 fornicatus
864 4936 1052 5003 fuerit,
1093 4936 1193 4991 seu
1240 4935 1459 4991 duabus
1498 4936 1782 4992 sororibus

156 5026 439 5099 nupserit
463 5041 478 5082 :
505 5030 606 5081 aut
627 5026 675 5081 si
701 5041 815 5098 qua
840 5024 1059 5080 duobus
1079 5023 1346 5080 fratribus
1374 5025 1648 5097 nupserit,
1683 5041 1779 5080 seu

153 5132 309 5172 cum
338 5120 502 5186 patre
535 5120 593 5169 et
639 5114 754 5169 filio
791 5132 802 5168 :
849 5114 984 5169 item
1021 5113 1069 5169 si
1109 5113 1233 5185 quis
1270 5114 1524 5169 relictam
1570 5114 1778 5181 fratris,

153 5222 304 5278 quae
333 5220 476 5276 pene
498 5203 652 5275 prius
671 5203 980 5269 exstiterat,
1009 5203 1222 5258 carnali
1255 5203 1647 5275 conjunctione
1668 5203 1781 5257 vio-

150 5293 382 5350 laverit
412 5309 425 5346 :
459 5292 508 5346 si
529 5292 655 5364 quis
681 5297 909 5365 neptem
935 5292 995 5347 in
1025 5291 1351 5364 conjugium
1379 5292 1657 5364 acceperit
1686 5310 1697 5345 :
1735 5292 1783 5346 si

155 5383 312 5456 quis
351 5397 646 5435 novercam
685 5386 786 5436 aut
825 5396 1034 5435 nurum
1075 5396 1236 5436 suam
1273 5380 1496 5436 duxerit
1527 5399 1538 5433 :
1582 5380 1629 5435 si
1660 5380 1785 5451 quis

154 5468 531 5528 consobrina:
557 5486 672 5525 suae
700 5470 981 5542 impudice
1006 5486 1066 5525 se
1096 5469 1404 5536 sociaverit,
1452 5469 1538 5524 vel
1578 5470 1785 5524 relictae

1864 4472 1996 4543 ligio
2027 4472 2347 4527 Christiana
2365 4469 2810 4526 incontaminata
2827 4468 3176 4540 temporibus
3193 4466 3352 4538 regni
3378 4482 3469 4520 ve-

1865 4560 1968 4615 stri
1990 4577 2170 4633 usque
2202 4561 2260 4615 in
2294 4561 2465 4616 ﬁnem
2497 4562 2767 4613 servetur.

2409 4664 2757 4721 EPISTULA
2786 4662 2916 4719 VIII

2482 4771 2838 4852 Synodalis,

2036 4907 2107 4945 Αι)
2134 4890 2458 4945 niscmnuu
2486 4899 2953 4965 Aeculsplscowm
2974 4900 3297 4943 aasussssu

2432 4997 2504 5050 De
2536 4995 2892 5051 Gothescalco.

2084 5101 2240 5167 (Apud
2266 5100 2450 5160 Mansi,
2474 5102 2642 5153 Conc..
2671 5105 2789 5149 tom.
2818 5099 2955 5157 XIV,
2984 5113 3089 5162 pag.
3112 5097 3247 5151 9M.)

1934 5200 2404 5257 Reverentissimo
2418 5198 2579 5253 fratri
2601 5204 2658 5253 et
2667 5195 3049 5253 consacerdoti
3070 5196 3359 5252 Hmcmno
3381 5212 3470 5251 ar-

1864 5288 2214 5361 chiepiscopo
2262 5288 2541 5353 RABANUS,
2590 5303 2781 5341 servus
2833 5283 3041 5341 Christi
3082 5288 3140 5338 et
3178 5299 3469 5340 servorum

1866 5380 2009 5451 ejus,
2033 5378 2092 5433 in
2121 5376 2361 5432 Domino
2389 5375 2650 5431 salutem.

1939 5469 2151 5523 Notum
2176 5466 2251 5521 sit
2265 5465 2548 5520 dilectioni
2575 5469 2771 5520 vestrae
2803 5463 2951 5534 quod
2983 5461 3213 5534 quidam
3237 5478 3473 5536 gyrova-

244 5589 280 5620 ι
314 5577 447 5634 Haec
501 5582 635 5634 sunt
681 5592 748 5633 ex
790 5576 1096 5647 Caelestini,
1154 5576 1315 5649 epist.
1371 5575 1443 5632 ad
1498 5575 1785 5649 episcopos
1815 5572 2016 5634 Vienn.
2040 5579 2099 5631 et
2125 5571 2374 5630 Narbon.
2408 5572 2589 5628 Hann.
