4018 6168
571 232 704 288 Ιῖιῖὅ
1152 228 1212 280 Β.
1259 226 1526 280 RABANI
1568 225 1797 280 MAURI
1837 225 2173 281 ARCHIEP.
2214 228 2538 284 MOGUNT.
2582 226 2877 282 OPERUM
2915 226 3091 281 PARS
3128 227 3220 282 III.
3599 235 3705 292 1576

539 375 647 430 gus
671 355 1000 416 monachus,
1023 351 1612 432 nomineGothescalc,
1637 352 1736 422 qui
1755 369 1814 406 se
1837 352 2036 407 asserit
2058 370 2148 406 sa-
2165 356 2217 418 Α
2233 355 2498 408 seducere
2528 353 2794 424 populum
2828 351 3196 416 Christianum
3228 367 3241 406 ε
3271 354 3390 424 quia
3409 357 3513 425 jam
3534 360 3706 426 multos,

541 445 827 502 cerdotem
855 444 912 498 in
943 447 1130 497 vestra
1172 440 1439 512 parochia
1481 440 1825 506 ordinatum,
1873 442 1942 495 de
1992 442 2154 496 Italia
2235 448 2300 497 ut
2328 443 2532 506 audivi,
2561 441 2818 496 seductos
2861 439 3046 506 habet,
3091 447 3146 495 et
3185 440 3353 496 minus
3387 441 3576 500 devotos
3611 464 3712 519 erga

541 536 697 589 venit
732 533 802 587 ad
833 550 934 587 nos
985 529 1354 601 Moguntiam.
1409 547 1578 584 novas
1625 531 2052 601 superstitiones
2099 537 2156 584 et
2237 519 2395 586 suam
2418 531 2677 592 salutem,
2703 530 2798 602 qui
2819 530 3012 583 dicunt
3041 548 3050 582 :
3079 530 3216 594 Quid
3237 531 3360 584 mihi
3375 533 3580 602 proderit
3602 535 3712 590 labo-

544 623 768 679 noxiam
798 621 1112 676 doctrinam
1140 621 1210 673 de
1243 619 1731 690 praedestinatione
1763 620 1862 673 Dei
1901 620 2153 674 introdu-
2238 638 2364 674 rare
2395 621 2452 674 in
2485 620 2712 673 servitio
2745 619 2883 673 Dei?
2914 619 3043 689 quia
3069 619 3114 672 si
3142 620 3520 690 praedestinatus
3542 639 3640 678 sum
3661 624 3714 679 ad

545 729 694 776 cens,
731 718 789 766 et
818 711 1051 782 populos
1083 709 1139 763 in
1170 725 1416 762 errorem
1442 707 1671 762 mittens
1716 727 1726 759 :
1775 708 1965 763 dicens
2009 709 2156 779 quod
2238 715 2500 776 mortem,
2544 725 2832 778 nunquam
2862 708 3016 761 illam
3045 708 3264 762 evadam
3295 727 3304 762 :
3346 709 3386 762 si
3424 715 3578 764 autem
3609 713 3715 766 male

546 800 962 874 praedestinatio
998 798 1116 856 Dei.
1138 797 1282 851 sicut
1307 798 1363 850 in
1384 797 1548 863 bono,
1576 798 1650 850 sit
1673 797 1749 851 ita
1779 803 1835 850 et
1868 798 1925 851 in
1958 798 2104 852 malo
2139 817 2150 852 :
2239 815 2425 868 egero,
2458 803 2514 850 et
2541 797 2968 868 prmdestinatus
2996 813 3119 850 sum
3146 796 3212 850 ad
3238 796 3404 863 vitam,
3427 799 3526 852 sine
3545 799 3632 854 ulla
3646 801 3718 856 du-

547 897 605 945 et
631 889 773 944 tales
799 889 913 942 sint
940 887 998 942 in
1021 888 1125 941 hoc
1146 887 1356 940 mundo
1379 886 1628 956 quidam,
1656 885 1751 956 qui
1771 892 2001 958 propter
2021 903 2158 958 prae-
2240 887 2511 940 bitatione
2541 886 2610 940 ad
2639 892 2903 940 aeternam
2931 886 3176 956 requiem
3194 887 3338 940 vado.
3361 887 3472 941 Haec
3493 905 3598 959 ergo
3621 907 3720 960 pau-

546 977 980 1034 destinationem
1011 977 1131 1042 Dei,
1167 992 1290 1046 quae
1325 991 1420 1028 eos
1459 981 1622 1044 cogat
1661 975 1720 1028 in
1771 982 2009 1029 mortem
2050 975 2152 1041 ire,
2241 961 2321 1030 eis
2341 975 2496 1030 vobis
2519 975 2860 1046 scripsimus,
2891 974 3213 1029 intimantes
3241 975 3439 1046 qualem
3464 976 3721 1047 ejusdoctri-

547 1083 661 1122 non
690 1066 908 1138 possint
937 1063 1006 1118 ab
1036 1080 1227 1118 errore
1251 1069 1308 1117 et
1331 1069 1557 1134 peccato
1581 1081 1642 1117 se
1663 1063 1942 1133 corrigere
1959 1105 1972 1128 ,
1997 1063 2156 1134 quasi
2242 1082 2370 1120 nam
2390 1065 2720 1136 reperimus.
2739 1065 2851 1118 Vos
2871 1064 3041 1118 etiam
3060 1062 3302 1118 valebitis
3321 1064 3384 1118 de
3408 1081 3491 1120 ore
3504 1066 3600 1136 ejus
3614 1066 3721 1138 quod

547 1156 698 1211 Deus
743 1171 838 1208 eos
874 1153 1097 1207 fecisset
1140 1151 1211 1205 ab
1259 1151 1420 1205 initio
1468 1151 1876 1222 incorrigibiles
1923 1169 2063 1217 esse,
2096 1157 2155 1206 et
2242 1154 2413 1208 sentit
2430 1154 2648 1224 plenius
2666 1153 2879 1220 audire,
2899 1153 3100 1225 etquid
3120 1153 3242 1207 inde
3263 1153 3506 1224 agendum
3524 1155 3595 1220 sit,
3610 1155 3721 1225 juste

549 1259 728 1316 poenae
758 1242 1026 1298 obnoxios
1050 1242 1105 1295 in
1135 1240 1427 1294 interitum
1458 1241 1559 1294 ire.
1593 1241 1750 1294 Hanc
1775 1257 1908 1310 ergo
1937 1241 2157 1312 Opinio-
2242 1244 2560 1298 decernere.
2619 1242 2893 1297 Dominus
2949 1242 3292 1314 omnipotens
3331 1243 3624 1298 sanctitatem
3661 1259 3723 1298 νε·

547 1348 681 1388 nem
709 1348 890 1403 nuper
914 1331 971 1385 in
1002 1330 1217 1402 synodo
1240 1329 1390 1400 apud
1416 1329 1764 1399 Moguntiam
1785 1329 1977 1382 habita
2000 1329 2070 1383 ab
2093 1346 2158 1384 eo
2243 1338 2419 1386 stram
2457 1331 2596 1386 bene
2643 1331 2940 1396 valentem,
2993 1337 3050 1385 et
3101 1349 3198 1402 pro
3251 1331 3398 1384 nobis
3429 1337 3646 1386 orantem.
3681 1331 3722 1384 in

550 1421 864 1485 audientes,
906 1425 963 1474 et
996 1417 1436 1488 incorrigibilem
1479 1434 1609 1471 eum
1655 1419 2020 1489 reperientes,
2063 1435 2161 1473 an-
2241 1427 2510 1476 aeternum
2541 1437 2867 1474 conservare
2896 1419 3177 1491 dignetur.

551 1515 762 1566 nuente
796 1515 965 1580 atque
1003 1507 1236 1578 jubente
1272 1507 1524 1578 piissimo
1573 1523 1704 1576 rege
1741 1513 1934 1561 nostro
1973 1507 2158 1562 Ludo-

553 1545 762 1566 ..υσιιυυ
796 1545 965 1580 mque
1003 1545 1236 1578 ,ιι-,νων
1272 1545 1524 1578 pum“...
1573 1545 1704 1576 ,νῦν
1742 1545 1934 1561 ..νουιυ
1973 1545 2158 1562 “um,—
2811 1545 3159 1600 EPISTOLA
3179 1546 3268 1600 Ix.

551 1599 689 1665 vico,
723 1597 1068 1652 decrevimus
1097 1613 1226 1650 eum
1256 1613 1384 1650 cum
1415 1595 1728 1666 perniciosa
1765 1612 1868 1650 sua
1906 1597 2161 1651 doctrina
2269 1609 2289 1621 '

551 1687 885 1742 damnatum
915 1685 1143 1739 mittere
1163 1685 1232 1738 ad
1257 1701 1369 1750 vos,
1397 1690 1674 1754 quatenus
1703 1702 1834 1738 eum
1860 1685 2161 1740 recludatis
2180 1674 2224 1733 Β

2673 1670 2740 1706 AD
2769 1668 3102 1708 BL'MBERTUH
3131 1667 3401 1707 EPISGOPL’S!

553 1775 613 1828 in
645 1780 831 1829 vestra
858 1774 1142 1846 parochia,
1177 1773 1326 1828 unde
1357 1773 1602 1844 primum
1634 1773 1950 1828 inordinate
1982 1791 2162 1829 reces-
2400 1763 2571 1828 θηοια
2597 1761 2948 1827 generatio”
2977 1761 3197 1812 ίίσίίῑιηι
3222 1761 3290 1811 δίε
3315 1759 3615 1811 “nubium-

554 1862 630 1917 sit
661 1881 672 1916 :
708 1869 766 1918 et
791 1880 905 1920 non
933 1863 1133 1918 sinatis
1162 1879 1291 1916 eum
1320 1863 1561 1934 amplius
1593 1879 1840 1917 errorem
1862 1864 2080 1931 docere,
2106 1870 2163 1919 et
2533 1862 2695 1925 (Vide
2723 1880 2912 1935 supra,
2946 1867 3086 1918 tom.
3121 1864 3212 1930 IV,
3236 1864 3334 1918 col.
3366 1861 3526 1934 1083.)

1719 2115 1870 2292 B.
1956 2115 2650 2292 RABANI

906 2359 1234 2426 GLOSSZE
1271 2359 2072 2430 LATINO-BARBARICIE
2112 2365 2210 2429 DE
2247 2365 2643 2431 PARTIBUS
2687 2367 3002 2433 IIUMANI
3045 2366 3447 2433 CORPORIS.

1303 2612 1848 2671 WALAFRIDUS
1889 2614 2247 2671 STRABUS
2287 2613 2552 2672 MAURI
2593 2613 3074 2672 DISCIPULUS.

1399 2711 1501 2773 Sic
1545 2709 1733 2772 homo
1778 2711 2078 2787 consistit,
2124 2710 2214 2771 sic
2255 2710 2536 2790 corporis
2578 2712 2743 2774 illius
2785 2717 2957 2774 artus

1396 2791 1722 2870 Expositos
1749 2792 1967 2854 Mauro
1999 2790 2262 2853 Strabus
2290 2797 2676 2854 monstrante
2706 2793 2956 2854 tenebo.

634 2928 804 2982 Homo
833 2925 904 2981 ab
928 2925 1104 2980 humo
1132 2925 1316 2980 dictus
1343 2930 1446 2980 est.
2177 2927 2222 2984 Ο
2311 2925 2484 2992 Gens,
2516 2925 2810 2981 inferiores
2833 2931 3024 2998 partes
3052 2926 3362 2991 oculorum,
3393 2923 3610 2979 hiulilon.

628 3017 834 3070 Anima
863 3033 898 3068 ει
925 3015 1103 3068 ventis
1132 3030 1339 3069 nomen
1359 3013 1531 3068 traxit
1554 3031 1567 3066 :
1591 3013 1740 3068 unde
1760 3019 1819 3068 et
1837 3013 2027 3068 Graece
2049 3013 2163 3072 an.
2321 3015 2496 3080 Malm,
2525 3013 2582 3069 id
2607 3021 2694 3069 est
2719 3014 3015 3070 bracchom
3049 3032 3061 3068 :
3097 3015 3179 3069 sic
3199 3021 3256 3070 et
3273 3009 3498 3070 maxilla:
3512 3010 3621 3068 inde
3639 3007 3754 3064 dimi.

562 3125 654 3179 μος
679 3105 880 3154 ventus
907 3099 1131 3165 dicitur,
1163 3100 1312 3170 quod
1332 3116 1429 3154 ore
1459 3099 1635 3155 trahit
1664 3117 1854 3155 aerem
1884 3101 2072 3156 homo.
2248 3101 2438 3155 nutive
2458 3099 2738 3157 dicuntur.

635 3191 841 3258 Corpus
867 3205 904 3242 a
929 3188 1287 3259 corruptione
1316 3187 1539 3242 dicitur.
1652 3251 1655 3258 ι
2319 3191 2495 3244 Aures
2523 3191 2594 3245 ab
2621 3191 2932 3246 hauriendo
2957 3190 3122 3248 dicte
3141 3198 3292 3259 sunt,
3326 3191 3450 3263 quia
3476 3205 3636 3244 vocem
3655 3187 3756 3241 hau-

630 3279 805 3347 Gaput
831 3292 867 3331 a
893 3275 1182 3347 capiendo,
1213 3291 1280 3330 eo
1311 3276 1458 3346 quod
1480 3293 1676 3333 omnes
1695 3294 1892 3334 sensus
1915 3278 2165 3350 corporis
2246 3279 2421 3333 riunt.

565 3366 768 3438 capiat,
802 3371 859 3420 et
884 3365 1032 3436 quod
1059 3363 1242 3436 prima
1269 3381 1400 3436 pars
1427 3365 1676 3438 corporis
1702 3367 1795 3421 sit.
2315 3370 2586 3434 Pinnula,
2620 3385 2844 3424 summa
2867 3387 2996 3442 pars
3023 3369 3198 3425 auris.

640 3457 844 3521 Vcrlcx,
877 3453 1151 3520 scheitila,
1185 3453 1382 3508 nuilla.

633 3545 982 3613 Occipitium,
1013 3542 1130 3596 liail
1157 3543 1355 3598 ancha.

630 3634 852 3702 Capilli,
885 3632 1077 3686 loccha
1115 3631 1256 3686 fahs.

629 3722 902 3787 Caesaries,
933 3720 1250 3792 gischoram
1281 3721 1423 3775 falis.

630 3813 821 3876 Coma,
855 3809 1230 3880 ungischoran
1259 3809 1397 3864 fabs.

632 3899 823 3953 Crines
845 3898 1070 3969 proprie
1105 3898 1406 3953 mulierum
1437 3897 1718 3964 dicuntur,
1751 3914 1817 3953 eo
1838 3899 1987 3970 quod
2012 3900 2162 3955 vittis

563 3987 1040 4042 discriminantur.

631 4077 910 4143 Tempora,
939 4075 1352 4146 thunuuengiu.

627 4164 806 4218 Facies
833 4163 982 4217 dicta
1001 4163 1071 4216 ab
1091 4163 1276 4234 effigie
1303 4183 1314 4216 :
1345 4163 1418 4218 ibi
1442 4169 1528 4218 est
1549 4164 1699 4219 enim
1719 4170 1840 4232 tota
1862 4167 2047 4236 ﬁgura
2065 4167 2162 4221 ho-

555 4251 724 4307 minis
747 4256 805 4306 et
832 4251 1271 4324 uniuscujusque
1299 4269 1550 4324 personae
1580 4253 1812 4324 agnitio.

640 4342 823 4395 Vultus
841 4357 972 4394 vero
995 4341 1177 4395 dictus
1197 4357 1263 4396 eo
1289 4341 1436 4412 quod
1468 4359 1568 4412 per
1596 4358 1724 4396 eum
1752 4343 2008 4398 voluntas
2038 4345 2153 4399 ani-

553 4428 632 4483 mi
663 4429 995 4484 ostenditur.

629 4517 818 4584 Frons,
843 4518 997 4572 endi:
1021 4535 1056 4572 a
1077 4518 1446 4574 foraminibus
1467 4520 1755 4575 oculorum
1771 4520 1978 4576 dicitur
2000 4524 2153 4588 fron-

2320 3476 2511 3541 .Vares,
2527 3491 2682 3529 nasa.
2698 3476 2934 3530 Narium
2949 3483 3104 3531 recta
3127 3494 3260 3548 pars
3284 3480 3526 3532 columna
3551 3477 3757 3528 vocatur:

2247 3563 2576 3618 extremitas
2605 3565 2726 3635 ejus
2751 3568 2946 3634 pirata
2976 3573 3208 3620 vocatur
3239 3583 3274 3620 a
3299 3565 3468 3620 forma
3494 3561 3621 3636 pomi
3641 3559 3720 3632 piri
3747 3577 3757 3611 :

2247 3669 2371 3722 quae
2400 3669 2530 3706 vero
2561 3653 2758 3708 dextra
2784 3653 3032 3725 laevaque
3065 3660 3220 3720 sunt,
3258 3657 3501 3724 pinnulae
3527 3652 3757 3712 dicuntur;

2244 3741 2495 3795 medium
2526 3748 2716 3796 autem
2746 3745 3098 3811 inter/inium
3128 3745 3353 3798 dicitur.

2317 3849 2400 3914 03,
2426 3847 2481 3901 id
2503 3853 2590 3902 est
2610 3849 2804 3914 mund,
2831 3850 2991 3920 quasi
3012 3851 3222 3904 ostium
3241 3851 3458 3917 dicitur,
3489 3848 3601 3920 quia
3624 3845 3685 3900 ibi
3705 3841 3762 3896 in-

2241 3936 2582 4006 grediuntur
2603 3937 2728 4002 cibi,
2765 3938 3132 4008 egrediuntur
3159 3955 3459 3994 sermones.

2317 4027 2491 4080 Labra
2525 4025 2773 4080 virorum
2804 4026 3087 4093 dicuntur,
3124 4031 3276 4082 labia
3305 4029 3600 4083 mulierum.

2315 4116 2528 4183 Lingua
2552 4131 2586 4168 a
2614 4115 2858 4185 ligando,
2889 4116 3034 4170 sicut
3061 4116 3213 4172 labia
3249 4135 3285 4172 a
3325 4114 3598 4172 lambendo
3628 4111 3768 4166 dicun-

2177 4232 2224 4290 D
2243 4205 2354 4256 tur.

2317 4293 2522 4356 Dentes,
2550 4291 2672 4346 ceni
2696 4311 2707 4344 :
2736 4307 2974 4363 quorum
3009 4293 3181 4364 primi
3215 4298 3517 4364 pracisorcs
3547 4290 3769 4368 dicuntur,

2236 4379 2370 4450 quia
2400 4381 2710 4452 praecidunt
2737 4381 2917 4450 cibos;
2971 4389 3274 4454 sequentes
3322 4385 3521 4438 canini
3547 4382 3774 4434 γοωιωῦ

2237 4468 2370 4540 quia
2399 4469 2543 4523 sicut
2573 4487 2738 4524 canes
2767 4487 2896 4526 cum
2935 4471 3016 4524 eis
3063 4488 3193 4526 ossa
3240 4472 3600 4542 confringunt,
3637 4464 3700 4520 ita
3734 4464 3776 4515 οὶ

2247 4556 2415 4612 homo
2448 4575 2570 4629 quae
2594 4575 2706 4613 non
2727 4565 2962 4630 possunt
2981 4560 3198 4631 priores
3223 4561 3518 4632 praecidere
3536 4556 3632 4612 illis
3646 4549 3776 4608 tradit

595 4609 606 4620 ο
681 4608 692 4619 ι
733 4608 744 4619 ο
2250 4608 2407 4612 ""“'
2453 4608 2566 4629 1""
2595 4608 2706 4613 ""‘
2728 4608 2962 4630 ι””-ν“““*
2981 4608 3196 4631 r"""
3223 4608 3515 4632 r'""""
3537 4608 3627 4612 "—V

559 4611 864 4707 nmmum:
930 4695 941 4706 .
1118 4695 1130 4706 .
1231 4694 1243 4706 .
1727 4698 1738 4710 ,
2247 4651 2313 4700 ut
2341 4647 2699 4718 confringant
2731 4666 2742 4702 :
2775 4648 2961 4702 ultimi
3001 4654 3135 4704 sunt
3171 4653 3423 4716 moram,
3469 4643 3639 4703 chinni
3668 4637 3773 4696 cani-

626 4695 783 4750 Oculi
813 4694 945 4749 dlctl
974 4711 1134 4750 quam
1163 4709 1314 4749 σοιον
1342 4695 1456 4750 lux.
1499 4697 1649 4750 auod
1692 4704 1803 4750 cito
1849 4699 2032 4750 lucem
2076 4714 2168 4750 ca-
2248 4735 2292 4750 η
2376 4735 2410 4750 ,.
2887 4737 2922 4750 ..
3094 4737 3128 4750 ..
3661 4731 3773 4750 ,μμ

601 4695 783 4809 £24k
813 4694 945 4749 dlctl
974 4711 1134 4766 quam
1163 4709 1314 4749 σοιον
1342 4695 1456 4763 lux,
1499 4697 1649 4768 quod
1692 4704 1803 4753 cito
1849 4699 2032 4754 lucem
2076 4714 2168 4802 ca-
2248 4735 2514 4790 Dentium
2539 4694 2839 4792 :umemm
2869 4737 3138 4793 discernit
3162 4694 3777 4809 qualims’semzmm

557 4787 878 4927 piﬁcina.
913 4871 1068 4927 seha.
1098 4872 1316 4927 medius
1345 4877 1584 4927 nunctus
1611 4874 1776 4927 oculi.
2119 4796 2126 4802 η
2246 4823 2378 4878 Viris
2407 4825 2614 4896 Plures’
2648 4825 2706 4880 in
2735 4825 2960 4881 feminis
2985 4832 3122 4883 sunt
3146 4787 3456 4927 ἕθυοίονθες

677 4872 878 4941 upilio,
913 4871 1068 4938 seha,
1098 4872 1316 4928 medius
1345 4877 1584 4944 punctus
1611 4874 1776 4928 oculi.
2258 4871 2383 4946 '"Z
2407 4871 2623 4946 ","w’,
2644 4871 2706 4946 ξ”
2737 4871 2959 4946 fit-"
2985 4871 3122 4883 “’““’
3146 4871 3464 4935 ⁸’““”“””“’ζ

629 4931 887 5014 Οἰιῖουιυέ
915 4931 1187 5030 vero'quo
1209 4977 1242 5014 a
1270 4931 1483 5034 pupilla
1511 4961 1650 5016 albae
1670 4968 1860 5033 partes
1890 4964 2035 5018 oculi
2073 4981 2163 5018 sc-
2315 4931 2574 5000 Gingiv‘r’
2607 4931 2664 5032 ίξῙ
2694 4938 2780 4986 θεῖ
2806 4931 3040 5033 δξίοτηδ·

629 5053 844 5104 rantur.
875 5048 1128 5104 Discreta
1155 5049 1447 5106 nimdine
1466 5067 1666 5106 οονοηα
1703 5051 1926 5106 αἰσίων,
2317 5021 2564 5086 Ραιαιιιδ,
2593 5035 2786 5092 giumo
2817 5038 2929 5076 s1ve
2956 5021 3223 5077 humuua

591 5053 844 5104 arantur.
876 5053 1128 5104 Discreta
1155 5053 1447 5107 nim‘edine
1466 5067 1666 5106 corona
1703 5053 1926 5107 dicitur.
2317 5053 2564 5086 quuw’
2593 5053 2786 5092 διυιυυ
2817 5053 2929 5076 δυσ
2957 5053 3240 5077 Πυιυυυδ⁹

551 5064 844 5122 parantur.
876 5064 1128 5104 visci-cca
1155 5064 1447 5120 nigredine
1466 5067 1666 5106 corona
1703 5064 1926 5107 dicitur.
2317 5064 2337 5074 ‘
2360 5064 2385 5074 '

624 5139 898 5208 Palpebrae
925 5141 1060 5192 sunt
1085 5136 1242 5192 sinus
1269 5139 1559 5194 oculorum
1586 5155 1622 5193 a
1649 5141 1969 5211 palpatione
1997 5142 2157 5198 dictae
2311 5109 2384 5162 Μ

554 5226 900 5280 ιιιεὼηωια.
2311 5200 2385 5252 Ar

2317 5064 2337 5074 -
2360 5064 2564 5086 -.-πη
2593 5064 2785 5092 θυμω,
2817 5064 2928 5076 νυν
2957 5064 3240 5077 ..............

2311 5109 2526 5176 Fauces,
2560 5125 2594 5163 a
2619 5109 2917 5165 fundendis
2944 5111 3169 5168 vocibus
3192 5111 3508 5168 nominata.

2311 5200 2348 5252 Α
2359 5201 2560 5263 νιθνίιε,
2593 5198 2650 5252 id
2679 5203 2767 5252 est
2789 5199 3050 5255 weisunt.

554 5238 900 5282 auabrauua.
2311 5238 2371 5252 η’
2394 5238 2456 5251 νυν
2479 5238 2560 5263 νυν,
2593 5238 2650 5252 ιυ-
2680 5238 2767 5252 mw
2800 5238 3050 5255 "mauu...

625 5243 900 5298 gorauua.
2394 5243 2454 5251 ην
2479 5243 2560 5263 νυν,
2593 5243 2650 5252 -ν-
2682 5243 2767 5252 ν--
2802 5243 3050 5255 "cum.-.
3731 5293 3741 5306 .

625 5317 791 5382 Oilia,
824 5315 881 5369 id
909 5323 995 5370 est
1021 5316 1289 5384 tegmina,
1326 5317 1528 5387 quibus
1559 5319 1892 5390 operiuntur
1911 5320 2076 5386 oculi,
2099 5327 2155 5376 et
2309 5305 2598 5372 θιινθυίίον
2633 5322 2855 5376 quercaa
2886 5305 3060 5361 Chela-
3093 5323 3121 5360 ε
3153 5315 3383 5376 gutture
3413 5320 3602 5360 nomen
3628 5298 3776 5360 mli

552 5401 704 5457 dicta
739 5404 889 5474 quod
917 5405 1100 5459 celent,
1123 5406 1328 5461 oculos,
2237 5393 2396 5464 cujus
2427 5399 2645 5448 meatus
2678 5395 2748 5448 ad
2781 5412 2842 5449 os
2868 5403 2925 5450 et
2945 5413 3110 5451 nares
3138 5395 3509 5451 contenditur.

625 5488 953 5562 Supercilia,
987 5493 1043 5548 id
1069 5497 1157 5548 est
1185 5494 1572 5551 windbrauua.
2309 5502 2385 5562 Pu

2309 5502 2386 5562 Pu
2396 5516 2517 5554 men
2535 5501 2742 5570 (Forte,
2764 5503 3018 5575 Rumon],
3037 5504 3350 5575 proximum
3361 5495 3676 5575 gurgulioniv
3691 5503 3777 5564 (Ιαο
