3958 6170
306 321 446 381 1589

300 458 328 488 ι
359 445 570 504 Urbem
600 445 917 516 Regensem
944 443 1268 498 minitantia
1289 443 1501 498 moenia
1525 445 1685 512 coelo,

377 537 503 602 Qua
530 535 736 592 ﬂuvius
766 534 961 605 Regan
989 532 1201 588 labitur
1228 550 1363 588 arva
1389 533 1600 604 rigans.

302 627 593 685 Illustrem
629 624 832 696 hicque
857 623 1039 678 virum
1061 623 1401 690 Batoricum,
1434 639 1642 694 quaeso,
1668 625 1912 697 require,

377 714 404 758 δ
431 715 538 771 Cui
563 715 767 770 domus
795 718 854 768 et
878 711 1065 784 patria
1091 712 1298 768 Norica
1319 713 1486 768 tellus
1518 719 1664 768 ovat.

301 806 468 862 Hunc
500 803 578 860 ibi
609 803 658 858 si
686 802 959 869 invenias,
1001 803 1237 874 supplex
1264 801 1316 856 ei
1345 802 1532 869 dicito,
1567 803 1748 870 Salve,

374 894 590 950 Praesul
622 893 856 948 honeste
883 891 1006 957 Dei,
1038 889 1218 963 plebis
1245 897 1304 947 et
1329 892 1480 946 altus
1497 892 1694 947 honor.

297 986 378 1041 Te
410 983 625 1038 celsum
653 981 881 1038 humilis
911 981 1238 1047 monachus,
1280 985 1357 1048 te,
1403 986 1593 1036 sancte
1627 981 1906 1046 sacerdos,

373 1073 690 1144 Compellat
716 1071 959 1143 scriptis,
992 1071 1140 1126 dona
1169 1087 1418 1142 superna
1445 1076 1663 1142 petens,

303 1162 532 1218 Viribus
559 1166 626 1217 ut
648 1177 850 1232 corpus
880 1161 1084 1231 vigeat,
1118 1159 1398 1232 sapientia
1420 1163 1668 1214 mentem

370 1250 614 1318 Imbuat,
647 1256 706 1306 et
731 1255 884 1305 totus
911 1267 1104 1322 sospes
1133 1248 1344 1320 ubique
1382 1249 1575 1320 degas.

295 1341 500 1396 Grates
523 1346 722 1413 sponte
751 1339 932 1407 oii‘ert,
965 1339 1161 1395 laudat
1188 1339 1507 1410 largissime
1533 1339 1721 1404 corda,

371 1430 649 1487 Praedicat
677 1436 734 1486 et
760 1431 910 1484 dona
937 1446 1059 1501 quae
1089 1428 1196 1484 sibi
1225 1429 1562 1484 contuleras.

294 1521 684 1576 Altithrouum
711 1519 910 1591 poscit,
945 1519 1043 1591 qui
1071 1519 1226 1574 dives
1253 1525 1458 1590 regnat
1487 1517 1713 1591 ubique,

370 1609 686 1666 Mercedem
716 1609 934 1665 meritis
957 1609 1160 1664 reddat
1178 1613 1244 1664 ut
1263 1608 1383 1680 ipse
1410 1608 1542 1664 tuis.

294 1699 518 1771 Accipe,
562 1704 756 1754 sancte
783 1699 972 1765 Pater,
1007 1698 1168 1754 labiis
1199 1699 1346 1770 quod
1367 1702 1599 1770 praestat
1613 1699 1896 1766 alumnus,

369 1789 546 1843 Oﬁ'ert
571 1787 903 1860 suppliciter
930 1788 1080 1860 quod
1109 1787 1211 1843 tibi
1240 1794 1430 1842 mente
1459 1804 1650 1842 manu.

293 1877 518 1932 Nomen
545 1893 792 1948 namque
820 1882 982 1931 tuum
1011 1877 1344 1948 perpendas,
1368 1875 1559 1949 sicque
1587 1883 1847 1933 verenter

371 1967 630 2022 Ofﬁcium
659 1971 890 2034 tractes,
923 1967 1074 2039 quod
1101 1966 1258 2022 dedit
1284 1965 1672 2023 Omnitenens.

293 2058 382 2114 Tu
415 2057 584 2111 decus
608 2073 671 2112 es
697 2057 909 2128 populi,
941 2055 1202 2110 vocitaris
1223 2055 1518 2128 episcopus
1547 2057 1688 2128 ipse,

370 2147 440 2201 Et
459 2145 946 2218 superintendens,
975 2145 1090 2200 dux
1119 2144 1232 2200 eris
1262 2150 1434 2217 atque
1459 2146 1668 2216 gregis.

296 2235 392 2290 Sal
416 2241 602 2302 terrae,
636 2234 836 2290 mundi
861 2235 958 2289 lux
985 2250 1330 2306 accensaque
1357 2234 1590 2291 lucerna
1616 2252 1696 2304 es,

366 2324 512 2380 Urbs
540 2325 724 2391 ﬁrma,
757 2329 816 2378 et
843 2323 979 2378 celsi
1001 2323 1212 2378 montis
1239 2323 1298 2378 in
1327 2340 1455 2379 arce
1482 2325 1612 2380 sita.

293 2416 526 2487 Ducque
551 2414 645 2468 via
669 2413 906 2486 populos
925 2418 1187 2484 angusta,
1221 2420 1280 2468 et
1305 2415 1544 2486 praevius
1570 2415 1670 2483 ito,

367 2503 648 2558 Vexillum
675 2507 908 2575 portans
935 2502 1153 2574 primus
1175 2503 1234 2558 in
1263 2519 1423 2558 anna
1446 2508 1597 2575 pete.

292 2592 490 2648 Victor
513 2592 754 2648 victores
781 2593 1100 2664 superando
1129 2592 1360 2650 hostilia
1384 2598 1588 2661 castra,

366 2681 609 2754 Erponis
638 2681 778 2752 Regi
807 2682 1043 2752 pmmia
1069 2681 1230 2752 larga
1259 2688 1496 2738 metens.

294 2773 595 2826 Pastorum
620 2787 876 2826 summus
897 2777 1184 2842 pastorem
1205 2770 1496 2828 constituit
1517 2777 1594 2839 te,

366 2861 536 2919 Pasce
563 2877 795 2932 gregem
827 2859 1057 2929 Christi,
1082 2860 1372 2932 proximus
1399 2877 1526 2916 ecce
1555 2859 1730 2915 venit.

1095 313 1446 374 CARMINA.
1481 345 1546 360 --
1577 316 1830 376 SECTIO
1861 318 1908 377 Ι.
1941 317 2286 377 ΡΟΕΜΑΤΑ
2322 318 2418 376 DE
2454 317 2807 376 DIVERSIS.

1917 1775 1966 1836 B
2055 1786 2208 1842 Misit
2235 1791 2536 1858 congesta;
2571 1788 2758 1860 accipe
2788 1792 2978 1842 mente
3005 1789 3120 1860 pia.

3458 325 3598 384 1590

1923 450 1978 508 Α
1995 446 2085 501 Sic
2113 451 2274 500 catus
2311 450 2368 501 et
2393 449 2591 500 cautus
2619 443 2866 500 attendis
2893 444 3062 502 ovilia
3088 447 3320 516 circum,

2068 535 2154 590 Ne
2177 535 2344 606 lupus
2365 535 2663 607 irrumpat,
2695 551 2765 589 ne
2793 535 2882 590 leo
2907 534 3192 592 dilacerat.

1995 625 2113 678 Nec
2138 624 2231 678 fur
2259 623 2525 679 effodiens
2552 623 2772 679 intrans
2804 626 3134 682 mactaverit
3157 642 3389 699 agnum,

2068 713 2177 770 Sed
2207 713 2409 768 Pastor
2437 713 2664 768 veniens
2693 729 2860 769 omne
2887 731 3058 786 pecus
3086 715 3312 772 habeat.

1992 803 2171 858 Judex
2200 803 2532 874 praecinctus
2560 803 2810 874 migrans
2836 803 2941 858 tibi
2967 804 3076 861 rite
3103 805 3406 874 ministret,

2063 893 2135 947 Et
2154 893 2534 964 superexaltet
2555 893 2750 948 omnia
2775 892 2926 948 dona
2951 911 3074 962 sua,

1989 981 2234 1051 Agmina
2264 999 2375 1053 quo
2404 983 2534 1037 laeta
2561 982 2862 1050 exsultant,
2893 999 3006 1054 quo
3026 983 3274 1055 Virginis
3290 987 3486 1058 Agnus

2058 1070 2249 1124 Pascit
2276 1087 2404 1126 cum
2426 1075 2548 1126 toto
2579 1076 2638 1126 et
2663 1087 2837 1143 grege
2865 1072 2975 1126 rite
3002 1089 3123 1128 suo.

1987 1158 2130 1226 Huc,
2161 1160 2270 1214 huc
2301 1165 2364 1215 tu
2395 1177 2705 1232 properans
2731 1161 2938 1216 festina
2974 1179 3230 1234 pergere,
3259 1170 3472 1236 pastor,

2058 1249 2292 1320 Hucque
2320 1255 2448 1304 tuos
2485 1255 2674 1304 tecum
2703 1251 2908 1318 insere,
2941 1257 3133 1307 sancte
3161 1252 3366 1309 Pater:

1988 1336 2191 1410 Sicque
2215 1338 2300 1393 tui
2323 1339 2455 1409 jure
2483 1340 2728 1394 censeris
2755 1339 3000 1396 nominis
3029 1346 3244 1410 auctor,

2057 1427 2118 1482 Si
2147 1427 2414 1483 Batorich
2444 1435 2640 1500 pateas
2669 1445 2766 1484 ore
2788 1429 3068 1485 monendo
3099 1437 3248 1487 tuos.

1986 1515 2046 1571 Si
2073 1517 2283 1574 Christi
2318 1535 2560 1590 regnum
2589 1519 2878 1586 caelorum,
2909 1519 2960 1574 si
2987 1519 3192 1576 annuis
3219 1537 3428 1591 arcem,

2053 1607 2258 1662 Aufers
2287 1608 2336 1662 si
2359 1607 2515 1676 vitia,
2543 1608 2592 1663 si
2618 1626 2779 1663 sacra
2804 1609 2953 1664 dona
2982 1607 3164 1664 dabis.

1984 1696 2114 1752 Haec
2155 1713 2380 1768 quoque
2419 1715 2638 1770 pauper
2683 1699 2865 1770 inops,
2919 1699 3176 1770 quamvis
3220 1701 3300 1757 sis
3343 1718 3599 1758 summus

3271 1791 3524 1862 [honore,

1983 1877 2101 1932 Nec
2128 1893 2363 1948 spernas
2392 1877 2578 1943 vilem,
2611 1893 2740 1931 cum
2761 1893 2929 1948 gazas
2955 1883 3144 1948 gestet
3164 1879 3227 1935 in
3254 1895 3405 1949 arca,

2055 1967 2214 2021 Mens
2238 1965 2342 2020 tibi
2372 1966 2573 2021 devota
2599 1982 2839 2020 munera
2855 1970 3022 2036 grata
3052 1965 3217 2022 ferat.

1984 2054 2242 2110 Nominis
2271 2071 2404 2126 ergo
2430 2055 2562 2123 mei,
2593 2054 2642 2109 si
2670 2055 2788 2109 ulla
2814 2060 2872 2109 te
2898 2071 3037 2108 cura
3057 2056 3384 2126 momordit,

2055 2145 2276 2199 Nomen
2306 2144 2660 2200 Isanbertum
2683 2159 2772 2198 me
2799 2143 3045 2198 retinere
3074 2143 3238 2200 scias.

1981 2235 2066 2290 Tu
2095 2233 2238 2306 lapis
2264 2233 2478 2302 altaris,
2513 2239 2574 2288 tu
2597 2249 2826 2304 gemma
2853 2233 2914 2288 in
2945 2237 3245 2290 stemmate
3272 2235 3442 2306 regis,

2053 2324 2140 2378 Tu
2166 2323 2336 2380 clavis
2366 2323 2526 2394 regni
2555 2339 2632 2388 es,
2661 2321 2862 2376 limina
2884 2322 3070 2395 pande
3094 2323 3232 2394 poli.

1981 2414 2127 2468 Tum
2153 2411 2257 2468 tibi
2281 2412 2533 2479 devotus,
2567 2411 2744 2467 salvet
2769 2416 2826 2466 te
2853 2411 3040 2484 gratia
3067 2413 3297 2482 Christi,

2055 2503 2194 2558 Sum
2217 2501 2322 2557 tibi
2343 2507 2532 2557 mente
2561 2501 2706 2573 pius,
2744 2501 2906 2556 audit
2933 2500 3005 2556 ab
3031 2518 3160 2558 arce
3185 2503 3353 2560 Deus.

1982 2592 2029 2648 Ο
2057 2593 2228 2647 Pater
2257 2591 2404 2647 alme
2431 2591 2566 2664 poli,
2596 2590 2815 2647 custodi
2842 2606 3068 2662 semper
3095 2590 3362 2660 amicum,

2053 2681 2172 2736 Hoc
2201 2687 2354 2752 peto,
2382 2683 2528 2738 Nate
2553 2681 2682 2749 Dei;
2707 2680 2952 2754 Spiritus
2979 2686 3150 2752 atque
3177 2680 3303 2736 Dei.

1981 2781 2007 2812 ο
2037 2769 2146 2835 Qui
2173 2771 2378 2842 triplex
2405 2771 2644 2842 simplex
2671 2770 2940 2825 caelorum
2965 2773 3189 2841 sceptra
3212 2769 3515 2842 gubernas,

2051 2857 2325 2914 Mundum
2349 2858 2464 2913 ﬁne
2485 2858 2658 2932 capis,
2688 2859 2880 2914 lumen
2907 2861 2966 2914 et
2994 2874 3124 2914 arce
3149 2857 3332 2916 dabis.

1297 3009 1610 3068 SCHOLIA
1649 3009 2194 3066 CHRISTOPHORI
2229 3009 2594 3068 BROWERI.

291 3169 468 3239 dives,
493 3167 686 3239 multis
724 3166 1088 3239 commodans
1135 3166 1421 3239 utilisque,
1469 3165 1905 3239 episcopusfuit

295 3237 740 3294 Ratisbonensis.
772 3237 1054 3292 Prodiisse
1091 3253 1159 3291 ex
1195 3237 1374 3292 sancti
1412 3237 1690 3306 Wigberti
1731 3237 1904 3292 disci-

289 3311 465 3436 plina,
499 3315 558 3364 et
584 3309 921 3364 Friteslarie
946 3307 1052 3391 sub
1073 3307 1901 3400 Albuinoprzesulqadqlevisse

336 3398 486 3436 unus
517 3382 798 3436 Servatus.
831 3397 1018 3436 gravrs
1055 3385 1270 3436 auctor.
1315 3398 1375 3435 1n
1412 3385 1588 3435 sancti
1623 3379 1901 3436 “urbem

1982 3167 2432 3238 Reginoburgum
2465 3185 2490 3238 :_
2519 3181 2626 3238 ego
2662 3183 2698 3220 a
2728 3165 2977 3238 ﬂumine
3015 3167 3172 3237 Rego
3209 3164 3328 3238 (hic
3361 3165 3592 3236 Regem),

2022 3253 2161 3320 uem.
2169 3235 2602 3320 illic‘Danubiu's
2623 3237 3081 3320 excipit-Lnomen
3099 3235 3592 3320 accepisse‘putom

2039 3325 2115 3391 sec
2147 3307 2262 3363 ille.
2293 3308 2717 3391 Pluraﬁquqque
2744 3307 2804 3363 in
2822 3309 3109 3391 Thesauro
3126 3307 3506 3391 geographica
3533 3314 3595 3391 et

336 3368 486 3452 upus
517 3382 798 3444 Servatus,
830 3381 1018 3452 gravis
1055 3385 1270 3452 auctor,
1315 3368 1375 3435 in
1412 3379 1588 3435 sancti
1613 3368 1962 3452 iWigbertiC
1985 3377 2044 3432 in
2075 3379 2416 3452 Synonymis
2445 3368 2692 3452 Ofteliiis
2732 3380 2966 3452 nomina
2999 3368 3298 3452 congessit.
3339 3368 3518 3452 Ὠρίηῂ
3535 3383 3595 3434 et

292 3451 430 3507 Vita
456 3452 703 3524 indicare
727 3451 968 3517 videtur,
984 3451 1098 3524 qui
1119 3451 1270 3524 inter
1288 3468 1383 3524 eos
1411 3451 1713 3524 monachos
1728 3451 1900 3524 illum

291 3524 553 3595 nominat
578 3523 780 3595 quibus
816 3523 996 3577 sancti
1018 3521 1291 3595 'corporis
1333 3523 1479 3577 clam
1525 3521 1900 3595 Hersfeldiam

289 3593 670 3650 transferendi
709 3595 978 3648 mandata
1017 3593 1320 3664 provincia.
1360 3593 1600 3664 Reperio
1627 3599 1689 3646 et
1713 3593 1898 3664 inisy-

289 3610 670 3650 transrerenar
709 3610 978 3648 mandata
1057 3610 1320 3648 rovrncia.
1362 3610 1600 3664 rtepeno
1627 3610 1689 3646 et.
1713 3610 1772 3646 ιιι
1803 3610 1898 3664 sy-

286 3666 483 3749 nodali
512 3665 751 3749 epistola
779 3665 996 3749 Rabani
1017 3610 1381 3749 .gaturatum,
1414 3671 1491 3749 u_t'
1515 3663 1593 3718 ibi
1632 3663 1900 3749 mendose

287 3737 461 3794 scribi
516 3735 758 3804 videtur,
811 3736 1130 3808 interfuisse
1173 3737 1387 3808 synodo
1433 3735 1896 3808 Magontiacensi,

288 3825 462 3880 quem
495 3808 761 3864 Rabanus
789 3825 938 3863 anno
965 3804 1072 3864 816
1102 3804 1421 3880 celebravit.
1457 3804 1900 3880 Etflicetliatis-

284 3877 557 3935 Bonensis
587 3880 835 3934 Ecclesia
862 3879 1205 3949 Moguntinae
1229 3878 1582 3950 provincialis
1602 3877 1768 3950 hodie
1787 3894 1900 3931 non

284 3953 385 4023 sit,
423 3951 859 4023 metropolitano
899 3957 1104 4023 tamen
1152 3949 1401 4005 Francia:
1437 3949 1725 4023 orientalis
1765 3955 1902 4023 tunc

287 4021 938 4094 subjacuitflllustravit
976 4022 1225 4094 Baturici
1273 4021 1526 4094 praesulis
1570 4021 1900 4094 memoriam

285 4092 615 4166 VViguleius
643 4094 710 4166 in?
731 4092 1483 4166 SalisburgeiisiMetrOpoli,
1517 4092 1613 4163 qui
1635 4096 1900 4166 quartum

285 4163 558 4246 numerat
587 4164 1012 4246 Ratisbonensis
1042 4164 1314 4246 Ecclesiae.
1337 4163 1688 4246 episcopum,
1714 4163 1900 4245 .Adal-

287 4237 412 4290 bini
432 4253 829 4301 successorem,
853 4241 910 4288 et
929 4234 1000 4288 ab
1024 4251 1172 4288 anno
1185 4233 1542 4300 Christi814,
1557 4239 1656 4288 aut
1673 4233 1901 4288 biennio

287 4308 494 4373 serius,
565 4307 762 4376 viginti
817 4311 960 4372 octo,
1017 4307 1104 4360 vel
1157 4305 1393 4376 triginta
1446 4305 1609 4360 annis
1666 4305 1894 4360 sedisse.

291 4379 353 4434 S.
390 4378 710 4460 Emmerani
752 4377 1210 4460 monasteriumt
1233 4377 1520 4460 qua‘apud
1558 4376 1900 4460 Ludovicurn

1983 3447 2244 3520 pervetus
2270 3447 2511 3520 scriptor
2547 3450 2690 3503 Vive
2731 3449 2788 3520 S.
2829 3447 3169 3520 Emmerani,
3190 3447 3595 3520 iMeginfredus

1985 3519 2141 3587 (tom.
2167 3521 2218 3574 II
2241 3519 2417 3590 antiq.
2442 3521 2617 3590 Lect.)
2646 3537 2658 3572 :
2687 3537 2714 3572 α
2731 3519 3594 3590 Ratisbonamurbemagnoscit

1982 3591 2162 3672 totius
2187 3589 2504 3672 Germania:
2532 3596 2591 3644 et
2615 3590 2845 3672 nomine
2871 3595 2940 3672 et.
3252 3589 3588 3672 principem,

1984 3667 2042 3716 et
2075 3661 2258 3716 adhuc
2299 3660 2554 3731 ejusdem
2603 3660 2786 3715 ﬂentis
2831 3659 3191 3732 metropolin,
3241 3659 3300 3714 et
3342 3659 3592 3731 antiquae

1984 3732 2258 3786 nrosaniae
2289 3737 2475 3786 canut.
2515 3751 2538 3781 ι
2575 3701 2680 3786 [ibi
2721 3736 2780 3786 et
2812 3731 3106 3786 scholium.
3147 3731 3591 3786 Germanishcim

1984 3732 2258 3804 prosapiae
2289 3737 2475 3803 caput.
2515 3751 2538 3781 ι
2575 3731 2680 3786 Ubi
2721 3736 2780 3786 et
2812 3731 3106 3798 scholiu’m,
3147 3731 3591 3787 Gcrmanishcim

1984 3820 2020 3858 a
2048 3803 2382 3858 Germanico
2407 3801 2634 3867 dictam,
2663 3807 2722 3856 et
2747 3818 2782 3856 a
2811 3802 3081 3856 Romanis
3117 3803 3452 3856 Tiburniam
3475 3817 3591 3856 me-

1984 3874 2168 3929 minit.
2201 3875 2412 3928 Verum
2453 3873 2796 3928 limatissimi
2837 3873 3038 3944 judicii
3077 3871 3318 3944 scriptor
3357 3871 3453 3944 (cl:
3501 3872 3590 3944 vir
3635 3921 3640 3929 .

1983 3949 2158 4026 Mqrc.
2203 3946 2482 4026 γυιων-με),
2515 3961 2791 4026 suspensa
2805 3943 2984 4026 manu
2999 3948 3070 4026 Et
3088 3943 3396 4026 animo,_an
3418 3943 3591 4026 Regi-

1983 4012 2863 4088 noburgium,Au'gusta'Tiberii,
2896 4032 2970 4070 an
2998 4013 3276 4088 Eugyppii
3297 4012 3590 4088 Tiburnia,

1982 4089 2068 4143 vel
2094 4085 2380 4158 Tigurina,
2417 4085 2476 4143 in
2507 4087 2802 4143 Boicarum
2830 4102 2895 4142 III
2926 4093 2984 4142 et
3008 4101 3066 4142 Iv
3088 4085 3338 4158 libro,iet
3365 4085 3592 4158 scholiis

1983 4160 2043 4232 in
2067 4157 2252 4232 Vitam
2282 4159 2461 4232 sancti
2487 4159 2756 4226 Severini,
2784 4157 3240 4232 disquiritLQuin
3259 4157 3372 4212 huc
3386 4157 3592 4212 suffra-

3387 4243 3594 4283 uorum

3403 4299 3593 4370 egino-

2777 4369 2942 4444 egen'
2958 4373 3166 4444 quippe
3204 4369 3437 4444 fiuvium
3452 4369 3592 4444 ejus

1981 4231 2470 4315 sielﬁberojesliﬁ
2511 4232 2696 4315 Ρεξίῖυε
2739 4237 2804 4286 ιιι
2844 4230 3300 4315 ράειη..κεείπξβν

1983 4303 2044 4357 in
2073 4303 2260 4357 libello
2277 4303 2503 4357 Notitiae
2522 4303 2704 4358 utrius
2744 4319 2814 4358 ue
2841 4303 3064 4374 imperii
3087 4303 3318 4360 mentio.

1982 4373 2162 4444 burgo
2184 4391 2390 4430 nomen
2417 4374 2692 4429 dederint.
2707 4320 2918 4444 diegen
2958 4373 3166 4444 quippe
3204 4371 3318 4444 fiuv

291 4466 490 4525 regem
521 4449 854 4525 Germaniae,
889 4439 1273 4525 Pii__1_.u_dovici_
1317 4439 1515 4513 ﬁlium,
1559 4447 1762 4525 eximia
1795 4447 1969 4506 fuitD
1987 4439 2170 4500 loci'in
2189 4453 2506 4525 castrorum
2527 4439 3196 4525 nomenadbptaﬁmigut
3215 4439 3593 4523 Quintanaab

291 4521 484 4591 gratia
496 4526 554 4574 et
573 4520 927 4586 auctoritate,
942 4520 1047 4574 sibi
1070 4521 1436 4591 Ecclesiaeque
1455 4519 1721 4585 asseruit;
1747 4519 1907 4590 isque

291 4608 394 4645 rex
405 4591 566 4646 illum
589 4609 874 4647 summum
885 4608 1052 4646 suum
1065 4591 1417 4662 capellanum
1433 4591 1640 4645 tabulis
1655 4591 1909 4662 donatio-

289 4680 436 4718 num
454 4663 679 4735 scripsit
695 4683 709 4730 ;
735 4679 976 4718 munera
992 4663 1041 4735 ei
1063 4661 1512 4735 ad’splendorem
1525 4669 1582 4716 et
1596 4661 1909 4735 incremen-

292 4741 420 4789 tum
444 4733 594 4789 sedis
617 4735 844 4806 regiﬁce
873 4733 1240 4806 multifariam
1272 4734 1564 4806 impertiit,
1601 4734 1678 4806 de
1704 4733 1907 4806 quibus

291 4806 391 4860 adi
420 4805 747 4877 praedictam
777 4805 1131 4877 Metropolin.
1165 4805 1309 4860 Illud
1337 4805 1394 4858 in
1438 4805 1686 4859 Baturici
1723 4805 1907 4860 laudi-

289 4877 402 4932 bus
425 4876 612 4932 iunum
641 4878 926 4932 antecellit
947 4876 1208 4931 omnibus
1238 4877 1386 4948 quod
1425 4877 1906 4932 Christianaeﬁdei

290 4949 705 5031 amplectenda:
746 4949 1056 5031 Bohemicaa
1098 4949 1254 5031 genti
1285 4949 1452 5031 viam.
1479 4949 1734 5031 munivit,
1769 4964 1906 5031 qua-

289 5019 612 5092 tuordecim
643 5020 898 5092 dynastis
928 5019 998 5074 ab
1026 5037 1086 5074 se
1115 5019 1372 5088 initiatis,
1404 5026 1463 5074 et
1489 5026 1684 5074 sancto
1703 5019 1909 5092 baptis-

291 5091 466 5146 matis
497 5091 716 5146 lavacro
743 5091 956 5146 tinctis.

369 5163 624 5234 {Urbem
649 5165 958 5234 Regenscm,
995 5167 1099 5216 etc.
1135 5163 1260 5218 Non
1301 5163 1436 5217 urbs
1473 5163 1532 5218 in
1562 5163 1785 5234 Europa
1813 5179 1908 5216 su-

302 5233 534 5305 perbior
562 5233 743 5288 titulis
771 5233 1101 5301 Ratisbona,
1135 5235 1204 5288 de
1233 5251 1346 5305 qua
1368 5235 1436 5287 G.
1456 5233 1761 5304 Ligurinus
1787 5252 1800 5289 :

429 5321 545 5375 lude
568 5321 843 5370 Rstisbonrs
861 5327 998 5372 vetus
1020 5337 1074 5371 ex
1099 5323 1190 5371 hoc
1215 5335 1386 5370 nomen
1410 5321 1625 5384 habenti,

434 5385 568 5447 Quod
597 5385 718 5433 bons
739 5384 804 5433 sit
825 5385 1024 5447 ratibus,
1053 5383 1122 5433 vel
1146 5385 1269 5447 quod
1295 5383 1539 5433 consuevit
1563 5383 1617 5432 in
1639 5383 1724 5433 ills

431 5421 804 5496 ῧὸἷιέτέῖὶιιῖἵ
816 5421 1657 5496 ἑὶιῖἔῖἰιὲἅὲἦὲἶιὲιῖἶιῖἔῖίιίὲὲῐάἐ

431 5506 677 5557 Prerinua
709 5511 898 5572 gaudet.
925 5516 1014 5558 etc.

303 5588 417 5662 Ubi
441 5589 802 5644 scholiastes:
830 5609 855 5643 α
885 5592 1040 5646 Inter
1051 5589 1414 5662 Danubianas
1432 5590 1600 5645 urbes
1629 5591 1915 5662 quondam

301 5659 509 5742 opibus
530 5668 700 5787 atque
729 5661 985 5734 potentia
1003 5661 1256 5728 celebris,
1277 5669 1341 5716 ut
1362 5679 1486 5733 quae
1509 5659 1915 5740 imperatorum

301 5747 453 5786 vrres
475 5749 589 5787 non
625 5734 953 5787 ormidaret.
968 5733 1238 5787 Irenicus.
1263 5735 1574 5787 Hiasvalim
1591 5753 1606 5787 :
1621 5735 1913 5787 Aventina.

299 5733 453 5800 vires
475 5749 589 5788 non
603 5733 953 5788 formidaret.
968 5733 1238 5798 Irenicus,
1263 5735 1574 5800 Hiaspalim
1586 5733 1607 5799 ξ
1621 5735 1913 5800 Aventius,

301 5797 622 5871 Augustam
657 5806 866 5861 Tiberii
888 5804 1063 5862 fuisse
1085 5797 1336 5873 indicat;
1366 5797 1568 5862 Petrus
1586 5797 1915 5878 Appianus,

1990 4533 2156 4572 amne
2180 4517 2534 4582 Quintanica.
2569 4514 2834 4570 Arnolfus
2850 4511 2908 4568 in
2924 4513 3103 4568 sancti
3131 4511 3456 4568 Emmerani
3481 4511 3592 4566 mi-

1989 4589 2196 4643 raculis
2219 4587 2369 4642 certe
2395 4587 2671 4658 Reginum
2702 4587 2848 4640 hanc
2875 4585 3060 4658 ipsam
3087 4583 3373 4639 civitatem
3397 4582 3595 4655 appel-

1987 4660 2087 4724 lat,
2130 4658 2225 4713 lib.
2261 4673 2300 4724 I,
2329 4675 2375 4713 c.
2410 4659 2446 4712 5
2473 4656 2532 4712 et
2557 4656 2710 4712 alibi.

2061 4731 2088 4769 ιι
2119 4731 2223 4784 Cui
2258 4731 2450 4784 domus
2477 4734 2527 4782 et
2551 4731 2741 4798 patria
2784 4728 2987 4798 Norica
3019 4728 3180 4798 tellus
3224 4731 3368 4798 ovat.
3403 4724 3594 4798 ‘S_ch_o-A

1987 4801 2180 4856 liastes
2207 4801 2268 4855 in
2294 4800 2484 4855 Vitam
2517 4794 2696 4854 sancti
2727 4797 2996 4862 Severini,
3028 4796 3124 4852 ubi
3163 4797 3368 4852 veteris
3403 4794 3596 4850 Norici

1989 4873 2162 4953 situm
2171 4871 2465 4953 “describit,
2503 4877 2834 4953 opportune.
2845 4874 3041 4953 monet
3067 4867 3471 4953 posterioribus
3487 4882 3597 4948 sae-

1990 4945 2130 5025 culis
2171 4943 2439 5025 barbaros
2455 4936 2779 5025 scriptores
2812 4941 3017 5025 Norico
3063 4936 3277 5025 nomini
3323 4936 3596 5025 adjecisse

2029 5015 2265 5086 uidquid
2279 5013 2530 5069 Bavaria:
2541 5011 2754 5086 ditique
2769 5011 3106 5086 continetur,
3130 5015 3446 5086 testemque
3459 5011 3599 5086 citat

2037 5077 2229 5141 aulum
2278 5087 2606 5150 Diaconum,
2651 5083 2793 5138 libro
2823 5097 2908 5149 III,
2941 5081 3127 5154 capite
3156 5079 3220 5136 19
3256 5099 3270 5136 ;
3313 5077 3596 5154 quomodo

1990 5097 2229 5142 Paulum
2279 5097 2606 5150 Diaconum,
2651 5097 2793 5138 noro
2823 5097 2908 5149 ur,
2941 5097 3122 5154 capite
3156 5097 3220 5136 13
3256 5099 3270 5136 :
3313 5097 3593 5205 quomouo

1989 5159 2081 5213 hic
2104 5157 2294 5222 Norici
2323 5157 2428 5211 soli
2455 5155 2781 5220 Ratisbona,
2803 5159 2922 5220 aut,
2945 5157 3012 5207 ut
3029 5151 3294 5207 Rabanus
3343 5149 3593 5222 oquitur,

1991 5217 2494 5304 urbsietidioecesis
2523 5217 2817 5304 RegﬁnSié;
2909 5217 2918 5220 ﬁ
3241 5298 3248 5304 _
3355 5217 3417 5304 ...-
3435 5291 3448 5304 .
3497 5291 3510 5304 .

2063 5311 2088 5340 ο
2115 5303 2223 5368 Qui
2255 5303 2457 5369 triplex
2482 5293 2731 5368 simplex.
2775 5296 3052 5369 Personas
3098 5298 3305 5369 sanctae
3355 5293 3602 5348 Trinita-

1993 5373 2066 5426 tis
2096 5364 2411 5444 postquam
2426 5377 2542 5425 tres
2570 5364 2906 5444 nominatim
2934 5364 3230 5444 invocavit,
3261 5365 3444 5444 Deum
3473 5380 3603 5436 pro—

1993 5436 2223 5498 nuntiat
2241 5436 2540 5512 'triplicem
2600 5459 2612 5494 :
2678 5455 2783 5512 an_
2806 5437 2954 5512 bona
3003 5451 3138 5508 pace
3183 5436 3598 5512 theologorum,

1995 5515 2199 5570 scholae
2224 5507 2483 5568 viderint.
2519 5513 2726 5566 Sanam
2756 5509 2930 5564 fuisse
2960 5507 3207 5563 mentem
3237 5507 3468 5563 Rabano
3501 5523 3606 5562 un-

1997 5585 2166 5657 dique
2186 5585 2384 5656 liquet,
2429 5589 2488 5638 et
2517 5583 2574 5638 in
2595 5581 2850 5637 oratione
2877 5596 2982 5635 sua
3007 5579 3154 5634 illico
3179 5595 3328 5635 nunc
3356 5578 3499 5634 dixit
3531 5597 3546 5633 :

2311 5699 2444 5750 Unus
2468 5705 2658 5762 natura,
2685 5698 2902 5764 personis
2925 5697 3104 5748 triuus.

2005 5803 2131 5861 Scio
2163 5800 2263 5874 qui
2289 5799 2548 5858 tenacius
2577 5799 2812 5860 concilio
2837 5799 3109 5873 Toletano
3137 5795 3503 5871 Irinherent,
3543 5787 3604 5847 et
