3958 6170
220 331 362 388 1593
836 351 844 358 -
1007 321 1358 385 unum.
1395 360 1460 371 —
1493 315 1748 386 SECTIO
1785 332 1830 387 ι.
1867 329 2208 387 ΡΟΕΜΑΤΑ
2245 331 2340 387 es
2375 331 2726 388 nrvnasrs.
2853 367 2858 371 -
3365 327 3510 388 1594‘

218 458 308 514 Sit
333 458 464 530 pius
492 461 564 512 et‘
579 454 828 528 prudens
856 454 1194 525 populorum
1223 451 1420 506 doctor
1442 451 1668 523 ubique,
1840 455 1892 514 Α
1911 453 2172 524 Optimus
2201 459 2286 508 est
2311 455 2527 510 amicus
2555 455 2764 510 Christi
2785 455 3019 510 vestitus
3045 447 3258 524 amore,

290 548 553 602 Personte
581 559 892 615 agnoscens
923 542 1055 614 quid
1087 543 1176 596 cui
1206 542 1517 596 conveniat.
1983 543 2216 614 Semper
2246 545 2460 598 amicus
2490 550 2662 610 amat,
2697 561 2918 616 semper
2947 545 3224 600 amandus
3258 546 3386 606 erit.

219 638 389 692 Lacte
412 635 560 706 riget
582 649 802 705 parvos,
828 630 1014 686 foveat
1043 637 1099 686 et
1135 647 1280 703 pane
1301 631 1569 696 valentes,
1906 630 2104 700 Diligit
2131 633 2500 704 Omnipotens
2527 634 2783 706 sophiam
2805 651 3183 706 namemper
3201 643 3510 703 amantem,

291 725 435 780 Cum
459 724 673 796 pietate
703 737 896 776 omnes
925 725 1100 787 curet,
1135 721 1269 785 alat,
1298 719 1514 774 doceat.
1977 720 2119 774 Cum
2150 722 2347 793 sophia
2371 722 2524 793 gazis
2553 723 2815 778 omnibus
2843 729 2930 778 est
2955 723 3174 780 melior.

221 813 468 870 Horrida
497 812 653 868 nulla
681 815 840 865 tuam
868 809 1092 880 frangat
1117 809 1356 864 tentatio
1383 815 1650 874 mentem,
1906 807 2142 880 Semper
2166 811 2409 866 amanda
2433 813 2662 882 quidem
2687 818 2773 868 est
2808 829 2998 868 rerum
3029 813 3284 869 doctrina
3330 814 3509 870 bona-

290 903 460 958 Fixus
491 901 594 961 sed
618 916 867 966 maneas,
899 899 1122 954 vincere
1147 899 1337 970 sicque
1365 899 1532 955 vales.
1975 897 2220 953 Devotus
2249 900 2446 954 doctor
2467 902 2671 956 charus
2696 903 2806 956 erit
2829 903 3086 960 Domino.
3273 905 3442 975 (rum,

218 997 437 1048 Aurum
467 991 697 1046 ﬂamma
720 988 939 1060 probat,
967 989 1152 1059 justas
1178 987 1419 1042 tentatio
1447 987 1702 1054 mundat,
1904 986 2029 1040 Non
2057 991 2134 1053 te,
2169 1004 2282 1043 non
2311 991 2605 1056 mundum,
2641 992 2928 1046 Christum
2958 993 3055 1046 sed
3089 993 3261 1063 dilige
3299 994 3501 1050 solum.

290 1081 496 1136 Purior
525 1086 700 1150 utque
728 1078 919 1133 anima
955 1077 1141 1130 sidera
1162 1077 1310 1130 celsa
1337 1083 1509 1146 petat.
1951 1075 2025 1137 ,Ν
2030 1076 2175 1130 ullus
2205 1084 2262 1130 te
2291 1078 2472 1136 verbis
2498 1081 2778 1152 vituperet
2804 1081 3025 1136 merito.

221 1172 351 1226 Haec
381 1175 467 1224 est
495 1168 608 1222 vita
636 1168 754 1221 viro
787 1168 942 1237 justo
960 1165 1200 1220 tentatio
1227 1170 1365 1225 tota.
1905 1163 2030 1218 Non
2059 1165 2258 1235 opibus
2283 1167 2429 1221 bona
2449 1167 2597 1223 fama
2614 1170 2801 1236 datur,
2831 1171 2928 1225 sed
2940 1171 3192 1230 moribus
3211 1171 3390 1234 almis,

291 1259 400 1314 Sed
435 1257 652 1330 patiens
679 1256 885 1310 tolerat
911 1260 1109 1309 cuncta
1138 1270 1241 1325 pro
1269 1270 1460 1308 amore
1487 1255 1607 1310 Dei.
1976 1253 2101 1307 Non
2131 1255 2317 1324 perdit
2341 1257 2520 1326 pietas
2549 1273 2784 1328 quaeque
2809 1259 2967 1314 dabit
2993 1261 3220 1316 misero.

220 1348 357 1413 Quis
387 1347 507 1401 sine
535 1347 622 1400 vel
653 1345 815 1399 miles
843 1344 1028 1415 capiet
1056 1343 1364 1397 certamine
1385 1343 1650 1414 palmam,
1901 1341 1990 1395 Nil
2022 1344 2167 1398 oculi
2194 1352 2431 1414 prosunt
2459 1346 2661 1416 quibus
2689 1353 2776 1401 est
2802 1365 2962 1403 mens
2991 1365 3136 1404 seca
3165 1349 3406 1414 videndi,

291 1437 445 1491 Bella
473 1435 716 1489 nefanda
743 1433 960 1488 dabunt
987 1433 1220 1504 praemia
1249 1448 1453 1502 magna
1482 1433 1620 1489 suis.
1973 1431 2228 1486 Luminis
2257 1435 2469 1504 experti
2501 1435 2661 1489 devia
2687 1452 2828 1490 caeca
2859 1444 3080 1508 petunt.

219 1526 526 1580 Stemmate
548 1526 668 1595 jam
697 1523 924 1595 gaudet,
957 1522 1089 1576 belli
1121 1522 1215 1593 qui
1241 1527 1549 1576 scammate
1575 1522 1763 1576 vincit.
1901 1521 2124 1584 Quanto
2151 1525 2332 1593 major
2361 1525 2490 1590 eris,
2515 1530 2674 1583 tanto
2706 1526 3048 1580 moderatior
3074 1531 3216 1595 esto,

292 1614 491 1668 Praelia
520 1618 647 1684 post
672 1618 840 1667 terrae
867 1617 1068 1682 regnat
1095 1611 1156 1665 in
1185 1627 1312 1666 arce
1343 1612 1474 1682 poli.
1971 1610 2244 1666 Omnibus
2271 1612 2349 1666 sis
2377 1629 2588 1684 (equus,
2623 1618 2808 1669 rector
2833 1613 3040 1686 ubique
3069 1615 3216 1687 pius.

219 1704 362 1758 Cum
397 1702 619 1757 Christo
659 1706 724 1755 ut
751 1717 951 1772 regnes
979 1701 1250 1754 concedat
1271 1700 1456 1770 gratia
1480 1700 1706 1765 Christi,
1901 1698 2038 1753 Vive
2067 1700 2202 1766 Deo,
2235 1700 2351 1754 vita
2377 1701 2526 1766 felix,
2559 1706 2618 1756 et
2642 1703 2764 1760 vive
2791 1719 2893 1774 per
2919 1721 3118 1770 aevum,

289 1793 518 1847 Summe
546 1792 731 1856 Pater,
759 1796 955 1862 pastor
972 1797 1194 1861 tempus
1223 1789 1283 1843 in
1317 1805 1481 1843 omne
1493 1789 1680 1848 simul.
1837 1813 1884 1873 Β
1973 1788 2138 1854 Vera,
2169 1788 2352 1853 beata,
2388 1788 2534 1842 bona
2563 1795 2650 1844 est
2668 1791 2854 1848 vivere
2873 1791 2987 1846 vita
3007 1792 3144 1847 Dee.

217 1882 288 1937 Et
313 1887 416 1936 tua
443 1881 577 1934 laus
593 1884 840 1945 maneat,
873 1895 1086 1933 merces
1116 1883 1174 1933 et
1195 1879 1378 1949 gloria
1405 1895 1646 1950 semper,
1898 1878 2088 1932 Latus
2115 1877 2174 1931 in
2201 1884 2474 1932 aeternum
2505 1879 2728 1934 Christo
2753 1880 3036 1935 sociabere
3063 1881 3218 1948 civis,

289 1971 429 2026 Cum
459 1969 668 2024 sanctis
695 1969 855 2036 celo,
885 1973 942 2022 et
971 1968 1094 2022 sine
1123 1969 1236 2022 ﬁne
1261 1969 1402 2022 vale.
1971 1967 2070 2020 Ille
2103 1973 2294 2022 manet
2321 1984 2562 2038 semper,
2595 1974 2659 2022 tu
2688 1985 2910 2039 quoque
2939 1986 3166 2040 semper
3189 1972 3320 2029 eris.

217 2059 307 2114 Sis
334 2075 556 2114 memor
579 2059 698 2130 ipse
727 2057 857 2123 mei,
888 2062 1166 2112 memoret
1184 2063 1242 2111 te
1259 2056 1445 2127 gratia
1465 2057 1692 2121 Christi,

288 2103 307 2114 ι’
337 2103 542 2114 ὐνδε-ν·
579 2103 697 2130 ἰ’-ιν
727 2103 857 2123 "ur-1
889 2103 1094 2111 "-v-"v-
1111 2103 1165 2112 ν-
1190 2103 1241 2111 -ν
1259 2103 1315 2127 υ·
1330 2103 1445 2111 ππ*-
1471 2103 1565 2112 ν·--
1583 2103 1692 2121 --ννη

288 2149 496 2206 Presul
527 2147 587 2202 in
613 2147 732 2202 aede
758 2147 878 2212 Dei,
904 2147 980 2201 sis
1001 2161 1218 2201 memor
1238 2146 1358 2218 ipse
1377 2147 1508 2200 mei.

2237 2103 2318 2168 X.
2358 2135 2438 2146 —
2469 2118 2616 2168 man
2649 2119 2728 2171 AD
2760 2119 3155 2173 ιιειιεαιωωκ.

1897 2245 1920 2274 ³
1966 2235 2235 2289 Conditor
2263 2235 2638 2306 omnipotens,
2672 2236 2877 2290 Rector
2901 2237 3040 2291 mihi
3071 2237 3224 2292 mitis
3251 2239 3468 2304 adesto,

581 2273 740 2341 V1"-
773 2301 855 2319 -·
885 2289 1034 2338 IDEM
1063 2289 1144 2334 λυ
1173 2289 1448 2338 ευλωειιο
1903 2273 1906 2274 ί
1967 2273 2222 2342 ΪΣΪΪῘὙ
2246 2273 2651 2342 ,ῒειτίῖέεεῖυνῑςέτ
2675 2273 2864 2342 ῖῖῖτέένι

1967 2324 2205 2384 Munera
2235 2324 2308 2384 da
2337 2324 2512 2391 verbi,
2544 2325 2815 2380 Conditor
2833 2326 3208 2396 omnipotens,

216 2402 494 2458 Omnibus
522 2403 581 2456 in
607 2402 760 2457 horis
787 2418 1013 2473 semper
1037 2409 1115 2467 te,
1143 2408 1338 2457 sancte
1367 2404 1644 2468 sacerdos,

1896 2413 2090 2467 Dicere
2121 2413 2270 2484 quod
2301 2414 2531 2479 valeam,
2568 2415 2792 2484 signent
2821 2415 2955 2485 quid
2989 2415 3174 2486 prisca
3202 2415 3416 2486 ﬁguris,

289 2492 563 2547 Devotum
591 2496 828 2551 cernant
855 2491 1074 2546 lumina
1101 2497 1296 2546 sancta
1322 2492 1449 2548 Dei.
1965 2501 2112 2566 Quid
2141 2508 2355 2556 reseret
2377 2502 2654 2568 Christus,
2685 2503 2871 2558 dicere
2901 2505 3050 2575 quod
3074 2505 3313 2564 valeam.

216 2582 304 2636 Sit
333 2581 434 2636 tibi
466 2583 557 2636 lex
585 2581 813 2636 Domini
842 2581 1022 2636 (illiciti
1047 2597 1218 2652 super
1247 2582 1439 2658 οιιμιία
1462 2583 1648 2646 mella,
1895 2591 2104 2646 Unicus
2133 2591 2254 2662 ipse
2277 2597 2411 2646 tuus
2437 2598 2625 2646 tecum
2656 2593 2752 2664 qui
2778 2599 2979 2647 cuneta
3005 2593 3232 2660 creavit,

293 2670 536 2728 Charior
558 2677 728 2742 atqne
757 2669 880 2724 auri
897 2670 1075 2724 millia
1097 2671 1278 2725 multa
1303 2687 1492 2742 inpar.
1967 2680 2183 2736 Cuncta
2211 2681 2378 2735 modo
2407 2687 2644 2738 recreat.
2671 2683 2881 2737 Unicus
2908 2683 3029 2753 ipse
3055 2688 3208 2742 tuus.

213 2761 420 2815 Mentis
449 2759 767 2832 praecedant
793 2759 978 2831 operis
997 2775 1131 2814 nam
1155 2759 1371 2814 lumina
1391 2775 1637 2830 gressus,
1895 2769 2176 2840 Principio
2200 2770 2476 2824 Dominus
2504 2771 2827 2842 paradisum
2850 2772 3070 2842 plantat
3097 2773 3235 2838 Eoo,

289 2847 533 2902 Consilio
557 2848 729 2902 facias
757 2865 990 2920 queque
1027 2848 1142 2906 tuis
1165 2848 1388 2920 jubeas.
1966 2859 2270 2918 Ecclesium
2299 2858 2507 2914 format
2539 2860 2814 2931 principio
2841 2861 3134 2916 Dominus.

216 2936 307 2991 Sis
331 2941 516 2992 rector
540 2938 814 3008 placidus,
855 2943 1206 3004 mansuetus,
1231 2939 1421 3009 justus
1442 2937 1674 3010 ubique,
1896 2948 2156 3003 Flumina
2183 2948 2497 3019 quadriﬁda
2526 2949 2772 3020 paradisi
2802 2967 2837 3006 a
2864 2950 3051 3004 fronte
3081 2953 3102 2978 ⁸
3133 2957 3456 3015 manarunt,

287 3025 617 3099 Exemplum
649 3027 868 3082 cunctis
894 3026 1146 3084 moribus
1171 3027 1432 3098 egregiis.
1569 3085 1579 3094 ,
1968 3038 2049 3092 De
2079 3037 2304 3092 Christo
2331 3037 2484 3092 fonte
2517 3039 2751 3092 ﬂumina
2779 3039 3115 3109 quadriﬁda.

215 3114 351 3180 Quae
377 3116 608 3187 culpare
638 3117 806 3182 solea.
835 3117 952 3177 haec
979 3123 1044 3171 tu
1074 3133 1146 3172 ne
1169 3116 1367 3172 feceris
1393 3117 1532 3188 ipse.
1836 3127 2126 3197 aVirgine
2154 3127 2512 3198 progenitum
2545 3133 2698 3182 terra
2719 3129 2870 3183 Deus
2895 3128 3096 3182 extulit
3111 3128 3314 3194 Adam,

293 3205 603 3276 Sermoque
629 3205 704 3260 sit
731 3205 943 3276 sophia
969 3205 1230 3261 conditus
1257 3211 1430 3277 atque
1457 3206 1597 3262 sale.
1965 3218 2158 3274 Jesum
2187 3215 2258 3270 de
2287 3221 2467 3276 matm
2495 3216 2713 3286 virgine
2735 3217 3112 3288 progenitum.

217 3293 474 3349 Sufﬁciat
497 3309 688 3348 rerum
717 3294 951 3350 dederat
977 3293 1080 3350 tibi
1107 3295 1256 3365 quod
1282 3295 1432 3350 D8118
1458 3295 1597 3366 ipso.
1894 3305 2159 3361 Condidit
2187 3322 2253 3358 ex
2283 3305 2478 3373 latere,
2511 3322 2889 3377 sponsamque
2919 3307 3040 3360 viro
3059 3306 3217 3360 dedit
3235 3306 3424 3373 Evam,

287 3383 386 3436 Sat
413 3383 570 3440 dives
589 3389 675 3439 est
701 3383 967 3449 famulus,
1003 3383 1212 3454 quique
1240 3383 1411 3439 habet
1429 3383 1752 3440 Dominum.
1967 3394 2058 3449 Sic
2089 3394 2311 3451 Christo
2349 3410 2612 3464 sponsam
2639 3393 2890 3450 condidit
2917 3411 2984 3448 ex
3011 3394 3207 3448 latere.

209 3471 417 3526 Omnia
445 3472 574 3526 ﬁnis
602 3471 744 3532 edax
768 3472 1024 3528 devastat
1048 3471 1260 3543 gaudia
1285 3471 1503 3537 mundi.
1895 3484 2046 3538 Mors
2074 3482 2194 3536 fera
2221 3482 2290 3536 de
2319 3481 2508 3552 stipite
2537 3481 2807 3536 miserum
2827 3481 2933 3540 sibi
2961 3481 3214 3540 subdidit
3239 3481 3451 3547 orbem,

283 3561 506 3632 Pauper
542 3567 664 3616 tum
679 3562 870 3631 justus
897 3578 1072 3632 regna
1102 3577 1346 3632 superna
1375 3561 1541 3631 capit.
1964 3572 2132 3626 Νυηο
2148 3577 2430 3642 prostrata
2451 3571 2606 3640 jacet
2632 3588 2786 3628 mora
2817 3571 2939 3626 fera
2965 3572 3034 3624 de
3068 3570 3279 3642 stipite.

207 3650 620 3715 (ὶιιῘὛθηΐωἬε
647 3650 757 3704 erit
777 3649 1034 3704 Christus
1059 3650 1176 3704 Rex
1204 3649 1445 3722 ίιιοιγωε
1473 3648 1612 3714 orbi,
1891 3661 2118 3715 Invidus
2145 3676 2279 3730 ergo
2309 3676 2503 3718 necem
2522 3659 2696 3714 frater
2715 3661 2871 3730 justo
2900 3660 3096 3714 intulit
3119 3660 3278 3726 olim,

285 3739 364 3794 Ut
390 3739 607 3796 cunctis
633 3739 834 3797 reddat
869 3755 1002 3797 nam
1033 3739 1263 3810 propria
1285 3738 1516 3798 merita.
1973 3749 2063 3805 Sic
2089 3750 2117 3804 J
2123 3749 2263 3804 udas
2292 3749 2516 3803 Christo
2545 3737 2767 3803 invidus
2797 3765 2932 3819 ergo
2958 3764 3172 3802 necem.

208 3830 408 3899 Τείιιιθ
436 3833 678 3900 tuosque
704 3828 875 3886 Simul
898 3845 1162 3900 ευρωω
1191 3828 1464 3900 Perdth
1481 3827 1552 3886 ad
1571 3843 1777 3890 “00m,
1898 3839 2184 3910 Terraque
2209 3855 2312 3910 per
2336 3838 2621 3892 hominem
2652 3837 2936 3892 maledicti
2956 3837 3168 3892 famine
3195 3837 3388 3904 sensit,

285 3917 364 3974 Ut
386 3916 542 3974 vivae
564 3917 728 3976 laetus
747 3932 926 3987 regna
950 3916 1118 3974 beate
1147 3921 1368 3999 teiiens.
1969 3928 2190 3986 Invenit
2219 3943 2414 3999 pacem
2437 3933 2702 3998 temque
2730 3943 2833 3999 per
2853 3927 3160 3988 hominem.

1895 4019 2041 4072 Arca
2064 4017 2186 4088 pios
2215 4017 2449 4084 revehit,
2482 4017 2764 4072 tumidum
2790 4034 2861 4074 ne
2891 4016 3190 4072 absorbeat
3207 4032 3419 4088 aequor,

367 4060 472 4126 υς·
509 4093 578 4106 -
797 4078 878 4126 ιω
909 4076 1275 4125 stomun
1895 4060 3239 4179 2;:genus:“manus;

206 4194 395 4264 Perge
415 4208 543 4246 mea
567 4191 733 4247 citius
761 4193 1034 4248 Praeclara
1063 4193 1323 4252 chartula
1349 4199 1562 4258 nostro,
1897 4195 2097 4258 Frater
2133 4195 2363 4270 iniquus
2394 4196 2543 4253 enim
2574 4195 2785 4249 nudum
2816 4201 3035 4267 patrem
3063 4194 3315 4266 improbe
3351 4193 3496 4258 risit,

283 4283 560 4352 Prospere
589 4283 818 4353 paciﬁce
853 4299 1002 4337 nunc
1035 4283 1394 4337 ministrante
1425 4283 1562 4338 Deo.
1975 4285 2040 4339 In
2074 4301 2239 4338 cruce
2269 4285 2607 4356 pendentem
2641 4286 2816 4338 frater
2837 4285 3066 4354 iniquus
3097 4284 3268 4337 enim.

205 4371 283 4430 Et
309 4375 440 4442 pete
471 4371 730 4428 Praeclari
760 4372 1026 4444 praeclara
1055 4377 1204 4426 tecta
1232 4372 1506 4443 magistri,
1897 4373 2093 4429 Hostia
2118 4379 2281 4444 grata
2312 4374 2494 4428 Patris
2519 4374 2705 4427 ﬂleret
2732 4373 2884 4426 senis
2914 4374 3114 4426 unicus
3157 4371 3353 4436 haeres,

285 4461 395 4518 Fer
421 4466 674 4519 sanctam
700 4477 894 4533 pacem
923 4461 1176 4532 praesulis
1201 4467 1369 4534 atque
1399 4460 1560 4516 bone.
1824 4465 1874 4524 D
1965 4463 2220 4518 Salvator
2250 4463 2445 4518 mundi
2476 4462 2660 4525 hostia
2686 4469 2850 4534 grata
2879 4460 3084 4518 Patris.

203 4551 418 4605 Pectus
444 4565 604 4604 amor
631 4555 888 4608 nostrum
919 4550 1233 4622 penetravit
1251 4556 1478 4622 perpete
1509 4550 1756 4618 ﬂamma,
1898 4553 2106 4625 Nupsit
2128 4560 2186 4611 et
2213 4552 2334 4624 ipsa
2363 4551 2480 4610 viro
2505 4551 2712 4622 insigni
2738 4567 2870 4614 nam
2899 4550 3006 4610 rite
3036 4549 3304 4616 Rebecca,

285 4639 414 4710 Ipse
437 4639 624 4698 calore
651 4654 794 4696 novo
825 4656 1048 4712 semper
1075 4640 1302 4696 inardet
1326 4656 1504 4696 amor.
1971 4641 2216 4697 Ecclesia
2243 4641 2466 4696 Christo
2495 4641 2689 4712 nupsit
2717 4647 2776 4709 et
2803 4640 2924 4712 ipsa
2953 4639 3094 4694 viro.

202 4729 333 4782 Nec
361 4727 536 4794 mare,
573 4743 676 4782 nec
707 4729 892 4794 tellus,
927 4733 1166 4796 montes,
1201 4745 1306 4783 nec
1335 4728 1492 4794 silva,
1525 4728 1611 4784 vel
1636 4728 1810 4800 alpes,
1899 4730 2177 4786 Prtevenit
2206 4746 2331 4784 ecce
2352 4729 2537 4784 minor
2565 4729 2845 4784 seniorem
2872 4745 3106 4784 munere
3135 4729 3389 4798 ᾔτει-θυι,

286 4815 432 4871 Huic
461 4815 685 4871 obstare
707 4823 938 4889 queunt,
971 4823 1071 4874 aut
1095 4818 1350 4872 inhibere
1380 4819 1547 4872 viam.
1910 4881 1929 4900 ο
1969 4819 2280 4891 Antiquum
2305 4821 2573 4895 populum
2603 4819 2871 4891 praevenit
2893 4835 3018 4874 ecce
3043 4818 3246 4878 minor.

199 4903 336 4975 Quo
367 4905 576 4974 minus,
610 4907 756 4960 alme
783 4907 968 4974 Pater,
1003 4923 1227 4983 semper
1247 4914 1350 4962 tua
1378 4907 1590 4964 viscera
1605 4909 1812 4980 cingat,
1899 4909 2186 4984 Reppullit
2212 4909 2307 4964 ille
2333 4909 2541 4968 famem
2559 4909 2799 4981 Egypto
2828 4917 2963 4964 tunc
2992 4913 3214 4980 emptus
3243 4905 3467 4978 Ioseph,

284 4993 392 5054 Hic
415 5011 579 5050 amor
608 5013 674 5050 ac
699 5002 958 5068 penetret
987 5003 1203 5070 pectus,
1238 5003 1444 5064 amate,
1477 5004 1662 5055 tuum.
1970 4999 2246 5058 Venditus
2272 5007 2358 5056 est
2387 5000 2566 5062 Jesus,
2602 4999 2956 5076 reppulitille
2985 4997 3210 5057 famem.

203 5083 496 5140 Omnibus
525 5091 612 5140 est
639 5085 906 5157 locuples,
939 5087 1034 5158 qui
1063 5087 1230 5142 rebus
1261 5087 1510 5141 abundat
1537 5087 1753 5152 amicis,
1903 5087 2172 5160 Repperit
2199 5089 2258 5146 in
2287 5087 2457 5146 ﬂuvio
2496 5087 2807 5148 Pharaonis
2836 5087 2956 5142 ﬁlia
2981 5087 3214 5150 lienem,

286 5173 489 5239 Plures
515 5189 684 5251 quam
714 5174 972 5249 expediat
1003 5175 1190 5230 nullus
1207 5175 1414 5231 habere
1431 5181 1636 5250 potest.
1974 5177 2223 5233 Barbara
2248 5193 2388 5248 gens
2419 5177 2708 5232 Christum
2737 5175 2991 5248 repperit
3007 5174 3066 5232 in
3101 5175 3284 5228 ﬂuvio.

1107 5431 1119 5438 -
1216 5399 1528 5460 SCHOLIA
1565 5400 2106 5464 CHRISTOPHORI
2145 5401 2510 5464 BROWERI.

287 5591 312 5659 τ
335 5578 412 5661 ‘ln
574 5586 854 5661 poemate.
871 5581 1226 5661 typorumin
1242 5581 1443 5661 ~{fateri
1461 5583 1822 5661 'I_‘esta_mento
1905 5585 2086 5661 aiunt,
2115 5583 2445 5661 inconcinne
2473 5582 2700 5653 quidem
2728 5588 2786 5661 et
2811 5585 3018 5661 coacto.
3055 5595 3202 5661 saepe
3244 5593 3501 5661 numero,

197 5648 493 5726 quidquid
509 5648 778 5726 eximium
797 5648 1212 5726 est.'e'gregiein
1233 5653 1456 5708 Christo
1477 5654 1716 5708 Domino
1735 5671 1823 5708 ex-
1902 5656 2000 5710 sed
2029 5655 2322 5726 ingeniosa
2364 5648 2677 5724 figurarum
2704 5658 2762 5708 et
2789 5653 3078 5718 varietate,
3105 5648 3164 5706 et
3193 5657 3330 5722 apta
3353 5651 3502 5704 rela-

193 5721 435 5796 pietum
461 5722 726 5796 ostendit,
757 5721 1082 5796 serpentino
1109 5725 1414 5790 schemate,
1440 5743 1550 5796 quo
1571 5726 1823 5781 hemisti—
1902 5726 2057 5786 tione
2086 5721 2493 5786 similitudinis.

195 5791 366 5859 διῄει,
399 5808 522 5863 quae
555 5791 946 5849 hexametrum
991 5795 1260 5852 inchoant
1305 5791 1723 5870 pentametrum
1749 5797 1822 5853 ii-
