4018 6160
461 335 600 392 1595

1057 332 1122 388 Β.
1163 331 1440 388 ΒΛΒΔΝΙ
1475 331 1710 390 MAURI
1743 332 2052 390 ARCHIEF

2150 329 2448 388 [OGUNT.
2487 324 2788 388 OPERUM
2821 324 3007 382 PARS
3043 323 3118 380 IV
3122 363 3138 383 .

3597 319 3738 376 1596

457 462 652 533 Agnus
675 457 746 514 ab
773 458 935 514 hoste
961 473 1119 512 sacer
1136 458 1160 482 ⁶
1184 456 1426 512 redemit
1451 455 1510 510 in
1534 455 1808 527 sanguine
1835 461 2045 528 patres,
2063 457 2118 519 Α
2217 454 2438 509 Siccum
2456 455 2579 506 tota
2605 449 2837 504 madens
2864 463 2998 502 area
3024 447 3202 502 vellus
3229 445 3421 503 habet.

439 594 451 616 ,
525 550 754 622 Nosque
783 565 982 604 cruore
1007 547 1142 602 tulit
1164 548 1359 618 Agnus
1389 545 1458 600 ab
1487 547 1648 601 hoste
1679 563 1855 601 sacer.

457 638 660 696 Obruit
687 638 840 696 unda
861 637 1036 704 nefas,
1068 637 1276 709 populo
1299 635 1592 707 gradiente
1621 652 1723 708 per
1749 652 1962 708 aequor,

526 729 689 784 Nunc
711 727 886 783 totius
904 727 1098 782 mundi
1127 725 1318 782 obruit
1346 725 1496 780 unda
1527 726 1702 780 nefas.

458 817 606 872 Fons
635 817 792 872 Mars
820 816 1000 871 dulcis
1023 821 1164 879 erat,
1200 815 1340 886 ligni
1369 813 1661 868 dulcedine
1687 831 1896 881 mersa,

530 905 622 962 Sic
647 905 828 960 crucis
855 922 924 959 ex
946 905 1099 976 ligno
1125 903 1249 958 fons
1271 904 1429 958 Mara
1457 903 1636 958 dulcis
1664 909 1804 960 erat.

459 995 777 1052 Murmurat
805 994 1068 1066 impietas
1096 1007 1307 1048 manna
1332 993 1592 1048 veniente
1619 993 1845 1058 refecta,

532 1085 700 1141 Panis
727 1085 888 1140 adest
914 1085 1189 1149 Christus,
1224 1087 1545 1140 murmurat
1571 1082 1851 1154 impietas.

461 1176 594 1232 Post
622 1179 784 1248 petra
811 1174 1125 1246 protulerat
1151 1172 1309 1243 virga
1329 1171 1415 1226 bis
1446 1171 1684 1227 flumina
1703 1189 1863 1238 caesa,

531 1265 603 1319 Et
623 1279 823 1336 passus
861 1263 1123 1318 Christus
1154 1267 1281 1333 post
1307 1265 1470 1332 petra
1495 1261 1825 1332 protulerat.

353 1397 360 1406 .
461 1352 736 1409 Scribitur
762 1370 798 1408 a
821 1353 1060 1408 Domino
1088 1350 1296 1405 tabulis
1325 1351 1413 1404 lex
1441 1349 1629 1421 prima
1654 1350 1911 1420 petrinis,

530 1444 694 1499 Nunc
722 1441 930 1497 tabulis
959 1441 1144 1496 cordis
1171 1439 1436 1494 scribitur
1459 1455 1495 1493 a
1519 1439 1780 1494 Domino.

462 1533 574 1587 Lex
604 1531 761 1587 dedit
781 1531 1055 1586 indicium
1081 1534 1272 1584 sontes
1299 1528 1616 1600 persolvere
1645 1545 1857 1601 poenas,

534 1621 761 1685 Quodve
791 1620 946 1676 salus
972 1619 1184 1684 veniat,
1216 1619 1306 1672 lex
1333 1617 1490 1672 dedit
1516 1617 1806 1673 indicium.

464 1711 754 1781 Scenaque
780 1709 931 1766 clara
962 1707 1064 1763 Dei
1094 1708 1154 1764 in
1191 1707 1400 1780 populo
1430 1713 1749 1762 constructa
1776 1708 1982 1781 priore,

534 1799 780 1854 Ecclesia
808 1804 896 1854 est
913 1797 1140 1862 Christi,
1175 1813 1452 1867 scenaque
1481 1797 1632 1854 clara
1657 1797 1779 1852 Dei.

464 1889 596 1944 Haec
621 1905 844 1961 quoque
874 1885 1274 1944 candelabrum
1299 1891 1386 1941 est
1412 1891 1630 1958 septem
1657 1887 1927 1944 distincta
1969 1889 2059 1944 lu-

1777 1977 2000 2047 [cernis,

533 2067 693 2132 Quod
715 2067 901 2122 luceat
920 2065 1150 2132 mundo,
1164 2066 1282 2119 haec
1303 2081 1524 2136 quoque
1541 2065 1940 2121 candelabrum
1951 2072 2056 2121 est.

462 2167 489 2196 ³
524 2157 670 2212 Area
699 2155 801 2210 Dei
827 2156 1040 2226 tegitur
1065 2171 1197 2210 nam
1227 2153 1567 2226 propitiante
1590 2153 1817 2223 tabella,

533 2245 794 2312 Ecclesia,
828 2250 887 2300 et
913 2245 1137 2300 Christo
1166 2259 1299 2298 arca
1327 2243 1429 2299 Dei
1449 2243 1678 2314 tegitur.

461 2335 727 2390 Continet
745 2335 862 2390 haec
872 2333 1115 2400 tabulas,
1127 2349 1331 2388 urnam
1352 2338 1751 2406 sceptrumque
1763 2333 2056 2406 triumphi,

532 2425 674 2480 Cum
696 2423 920 2479 Christo
943 2422 1104 2478 binas
1127 2422 1376 2477 continet
1397 2423 1515 2478 haec
1544 2421 1790 2478 tabulas.

461 2513 704 2568 Victima
725 2513 817 2568 hic
837 2513 1043 2584 placita
1068 2518 1172 2578 est,
1205 2528 1434 2584 araque,
1480 2512 1576 2566 ille
1606 2512 1726 2584 ipse
1767 2513 2056 2580 Sacerdos,

533 2603 642 2658 Pro
672 2602 870 2658 mundi
893 2601 1121 2657 offensis
1149 2601 1374 2656 victima
1404 2601 1496 2656 hic
1521 2601 1728 2673 placita
1757 2607 1862 2657 est.

463 2691 756 2748 Fratribus
785 2692 906 2764 ipse
935 2691 1162 2763 quidem
1189 2691 1404 2746 cunctis
1433 2690 1730 2763 praefertur
1756 2692 1986 2760 honore,

535 2781 888 2848 Chrismatis,
930 2786 990 2836 et
1015 2781 1164 2836 dono
1187 2779 1458 2835 fratribus
1487 2780 1606 2852 ipse
1634 2781 1882 2852 quidem.

461 2870 709 2942 Virginis
747 2871 896 2926 hunc
923 2871 1209 2925 thalamus
1236 2869 1454 2936 habuit,
1481 2871 1774 2925 meretrice
1799 2877 2023 2942 negata,

536 2959 782 3016 Ecclesia
807 2976 1024 3032 sponsae
1053 2959 1284 3030 virginis
1313 2961 1463 3014 hunc
1479 2961 1782 3016 thalamus.

464 3048 602 3104 Ecce
630 3048 742 3102 duo
759 3047 1012 3103 referunt
1035 3054 1284 3102 vectores
1313 3048 1514 3103 arbore
1531 3048 1778 3104 botrum.

534 3137 603 3191 Et
625 3136 817 3208 populi
837 3135 1124 3192 Christum
1149 3152 1276 3191 ecce
1305 3137 1417 3192 duo
1446 3137 1715 3192 referunt.

464 3227 730 3299 Carpitur
750 3227 880 3297 igne
903 3244 1066 3282 sacro
1093 3244 1300 3282 munus
1327 3233 1633 3300 votumque
1657 3228 1931 3300 priorum,

535 3316 814 3372 Seditiosa
841 3316 1021 3371 tribus
1045 3317 1296 3388 carpitur
1322 3317 1452 3388 igne
1484 3334 1661 3372 sacro.

464 3406 663 3476 Regna
690 3405 855 3460 beata
882 3406 1067 3460 Patris
1094 3406 1234 3478 legis
1259 3423 1374 3462 non
1406 3407 1644 3478 contigit
1660 3407 1858 3476 haeres,

532 3497 562 3551 ,ἶ
567 3511 698 3550 esus
715 3495 1006 3566 dispensat
1026 3512 1201 3567 regna
1228 3495 1392 3550 beata
1419 3497 1623 3552 Patris.

471 3585 709 3640 Pellitur
743 3591 914 3656 atque
941 3585 1089 3640 foras
1119 3585 1324 3657 pugnis
1352 3601 1642 3658 possessor
1671 3586 1921 3658 iniquus,

533 3675 562 3714 υ
591 3675 732 3730 Cum
758 3674 908 3729 vitiis
935 3673 1166 3728 zabulus
1195 3674 1424 3746 pellitur
1453 3681 1622 3746 atque
1641 3674 1814 3733 foras.

464 3763 719 3819 Destruit
737 3779 867 3818 arca
895 3764 997 3818 Dei
1021 3779 1214 3819 muros
1231 3763 1367 3820 dum
1398 3763 1598 3819 circuit
1633 3764 1850 3829 urbem,

537 3852 630 3909 Sic
645 3851 846 3908 urbem
876 3853 1073 3908 mundi
1101 3853 1343 3908 destruit
1367 3869 1500 3908 arca
1518 3853 1640 3914 Dei.

465 3941 656 3996 Hostis
682 3941 835 3996 enim
863 3942 1068 3996 mulier
1093 3942 1336 4013 perfodit
1364 3948 1621 4014 tempora
1641 3944 1789 4015 palo,

537 4031 607 4084 Et
625 4033 805 4085 crucis
831 4031 890 4085 in
919 4033 1094 4098 clavo,
1129 4031 1308 4086 hostis
1338 4031 1488 4086 enim
1518 4032 1746 4089 mulier.

461 4119 610 4174 Area
635 4119 810 4174 vellus
840 4119 1029 4187 habet,
1059 4119 1284 4174 madido
1305 4121 1404 4175 sed
1432 4121 1640 4176 vellere
1667 4121 1816 4176 sicca
1853 4127 1959 4188 est,

2135 543 2364 598 Hostica
2389 545 2578 596 castra
2613 539 2788 609 fugat,
2820 538 3040 607 lagena,
3067 537 3347 610 lampade,
3378 535 3572 602 sistro,

2206 631 2400 686 Victor
2427 630 2702 684 victorum
2728 628 2946 682 hostica
2972 634 3160 682 castra
3187 627 3365 698 fugat.

2137 721 2326 776 Vincit
2345 720 2559 774 honore
2577 717 2678 774 Dei
2696 717 2972 790 promisso
2991 717 3052 772 in
3075 733 3309 772 munere
3335 717 3558 788 Iephte,

2211 809 2490 866 Affectum
2511 814 2659 864 natae
2676 807 2850 864 vincit
2875 807 3088 862 honore
3117 806 3240 862 Dei.

2141 899 2384 971 Agmina
2410 899 2538 970 plus
2565 897 2812 953 moriens
2837 897 3039 952 stravit
3063 896 3293 952 hostilia
3311 895 3568 961 Samson,

2214 989 2469 1044 Salvator
2493 993 2687 1042 noster
2705 987 2934 1058 agmina
2959 987 3088 1058 plus
3114 985 3381 1042 moriens.

2141 1079 2224 1133 'l‘u
2253 1077 2422 1133 decus
2454 1093 2622 1132 omne
2645 1075 2778 1142 tuis,
2812 1075 2914 1146 qui
2941 1074 3148 1129 sternis
3175 1075 3323 1130 caede
3349 1074 3589 1140 Goliam,

2213 1167 2322 1232 Qui
2349 1167 2523 1222 vincis
2545 1166 2841 1232 mundum,
2873 1170 2938 1220 tu
2965 1165 3136 1220 decus
3154 1181 3324 1220 omne
3340 1165 3474 1218 tuis.

2140 1257 2324 1314 Fortis
2353 1262 2411 1312 et
2432 1257 2554 1328 ipse
2579 1272 2775 1322 manu,
2805 1254 2902 1326 qui
2924 1255 3168 1310 conteris
3187 1270 3289 1308 ora
3304 1254 3502 1320 leonis,

2210 1346 2482 1403 Immanis
2509 1345 2688 1402 beluae
2715 1345 2876 1402 fortis
2902 1350 2963 1400 et
2987 1345 3112 1417 ipse
3140 1360 3332 1399 manu.

2140 1436 2257 1492 Rex
2287 1453 2509 1508 quoque
2537 1437 2805 1508 paciﬁcus
2835 1435 3147 1491 construxit
3175 1435 3384 1490 muenia
3405 1434 3622 1507 templi,

2211 1525 2515 1581 Ecclesium
2544 1525 2806 1581 Christus
2844 1526 2960 1580 Rex
2991 1541 3214 1597 quoque
3241 1525 3527 1596 paciﬁcus.

2138 1617 2307 1671 Astra
2334 1615 2532 1688 petivit
2551 1632 2724 1671 ovans
2751 1615 2894 1670 vatis
2920 1615 3203 1687 quondam
3225 1631 3398 1670 aurea
3417 1631 3605 1682 curru,

2211 1705 2427 1760 Cuncta
2453 1721 2625 1777 super
2653 1705 2911 1760 Christus
2942 1710 3098 1760 astra
3122 1704 3320 1776 petivit
3345 1721 3517 1759 ovans

2077 1781 2124 1844 B
2140 1795 2320 1850 Morte
2339 1795 2616 1867 prOpheta
2635 1795 2806 1850 refert
2824 1811 3080 1866 puerum,
3115 1795 3262 1866 quod
3284 1795 3442 1864 virga
3465 1793 3732 1866 nequivit,

2213 1884 2374 1948 Quod
2394 1885 2482 1939 lex
2511 1901 2622 1939 non
2652 1883 2847 1950 valuit,
2879 1890 3062 1938 morte
3089 1884 3363 1956 propheta
3388 1883 3582 1942 refert.

2141 1973 2350 2028 Ventre
2373 1973 2589 2029 foratus
2621 1973 2773 2030 enim
2796 1973 2965 2029 latuit
3001 1979 3065 2028 ut
3087 1972 3255 2044 piscis
3283 1973 3471 2041 Ionas,

2213 2063 2304 2119 Sic
2321 2069 2488 2119 terra:
2517 2063 2774 2119 Christus
2801 2070 2997 2118 ventre
3022 2068 3250 2117 voratus
3271 2061 3445 2117 enim.

2141 2153 2266 2208 Dux
2279 2152 2458 2208 bonus
2478 2153 2573 2209 ille
2599 2153 2826 2225 quidem
2846 2153 3086 2208 redeunt
3103 2169 3214 2224 quo
3233 2169 3269 2207 a
3281 2168 3505 2208 carcere
3524 2151 3734 2226 plebes,

2215 2242 2336 2306 Quo
2367 2241 2440 2296 ad
2468 2242 2642 2296 vitam
2666 2242 2808 2313 justi
2835 2241 2948 2296 dux
2973 2241 3154 2296 bonus
3182 2241 3278 2296 ille
3307 2241 3556 2313 quidem.

2142 2331 2389 2388 Maxima
2407 2331 2556 2386 dona
2584 2331 2686 2386 Dei
2705 2330 2892 2386 cuncti
2925 2330 3177 2385 cecinere
3204 2331 3510 2402 prophetae,

2215 2421 2474 2494 Implevit
2500 2421 2760 2476 Christus
2784 2420 3032 2476 maxima
3058 2420 3205 2475 dona
3234 2420 3356 2475 Dei.

2143 2511 2314 2583 Virgo
2337 2512 2521 2566 Deum
2547 2511 2764 2582 genuit,
2795 2527 2989 2566 verum
3015 2508 3412 2581 hominemque
3439 2510 3641 2577 Maria,

2214 2602 2360 2654 Nam
2379 2605 2666 2672 praegnati:
2692 2601 2810 2655 Deo
2839 2599 3012 2670 Virgo
3041 2599 3223 2654 Deum
3239 2599 3460 2670 genuit.

2073 2677 2083 2684 ’
2145 2689 2314 2744 Casta
2341 2690 2534 2762 virago
2560 2691 2706 2745 nitet
2729 2689 2883 2744 nullo
2905 2693 3222 2744 temerante
3249 2687 3544 2760 pudorem,

2216 2778 2352 2834 Post
2368 2783 2594 2850 partum
2623 2779 2792 2833 Pueri
2822 2784 2978 2833 casta
3001 2778 3194 2848 virago
3221 2776 3384 2832 nitet.

2144 2867 2354 2923 Unicus
2391 2869 2694 2924 adveniens
2719 2867 3017 2940 complevit
3037 2871 3168 2922 vota
3193 2865 3468 2938 priorum,

2215 2957 2490 3012 Firmavit
2505 2962 2702 3012 nostra
2728 2957 2930 3012 unicus
2948 2955 3269 3011 adveniens.

2147 3047 2238 3102 Sic
2252 3047 2438 3114 homo,
2473 3047 2569 3118 qui
2583 3048 2735 3102 Deus
2762 3053 2868 3110 est,
2899 3045 3248 3118 spesdudum
3267 3051 3464 3116 optata
3493 3045 3742 3117 piorum.

2074 3123 2120 3184 Β
2209 3137 2348 3208 Spes
2376 3137 2435 3190 in
2464 3137 2576 3191 ﬁne
2605 3137 2734 3207 piis.
2761 3136 2852 3190 hic
2871 3136 3062 3202 homo,
3093 3135 3190 3206 qui
3220 3135 3371 3189 Deus
3395 3141 3502 3189 est.

2140 3225 2334 3280 Gloria
2361 3231 2562 3280 cuncta
2597 3225 2760 3280 bonis
2789 3231 2888 3279 tua
2916 3227 2981 3279 fit
2999 3225 3316 3296 praesentia,
3350 3224 3596 3289 Christe,

2212 3315 2580 3370 Tormentum
2609 3331 2775 3369 omne
2794 3315 2976 3381 malis,
3005 3315 3186 3385 gloria
3207 3319 3412 3368 cuncta
3437 3311 3626 3368 bonis.

2148 3404 2344 3460 Gloria
2369 3420 2578 3475 magna
2606 3403 2710 3458 tibi
2736 3403 2923 3458 trinus
2949 3420 3080 3458 vere
3109 3408 3168 3458 et
3201 3403 3352 3458 Deus
3381 3419 3549 3470 unus,

2221 3493 2491 3549 Conditor
2507 3494 2884 3565 omnipotens,
2903 3493 3086 3564 gloria
3109 3509 3317 3564 magna
3343 3491 3466 3548 tibi.

2369 3638 2474 3700 XI.
2504 3670 2586 3685 —-
2608 3654 2689 3699 an
2710 3650 2735 3679 θ
2765 3653 3136 3700 ralnsnicun
3157 3651 3514 3698 sriscoruu.

2151 3763 2392 3836 Spiritus
2407 3763 2556 3818 alme
2584 3763 2732 3830 veni,
2759 3763 2952 3818 dulces
2980 3762 3122 3816 mihi
3147 3761 3387 3817 condere
3413 3777 3632 3827 versus,

2213 3853 2430 3908 Dilecto
2453 3858 2520 3908 ut
2540 3857 2770 3924 praestes
2797 3853 3024 3906 mittere
3051 3851 3201 3906 dona
3217 3851 3393 3906 Patri.

2149 3943 2258 4008 Qui
2285 3959 2416 3997 mox
2446 3948 2512 3998 ut
2555 3948 2741 4008 notus,
2776 3941 2923 3996 ﬁdus
2951 3941 3089 3995 mihi
3119 3940 3356 3995 adhaesit
3381 3940 3622 4004 amicus,

2220 4033 2348 4087 Non
2365 4031 2544 4086 nostri
2564 4031 2787 4096 merito,
2815 4031 2914 4085 sed
2943 4029 3194 4085 bonitate
3213 4046 3341 4084 sua.

2152 4121 2397 4192 Spiritus
2425 4121 2574 4175 hunc
2593 4135 2828 4175 cernens
2860 4119 3086 4192 pietatis
3116 4135 3355 4174 munere
3383 4119 3639 4190 plenum.

1466 4247 1778 4302 SCHOLIA
1815 4246 2354 4302 CHRISTOPHORI
2384 4244 2746 4301 BROWERI.

538 4383 561 4410 ι
613 4371 761 4427 Area
819 4371 917 4444 _Dei
959 4372 1182 4444 tegitur,
1236 4374 1340 4444 etc.
1367 4372 1672 4444 Superior
1721 4390 1864 4428 arcae
1910 4391 2063 4444 pars,
2081 4371 2360 4434 DEolica
2390 4372 2629 4444 dialecto
2673 4376 3032 4444 nuncupatas,
3055 4371 3606 4444 observatzetmagn

465 4442 582 4524 sive
621 4441 964 4524 operculum,
994 4441 1874 4524 quhorethdixeruntllebraei,
1900 4441 1936 4524 εἰ
1963 4448 2068 4524 Ca-

463 4512 732 4587 phar,‘c‘ui
743 4519 801 4587 et
810 4512 1097 4587 operien‘di
1111 4519 1167 4566 et
1177 4515 1519 4584 propitiandi
1533 4517 1686 4570 notio
1697 4515 1966 4587 subjecta:
1989 4521 2069 4569 ta-

468 4585 608 4666 bella
628 4583 964 4668 hicdilcitur,
999 4583 1124 4638 aliis
1149 4583 1462 4668 oraculum,
1489 4583 2068 4668 propitiato_rium,cui

467 4654 642 4709 maris
689 4659 748 4708 et
789 4655 1010 4726 feminae
1050 4656 1234 4726 specie
1273 4654 1567 4712 cherubini
1596 4654 1944 4724 insidebant,
2007 4677 2066 4714 se

467 4731 664 4801 _mut_uo
691 4725 1027 4796 aspicientes
1053 4725 1266 4801 {cujus
1297 4729 1728 4801 descriptionem
1762 4729 1888 4784 vide
1915 4731 2066 4801 apud

465 4798 530 4852 B.
562 4797 1064 4862 Ariasmontanum,
1089 4797 1146 4852 in
1176 4797 1320 4854 libro
1349 4800 1418 4855 de
1437 4797 1611 4854 sacris
1639 4800 1906 4855 Fabricis.

537 4869 733 4942 beugm
761 4871 914 4921 vitiis
965 4871 1366 4942 quuﬁlustetc.
1409 4871 1648 4926 Zabulus
1695 4889 1798 4942 pro
1845 4871 2067 4926 diabolo

463 4940 754 4995 multoties
779 4955 815 4994 a
849 4939 1059 4993 sanctis
1096 4941 1357 4995 Patribus
1395 4939 1721 5014 usurpatur,
1764 4959 1863 4998 seu
1902 4965 2068 5001 κακοε-

463 5020 650 5102 6ουλξᾳ
706 5019 1042 5102 νει-εἰρθῌίξ,
1093 5021 1369 5102 malisque
1423 5023 1695 5077 consultis
1754 5023 1911 5078 vafer
1932 5063 1946 5089 ,
1967 5088 1984 5101 .
2007 5029 2068 5078 et

434 5099 1034 5183 'qualis‘compositio
1206 5103 1420 5178 ζάθεος,
1483 5105 1703 5172 ζάκοτος
1727 5149 1744 5176 ,
1805 5099 2062 5183 ζαγριῦς,

465 5181 525 5235 in
572 5179 776 5252 quibus
831 5181 892 5240 τὸ
936 5181 1023 5257 ζά,
1068 5181 1346 5253 Hesychia
1383 5187 1545 5248 teste,
1605 5179 1921 5244 ἐπιτακτικόῖ
1955 5189 2058 5238 est.

468 5261 944 5316 Animadvertunt
976 5267 1169 5316 tamen
1195 5263 1292 5317 alii
1323 5264 1384 5322 τὸ
1413 5264 1477 5332 ζά
1503 5263 1654 5318 idem
1702 5263 1874 5318 etiam
1919 5265 2069 5335 apud

468 5341 654 5396 Eoles
699 5348 758 5397 et
799 5342 1016 5398 Atticos
1043 5341 1327 5398 interdum
1355 5344 1540 5398 valete
1571 5344 1720 5416 quod
1750 5343 1858 5416 διά,
1901 5349 1966 5398 ut
2009 5345 2071 5399 in

463 5420 708 5503 ζάθεορος,
779 5422 929 5492 quod
977 5423 1232 5503 aedituus,
1295 5422 1595 5478 Plutarcho
1655 5423 1896 5503 διάκορος
1938 5443 1952 5484 :
2015 5431 2074 5479 et

467 5499 772 5570 ζαϐάλλειν,
795 5507 896 5554 aut
913 5501 1241 5572 ζιαϐάλλειν,
1265 5519 1366 5573 pro
1382 5504 1632 5562 διαϐάλλε
1642 5528 1687 5562 ιν
1722 5499 2071 5573 :unde,pro-

467 5577 596 5632 clivi
614 5577 1006 5647 originatione.
1036 5582 1137 5635 ﬁat
1162 5581 1405 5653 ζάεολος,
1429 5583 1545 5636 sive
1575 5583 1838 5651 διάϐολος.
1874 5583 1996 5648 Quo
2017 5589 2075 5637 et

467 5659 525 5740 LI:
553 5657 796 5740 Lipsius,
829 5656 954 5740 libr.
987 5661 1056 5714 d’e
1085 5668 1238 5740 recta
1278 5663 1756 5740 pronuntiatione,
1805 5660 1978 5740 c216,
2017 5669 2076 5718 et

469 5729 746 5783 Martialis
774 5729 1052 5800 interpres
1081 5747 1109 5783 s
1151 5729 1373 5795 ectavit,
1405 5734 1629 5802 quando
1677 5735 1749 5788 ad
1795 5751 1826 5788 e
1865 5734 2069 5805 igram.

470 5796 564 5852 43.
594 5796 694 5852 lib.
723 5812 785 5852 Il.
817 5801 1028 5852 dicatas.
1048 5747 1146 5852 adp
1142 5800 1286 5852 hanc
1303 5801 1564 5852 formam-
1587 5751 1908 5852 [λεπιωοίΕο
1929 5811 2069 5852 mtas

470 5796 564 5865 43,
594 5796 694 5854 lib.
723 5812 785 5864 Il,
817 5796 1028 5864 dicatas,
1048 5796 1130 5852 ad
1142 5800 1286 5854 hanc
1303 5796 1564 5872 formam,
1587 5796 1920 5878 Lampridio'
1928 5811 2074 5861 setas

3607 4368 3750 4422 usS.

2150 4445 2480 4515 Hieronymi
2511 4443 2840 4508 criticaster,
2865 4438 2997 4497 cum
3019 4443 3078 4496 in
3111 4459 3234 4515 cap.
3266 4456 3334 4515 vr
3369 4439 3644 4515 Epistolas

2149 4516 2350 4587 Ephes.
2364 4512 2446 4568 iis
2461 4515 2636 4587 tradit
2653 4512 3287 4587 diabolum,secundum
3303 4512 3546 4587 Graecos,
3558 4513 3750 4587 crimi—

2149 4583 2401 4641 natorem
2413 4586 2750 4656 signiﬁcare,
2765 4586 3070 4640 secundum
3087 4584 3350 4639 Hebrzeos
3365 4583 3750 4716 xuraéﬁgw;

2149 4666 2282 4716 auia
2308 4664 2515 4716 habeat
2537 4665 2841 4716 quamdam
2869 4663 3302 4716 similitudinem
3327 4679 3456 4716 cum
3485 4679 3552 4715 εει
3653 4677 3744 4716 on.

2149 4666 2287 4738 quia
2308 4664 2515 4738 habeat
2537 4665 2841 4736 quamdam
2869 4663 3302 4738 similitudinem
3327 4679 3456 4718 cum
3485 4663 3744 4738 sabulon,

2149 4731 2298 4808 quod
2317 4731 2599 4807 significat
2618 4738 3010 4818 xuraépéovra,
3023 4741 3254 4818 accusat
3267 4735 3411 4818 hanc
3427 4731 3752 4818 originatio-

2149 4835 2280 4874 nem
2300 4824 2366 4873 ut
2391 4819 2714 4884 violentam,
2746 4812 3034 4896 ἓιάιροφτὼ
3062 4831 3098 4868 a
3123 4815 3285 4869 nobis
3313 4814 3524 4896 dictam
3571 4812 3750 4866 solum

2148 4915 2480 4969 agnoscens,
2499 4898 2724 4969 qualem
2757 4897 2818 4951 in
2862 4894 2984 4950 seta
2997 4911 3099 4966 pro
3135 4897 3295 4969 (hasta
3342 4894 3544 4964 vulgus
3563 4908 3749 4969 _usur_'-

2149 4961 2265 5042 pat.
2299 4970 2408 5024 Sed
2437 4961 2595 5042 prius
2617 4975 2856 5042 etymon
2876 4961 3130 5042 veterum
3149 4961 3650 5042 Scriptura'potius
3669 4961 3750 5016 af-

2149 5035 2361 5106 firmat,
2394 5035 2518 5112 quae
2553 5035 2836 5108 zabulum,
2869 5037 3029 5110 quasi
3058 5054 3093 5091 a
3118 5035 3308 5116 βωλῆ,
3349 5053 3465 5090 non
3495 5035 3746 5089 zabolum

2149 5121 2430 5194 exprimit.

2223 5249 2248 5277 ο
2275 5237 2622 5308 Fridericum
2665 5237 2986 5308 episcopum
3029 5251 3095 5288 ex
3135 5231 3436 5308 humiliari
3480 5231 3748 5303 pontiﬁcii

2153 5308 2414 5380 culminis
2442 5303 2728 5380 fastigium
2753 5303 3091 5380 ascendisse,
3109 5321 3218 5359 nec
3237 5303 3529 5380 catheer
3541 5310 3747 5380 tamen,

2151 5379 2253 5460 ubi
2287 5379 2517 5460 sederit,
2560 5374 2835 5460 meminit.
2882 5379 3124 5460 Etymon
3172 5374 3428 5460 nominis

2154 5451 2468 5506 Friederich
2496 5451 2788 5521 geminum
2812 5445 3014 5521 reddit,
3047 5453 3112 5521 u_t
3141 5447 3216 5502 sit
3239 5446 3414 5521 inita}
3453 5445 3620 5521 pagis
3647 5449 3754 5521 aut

2153 5521 2378 5576 foederis
2409 5516 2623 5587 auc'tor,
2659 5527 2718 5575 et
2744 5519 2936 5574 violati
2968 5519 3189 5572 vindex.
3239 5516 3498 5571 Meminit
3543 5516 3751 5570 Rudul-

2154 5594 2301 5664 phus
2332 5593 2390 5648 in
2420 5593 2652 5648 elencho
2678 5591 2946 5646 librorum
2977 5589 3216 5664 Rabani,
3257 5588 3444 5658 ipsum
3488 5587 3565 5664 in_
3599 5588 3756 5641 Octo.

2153 5660 2421 5719 teuchum
2443 5663 2880 5719 commentarios
2909 5662 3219 5732 scripsisse,
3244 5665 3461 5732 rogatu,
3477 5660 3756 5732 episcopo-

2154 5752 2282 5790 rum
2308 5736 2603 5802 Frecholli,
2627 5733 2941 5790 Fridurichi
2953 5739 3012 5789 et
3021 5729 3348 5798 Humberti,
3367 5731 3468 5802 qui
3491 5729 3755 5800 Hei-bipe-

2145 5807 2328 5869 lensis
2354 5806 2481 5864 fuit.
