4018 6160
333 357 471 414 1597
1121 359 1472 416 CARMINA.
1509 391 1574 403 -—-
1616 363 1869 419 SECTIO
1907 364 1953 419 Ι.
1985 361 2329 420 POEMATA
2363 361 2459 417 DE
2496 361 2846 418 DIVERSIS.
3477 363 3617 422 1598

403 484 484 542 Ex
513 483 714 552 humili
733 485 794 539 in
813 484 1025 540 celsum
1054 486 1254 540 extulit
1281 487 1400 557 ipse
1427 487 1632 542 locum.

329 573 395 628 In
423 589 535 646 quo
564 573 851 645 Evangelii
883 575 1166 630 sententia
1192 592 1323 630 vera
1353 575 1588 647 probata
1617 585 1723 644 est,

401 662 537 728 Qum
565 663 870 719 Salvatoris
889 663 1042 719 edita
1067 681 1201 720 voce
1229 671 1424 720 manet
1447 682 1460 718 :
1738 717 1746 720 _

329 752 439 817 Qui
463 770 524 807 se
544 752 816 808 humilem
843 753 1072 825 praebet,
1105 771 1332 809 sursum
1353 753 1693 810 exaltabitur
1721 755 1835 822 ille,

399 841 620 912 Quique
647 841 892 914 superba
919 843 1080 914 petit,
1113 857 1324 914 pronus
1353 843 1412 898 in
1432 844 1548 898 ima
1575 843 1744 898 cadit.

327 929 423 985 Sic
448 935 526 997 te,
557 931 726 986 chare
745 931 934 998 Pater,
961 931 1196 1004 antistes
1219 937 1432 999 sancte,
1455 933 1733 999 sacerdos,

401 1019 594 1074 Erexit
610 1019 884 1075 Dominus
905 1020 1086 1076 millia
1117 1021 1299 1075 multa
1316 1038 1506 1093 super,

330 1109 406 1164 Ut
431 1107 664 1170 verbum
695 1109 804 1164 ﬁde
829 1110 983 1164 claro
999 1116 1065 1165 tu
1080 1110 1292 1165 famine
1312 1127 1528 1177 narres,

401 1198 492 1253 Sis
507 1199 616 1265 via,
644 1199 756 1253 dux
781 1198 962 1271 plebis
979 1199 1052 1254 ad
1078 1215 1241 1254 sacra
1268 1217 1444 1271 regna
1465 1199 1588 1255 Dei.

327 1287 442 1342 Vos
461 1286 601 1342 dixit
614 1287 870 1344 Christus
887 1288 982 1342 lux
1004 1288 1224 1357 mundi,
1251 1305 1460 1361 vosque
1489 1290 1802 1356 lucernam,

397 1375 513 1431 Vos
539 1393 764 1449 quoque
791 1378 876 1432 sal
905 1383 1091 1446 terrae,
1117 1378 1222 1433 hoc
1241 1395 1558 1434 memorare
1601 1379 1713 1450 pie.

329 1465 538 1521 Luceat
573 1482 645 1520 en
662 1471 850 1522 vestra
877 1467 972 1522 lux
993 1484 1096 1522 ceu
1121 1468 1204 1522 sol
1227 1467 1556 1540 splendidus
1581 1467 1723 1536 orbi,

397 1555 526 1610 Fiat
557 1573 697 1628 opus
715 1562 966 1612 vestrum
991 1557 1174 1628 gloria
1200 1573 1409 1628 magna
1434 1558 1570 1612 Deo.

329 1646 552 1700 Condat
569 1645 776 1717 dogma
804 1646 1015 1701 bonum
1037 1646 1320 1701 ﬂuitantia
1341 1647 1512 1702 corda
1536 1663 1785 1713 reorum,

399 1735 486 1790 Ne
513 1735 661 1790 male
685 1741 1013 1808 putrescant
1033 1753 1137 1790 nec
1165 1753 1234 1791 ea
1261 1737 1466 1790 vermis
1495 1737 1649 1791 edat.

329 1824 550 1878 Nomen
568 1840 736 1894 posco
757 1828 941 1890 tuum,
966 1823 1158 1878 videas
1187 1824 1323 1896 quid
1345 1824 1598 1879 continet
1615 1825 1823 1896 ipsum,

402 1913 472 1968 Et
497 1913 578 1968 sic
607 1914 884 1986 extemplo
911 1913 1128 1969 discere
1157 1914 1307 1970 facta
1335 1919 1518 1985 potes.

329 2003 422 2058 Sic
456 2008 652 2058 monet
671 2019 804 2074 ergo
824 2003 934 2074 pie,
958 2019 1247 2070 resonans,
1279 2003 1546 2058 ulciscere
1574 2007 1824 2075 pactum,

400 2091 562 2156 Quod
588 2093 815 2163 gemino
835 2109 1004 2147 sensu
1029 2099 1247 2148 vertere
1266 2093 1376 2147 rite
1405 2093 1569 2148 valet.

330 2181 536 2236 Foedus
564 2198 694 2236 cum
722 2181 874 2236 vitiis
899 2182 1194 2238 hominum
1224 2187 1325 2237 tua
1351 2187 1417 2236 ut
1445 2182 1586 2238 ultio
1625 2180 1862 2247 scindat,

404 2271 475 2326 Et
495 2271 705 2326 Christi
743 2277 971 2342 pactum
998 2272 1184 2326 ﬁrmet
1208 2271 1415 2342 ubique
1445 2272 1555 2343 pie.

335 2360 484 2414 Nam
507 2359 662 2414 dedit
683 2360 786 2415 hoc
807 2346 1015 2415 nomen
1033 2360 1248 2416 dudum
1261 2360 1365 2416 tibi
1385 2377 1522 2415 cura
1542 2364 1860 2432 parentum,

407 2447 757 2520 Baptismum
785 2449 1010 2520 quando
1041 2453 1192 2504 sorte
1218 2454 1319 2504 tua
1345 2450 1577 2504 tuleras.

337 2538 502 2592 Nunc
521 2554 744 2609 quoque
766 2537 924 2592 valde
944 2537 1048 2592 tibi
1079 2555 1286 2594 nomen
1313 2539 1406 2594 hic
1433 2538 1687 2594 conferat
1705 2537 1861 2604 ordo,

408 2627 770 2698 Perpendens
795 2627 948 2682 disce
971 2627 1211 2699 mystica
1233 2629 1383 2682 dona
1401 2627 1523 2682 Dei.

338 2717 484 2771 Nam
514 2716 984 2788 superintendens
1011 2717 1102 2788 pie
1128 2717 1422 2788 episcopus
1443 2717 1562 2789 ipse
1589 2716 1826 2781 vocaris,

410 2805 570 2869 Quod
591 2811 785 2860 monet
822 2811 887 2860 ut
901 2811 1066 2860 caute
1085 2807 1278 2860 omnia
1294 2823 1519 2878 semper
1537 2823 1692 2877 agas.

335 2893 445 2960 Sic,
481 2895 652 2948 Pater
670 2895 837 2962 alme,
869 2895 1036 2950 modo
1065 2895 1238 2951 facias
1270 2902 1336 2950 ut
1363 2895 1566 2951 diceris
1593 2895 1732 2966 ipse,

403 2984 644 3038 Nomine
665 2990 724 3038 et
754 2989 996 3056 utroque
1025 2986 1173 3040 actio
1199 2985 1373 3056 digna
1399 2991 1499 3040 tua
1527 2991 1632 3039 est.

333 3073 523 3128 Solers
559 3073 820 3128 intendas
849 3090 1019 3145 super
1043 3091 1239 3129 omnes
1267 3080 1462 3146 pastor
1487 3075 1778 3140 honestus,

408 3161 642 3216 Pactum
661 3169 720 3217 et
754 3163 1019 3218 defendat
1039 3164 1182 3218 ultio
1207 3165 1379 3234 digna
1397 3164 1518 3231 Dei,

337 3251 538 3322 Sisque
565 3268 785 3307 memor
801 3252 1000 3320 nostri,
1033 3253 1290 3324 precibus
1312 3254 1510 3309 insiste
1533 3253 1786 3320 sacratis,

405 3341 515 3396 Pro
537 3340 641 3396 tibi
670 3341 884 3396 devotis
913 3358 1138 3414 semper
1154 3341 1364 3414 ubique
1387 3343 1496 3414 pie.

333 3430 478 3484 Nam
499 3429 757 3502 precibus
785 3431 1072 3486 Christum
1098 3433 1390 3503 pulsamus
1417 3437 1648 3503 perpete
1676 3436 1825 3497 voto,

405 3519 482 3574 Ut
509 3524 609 3574 tua
629 3519 699 3574 de
727 3520 882 3574 caelis
913 3526 1172 3592 tempora
1190 3521 1299 3574 rite
1327 3525 1507 3590 regat.

337 3609 458 3663 Hoc
491 3625 712 3680 quoque
738 3626 843 3664 nos
869 3626 1065 3664 omnes
1086 3609 1440 3680 deposcimus
1459 3625 1555 3663 ore
1575 3608 1746 3673 fideli,

405 3697 526 3752 Hoc
550 3697 839 3754 Friderich
869 3715 1095 3770 semper
1117 3697 1313 3753 Raban
1337 3703 1395 3752 et
1421 3697 1542 3768 ipse
1569 3703 1720 3768 peto,

337 3787 418 3842 Ut
445 3787 595 3842 vivas
623 3804 816 3860 sospes
835 3788 894 3842 in
911 3788 1080 3843 terris
1105 3793 1357 3858 tempore
1381 3787 1579 3854 multo,

407 3876 479 3931 Et
494 3881 624 3948 post
644 3878 764 3932 hzec
792 3877 1028 3932 scandas
1059 3893 1236 3948 regna
1253 3891 1500 3948 superna
1517 3875 1653 3947 poli.

333 3963 496 4029 Quod
524 3970 676 4036 peto,
707 3971 772 4020 tu
795 3965 967 4020 facias
996 3965 1170 4019 sacris
1197 3963 1472 4020 altaribus
1498 3970 1714 4032 astans,

402 4055 494 4108 Me
520 4059 587 4107 ut
616 4053 840 4107 Christo
863 4053 1088 4120 reddas,
1119 4057 1311 4108 sancte
1337 4053 1524 4118 Pater,
1550 4054 1827 4125 precibus,

335 4142 599 4196 Christus
616 4157 714 4195 rex
733 4142 878 4206 caeli,
906 4147 1070 4196 terra:
1091 4143 1226 4208 Rex,
1259 4141 1516 4196 conditor
1535 4143 1704 4212 orbis,

404 4231 496 4286 Me
523 4235 713 4284 tecum
739 4229 909 4284 faciat
927 4230 1066 4284 lucis
1093 4229 1299 4285 habere
1326 4232 1532 4286 locum.

457 4365 592 4427 XII.
623 4398 698 4411 —
735 4383 816 4426 AD
851 4386 878 4416 ιι
907 4381 1223 4428 οτθΑιιιυπ
1267 4382 1812 4430 ARCEIEPISCOPUM.

335 4499 610 4570 Spiritum
633 4499 800 4565 alme,
823 4501 970 4568 veni,
1001 4517 1207 4572 supera
1233 4500 1478 4556 directus
1505 4501 1576 4556 ab
1599 4519 1728 4557 arce

405 4588 483 4642 Ut
508 4595 738 4660 praestes
764 4588 976 4644 famulo
1000 4590 1153 4644 dona
1181 4596 1402 4645 sacrata
1425 4598 1544 4647 tuo.

217 4671 226 4678 ’
335 4678 585 4732 Pectoris
603 4694 873 4734 arcanum
911 4680 1145 4750 comple,
1177 4679 1252 4734 da
1271 4697 1508 4736 munera
1529 4681 1756 4752 linguae,

407 4766 622 4820 Dilecto
651 4772 718 4822 ut
741 4768 896 4822 Patri
917 4769 1170 4822 carmina
1182 4776 1348 4840 grata
1368 4786 1586 4824 canam.

335 4856 517 4921 Quem
537 4857 785 4927 primum
816 4862 881 4912 ut
902 4857 1036 4922 vidi,
1068 4858 1237 4912 dilexi
1266 4875 1505 4930 semper.
1538 4859 1739 4928 amavi,

409 4944 515 4998 Cui
538 4943 686 5000 bona
715 4943 806 4998 hic
834 4950 966 5016 Opto
987 4945 1118 5000 laeta
1135 4951 1192 4999 et
1217 4947 1277 5000 in
1296 4963 1424 5001 arce
1443 4947 1577 5018 poli.

337 5034 385 5088 Ο
404 5033 592 5101 Pater,
625 5051 658 5088 ο
687 5040 898 5106 pastor,
925 5034 1014 5088 cui
1037 5034 1294 5090 Christus
1320 5037 1468 5091 dona
1489 5054 1737 5109 superna

408 5122 439 5177 J
443 5139 536 5177 am
561 5123 716 5178 dedit
744 5130 803 5178 et
827 5122 1048 5194 plebem
1069 5139 1298 5194 pascere
1325 5125 1444 5179 vice
1463 5142 1568 5180 sua

337 5211 422 5266 Tu
449 5219 750 5268 renovator
770 5213 905 5268 ades
933 5207 1149 5284 patriae,
1176 5217 1321 5284 spes,
1347 5219 1534 5268 rector
1551 5215 1861 5288 honorque,

1952 492 1994 549 A
2088 487 2278 543 Dulcis
2306 503 2468 542 amor
2485 488 2720 553 cunctis,
2743 487 2948 560 dignus
2978 504 3171 543 amore
3201 489 3322 544 Dei.

2013 575 2204 630 Pande
2231 575 2377 630 viam
2406 575 2622 630 cunctis
2649 591 2751 646 per
2777 576 3043 646 dogmata
3060 593 3224 631 sacra
3250 577 3468 644 salutis,

2088 665 2164 720 Ut
2183 665 2260 720 sis
2279 670 2566 736 perpetua:
2595 665 2736 720 lucis
2773 665 2881 719 iter
2907 666 3135 738 populo.

1941 799 1944 804 .
2013 753 2292 826 Tempora
2311 759 2446 809 sunt
2473 755 2643 825 hujus
2663 753 2789 809 vitae
2815 771 2965 810 nunc
2985 756 3152 826 plena
3167 755 3394 828 periclis

2083 843 2246 898 Nunc
2267 843 2383 898 ruit
2404 842 2554 897 orbis
2577 844 2776 910 honor,
2799 849 3023 900 corruet
3051 845 3170 917 ipse
3195 845 3326 900 cito.

2013 932 2146 997 Quae
2169 939 2408 988 ventura
2429 934 2579 988 Deus
2609 933 2866 1005 praedixit
2889 933 3147 988 Christus
3175 935 3234 990 in
3257 933 3470 1000 orbem,

2083 1021 2298 1092 Saepius
2313 1022 2620 1078 adveniunt
2647 1023 2812 1094 signa
2831 1024 3128 1078 tremenda
3157 1023 3346 1079 nimis.

2012 1110 2286 1165 Gentibus
2314 1127 2385 1166 en
2412 1118 2628 1183 gentes,
2653 1129 2830 1184 regna
2865 1113 3150 1168 contraria
3176 1113 3366 1184 regnis

2087 1199 2350 1256 Existunt
2373 1200 2540 1267 bello,
2571 1218 2680 1274 pax
2709 1203 2874 1274 perit,
2900 1203 3078 1257 hostis
3097 1207 3246 1270 ovat,

2012 1289 2212 1344 Fames
2233 1305 2363 1344 cum
2388 1295 2546 1362 peste
2574 1291 2828 1346 cruciant
2857 1308 2923 1346 ac
2949 1292 3173 1347 fortiter
3196 1297 3406 1364 urgent

2082 1379 2150 1432 In
2175 1379 2362 1446 terris,
2397 1379 2634 1451 populos
2660 1397 2812 1435 mors
2832 1385 2891 1436 et
2919 1397 3114 1437 amara
3132 1383 3360 1454 premit.

2013 1466 2107 1521 Sic
2124 1467 2244 1522 haec
2270 1468 2433 1538 signa
2457 1468 2608 1523 diem
2631 1469 2855 1524 Domini
2875 1475 3160 1526 testantur
3178 1472 3398 1540 adesse,

2085 1556 2208 1622 Qua
2234 1557 2362 1628 pius
2387 1555 2648 1628 etjustus
2678 1558 2795 1612 Rex
2819 1559 2971 1614 Deus
2999 1559 3276 1616 adveniet.

2012 1645 2198 1717 Eripe,
2230 1651 2441 1712 sancte,
2472 1647 2582 1718 piis
2603 1647 2834 1702 monitis
2860 1647 3232 1721 precibusque
3255 1652 3491 1707 sacratis

2085 1735 2460 1790 Commissum
2483 1735 2708 1790 tibimet
2729 1741 2918 1808 pastor
2935 1737 3006 1792 ab
3033 1738 3194 1793 hoste
3221 1755 3472 1810 gregem,

1950 1814 2098 1879 BNe
2125 1841 2303 1878 saevus
2332 1825 2535 1896 perdat
2563 1841 2730 1896 quem
2758 1842 2924 1881 verus
2939 1827 3070 1898 jure
3092 1827 3334 1883 redemit

2086 1913 2264 1968 Filius
2290 1913 2597 1968 Altithroni
2618 1915 2893 1984 sanguine
2917 1932 3125 1988 nempe
3144 1933 3268 1972 suo.

2016 2003 2100 2057 En
2128 2019 2352 2058 servare
2375 2003 2538 2074 jubet
2567 2020 2662 2058 rex
2682 2010 2848 2059 terrae
2867 2005 3080 2059 faedera
3101 2011 3275 2074 certa,

2091 2092 2412 2163 Legemque
2431 2109 2498 2146 ac
2511 2094 2673 2164 jussa
2701 2094 2820 2148 vult
2842 2093 3088 2149 retinere
3126 2111 3248 2149 sua.

2019 2180 2111 2235 Sic
2131 2181 2249 2236 Rex
2276 2182 2520 2236 caelestis
2550 2183 2784 2238 mandat
2819 2182 3009 2238 divina
3027 2184 3230 2238 docere

2089 2270 2394 2342 Praecepta,
2427 2276 2598 2343 atque
2626 2271 2786 2344 sequi
2814 2272 2922 2327 rite
2951 2289 3055 2327 sua
3072 2273 3307 2328 monita.

2017 2358 2136 2414 Nec
2162 2360 2299 2414 sinit
2322 2360 2573 2416 humana
2592 2361 2842 2433 praeponi
2871 2361 3031 2416 lance
3060 2361 3302 2417 nefanda

2090 2449 2306 2504 Divinis
2335 2449 2543 2521 potius,
2575 2451 2674 2504 sed
2701 2467 2996 2522 superesse
3024 2451 3180 2524 cupit
3210 2471 3224 2517 ;

2019 2538 2048 2592 J
2055 2554 2231 2610 usque
2252 2539 2366 2610 poli
2385 2540 2600 2594 mavult
2617 2541 2856 2612 precelli
2887 2546 2944 2595 et
2957 2541 3018 2594 in
3045 2557 3173 2596 arce
3203 2540 3382 2596 teneri

2087 2628 2372 2682 Mundano
2387 2629 2504 2699 juri
2534 2629 2869 2702 negotioque
2898 2630 3086 2684 simul.

2017 2717 2129 2771 Lex
2151 2721 2380 2773 terrena
2407 2717 2634 2789 quidem
2660 2718 2752 2772 hic
2780 2718 2840 2772 in
2873 2719 3066 2774 multis
3085 2719 3242 2774 utilis
3260 2723 3458 2785 exstat,

2093 2806 2203 2860 Sed
2222 2806 2310 2860 lex
2338 2807 2579 2861 caelestis
2607 2808 2730 2862 sola
2747 2807 2988 2862 salubris
3015 2809 3141 2863 erit.

2017 2895 2082 2949 In
2113 2895 2219 2949 hac
2242 2911 2374 2949 vera
2402 2895 2628 2968 quidem
2656 2897 2834 2967 fulget
2851 2896 3132 2969 sapientia
3156 2903 3403 2965 tantum,

2087 2985 2154 3038 In
2185 3000 2298 3056 qua
2318 2991 2405 3039 est
2430 2985 2554 3039 laus
2576 3002 2810 3053 merces,
2848 2987 2977 3053 vita,
3009 2987 3164 3041 salus
3187 2987 3509 3043 hominum.

2016 3073 2174 3128 Hanc
2199 3079 2262 3128 tu
2291 3090 2406 3145 prae
2429 3074 2646 3130 cunctis
2667 3075 2866 3146 opibus
2889 3075 3152 3148 gazisque
3179 3076 3403 3130 caducis

1949 3136 1993 3196 (ἶ
2089 3136 2323 3235 Semper
2343 3169 2552 3233 amato,
2582 3136 2769 3232 Pater,
2801 3136 3045 3220 ﬁrmiter
3059 3136 3232 3236 atque
3260 3171 3410 3220 tene.

2017 3253 2146 3308 Haec
2174 3258 2231 3307 te
2263 3252 2498 3308 illirsum
2519 3255 2746 3320 exultat,
2787 3261 2991 3320 servat,
3027 3260 3285 3326 proteget
3311 3260 3502 3326 atque,

2087 3342 2158 3396 Et
2175 3343 2390 3396 cunctis
2412 3343 2683 3414 placitum
2711 3343 2836 3414 ipsa
2862 3343 3186 3398 satisfaciet.

2020 3429 2128 3493 Qui
2172 3431 2426 3500 sequitur
2455 3431 2762 3497 Christum,
2789 3432 3060 3500 gaudebit
3088 3433 3146 3486 in
3196 3448 3324 3487 arce
3349 3449 3616 3504 superna,

2092 3518 2235 3572 Cum
2265 3519 2474 3573 sanctis
2502 3519 2718 3589 pariter
2745 3535 2920 3589 regna
2937 3520 3182 3574 tenendo
3211 3521 3349 3592 poli.

2025 3607 2202 3671 Quem
2223 3613 2352 3677 peto
2381 3607 2489 3662 rite
2517 3623 2760 3678 sequens
2788 3615 2854 3662 tu
2883 3609 3007 3679 ejus
3025 3609 3262 3680 vestigia
3289 3627 3469 3677 serva,

2092 3695 2327 3767 Semper
2345 3696 2404 3750 in
2433 3696 2540 3750 hac
2558 3697 2690 3763 vita,
2726 3696 2806 3750 sic
2826 3713 3050 3768 quoque
3079 3705 3257 3752 victor
3284 3699 3416 3754 eris.

2021 3783 2270 3838 Proteris
2297 3789 2468 3856 atque
2495 3785 2708 3852 hostes,
2733 3785 2938 3840 ccelum
2968 3786 3292 3856 penetrabis
3312 3793 3370 3842 et
3400 3789 3540 3860 ipse,

2088 3873 2258 3928 Liber
2273 3891 2404 3928 ovas
2433 3890 2656 3946 semper
2674 3875 2815 3928 lucis
2845 3874 2904 3928 in
2932 3891 3062 3930 arce
3087 3892 3340 3932 manens.

2019 3963 2181 4028 Quod
2209 3963 2360 4018 Deus
2388 3969 2651 4027 mternus,
2682 3963 2880 4018 mundi
2913 3963 3245 4021 mitissimus
3259 3973 3476 4036 auctor,

2091 4052 2349 4107 Christus
2379 4053 2638 4107 Salvator
2664 4053 2917 4108 conferat
2943 4053 3064 4125 ipse
3091 4053 3215 4108 tibi.

2022 4141 2288 4213 Protegat
2309 4148 2479 4213 atque
2498 4146 2662 4213 regat
2679 4142 2926 4213 longaevo
2946 4149 3200 4215 tempore
3232 4161 3452 4208 sanum,
3487 4141 3494 4148 ’

2097 4232 2382 4286 Virtutum
2407 4232 2590 4286 titulis
2611 4238 2821 4303 augeat
2847 4239 2904 4287 et
2923 4233 3162 4301 meritis,

2020 4323 2095 4378 Ut
2115 4329 2218 4377 tua
2243 4323 2543 4394 multiplici
2574 4327 2896 4377 concrescat
2919 4323 3103 4392 gloria
3129 4323 3296 4377 laude

2094 4413 2236 4466 Cum
2257 4412 2497 4466 Domino
2525 4417 2582 4466 et
2610 4411 2819 4466 sanctis
2837 4427 3064 4482 semper
3080 4411 3140 4466 in
3169 4427 3296 4465 arce
3316 4411 3452 4484 poli.

2025 4502 2215 4558 Sexies
2232 4518 2303 4555 en
2327 4501 2489 4556 denis
2515 4501 2686 4554 cecini
2716 4501 2818 4554 has
2840 4499 3092 4554 versibus
3121 4500 3276 4567 odas,

2098 4593 2335 4648 Summa
2352 4589 2499 4644 bona
2517 4594 2803 4662 exoptans,
2829 4596 3020 4644 sancte
3049 4589 3234 4655 Pater,
3260 4589 3500 4646 tibimet.

2019 4680 2287 4737 Doctrina
2303 4685 2368 4734 ut
2387 4679 2464 4734 sis
2483 4695 2674 4744 sanus,
2701 4678 2980 4750 perfectus
3005 4678 3255 4733 moribus
3285 4685 3476 4751 atque,

2090 4769 2406 4825 Perfectum
2439 4767 2741 4822 Dominum
2767 4767 2874 4822 rite
2902 4784 3144 4838 sequens
3165 4767 3424 4824 famulus.

2018 4859 2154 4914 Vive
2183 4859 2300 4912 Deo
2319 4861 2498 4928 grate,
2533 4857 2664 4910 felix
2683 4856 2764 4911 sic
2785 4856 2922 4910 vivis
2952 4857 3012 4911 in
3030 4873 3230 4924 aevum,

2093 4949 2238 5020 Ergo
2262 4945 2430 5001 beata
2455 4945 2603 5000 bona
2627 4950 2714 5000 est
2741 4945 2922 5000 vivere
2952 4945 3067 5000 vita
3092 4947 3230 5001 Deo.

2018 5038 2152 5092 Vita
2179 5042 2282 5091 tua
2307 5036 2491 5090 valeat
2507 5052 2718 5107 sospes,
2740 5035 3092 5090 sanctissime
3111 5041 3322 5107 pastor,

2091 5127 2328 5196 Semper
2352 5125 2411 5179 in
2432 5131 2706 5180 aeternum
2735 5125 2850 5178 vita
2879 5131 2979 5179 tua
3002 5125 3208 5180 valeat.

2020 5215 2220 5286 Meque
2240 5215 2403 5286 juvet
2419 5213 2674 5286 precibus
2695 5213 2907 5269 orando
2929 5218 3150 5284 sceptra
3169 5229 3416 5286 superna

1318 5435 1632 5492 SCHOLIA
1669 5433 2215 5493 CHRISTOPHORI
2253 5433 2616 5490 BROWERI.

405 5624 443 5686 δέ
461 5613 702 5686 Quintus
731 5614 820 5669 hic
846 5633 881 5669 a
924 5621 1120 5671 sancto
1152 5615 1440 5670 Bonifacio
1465 5614 1941 5686 Moguntiacensis
2023 5631 2125 5686 pro
2163 5613 2414 5668 amicitia
2441 5630 2564 5686 quae
2584 5611 2666 5666 illi
2699 5630 2828 5668 cum
2857 5615 3063 5669 eximio
3086 5615 3324 5686 pmsule
3347 5615 3472 5684 fuit,
3509 5634 3626 5673 non

337 5685 800 5769 archiepiscopus
813 5687 883 5740 de
905 5703 1034 5769 quq
1048 5687 1107 5769 in
1149 5688 1414 5769 Mogunt._
1435 5685 1831 5769 Rerumnlibro
1860 5704 1935 5754 IV,
2021 5685 2214 5769 versus
2253 5686 2356 5769 hos
2387 5685 2562 5766 .modo
2602 5690 2670 5769 Et
2696 5687 3048 5769 epitaphium
3078 5685 3130 5741 ei
3157 5687 3401 5769 scripsit,
3435 5689 3534 5744 sed
3563 5695 3623 5742 et

336 5755 436 5830 ubi
472 5755 982 5830 abiann—oiDomini
1001 5756 1123 5830 87267
1140 5755 1318 5830 usque
1347 5759 1418 5813 ad
1441 5756 1546 5814 847
1576 5759 1786 5830 sedisse
1814 5765 1934 5813 tra-

2021 5755 2503 5840 ςρξηωθεξωεὶυεξι
2523 5756 2588 5840 in.
2601 5755 2969 5840 δαρέδηξίέιιειθ
2992 5765 3183 5840 statas
3215 5755 3290 5814 ιη’
3306 5759 3380 5840 εει
3405 5774 3619 5840 annui“

337 5828 509 5883 ditur.
545 5829 788 5884 Consule
816 5835 875 5884 et
899 5827 1281 5900 Antiquitates
1299 5831 1622 5886 Fuldenses.
1651 5829 1933 5898 Rabanus,
2016 5827 2122 5887 827
2142 5828 2319 5886 tradit
2355 5827 2693 5899 Sigibertus,
2717 5829 2777 5884 in
2805 5827 3280 5897 Ecclesiasticum,
3319 5828 3593 5884 dedicavit
