3958 6170
295 297 462 383 ’1661

1113 315 1459 385 CARMINA.
1497 361 1562 372 —
1602 316 1856 387 sacrm
1893 332 1937 388 ι.
1979 325 2321 387 POEMATA
2357 331 2450 388 DE
2486 319 2839 427 mvsasis.

323 455 441 510 Nec
461 453 602 508 mihi
627 470 728 508 ceu
757 455 982 526 propria
1017 455 1276 526 petulans
1307 458 1422 511 haec
1441 457 1658 512 vindico
1688 461 1915 530 scripta,
1941 459 2130 528 Alpse
2157 459 2557 529 prophetarum
2589 474 2685 511 ore
2715 458 2820 513 fuit
2849 454 3026 518 electa
3053 457 3277 529 sagitta,

395 543 598 598 Defero
627 543 724 597 sed
754 549 937 598 vestro
963 545 1151 599 omnia
1173 546 1406 617 judicio.

327 634 436 688 Seu
459 633 598 687 mihi
618 634 736 688 haec
755 633 990 698 tribuas,
1019 651 1117 688 seu
1147 653 1278 702 non,
1295 641 1485 690 tamen
1508 637 1923 710 Omnipotehtis

395 722 671 777 Divinitas
701 740 922 794 semper
945 724 1040 777 det
1062 725 1161 778 tibi
1195 732 1393 779 cuncta
1415 725 1580 792 bona,

327 814 738 884 Certamenque
763 813 971 868 bonum
1001 829 1168 868 cursu
1196 821 1546 869 consummet
1573 815 1830 882 honesto,

397 903 538 957 Cum
568 901 791 957 Christo
821 907 886 956 ut
913 919 1142 957 maneas
1163 921 1384 977 semper
1407 904 1462 958 in
1493 921 1618 960 arce
1649 905 1782 977 poli.

364 1029 492 1090 XV.
521 1062 600 1074 ——
625 1046 710 1090 an
740 1036 1036 1103 BIGILUII‘,
1069 1046 1146 1090 ns
1185 1045 1359 1092 LIBRO
1389 1047 1556 1099 ous):
1593 1045 1874 1094 SCRIPSIT.

324 1153 434 1207 Lex
461 1152 556 1224 pia
583 1165 823 1224 cumque
852 1151 954 1206 Dei
995 1153 1174 1208 latum
1201 1154 1498 1208 dominans
1524 1153 1674 1224 regit
1702 1154 1914 1217 orbem,

393 1241 576 1306 Quam
604 1247 862 1297 sanctum
906 1247 991 1296 est
1014 1242 1197 1313 legem
1241 1243 1485 1298 scribere
1518 1259 1763 1315 namque
1792 1245 1912 1300 Dei.

325 1331 422 1385 Est
448 1331 576 1403 pius
605 1332 699 1386 ille
727 1329 904 1398 labor,
929 1333 1130 1387 merito
1160 1332 1249 1387 cui
1279 1349 1391 1387 non
1421 1333 1568 1387 valet
1597 1333 1759 1400 alter,

393 1422 760 1494 Equiparare
790 1439 989 1476 manus
1018 1438 1186 1493 quem
1212 1423 1382 1479 faciat
1409 1423 1668 1478 hominis.

324 1511 468 1566 Nam
493 1512 657 1582 digiti
685 1512 890 1582 scripto
922 1513 1182 1566 lzetantur
1214 1513 1429 1567 lumina
1451 1513 1590 1580 visu,

393 1603 552 1656 Mens
579 1602 760 1656 volvet
784 1619 981 1656 sensus
1005 1601 1238 1674 mystica
1265 1601 1431 1658 verba
1460 1604 1580 1657 Dei.

324 1692 556 1746 Nullum
585 1708 724 1764 opus
753 1690 1018 1761 exsurgit,
1053 1691 1198 1763 quod
1230 1708 1341 1746 non
1367 1709 1578 1764 annpsa
1606 1697 1852 1747 vetustas

394 1755 707 1853 Expugrfet,
740 1755 1028 1853 quod.
1056 1755 1236 1836 vertat
1265 1781 1459 1852 iniqua
1476 1755 1618 1836 dies.

323 1870 654 1926 Grammata
679 1870 799 1925 sola
831 1877 1025 1925 carent
1047 1870 1181 1936 fato,
1210 1876 1560 1942 mortemque
1578 1871 1876 1943 repellunt,

391 1960 683 2014 Praeterita
711 1966 982 2015 renovent
1003 1967 1322 2032 grammata
1349 1961 1471 2014 sola
1493 1956 1677 2015 biblis.

321 2051 652 2105 Grammata
671 2067 873 2122 nempe
903 2049 1004 2104 Dei
1033 2049 1244 2122 digitus
1271 2051 1524 2105 sulcabat
1552 2051 1611 2105 in
1643 2055 1775 2122 apta

391 2140 570 2212 Rupe,
603 2157 706 2194 suo
737 2139 918 2211 legem
947 2157 1075 2194 cum
1106 2139 1340 2194 dederat
1365 2141 1591 2214 populo,

321 2231 482 2297 Sunt,
515 2230 756 2297 fuerant,
786 2229 996 2285 mundo
1025 2229 1252 2284 venient
1279 2247 1401 2300 quae
1431 2229 1574 2284 forte
1603 2229 1811 2294 futura,

391 2320 721 2374 Grammata
741 2321 859 2374 haec
887 2325 1205 2374 monstrant
1233 2319 1439 2374 famine
1467 2324 1670 2374 cuncta
1698 2336 1818 2375 suo.

681 2428 840 2489 XVI.
875 2459 951 2474 —-
980 2443 1130 2488 ITEI
1157 2443 1238 2490 AD
1271 2443 1552 2490 eumnam.

321 2541 622 2614 Presbyter
649 2545 834 2608 etate,
866 2541 1085 2596 meritis
1108 2546 1166 2595 et
1189 2541 1486 2613 presbyter
1502 2541 1650 2595 alme

392 2632 554 2704 Eigil,
588 2638 644 2688 te
674 2631 929 2688 Christus
959 2631 1137 2686 salvet
1171 2631 1230 2686 in
1262 2631 1395 2686 orbe
1423 2632 1591 2686 Deus.

2077 547 2181 602 Hic
2207 545 2374 601 clavis
2402 547 2597 613 David,
2631 547 2830 618 sophia
2869 553 2925 601 et
2953 549 3068 602 alta
3093 547 3216 602 Dei.

2005 636 2111 700 Qui
2140 642 2196 690 te
2227 635 2512 707 perpetuis
2535 635 2778 690 clemens
2809 641 3097 690 conservet
3127 637 3185 691 in
3216 638 3394 694 annis.

2075 725 2424 779 Gaudentem
2451 741 2638 780 secum
2668 741 2891 796 semper
2919 726 2980 781 in
3007 743 3134 781 arce
3154 727 3286 799 poli.

2002 813 2196 868 Dicere
2221 813 2354 885 quid
2384 831 2613 886 possum
2641 814 2709 868 de
2741 831 2947 885 magna
2978 815 3142 871 laude
3163 815 3456 884 librorum,

2075 903 2224 966 Quos
2249 902 2352 958 sub
2383 904 2534 957 clave
2562 909 2739 971 tenes,
2773 905 2948 958 frater
2970 903 3176 972 amate,
3204 911 3323 972 tuo,

2003 990 2284 1063 Quidquid
2313 993 2383 1046 ab
2414 1009 2541 1047 arce
2572 994 2721 1048 Deus
2747 993 2870 1047 cmli
2891 993 3094 1048 direxit
3120 994 3178 1048 in
3205 995 3416 1058 orbem,

2073 1079 2372 1152 Scriptura)
2401 1087 2605 1137 sanctae
2627 1099 2728 1154 per
2755 1082 2850 1154 pia
2877 1080 3044 1137 verba
3069 1083 3220 1137 viris.

2001 1169 2119 1224 Illic
2147 1169 2412 1237 invenies,
2447 1171 2721 1243 quidquid
2749 1171 3029 1243 sapientia
3047 1171 3243 1227 mundi

2071 1257 2313 1313 Protulit
2334 1258 2392 1314 in
2419 1260 2666 1314 medium
2697 1261 3044 1332 temporibus
3074 1261 3262 1316 variis.

2002 1347 2098 1401 Hae
2125 1352 2180 1400 te
2208 1346 2416 1402 deliciae
2445 1348 2603 1419 larga
2631 1349 2840 1420 pietate
2871 1350 3139 1404 fluentem

2071 1435 2378 1500 Delectent,
2411 1434 2673 1503 habeant,
2705 1437 3043 1508 possideant,
3077 1443 3324 1495 teneant.

1997 1525 2088 1578 Nil
2117 1525 2219 1579 tibi
2249 1541 2374 1580 cum
2407 1527 2636 1587 mundo,
2671 1528 2910 1581 mundus
2949 1529 3083 1582 dum
3113 1530 3361 1599 praeterit
3388 1533 3590 1596 omnis,

2068 1615 2222 1668 Illius
2251 1631 2314 1669 ac
2340 1615 2552 1686 pariter
2577 1621 2631 1669 et
2662 1613 2848 1680 decus,
2881 1621 2935 1670 et
2968 1618 3198 1688 species.

1996 1703 2241 1757 Verbum
2280 1720 2524 1775 namque
2572 1703 2694 1768 Dei,
2729 1709 2783 1759 et
2811 1703 2964 1759 verbi
2997 1712 3277 1762 scrutator
3303 1709 3591 1766 honestus.

1929 1793 1978 1854 B
2072 1793 2389 1847 Perdurant
2415 1810 2637 1865 semper
2657 1794 2868 1850 lumine
2897 1801 3189 1867 perpetuo.

1996 1879 2130 1935 Vive
2158 1881 2273 1935 Deo
2300 1882 2416 1935 vita
2439 1881 2586 1948 felix,
2619 1888 2677 1935 et
2705 1879 2823 1936 vive
2855 1901 2957 1954 per
2980 1901 3177 1939 aevum.

2065 1971 2282 2041 Nempe
2313 1969 2478 2024 beata
2496 1969 2644 2024 bona
2673 1975 2760 2025 est
2779 1971 2981 2036 vivere,
3014 1972 3127 2027 vita
3155 1974 3292 2028 Deo.

1996 2059 2188 2113 Dulcis
2209 2075 2370 2113 amor
2406 2059 2634 2125 Christi,
2659 2059 2948 2131 dulcisque
2983 2061 3327 2118 domuncula
3353 2077 3593 2137 semper,

2068 2149 2238 2203 Dulce
2263 2149 2440 2203 melos
2467 2149 2571 2204 tibi
2599 2149 2692 2215 sit,
2717 2149 2896 2204 dulcis
2926 2151 3122 2216 amice,
3155 2168 3344 2208 suum.

1998 2237 2085 2291 Sis
2117 2254 2334 2292 memor
2359 2243 2528 2310 atque
2557 2238 2670 2293 mei
2695 2238 2869 2294 sacris
2897 2239 3168 2296 altaribus
3201 2246 3413 2306 astans,

2071 2326 2158 2382 Sit
2179 2344 2398 2382 memor
2425 2333 2599 2399 utque
2626 2328 2709 2382 tui
2741 2327 2927 2398 gratia
2950 2343 3157 2399 magna
3183 2330 3306 2384 Dei.

1997 2415 2127 2470 Ilaec
2155 2417 2410 2487 relegens
2440 2418 2625 2472 valeas
2656 2417 2848 2472 multis
2875 2417 3114 2473 feliciter
3139 2419 3322 2486 annis,

2067 2505 2324 2577 Cumque
2351 2506 2520 2560 choro
2544 2505 2784 2562 fratrum
2813 2507 2932 2562 haec
2960 2507 3216 2578 relegens
3243 2508 3446 2565 valeas.

2333 2623 2549 2686 XVIII.
2581 2660 2657 2668 —
2683 2637 2834 2704 Iram
2865 2641 2944 2686 AD
2973 2637 3248 2688 numnam.

321 2721 410 2776 Sis
452 2722 592 2776 Inth
638 2722 786 2792 quod
835 2738 1019 2792 pOSCO,
1055 2721 1316 2792 quodque
1361 2726 1511 2792 ορῐο,
1543 2721 1648 2775 hoc
1677 2728 1796 2775 esto
1826 2719 1915 2774 δε·
1995 2729 2071 2785 Te
2095 2731 2244 2786 Deus
2271 2731 2624 2803 omnipotens
2653 2747 2894 2804 semper,
2926 2730 3254 2786 charissime
3281 2732 3472 2788 frater.

1615 2809 1842 2880 [nignus

391 2899 730 2970 Praeceptor,
765 2898 985 2964 Pastor,
1020 2915 1244 2970 semper
1263 2898 1496 2964 amicus,
1531 2899 1728 2952 honor.

317 2990 435 3045 Nec
462 3003 554 3043 me
582 2990 922 3044 contristant
947 2995 1049 3043 tua
1075 2988 1428 3060 corripientia
1467 2987 1635 3042 verba

388 3079 530 3134 Cum
552 3079 666 3134 scio
696 3079 844 3151 quod
869 3095 1092 3151 semper
1113 3085 1340 3150 pectora
1377 3079 1558 3132 amica
1585 3085 1761 3132 tenes.

313 3168 528 3224 Verum
557 3169 682 3224 dico
711 3169 835 3235 tibi,
867 3185 972 3224 nec
999 3186 1089 3223 me
1117 3167 1396 3223 sententia
1425 3168 1587 3236 fallit,

386 3259 465 3313 Te
493 3276 669 3314 unum
697 3276 810 3331 prae
838 3259 1030 3314 multis
1051 3259 1217 3314 corde
1238 3263 1429 3312 tenere
1458 3258 1602 3312 volo.

315 3349 405 3404 Sis
424 3349 564 3404 mihi
589 3365 810 3420 semper
827 3349 999 3414 idem,
1014 3350 1145 3420 quia
1165 3367 1290 3404 sum
1309 3349 1412 3402 tibi
1431 3363 1654 3419 semper
1667 3352 1724 3400 et
1742 3345 1910 3408 idem,

388 3439 625 3510 Semper
647 3439 863 3492 amicus
891 3443 1064 3504 amat,
1091 3453 1314 3509 semper
1339 3437 1614 3492 amandus
1647 3435 1773 3490 erit.

314 3528 686 3599 Omnipotens
709 3528 982 3582 Dominus
997 3527 1282 3598 Regnator
1301 3542 1556 3580 summus
1587 3523 1830 3596 Olympi.

388 3615 662 3672 Omnibus
690 3616 844 3670 horis
873 3622 928 3670 te
961 3621 1220 3686 protegat
1251 3614 1608 3669 incolumem.

313 3707 381 3762 In
409 3705 577 3760 terris
606 3711 808 3773 servet,
832 3704 956 3760 caeli
984 3705 1257 3776 perducat
1279 3703 1350 3758 ad
1378 3719 1587 3768 arcem,

389 3795 479 3850 Me
507 3800 693 3850 tacum
713 3793 944 3866 pariter,
977 3793 1156 3846 dulcis
1185 3792 1383 3858 amice,
1412 3793 1549 3846 vale.

477 3908 666 3968 XVII.
705 3939 784 3952 —-
813 3906 924 3967 AD”
950 3921 1281 3968 sannosum
1314 3921 1768 3966 passerrsauu.

316 4023 672 4094 Clavipotens
696 4021 871 4077 frater
898 4021 1066 4076 simul
1093 4021 1579 4092 homonymusque
1605 4021 1824 4093 sagittae

390 4114 630 4168 Parvula
654 4112 774 4167 hinc
792 4111 956 4166 liceat
982 4109 1236 4165 carmina
1262 4112 1406 4165 ferre
1435 4110 1557 4177 tibi,

317 4204 454 4268 Quae
484 4201 674 4273 rapuit
692 4201 941 4256 calamus
965 4199 1152 4256 subito
1179 4199 1442 4256 dictantis
1469 4199 1540 4254 ab
1565 4215 1682 4266 ore,

387 4294 662 4362 Musaque
691 4291 840 4346 lassa
869 4290 1024 4344 dedit
1051 4296 1304 4361 tempore
1335 4305 1450 4344 non
1477 4289 1660 4344 solito.

318 4383 587 4441 Carmina
607 4399 768 4438 sacra
793 4381 898 4436 tibi
929 4387 1208 4448 resonent,
1241 4381 1569 4436 charissime
1593 4381 1786 4449 frater,

391 4475 481 4530 Sit
507 4488 732 4544 semper
757 4471 1018 4528 Christus
1039 4486 1266 4530 carmen
1294 4469 1354 4526 in
1382 4487 1478 4526 ore
1503 4476 1619 4526 tuo.

2067 2820 2340 2890 Prospere
2363 2825 2653 2876 conservet
2679 2826 2938 2891 tempora
2957 2827 3158 2874 cuncta
3177 2820 3340 2876 bene.

1993 2909 2064 2963 Et
2091 2924 2318 2962 maneas
2347 2925 2556 2978 sospes,
2591 2907 2752 2962 nobis
2775 2913 2832 2962 et
2859 2907 3072 2980 sospita
3099 2925 3312 2980 poscas,

2061 2998 2274 3052 Auctor
2296 3002 2360 3052 ut
2387 2997 2506 3069 ipse
2531 2998 2682 3052 Deus
2706 2998 2938 3070 paciﬁca
2966 2997 3198 3054 tribuat.

1929 3119 1972 3178 α
1995 3087 2086 3142 Sic
2109 3086 2407 3140 Psalmista
2435 3086 2599 3140 docet
2629 3105 2640 3140 :
2669 3087 2803 3150 Qum
2828 3087 2898 3140 ad
2920 3104 3115 3157 pacem
3145 3093 3297 3155 sunt,
3330 3089 3590 3159 rogitate,

2066 3174 2216 3232 Urbe
2245 3175 2346 3230 Dei
2375 3175 2536 3245 copia
2563 3180 2648 3229 est
2669 3175 2788 3229 hac
2809 3181 2868 3229 et
2893 3177 3134 3230 amantis
3165 3175 3292 3240 erit,

1995 3266 2200 3320 Pacem
2229 3265 2453 3320 animus
2483 3265 2639 3320 nulla
2666 3261 2920 3335 trepidus
2949 3264 3247 3320 formidine
3277 3272 3478 3333 servet,

2071 3354 2186 3406 Nec
2214 3353 2415 3406 timeat
2443 3368 2626 3422 pravae
2651 3352 2890 3406 crimina
2917 3351 3185 3406 dissidire.

1999 3442 2090 3497 Sic
2119 3447 2175 3496 et
2197 3457 2372 3507 ames,
2405 3442 2597 3507 frater,
2629 3457 2852 3512 semper
2868 3441 2947 3494 sic
2978 3457 3172 3495 rursus
3200 3443 3426 3504 ameris,

2065 3531 2292 3584 Mutuus
2310 3536 2374 3584 ut
2405 3530 2559 3583 nullo
2587 3536 2842 3600 tempore
2869 3536 3048 3582 cesset
3067 3543 3246 3583 amor.

1993 3619 2275 3674 Instantes
2305 3617 2560 3688 precibus
2588 3617 2762 3672 simus
2785 3617 2843 3672 in
2872 3617 3038 3672 laude
3066 3617 3356 3682 Tonantis,

2064 3709 2348 3777 Hesperus
2377 3707 2483 3760 hoc
2511 3705 2715 3769 videat,
2749 3705 2972 3761 Lucifer
2998 3707 3103 3760 hoc
3133 3706 3339 3773 videat,

1995 3798 2296 3855 Poscamus
2325 3795 2564 3857 veniam,
2597 3809 2892 3865 poscamus
2919 3809 3152 3849 munera
3183 3794 3409 3856 Christi.

2067 3884 2292 3940 Liberet
2318 3901 2350 3938 e
2377 3881 2576 3954 poenis,
2612 3889 2818 3953 augeat
2839 3887 2897 3938 et
2923 3883 3162 3937 meritis.

1997 3974 2267 4029 Conditor
2285 3973 2640 4044 omnipotens
2667 3972 2790 4026 caeli
2819 3972 3126 4043 mundique
3158 3973 3516 4044 Redemptor,

2067 4064 2370 4117 Conservet
2398 4062 2656 4116 Christus
2683 4077 2786 4116 nos
2813 4077 2948 4132 rogo
2973 4077 3108 4132 pace
3133 4062 3300 4116 simul
3325 4081 3340 4130 ;

1996 4152 2070 4206 Ut
2093 4151 2238 4206 sicut
2263 4167 2486 4222 semper
2513 4157 2648 4205 sunt
2665 4167 2793 4205 vere
2815 4149 2895 4204 illi
2917 4155 2977 4205 et
3003 4151 3172 4206 Pater
3195 4167 3394 4218 unum,

2065 4240 2252 4295 Unum
2280 4240 2359 4294 sic
2377 4241 2436 4294 in
2467 4256 2526 4294 se
2548 4226 2801 4294 nos'iieri
2829 4239 3023 4297 faciat.

2154 4355 2312 4418 XlX.
2347 4391 2426 4402 —
2452 4374 2533 4417 AD
2559 4374 2583 4403 ο
2613 4373 2943 4418 SAHUbLEM
2978 4373 3431 4418 rasssrrsaun.

1931 4464 1982 4523 D
1997 4468 2134 4526 Vive
2163 4488 2302 4527 mea;
2319 4472 2466 4526 vires
2487 4471 2878 4543 lassarumque
2901 4467 3147 4526 anchora
3168 4485 3379 4526 rerum.

1317 4627 1627 4687 SCHOLIA
1665 4627 2201 4688 CHRISTOPHORI
2239 4629 2603 4687 BROWERI.

392 4799 420 4831 ι
437 4787 604 4862 Egili
618 4805 715 4862 seu
729 4781 911 4862 adhuc
930 4783 1266 4862 aequalihmc
1288 4781 1538 4862 carmina
1555 4781 1915 4862 apparetins-

319 4855 596 4933 cripsisEe.
631 4858 829 4930 Aﬁgilis
885 4855 1058 4933 hujus
1082 4858 1305 4933 _Vi_tam_,
1339 4871 1372 4910 a
1419 4856 1668 4910 Candido
1712 4855 1915 4910 litteris

319 4929 620 5004 proditam,
651 4929 770 5002 jam
795 4947 938 5004 usus
968 4929 1174 5004 publici
1198 4929 1451 5004 fecimus.

397 5006 424 5044 δ
445 4997 772 5060 Gerholium
795 4997 1278 5055 bibliothecarium
1309 4999 1424 5053 suis
1450 4997 1699 5054 versibus
1730 5003 1912 5064 ornat,

320 5084 380 5130 et
402 5089 610 5130 nomen
639 5092 674 5128 a
701 5075 907 5144 sagitta
933 5074 1077 5126 ferre
1108 5079 1312 5126 monet.
1348 5071 1548 5144 Nescio
1578 5085 1649 5124 an
1679 5071 1917 5125 Gerhorh

319 5147 573 5218 antiquis
593 5143 889 5202 Germanis
913 5147 1115 5218 sagitta
1139 5144 1338 5218 fuerit;
1369 5143 1706 5218 hujuscerte
1728 5155 1921 5218 verna-

320 5220 433 5274 culi
462 5211 738 5274 sermonis
759 5233 863 5272 usu
885 5216 1142 5271 effectum
1162 5214 1382 5283 sagitta:
1411 5211 1722 5267 luculenter
1742 5211 1920 5282 expri-

318 5293 444 5360 mit,
475 5289 806 5368 ga_1_‘lu_)_clt,id
839 5294 942 5368 est,
961 5289 1119 5368 raldc
1143 5291 1342 5368 altum.
1379 5283 1536 5338 Unde
1572 5292 1628 5337 et
1655 5285 1920 5368 sagittam

318 5353 578 5418 nonnulli
607 5353 722 5417 dici
743 5353 995 5424 tradunt,
1019 5353 1169 5428 quod
1198 5371 1365 5410 nervo
1383 5370 1613 5410 excussa
1642 5353 1778 5408 satis
1801 5355 1920 5407 lon-

361 5451 391 5487 e
422 5441 641 5488 agatur.

361 5451 391 5487 e
496 5468 510 5487 ι
532 5451 641 5488 tur.

319 5452 358 5502 g
396 5451 674 5574 eaSgclptem
715 5503 1124 5574 epigrannnata
1147 5500 1618 5574 quae'sequuntur,
1643 5495 1920 5574 Samuelis

323 5568 636 5648 presbyteri
687 5568 970 5626 inemori”:
1012 5580 1062 5624 et
1101 5568 1359 5648 amicitia:
1407 5568 1613 5648 scripta
1653 5568 1917 5648 sunt,_de

327 5637 435 5716 ἱ]υο
466 5637 616 5700 aliud
645 5645 772 5699 hinc
801 5646 1147 5714 exploratum
1178 5637 1534 5716 habeo_ni_hil.
1563 5637 1667 5692 nisi
1681 5639 1832 5716 qpod
1849 5637 1917 5716 ab

324 5708 448 5788 ipso
480 5716 708 5788 Rabano
740 5708 1000 5788 traditur,
1038 5717 1172 5788 olim
1218 5713 1364 5788 apud
1409 5710 1660 5788 Turones
1701 5708 1920 5764 'Rabani

325 5779 773 5863 condiscipulum
799 5793 860 5843 et
901 5787 1155 5844 eodlem
1484 5779 1749 5840 Albinum
1775 5795 1897 5838 com

1998 4799 2226 4857 munem
2255 4783 2590 4857 magistrum
2616 4779 2898 4857 habuisse,
2931 4783 3118 4857 ipsum
3133 4785 3396 4857 denique,
3429 4803 3466 4844 ι
3484 4787 3596 4846 Βι-

1999 4855 2142 4929 bano
2193 4855 2425 4929 magnis
2447 4861 2731 4929 terrarum
2764 4861 2822 4908 et
2868 4855 3167 4929 ﬂuminum
3189 4855 3386 4929 spatiis
3431 4859 3598 4929 longe

1998 4923 2361 4998 disjunctui'n,
2395 4923 2638 4998 doctoris
2670 4941 2874 4998 munus
2904 4925 3104 4998 alicubi
3137 4923 3489 4998 sustinuisse.
3523 4923 3599 4986 Ᾰι

1998 4995 2463 5068 circumspicienti
2491 4997 2815 5067 diligentius
2846 4997 3086 5068 occurrit
3107 4999 3426 5052 Samuelem
3449 4997 3598 5057 hunc

2000 5067 2420 5143 eumdemesse
2438 5070 2534 5143 qui
2566 5069 2770 5143 deinde
2800 5085 2865 5121 ex
2896 5067 3417 5143 Laurisheimensis,
3453 5088 3599 5143 pra:-

2001 5140 2202 5194 nobilis
2231 5141 2364 5194 olim
2391 5139 2703 5196 Rhenensis
2733 5145 2947 5194 tractus
2975 5139 3034 5193 in
3065 5141 3386 5196 Palatinatu
3399 5139 3598 5198 mona-

2002 5212 2156 5265 sterii
2188 5211 2408 5273 abbate,
2442 5213 2513 5266 ad
2533 5211 3005 5266 Wormatiensem
3028 5211 3351 5267 cathedram
3375 5220 3598 5270 evectus

2003 5288 2104 5348 est,
2130 5289 2359 5363 et‘anno
2385 5281 2486 5363 81.7
2517 5279 2720 5336 celebri
2751 5279 2808 5334 in
2841 5281 3058 5363 synodo
3089 5283 3388 5363 Moguntiae
3421 5283 3600 5363 Κειρᾳ-

2000 5366 2093 5420 no,
2135 5351 2282 5428 inter
2310 5353 2666 5424 coepiscopos
2696 5351 3084 5428 assedimut‘ex
3114 5351 3352 5424 epistola
3369 5355 3600 5428 synodi-

2001 5442 2064 5497 ca
2091 5425 2388 5497 colligitur,
2411 5423 2534 5496 quae
2555 5434 2692 5478 tom.
2709 5424 2787 5478 IlI
2808 5423 3184 5479 Conculiorum
3205 5431 3262 5479 et
3291 5423 3438 5497 apud
3459 5429 3600 5484 alios

2001 5495 2225 5566 legitur.
2257 5497 2410 5558 (Vide
2437 5495 2611 5562 supra
2635 5497 3054 5566 intercpistolas
3087 5495 3345 5566 Rabam’.)
3372 5499 3440 5553 Et
3467 5518 3600 5555 con-

2001 5567 2250 5621 sentiunt
2269 5567 2478 5620 indices
2506 5565 2760 5620 Ecclesiae
2777 5565 3251 5637 Vangionum,qui
3282 5565 3385 5623 hec
3405 5572 3601 5626 eodem

2003 5656 2169 5702 anno,
2203 5639 2294 5691 die
2328 5639 2398 5692 15
2435 5637 2710 5700 Octobris,
2755 5637 2936 5690 sancti
2962 5637 3218 5708 Cypriani
3243 5641 3441 5696 honori
3466 5648 3603 5698 tem-

2002 5710 2158 5781 plum
2187 5709 2463 5764 Neuhusii
2493 5708 2782 5764 dedicasse
2821 5707 3138 5782 perhibent.
