4018 6160
403 249 544 314 1603
1050 247 1114 302 Β.
1155 245 1430 304 mm
1466 245 1700 304 mum
1749 242 2090 307 ARCHIEP.
2127 209 2454 304 modum.
2496 246 2794 306 armum
2830 248 3014 304 psus
3050 249 3146 304 Iv.
3567 249 3703 308 1m

477 371 784 442 Naufragio
804 377 862 426 et
887 370 1046 427 littus
1074 374 1310 444 tutaque
1341 377 1496 428 terra
1531 389 1678 427 meo.
2022 370 2075 431 Α
2163 370 2299 438 Hoc,
2328 371 2514 426 Pater.
2546 372 2666 444 ipse
2693 377 2871 444 petas,
2903 377 2965 428 tu
2987 373 3109 428 sine
3135 374 3248 428 fine
3276 372 3420 428 vale.

409 461 575 516 Solus
598 457 780 516 honor
799 460 978 528 nobis,
1011 451 1145 516 urbs
1159 467 1223 516 tu
1249 461 1522 518 ﬁdissima
1549 478 1790 534 semper,
2089 459 2386 524 Quondam
2414 478 2616 533 nempe
2638 479 2826 517 meum
2855 462 3174 534 gaudebam
3202 469 3259 518 te
3278 479 3401 519 esse
3420 463 3699 527 sodalem,

479 550 758 622 Curisque
785 550 1016 605 afﬂictio
1043 556 1170 605 tuta
1191 551 1350 623 quies
1375 552 1584 606 animo.
2159 549 2316 604 Inter
2344 551 2598 617 lectores,
2621 551 2798 606 frater
2827 558 3033 619 amate,
3067 553 3226 607 mihi.

405 638 642 711 Sintque
671 639 802 694 licet
825 644 1046 695 montes
1074 640 1226 695 inter
1251 658 1380 696 cum
1410 640 1672 696 fluctibus
1699 657 1833 694 arva
2089 637 2252 692 Nunc
2281 656 2502 711 quoque
2525 645 2580 695 te
2607 643 2864 712 gratulor
2891 642 3156 708 retinere,
3187 642 3322 712 jura
3343 641 3626 714 magistri,

477 729 636 784 Mens
662 732 849 784 tecum
880 736 984 796 est,
1017 729 1173 784 nulla
1201 746 1324 801 qua;
1351 730 1650 785 cohibetur
1671 731 1863 784 humo.
2161 727 2426 783 Crescere
2446 729 2672 796 virtute,
2698 729 2873 803 patris
2903 731 3108 786 habere
3132 731 3337 796 locum,

405 818 483 872 Te
531 835 659 872 mea
692 835 852 873 mens
899 819 1174 891 sequitur,
1206 819 1466 890 sequitur
1514 836 1741 891 quoque
1779 835 2007 874 carmen
2091 817 2180 872 Sis
2208 835 2427 872 memor
2449 835 2582 891 ergo
2609 820 2721 874 mei
2751 819 2924 874 sacris
2954 819 3227 876 altaribus
3253 827 3465 884 astans,

482 907 762 978 Exoptans
789 908 980 962 animo
1005 925 1273 980 prospera
1288 914 1489 963 cuncta
1518 908 1639 963 tibi.
1752 908 2004 979 [amoris,
2163 909 2302 962 Sum
2328 924 2548 963 memor
2571 915 2748 980 utque
2776 909 2878 975 tui,
2907 909 2988 964 sic
3017 927 3236 964 memor
3265 916 3384 964 esto
3420 909 3555 966 mei.

405 995 514 1059 Qui
540 996 680 1051 mihi
698 1002 756 1051 te
777 1002 972 1052 notum
997 997 1156 1052 dedit
1181 1003 1240 1052 et
1265 997 1544 1052 concessit
1569 997 1834 1063 amicum,
2090 994 2250 1058 Quod
2275 997 2558 1068 quondam
2589 998 2780 1053 docuit
2797 998 3036 1054 Albinus
3061 999 3169 1054 rite
3196 999 3480 1070 magister,

477 1086 781 1142 Conservet
807 1103 1009 1142 sanum
1039 1086 1296 1144 Christus
1323 1087 1532 1158 ubique
1561 1086 1722 1140 mihi.
2160 1084 2280 1140 Hoc
2309 1091 2503 1158 pectus
2529 1092 2742 1154 teneat,
2775 1087 2882 1143 hoc
2913 1104 3054 1160 opus
3081 1104 3250 1144 omne
3273 1088 3490 1160 probet.

404 1174 552 1230 Ante
573 1176 757 1230 solum
785 1181 950 1231 terrae
978 1175 1214 1248 coelique
1248 1175 1489 1232 volubile
1521 1177 1544 1198 ⁴
1573 1175 1791 1246 cyclum
2087 1172 2282 1228 Gratia
2308 1175 2390 1230 sic
2417 1176 2627 1231 Christi
2656 1181 2844 1231 tecum
2871 1177 3250 1248 permanserit
3271 1177 3442 1245 alma,

475 1263 840 1330 Praetereant,
868 1271 1060 1320 noster
1083 1282 1257 1338 quam
1288 1281 1511 1338 quoque
1541 1268 1720 1319 cesset
1739 1279 1920 1318 amor.
2159 1262 2251 1320 Sic
2271 1271 2483 1320 memet
2504 1271 2693 1322 tecum
2714 1266 2872 1322 ducit
2897 1267 2970 1322 ad
2997 1271 3154 1322 astra
3185 1267 3321 1321 vale.

407 1352 657 1425 Hocque,
674 1354 860 1422 Pater,
878 1354 1092 1421 monui,
1107 1371 1310 1410 moneo
1323 1354 1730 1424 te,iterumque
1743 1351 2002 1408 monebo.

478 1443 568 1497 Sis
591 1460 808 1498 memor
835 1451 1008 1515 utque
1037 1445 1166 1510 mei,
1198 1443 1344 1498 sicut
1365 1448 1423 1498 et
1450 1442 1570 1514 ipse
1596 1443 1704 1497 tui.

406 1530 482 1586 Ut
507 1532 658 1588 Deus
686 1533 746 1586 in
761 1533 928 1588 terris
951 1550 1092 1604 quos
1119 1532 1210 1587 hic
1231 1531 1521 1602 conjunxit
1540 1531 1772 1596 amicos,

479 1621 801 1676 Gaudentes
830 1622 1040 1693 pariter
1065 1623 1272 1692 jungat
1289 1622 1348 1676 in
1377 1638 1504 1676 arce
1531 1621 1667 1692 poli.

2425 1385 2645 1446 XXIII.
2685 1419 2754 1430 —-
2783 1401 2930 1446 rrsu
2962 1401 3040 1445 AD
3073 1399 3346 1447 numen.

2087 1496 2171 1552 Tu
2197 1512 2356 1552 meus
2385 1513 2446 1553 es
2464 1499 2721 1570 placitus,
2755 1499 2976 1572 placeas
3003 1516 3176 1572 super
3203 1499 3411 1554 aethera
3441 1497 3684 1566 Christo,

2160 1586 2249 1640 Sis
2277 1587 2480 1642 charus
2514 1589 2740 1654 sanctis,
2774 1596 2838 1644 tu
2869 1606 3029 1644 meus
3058 1607 3119 1644 es
3141 1589 3377 1661 placitus

2017 1692 2066 1752 Β
2086 1674 2296 1730 Unicus
2329 1694 2501 1748 esque
2531 1695 2708 1744 meus,
2744 1685 2942 1733 auctor
2969 1684 3026 1733 te
3055 1683 3314 1750 protegat
3339 1693 3507 1744 unus,

789 1767 922 1827 XX.
955 1799 1036 1812 —
1062 1782 1209 1828 ITEM
1240 1783 1319 1827 AD
1344 1782 1622 1828 EUMDEH.
2155 1765 2344 1820 Unum
2373 1783 2502 1821 cum
2530 1768 2722 1822 multis
2753 1769 2950 1822 unicus
2980 1785 3154 1840 esque
3183 1783 3342 1822 meus

2085 1853 2359 1910 Omnibus
2407 1853 2529 1928 ipse
2581 1857 2740 1912 bonis
2787 1857 3004 1929 repleat
3053 1863 3108 1912 te
3153 1856 3412 1912 Christus
3465 1859 3686 1910 amator

2157 1944 2400 2016 Spiritus
2429 1950 2598 2018 atque
2618 1946 2721 2000 Dei
2746 1945 3007 2002 omnibus
3041 1946 3160 2018 ipse
3189 1945 3370 2001 bonis.

2088 2032 2317 2104 Optima
2345 2051 2579 2107 quaeque
2608 2034 2712 2089 tibi
2732 2035 2946 2090 tribuat
2971 2035 3162 2090 divina
3186 2041 3452 2108 potestas,

2157 2113 2474 2194 Deposcens
2503 2129 2634 2197 opto
2663 2124 2876 2196 optima
2910 2142 3144 2197 quaeque
3171 2124 3296 2179 tibi.

2086 2211 2169 2265 Tu
2193 2229 2442 2278 maneas,
2474 2213 2661 2286 vigeas
2689 2231 2910 2286 semper
2937 2215 2995 2269 in
3031 2214 3236 2269 saecula
3261 2229 3470 2285 sospes,

2159 2302 2262 2356 Hic
2290 2309 2349 2357 et
2373 2303 2432 2358 in
2460 2309 2736 2359 aeternum
2765 2309 2827 2358 tu
2858 2320 3107 2369 maneas,
3141 2303 3350 2375 vigeas.

2089 2392 2322 2463 Inclyte,
2346 2391 2486 2459 vive,
2509 2394 2650 2460 vale,
2685 2394 2912 2449 Samuel
2941 2393 3262 2448 laetissimus
3283 2392 3438 2458 audi,

2161 2481 2265 2536 Hic
2293 2481 2422 2537 ﬁnis
2451 2482 2603 2537 verbi
2632 2489 2738 2550 est,
2769 2481 2995 2554 inclyte,
3017 2483 3158 2549 vive,
3187 2482 3331 2537 vale.

403 1915 482 1972 Te
507 1915 660 1971 Deus
683 1920 928 1972 aeternus
949 1917 1244 1972 hominum
1269 1917 1655 1972 sanctissimus
1687 1919 1883 1970 auctor

406 2005 762 2076 Stelligeram
791 2006 914 2061 caeli
944 2023 1200 2062 summus
1219 2007 1314 2079 qui
1344 2007 1595 2062 continet
1619 2023 1826 2070 arcem,

404 2095 680 2168 Perspicit
701 2101 870 2169 atque
899 2113 1126 2152 omnem
1169 2097 1330 2152 fortis
1359 2096 1683 2151 dominator
1707 2096 1999 2167 abyssum,

405 2185 646 2252 Exaltet,
675 2186 870 2254 salvet,
903 2193 1086 2241 servet
1103 2192 1178 2253 te,
1211 2186 1428 2257 diligat,
1460 2191 1640 2253 ornet,

407 2275 802 2346 Concedatque
813 2275 897 2330 tui
919 2274 1247 2346 homonymi
1258 2285 1282 2314 ι
1299 2275 1678 2347 meritumque
1688 2275 2001 2345 locumque,

407 2363 634 2419 Exstitit
660 2369 726 2419 ut
752 2363 950 2436 templi
979 2364 1150 2436 typici
1181 2365 1270 2418 hic
1305 2363 1559 2430 servitor,
1593 2365 1830 2429 amator,

405 2453 593 2525 thue
629 2453 840 2508 habeas
888 2470 1116 2510 omnem
1147 2455 1373 2509 Samuel
1403 2453 1682 2509 Samuelis
1709 2454 2000 2508 honorem.

406 2537 542 2594 Esto
566 2554 784 2594 memor
812 2539 1023 2610 proprii
1049 2555 1218 2610 quem
1246 2539 1491 2594 nominis
1516 2539 1762 2594 ultimab
1793 2542 1952 2592 notet

406 2622 666 2695 Syllaba;
692 2605 892 2696 hicque
911 2605 996 2679 tui
1018 2605 1200 2680 cordis
1221 2624 1345 2679 laus
1365 2623 1440 2678 sit
1457 2623 1548 2679 hic
1569 2624 1752 2678 fervor
1769 2622 1998 2680 amoris.
2245 2605 2457 2669 XXIV-
2491 2641 2566 2655 -·
2596 2625 2679 2670 AD
2711 2624 3037 2671 SAHUELEI
3068 2621 3525 2670 PBESBYTBBUII.

407 2706 496 2774 Sit
519 2707 623 2762 tibi
652 2707 784 2775 vita,
817 2709 988 2776 salus,
1019 2708 1122 2763 tibi
1151 2709 1226 2764 sit
1251 2709 1359 2776 via,
1391 2707 1590 2780 gloria,
1615 2707 1792 2763 virtus

2086 2744 2202 2799 Has
2230 2741 2450 2798 tabulas
2475 2743 2664 2798 senior
2689 2749 2982 2814 gratanter
3009 2742 3234 2816 percipe
3263 2755 3472 2814 quaeso,

405 2795 715 2865 Protector,
747 2804 932 2853 rector
957 2814 1061 2870 per
1092 2799 1294 2853 saecula
1321 2804 1523 2853 cuncta
1549 2797 1751 2852 valeto.

2160 2833 2342 2898 Quam
2371 2831 2473 2888 tibi
2501 2832 2734 2888 devotus
2756 2833 2954 2904 junior
2975 2831 3248 2887 exhibuit.

2032 2933 2077 2994 ο
2097 2923 2286 2978 Buxus
2308 2921 2573 2978 canitiem
2600 2922 2805 2994 signat,
2837 2922 3257 2993 claustrumque
3281 2924 3562 2976 secretum

2163 3011 2474 3067 Consilium
2504 3010 2707 3078 cordis,
2737 3017 2821 3078 tu,
2847 3011 3017 3066 Pater
3045 3011 3212 3076 alme,
3235 3009 3378 3064 vale.

409 3105 517 3170 Qui
538 3106 665 3161 coeli
694 3107 937 3174 culmen,
967 3113 1137 3163 teme
1164 3108 1262 3180 qui
1283 3107 1536 3163 continet
1555 3124 1703 3168 una:
2251 3119 2438 3181 XXV.
2472 3153 2552 3164 —
2580 3136 2664 3180 an
2691 3135 3017 3180 SAIUBLBI
3049 3131 3508 3179 passam-nux.

477 3195 585 3260 Qui
616 3197 774 3268 ponti
803 3197 1026 3264 ﬂuctus,
1065 3197 1254 3252 sidera
1281 3197 1490 3269 quique
1520 3197 1685 3268 regit,

411 3284 586 3356 Cujus
616 3301 738 3357 quae
767 3286 993 3341 fuerant
1010 3303 1075 3342 ac
1103 3293 1254 3353 sunt,
1282 3292 1342 3342 et
1367 3291 1571 3342 cuncta
1591 3286 1800 3350 futura,

477 3375 648 3429 Stant
672 3374 732 3430 in
759 3382 1080 3448 conspectu,
1103 3377 1336 3448 ipseque
1365 3382 1568 3431 cuncta
1592 3375 1762 3430 videt.

422 3463 686 3519 Vestrum
709 3463 1060 3521 fructiferum
1081 3466 1363 3521 custodiat
1389 3465 1515 3537 ipsa
1535 3463 1784 3520 laborem

479 3553 545 3608 In
574 3552 698 3610 cceli
725 3569 900 3624 regno
931 3554 1164 3626 praemia
1191 3553 1366 3624 digna
1384 3570 1612 3626 parans.

414 3641 504 3698 Sis
530 3659 750 3699 memor
775 3659 910 3715 ergo
937 3644 1050 3699 mei
1066 3643 1240 3699 sacris
1260 3642 1534 3699 altaribus
1562 3647 1772 3708 astans,

479 3731 693 3788 Praesul
722 3738 914 3788 sancte
942 3733 1062 3800 Dei,
1097 3733 1174 3788 sit
1191 3733 1342 3788 Deus
1369 3737 1544 3804 utque
1568 3731 1672 3786 tui.

358 3841 366 3851 ·
408 3819 515 3876 Ast
540 3821 644 3878 tibi
669 3821 717 3877 si
744 3839 975 3894 possum
1003 3822 1138 3894 quid
1159 3822 1302 3880 clam
1323 3821 1575 3877 conferre
1594 3836 1912 3886 susurrans,

485 2957 648 3018 XXI.
685 2989 765 3004 —
794 2973 943 3019 man
973 2974 1052 3020 Αι)
1092 2974 1420 3021 εωισειειι
1451 2973 1917 3021 pnsssvrsauu.

2089 3233 2178 3290 Sis
2196 3234 2324 3289 felix
2347 3251 2558 3306 sospes,
2588 3234 2664 3290 sis
2692 3235 2852 3290 laetus
2886 3249 3111 3306 semper
3135 3231 3362 3303 ubique,

2156 3324 2235 3378 Te
2262 3326 2618 3396 omnipotens
2649 3322 2921 3378 Dominus
2948 3325 3208 3393 protegat
3232 3325 3400 3390 atque
3430 3322 3616 3388 regat.

2086 3413 2237 3468 Vivis
2267 3418 2456 3468 mente
2478 3429 2624 3479 mea,
2656 3413 2808 3467 vivas
2828 3428 2930 3484 per
2953 3410 3160 3467 saecula
3187 3409 3431 3474 Christo,

2157 3502 2324 3558 Vives
2348 3519 2476 3558 cum
2502 3501 2710 3557 sanctis
2738 3518 2917 3572 regna
2939 3499 3106 3556 beata
3141 3504 3360 3554 tenens.

2089 3593 2205 3647 Hos
2232 3608 2396 3647 senos
2417 3607 2611 3647 versus
2635 3589 2963 3662 transcripsi
2992 3595 3246 3660 tempore
3277 3603 3472 3660 parvo,

2159 3681 2475 3737 Perfectum
2502 3681 2659 3737 senio
2688 3679 2900 3736 aethera
2926 3690 2952 3720 ο
2976 3685 3035 3734 te
3063 3678 3307 3750 capiant.

2197 3789 2418 3852 XXVI.
2448 3823 2527 3834 -—
2553 3805 2634 3850 an
2655 3792 2682 3835 ἀ
2712 3769 3098 3850 [suasurum
3129 3799 3581 3848 vaesanas“.

478 3911 546 3966 In
587 3911 846 3982 precibus
873 3912 1108 3982 dignum
1133 3911 1252 3983 ipse
1282 3911 1523 3966 libenter
1552 3927 1737 3981 agam.
2089 3905 2290 3976 Accipe
2318 3904 2596 3976 primitias
2625 3905 2816 3970 Musa,
2849 3904 3036 3970 Pater,
3059 3903 3166 3957 hoc
3193 3899 3360 3956 breve
3387 3915 3620 3956 carmen

406 3998 692 4055 Concedat
712 4001 986 4056 Dominus
1014 4001 1138 4055 vitae
1152 4001 1274 4070 jam
1309 4015 1513 4055 munus
1538 3999 1794 4070 utrisque
2161 3993 2231 4047 Et
2248 3993 2456 4048 nostris
2484 3991 2684 4047 studiis
2704 3997 2878 4063 tuque
2909 3991 3091 4046 faveto
3119 3990 3264 4062 pius.

478 4088 750 4145 Effectum
773 4089 1051 4160 precibus,
1078 4089 1256 4143 dulcis
1281 4089 1480 4156 amice,
1512 4089 1653 4143 vale.
2088 4080 2304 4153 Dignus
2333 4098 2465 4137 nam
2491 4082 2656 4136 docta
2680 4097 2807 4136 cum
2835 4080 2911 4135 sis
2940 4086 3007 4135 ut
3033 4079 3288 4135 carmina
3305 4077 3488 4133 solvas

2160 4171 2422 4241 Ignoscas
2443 4169 2666 4235 nostris,
2705 4167 2918 4224 rustica
2942 4184 3070 4223 cum
3094 4168 3302 4223 videas.

565 4233 759 4296 XXII.
799 4268 866 4278 —
896 4249 979 4293 AD
1017 4247 1344 4294 εαυεωιι
1387 4248 1845 4294 rassavrsaun.

2068 4233 2301 4315 *Cun'cta
2329 4258 2556 4332 quidem
2581 4233 2802 4314 tibimet
2830 4258 3104 4313 virtutum
3141 4255 3389 4328 insignia
3407 4253 3680 4322 condunt,

405 4377 506 4432 Est
531 4376 754 4434 animus
782 4382 1094 4450 promptus,
1119 4382 1254 4432 sunt
1277 4393 1495 4442 sensus,
1521 4377 1710 4448 accipe
1735 4379 1945 4442 votum,
2084 4438 2128 4450 κ
2154 4349 2394 4450 Νοωθῧν
2428 4364 2538 4450 (ξαίῗ
2557 4348 2741 4450 Cl"
2769 4347 3216 4450 ὼειιυε,¹³ξ>πξονεξ
3238 4346 3377 4400 ﬁ”:

471 4466 600 4525 Non
625 4483 858 4539 spernas
888 4467 1124 4534 socium,
1151 4483 1374 4539 semper
1400 4465 1614 4520 amicus
1634 4469 1808 4520 amat.
2084 4438 2320 4539 Feﬂ‘lm
2429 4438 2654 4503 fortem,
2683 4437 2918 4539 alarum’
2951 4441 3155 4537 νξηξηθ

402 4517 1762 4628 Ng.'g..2'..;pgg.;.i;;.;i.;aanesi..."
1773 4517 1977 4610 Auster

2157 4527 2415 4600 Signant,
2449 4544 2552 4600 per
2587 4527 2796 4582 multas
2822 4526 3026 4581 crescis
3057 4525 3116 4580 in
3145 4517 3267 4579 a'rte
3295 4523 3433 4578 vias.

472 4643 591 4699 Nec
617 4644 826 4700 Boreas
845 4610 1030 4716 glacie
1050 4610 1326 4716 stringere
1353 4610 1557 4717 nempe
1583 4644 1749 4699 valet.
1986 4610 1997 4622 '
2082 4616 2432 4717 Αλέίιινρηαε
2459 4616 2734 4717 Ῑξοωίωλδ
2759 4613 3377 4716 θυηθίθωω,⁰ξ³¹¹ἀίδ⁰¹’
3404 4610 3608 4678 almus’

400 4730 656 4789 libertas
684 4703 1094 4790 animivmunus
1122 4703 1387 4806 expendit
1413 4703 1643 4799 amoris,
2097 4798 2110 4806 Δ
2140 4708 2230 4806 ,Τθ
2255 4708 2462 4806 νίηιξῖθ
2489 4706 2636 4774 beet:
2667 4712 2875 4778 augeat
2900 4711 2959 4760 et
2978 4703 3212 4806 mél'itis‘,

471 4821 720 4895 Dignum
739 4827 826 4878 est
847 4828 913 4878 ut
940 4791 1210 4879 mentem‘
1219 4828 1483 4896 provocat
1508 4791 1642 4895 ipsa,
1658 4821 1830 4896 piam.
2079 4798 2266 4898 Αδξξαθ
2294 4797 2744 4898 ωθίοωθφονθω
2768 4800 3058 4898 ⁰⁰ξ¹⁸ξ¹ξνθί
3079 4792 3267 4894 Ma

407 4881 611 4966 Nullus
640 4910 700 4965 in
729 4909 863 4966 orbe
890 4911 1000 4966 fuit
1033 4927 1200 4983 quem
1219 4881 1345 4966 .non
1375 4881 1790 4982 consumpserit
1814 4914 1951 4968 aetas
1983 4933 1999 4968 :
2161 4887 2396 4959 semper
2413 4886 2474 4942 in
2493 4890 2788 4952 aeternum
2819 4883 2996 4940 dulcis
3027 4883 3223 4950 amid“
3253 4881 3396 4937 vale“

415 5044 422 5058 .
474 4999 742 5072 Quisquis
769 5000 922 5058 enim
952 5000 1149 5073 possit,
1183 5017 1406 5072 semper
1433 4999 1614 5055 amica
1639 5005 1820 5072 paret.
2276 4994 2524 5056 XXVII.
2567 5029 2631 5038 —
2665 5009 2748 5054 AD
2776 5007 3015 5055 EXULEI
3046 5003 3502 5052 PRESBYTER“.

403 5087 669 5146 Rabanus
698 5106 865 5162 posco
888 5089 1168 5146 seniorem
1191 5095 1250 5144 te
1277 5089 1618 5156 Samuelem,
2085 5091 2278 5148 Fortis
2295 5091 2445 5147 dicta
2470 5089 2664 5157 dabas,
2692 5087 3074 5145 exhortatoria
3098 5086 3285 5154 verba,

475 5178 606 5234 Haec
633 5185 699 5234 tu
727 5179 1061 5252 perpendas,
1093 5183 1293 5234 cuncta
1314 5179 1444 5250 jure
1473 5178 1645 5250 legas.
2157 5180 2264 5246 Qui
2291 5181 2404 5236 tale
2432 5179 2749 5252 exemplum
2777 5177 2990 5234 ventris
3012 5176 3072 5232 in
3100 5193 3198 5232 ore
3225 5173 3464 5248 profers.

404 5267 662 5326 Christus
690 5267 750 5325 in
774 5286 902 5326 arce
929 5269 1082 5326 Deus
1099 5273 1390 5326 conservet
1406 5285 1630 5341 semper
1642 5272 1965 5342 utrumque,
2085 5269 2195 5326 Pro
2223 5287 2284 5326 se
2311 5269 2553 5326 sollicita
2579 5286 2714 5326 nam
2742 5267 2976 5324 mandat
3001 5265 3301 5339 Apostolus
3327 5279 3471 5330 esse,

1389 5427 1701 5486 SCHOLIA
1737 5427 2278 5486 CHRISTOPHORI
2315 5428 2680 5488 BROWERI.

473 5575 798 5655 Ρὲειηιιοιίε
823 5579 1126 5655 ΡΓΒΡΡθιεε·
2143 5579 2172 5655 εξ
2197 5580 2540 5655 Isanbertus,
2591 5583 2756 5655 cujus
2781 5579 3012 5655 nomine
3029 5578 3309 5655 __Ba_turic9
3341 5575 3514 5655 paulo
3540 5579 3670 5631 ante

471 5648 501 5690 ιι
527 5649 618 5726 Et,
649 5647 855 5726 nqmen
878 5647 1000 5704 Diei.
1068 5723 1077 5726 _
1111 5715 1158 5726 __
1230 5723 1239 5726 _
1371 5723 1378 5726 Α
2070 5653 2314 5726 scripsit,
2344 5670 2418 5726 ex
2444 5647 2735 5726 notatione
2782 5651 3220 5726 Latinadicitur
3266 5647 3414 5726 (erro
3441 5647 3660 5714 clarus;

469 5729 498 5766 ο
527 5717 742 5776 Plurali
767 5727 990 5791 neutro,
1018 5723 1088 5777 ut
1111 5715 1480 5778 Fortunatus.
2069 5715 2311 5800 ejus'que'
2331 5725 2621 5800 epitapbia
2645 5725 2832 5784 virum
2857 5723 3084 5798 plenius
3106 5720 3436 5782 ostendunt.
