  <div class='ocr_page' id='page_1' title='image "/cluster/home/n/w/nwhite01/storage/ocr_20150623/112/hvd.32044054759774/808.png"; bbox 0 0 4018 6160; ppageno 0'>
   <div class='ocr_carea' id='block_1_1' title="bbox 297 251 1895 322">
    <p class='ocr_par' dir='ltr' id='par_1_1' title="bbox 297 251 1895 314">
     <span class='ocr_line' id='line_1_1' title="bbox 297 251 1895 314; baseline 0 -3"><span class='ocrx_word' id='word_1_1' title='bbox 297 253 441 314; x_wconf 81' lang='grc'><strong>1605</strong></span> <span class='ocrx_word' id='word_1_2' title='bbox 1063 251 1413 308; x_wconf 80' lang='grc' dir='ltr'><strong>ΟΑΒΜΑΝΙ.</strong></span> <span class='ocrx_word' id='word_1_3' title='bbox 1453 283 1518 296; x_wconf 90' lang='grc'><strong><em>-</em></strong></span> <span class='ocrx_word' id='word_1_4' title='bbox 1558 254 1815 314; x_wconf 82' lang='lat' dir='ltr'><strong>SECTIO</strong></span> <span class='ocrx_word' id='word_1_5' title='bbox 1853 258 1895 313; x_wconf 89' lang='grc' dir='ltr'><strong>Ῑ.</strong></span> 
     </span>
    </p>
   </div>
   <div class='ocr_carea' id='block_1_2' title="bbox 1974 251 3583 322">
    <p class='ocr_par' dir='ltr' id='par_1_2' title="bbox 1974 257 3583 322">
     <span class='ocr_line' id='line_1_2' title="bbox 1974 257 3583 322; baseline 0.005 -8"><span class='ocrx_word' id='word_1_6' title='bbox 1974 257 2277 316; x_wconf 77' lang='lat' dir='ltr'><strong>&#39;OEMATA</strong></span> <span class='ocrx_word' id='word_1_7' title='bbox 2313 259 2409 316; x_wconf 87' lang='lat' dir='ltr'><strong>DE</strong></span> <span class='ocrx_word' id='word_1_8' title='bbox 2445 260 2800 322; x_wconf 79' lang='lat' dir='ltr'><strong>DIVERSIS.</strong></span> <span class='ocrx_word' id='word_1_9' title='bbox 3442 265 3583 322; x_wconf 71' lang='lat'><strong>1606</strong></span> 
     </span>
    </p>
   </div>
   <div class='ocr_carea' id='block_1_3' title="bbox 371 380 3285 464">
    <p class='ocr_par' dir='ltr' id='par_1_3' title="bbox 371 380 3285 464">
     <span class='ocr_line' id='line_1_3' title="bbox 371 380 3285 464; baseline 0.003 -28"><span class='ocrx_word' id='word_1_10' title='bbox 371 380 641 445; x_wconf 84' lang='lat' dir='ltr'><strong>Membra,</strong></span> <span class='ocrx_word' id='word_1_11' title='bbox 675 395 777 435; x_wconf 90' lang='lat' dir='ltr'><strong>nec</strong></span> <span class='ocrx_word' id='word_1_12' title='bbox 807 383 1060 434; x_wconf 80' lang='lat' dir='ltr'><strong>ventrem</strong></span> <span class='ocrx_word' id='word_1_13' title='bbox 1091 381 1296 453; x_wconf 84' lang='lat' dir='ltr'><strong>excipit</strong></span> <span class='ocrx_word' id='word_1_14' title='bbox 1322 382 1452 436; x_wconf 90' lang='lat' dir='ltr'><strong>inde</strong></span> <span class='ocrx_word' id='word_1_15' title='bbox 1479 383 1721 454; x_wconf 89' lang='lat' dir='ltr'><strong>pigrum.</strong></span> <span class='ocrx_word' id='word_1_16' title='bbox 1920 389 1971 448; x_wconf 85' lang='grc' dir='ltr'><strong>Α</strong></span> <span class='ocrx_word' id='word_1_17' title='bbox 2061 389 2138 442; x_wconf 90' lang='lat' dir='ltr'><strong>Te</strong></span> <span class='ocrx_word' id='word_1_18' title='bbox 2167 388 2272 442; x_wconf 90' lang='lat' dir='ltr'><strong>sibi</strong></span> <span class='ocrx_word' id='word_1_19' title='bbox 2301 393 2485 444; x_wconf 91' lang='lat' dir='ltr'><strong>totum</strong></span> <span class='ocrx_word' id='word_1_20' title='bbox 2520 391 2672 446; x_wconf 87' lang='lat' dir='ltr'><strong>intus</strong></span> <span class='ocrx_word' id='word_1_21' title='bbox 2700 392 2943 447; x_wconf 81' lang='lat' dir='ltr'><strong>vindicet</strong></span> <span class='ocrx_word' id='word_1_22' title='bbox 2968 391 3088 464; x_wconf 90' lang='lat' dir='ltr'><strong>ipse</strong></span> <span class='ocrx_word' id='word_1_23' title='bbox 3116 393 3285 448; x_wconf 88' lang='lat' dir='ltr'><strong>Deus.</strong></span> 
     </span>
    </p>
   </div>
   <div class='ocr_carea' id='block_1_4' title="bbox 299 469 3578 554">
    <p class='ocr_par' dir='ltr' id='par_1_4' title="bbox 299 469 3578 554">
     <span class='ocr_line' id='line_1_4' title="bbox 299 469 3578 554; baseline 0.003 -28"><span class='ocrx_word' id='word_1_24' title='bbox 299 471 540 526; x_wconf 83' lang='lat' dir='ltr'><strong>Currere</strong></span> <span class='ocrx_word' id='word_1_25' title='bbox 589 487 719 524; x_wconf 91' lang='lat' dir='ltr'><strong>cum</strong></span> <span class='ocrx_word' id='word_1_26' title='bbox 773 469 1023 541; x_wconf 80' lang='lat' dir='ltr'><strong>pedibus,</strong></span> <span class='ocrx_word' id='word_1_27' title='bbox 1070 470 1241 524; x_wconf 92' lang='lat' dir='ltr'><strong>oculis</strong></span> <span class='ocrx_word' id='word_1_28' title='bbox 1279 488 1344 525; x_wconf 85' lang='lat' dir='ltr'><strong>ac</strong></span> <span class='ocrx_word' id='word_1_29' title='bbox 1392 488 1619 527; x_wconf 88' lang='lat' dir='ltr'><strong>cernere</strong></span> <span class='ocrx_word' id='word_1_30' title='bbox 1666 473 1749 527; x_wconf 85' lang='lat' dir='ltr'><strong>fas</strong></span> <span class='ocrx_word' id='word_1_31' title='bbox 1793 479 1894 542; x_wconf 87' lang='lat' dir='ltr'><strong>est,</strong></span> <span class='ocrx_word' id='word_1_32' title='bbox 1982 477 2110 530; x_wconf 82' lang='lat' dir='ltr'><strong>Haec</strong></span> <span class='ocrx_word' id='word_1_33' title='bbox 2138 478 2260 543; x_wconf 86' lang='lat' dir='ltr'>tibi,</span> <span class='ocrx_word' id='word_1_34' title='bbox 2293 485 2484 534; x_wconf 81' lang='lat' dir='ltr'><strong>sancte</strong></span> <span class='ocrx_word' id='word_1_35' title='bbox 2529 487 2706 551; x_wconf 88' lang='lat' dir='ltr'><strong>pater,</strong></span> <span class='ocrx_word' id='word_1_36' title='bbox 2750 483 2995 553; x_wconf 89' lang='lat' dir='ltr'><strong>optando</strong></span> <span class='ocrx_word' id='word_1_37' title='bbox 3041 487 3357 552; x_wconf 88' lang='lat' dir='ltr'><strong>grammate</strong></span> <span class='ocrx_word' id='word_1_38' title='bbox 3405 483 3578 554; x_wconf 85' lang='lat' dir='ltr'>pinxi,</span> 
     </span>
    </p>
   </div>
   <div class='ocr_carea' id='block_1_5' title="bbox 368 560 3119 640">
    <p class='ocr_par' dir='ltr' id='par_1_5' title="bbox 368 560 3119 640">
     <span class='ocr_line' id='line_1_5' title="bbox 368 560 3119 640; baseline 0.003 -25"><span class='ocrx_word' id='word_1_39' title='bbox 368 561 613 615; x_wconf 83' lang='lat' dir='ltr'><strong>Auribus</strong></span> <span class='ocrx_word' id='word_1_40' title='bbox 645 560 859 614; x_wconf 88' lang='lat' dir='ltr'><strong>audire‘</strong></span> <span class='ocrx_word' id='word_1_41' title='bbox 893 575 1101 630; x_wconf 90' lang='lat' dir='ltr'><strong>oreque</strong></span> <span class='ocrx_word' id='word_1_42' title='bbox 1131 560 1297 613; x_wconf 88' lang='lat' dir='ltr'><strong>verba</strong></span> <span class='ocrx_word' id='word_1_43' title='bbox 1326 562 1480 615; x_wconf 88' lang='lat' dir='ltr'><strong>dare.</strong></span> <span class='ocrx_word' id='word_1_44' title='bbox 2055 567 2128 621; x_wconf 92' lang='lat' dir='ltr'><strong>Ut</strong></span> <span class='ocrx_word' id='word_1_45' title='bbox 2155 569 2256 621; x_wconf 88' lang='lat' dir='ltr'><strong>ﬁas</strong></span> <span class='ocrx_word' id='word_1_46' title='bbox 2285 569 2414 622; x_wconf 82' lang='lat' dir='ltr'>felix</span> <span class='ocrx_word' id='word_1_47' title='bbox 2443 570 2708 640; x_wconf 82' lang='lat' dir='ltr'><strong>dogmata</strong></span> <span class='ocrx_word' id='word_1_48' title='bbox 2731 589 2891 626; x_wconf 87' lang='lat' dir='ltr'><strong>sacra</strong></span> <span class='ocrx_word' id='word_1_49' title='bbox 2917 571 3119 626; x_wconf 87' lang='lat' dir='ltr'><strong>sciens.</strong></span> 
     </span>
    </p>
   </div>
   <div class='ocr_carea' id='block_1_6' title="bbox 301 649 3577 732">
    <p class='ocr_par' dir='ltr' id='par_1_6' title="bbox 301 649 3577 732">
     <span class='ocr_line' id='line_1_6' title="bbox 301 649 3577 732; baseline 0.003 -28"><span class='ocrx_word' id='word_1_50' title='bbox 301 651 447 721; x_wconf 86' lang='lat' dir='ltr'><strong>Ergo</strong></span> <span class='ocrx_word' id='word_1_51' title='bbox 476 667 678 704; x_wconf 89' lang='lat' dir='ltr'><strong>manus</strong></span> <span class='ocrx_word' id='word_1_52' title='bbox 706 650 890 703; x_wconf 91' lang='lat' dir='ltr'><strong>solum</strong></span> <span class='ocrx_word' id='word_1_53' title='bbox 920 649 1100 703; x_wconf 89' lang='lat' dir='ltr'><strong>ventri</strong></span> <span class='ocrx_word' id='word_1_54' title='bbox 1129 650 1176 703; x_wconf 91' lang='lat' dir='ltr'><strong>si</strong></span> <span class='ocrx_word' id='word_1_55' title='bbox 1203 650 1454 721; x_wconf 87' lang='lat' dir='ltr'><strong>porrigat</strong></span> <span class='ocrx_word' id='word_1_56' title='bbox 1475 667 1682 716; x_wconf 90' lang='lat' dir='ltr'><strong>escam,</strong></span> <span class='ocrx_word' id='word_1_57' title='bbox 1981 654 2098 708; x_wconf 86' lang='lat' dir='ltr'><strong>Hoc</strong></span> <span class='ocrx_word' id='word_1_58' title='bbox 2127 672 2352 728; x_wconf 89' lang='lat' dir='ltr'><strong>quoque</strong></span> <span class='ocrx_word' id='word_1_59' title='bbox 2370 675 2536 729; x_wconf 92' lang='lat' dir='ltr'><strong>posco</strong></span> <span class='ocrx_word' id='word_1_60' title='bbox 2557 659 2738 714; x_wconf 89' lang='lat' dir='ltr'><strong>Deum</strong></span> <span class='ocrx_word' id='word_1_61' title='bbox 2762 677 2864 731; x_wconf 89' lang='lat' dir='ltr'><strong>per</strong></span> <span class='ocrx_word' id='word_1_62' title='bbox 2884 662 3129 732; x_wconf 83' lang='lat' dir='ltr'><strong>psalmos</strong></span> <span class='ocrx_word' id='word_1_63' title='bbox 3166 660 3275 714; x_wconf 89' lang='lat' dir='ltr'><strong>rite</strong></span> <span class='ocrx_word' id='word_1_64' title='bbox 3305 661 3577 716; x_wconf 88' lang='lat' dir='ltr'><strong>canendo.</strong></span> 
     </span>
    </p>
   </div>
   <div class='ocr_carea' id='block_1_7' title="bbox 369 738 1823 795">
    <p class='ocr_par' dir='ltr' id='par_1_7' title="bbox 369 738 1823 795">
     <span class='ocr_line' id='line_1_7' title="bbox 369 738 1823 795; baseline 0 -1"><span class='ocrx_word' id='word_1_65' title='bbox 369 741 586 795; x_wconf 86' lang='lat' dir='ltr'><strong>Cuncta</strong></span> <span class='ocrx_word' id='word_1_66' title='bbox 611 746 668 794; x_wconf 90' lang='lat' dir='ltr'><strong>et</strong></span> <span class='ocrx_word' id='word_1_67' title='bbox 695 738 954 793; x_wconf 88' lang='lat' dir='ltr'><strong>membra</strong></span> <span class='ocrx_word' id='word_1_68' title='bbox 985 739 1151 793; x_wconf 89' lang='lat' dir='ltr'><strong>simul</strong></span> <span class='ocrx_word' id='word_1_69' title='bbox 1175 739 1324 794; x_wconf 89' lang='lat' dir='ltr'><strong>hunc</strong></span> <span class='ocrx_word' id='word_1_70' title='bbox 1351 740 1558 794; x_wconf 89' lang='lat' dir='ltr'><strong>satiare</strong></span> <span class='ocrx_word' id='word_1_71' title='bbox 1577 740 1823 795; x_wconf 85' lang='lat' dir='ltr'><strong>student.</strong></span> 
     </span>
    </p>
   </div>
   <div class='ocr_carea' id='block_1_8' title="bbox 301 829 3452 907">
    <p class='ocr_par' dir='ltr' id='par_1_8' title="bbox 301 829 3452 907">
     <span class='ocr_line' id='line_1_8' title="bbox 301 829 3452 907; baseline 0.002 -24"><span class='ocrx_word' id='word_1_72' title='bbox 301 829 438 893; x_wconf 89' lang='lat' dir='ltr'><strong>Quis</strong></span> <span class='ocrx_word' id='word_1_73' title='bbox 475 835 805 899; x_wconf 81' lang='lat' dir='ltr'><strong>tegumenta</strong></span> <span class='ocrx_word' id='word_1_74' title='bbox 836 834 1016 900; x_wconf 86' lang='lat' dir='ltr'><strong>parat,</strong></span> <span class='ocrx_word' id='word_1_75' title='bbox 1058 836 1319 884; x_wconf 91' lang='lat' dir='ltr'><strong>ornatum</strong></span> <span class='ocrx_word' id='word_1_76' title='bbox 1371 831 1574 900; x_wconf 80' lang='lat' dir='ltr'><strong>quaerit</strong></span> <span class='ocrx_word' id='word_1_77' title='bbox 1599 836 1658 884; x_wconf 89' lang='lat' dir='ltr'><strong>et</strong></span> <span class='ocrx_word' id='word_1_78' title='bbox 1682 836 1897 902; x_wconf 89' lang='lat' dir='ltr'><strong>aptum,</strong></span> <span class='ocrx_word' id='word_1_79' title='bbox 1986 832 2213 897; x_wconf 78' lang='lat' dir='ltr'><strong>(Desunt</strong></span> <span class='ocrx_word' id='word_1_80' title='bbox 2243 840 2452 901; x_wconf 61' lang='lat' dir='ltr'><strong>catera,</strong></span> <span class='ocrx_word' id='word_1_81' title='bbox 2487 838 2640 903; x_wconf 74' lang='lat' dir='ltr'><strong>foliis</strong></span> <span class='ocrx_word' id='word_1_82' title='bbox 2669 843 2911 905; x_wconf 77' lang='lat' dir='ltr'><strong>quatuor</strong></span> <span class='ocrx_word' id='word_1_83' title='bbox 2937 841 3158 892; x_wconf 70' lang='lat' dir='ltr'><strong>circiter</strong></span> <span class='ocrx_word' id='word_1_84' title='bbox 3190 840 3452 907; x_wconf 73' lang='lat' dir='ltr'><strong>amissis.)</strong></span> 
     </span>
    </p>
   </div>
   <div class='ocr_carea' id='block_1_9' title="bbox 369 919 1895 992">
    <p class='ocr_par' dir='ltr' id='par_1_9' title="bbox 369 919 1895 992">
     <span class='ocr_line' id='line_1_9' title="bbox 369 919 1895 992; baseline -0.001 -17"><span class='ocrx_word' id='word_1_85' title='bbox 369 920 506 984; x_wconf 83' lang='lat' dir='ltr'><strong>Quis</strong></span> <span class='ocrx_word' id='word_1_86' title='bbox 535 920 793 990; x_wconf 85' lang='lat' dir='ltr'><strong>clypeum</strong></span> <span class='ocrx_word' id='word_1_87' title='bbox 824 919 894 972; x_wconf 89' lang='lat' dir='ltr'><strong>ad</strong></span> <span class='ocrx_word' id='word_1_88' title='bbox 939 934 1206 988; x_wconf 85' lang='lat' dir='ltr'><strong>pugnam,</strong></span> <span class='ocrx_word' id='word_1_89' title='bbox 1253 920 1378 990; x_wconf 89' lang='lat' dir='ltr'><strong>quis</strong></span> <span class='ocrx_word' id='word_1_90' title='bbox 1422 937 1561 991; x_wconf 90' lang='lat' dir='ltr'><strong>rogo</strong></span> <span class='ocrx_word' id='word_1_91' title='bbox 1590 921 1702 976; x_wconf 87' lang='lat' dir='ltr'><strong>tela</strong></span> <span class='ocrx_word' id='word_1_92' title='bbox 1731 921 1895 992; x_wconf 88' lang='lat' dir='ltr'><strong>rapit.</strong></span> 
     </span>
    </p>
   </div>
   <div class='ocr_carea' id='block_1_10' title="bbox 297 1008 1480 1076">
    <p class='ocr_par' dir='ltr' id='par_1_10' title="bbox 297 1008 1480 1076">
     <span class='ocr_line' id='line_1_10' title="bbox 297 1008 1480 1076; baseline 0.001 -13"><span class='ocrx_word' id='word_1_93' title='bbox 297 1009 510 1063; x_wconf 84' lang='lat' dir='ltr'><strong>Venter</strong></span> <span class='ocrx_word' id='word_1_94' title='bbox 536 1010 610 1063; x_wconf 90' lang='lat' dir='ltr'><strong>sit</strong></span> <span class='ocrx_word' id='word_1_95' title='bbox 634 1025 790 1075; x_wconf 70' lang='lat' dir='ltr'><strong>escae,</strong></span> <span class='ocrx_word' id='word_1_96' title='bbox 822 1008 1000 1062; x_wconf 83' lang='lat' dir='ltr'><strong>ventri</strong></span> <span class='ocrx_word' id='word_1_97' title='bbox 1031 1009 1308 1062; x_wconf 87' lang='lat' dir='ltr'><strong>deserviat</strong></span> <span class='ocrx_word' id='word_1_98' title='bbox 1335 1026 1480 1076; x_wconf 89' lang='lat' dir='ltr'><strong>esca,</strong></span> 
     </span>
    </p>
   </div>
   <div class='ocr_carea' id='block_1_11' title="bbox 2362 971 3193 1033">
    <p class='ocr_par' dir='ltr' id='par_1_11' title="bbox 2362 971 3193 1033">
     <span class='ocr_line' id='line_1_11' title="bbox 2362 971 3193 1033; baseline 0.005 -4"><span class='ocrx_word' id='word_1_99' title='bbox 2362 971 2578 1030; x_wconf 84' lang='lat' dir='ltr'><strong>XXIX.</strong></span> <span class='ocrx_word' id='word_1_100' title='bbox 2616 1003 2690 1016; x_wconf 92' lang='lat'><strong>—</strong></span> <span class='ocrx_word' id='word_1_101' title='bbox 2721 987 2801 1030; x_wconf 61' lang='lat' dir='ltr'><strong>an</strong></span> <span class='ocrx_word' id='word_1_102' title='bbox 2839 976 2865 1016; x_wconf 68' lang='grc' dir='ltr'><strong>ι)</strong></span> <span class='ocrx_word' id='word_1_103' title='bbox 2898 987 3193 1033; x_wconf 62' lang='lat' dir='ltr'><strong>nervosum.</strong></span> 
     </span>
    </p>
   </div>
   <div class='ocr_carea' id='block_1_12' title="bbox 370 1097 3302 1176">
    <p class='ocr_par' dir='ltr' id='par_1_12' title="bbox 370 1097 3302 1176">
     <span class='ocr_line' id='line_1_12' title="bbox 370 1097 3302 1176; baseline 0.003 -24"><span class='ocrx_word' id='word_1_104' title='bbox 370 1100 531 1153; x_wconf 89' lang='lat' dir='ltr'><strong>Hunc</strong></span> <span class='ocrx_word' id='word_1_105' title='bbox 560 1100 710 1152; x_wconf 91' lang='lat' dir='ltr'><strong>Deus</strong></span> <span class='ocrx_word' id='word_1_106' title='bbox 739 1104 908 1169; x_wconf 87' lang='lat' dir='ltr'><strong>atque</strong></span> <span class='ocrx_word' id='word_1_107' title='bbox 937 1097 1091 1152; x_wconf 87' lang='lat' dir='ltr'><strong>illam</strong></span> <span class='ocrx_word' id='word_1_108' title='bbox 1122 1099 1374 1153; x_wconf 85' lang='lat' dir='ltr'><strong>destruet</strong></span> <span class='ocrx_word' id='word_1_109' title='bbox 1405 1099 1524 1170; x_wconf 91' lang='lat' dir='ltr'><strong>ipse</strong></span> <span class='ocrx_word' id='word_1_110' title='bbox 1552 1100 1682 1153; x_wconf 89' lang='lat' dir='ltr'><strong>cito.</strong></span> <span class='ocrx_word' id='word_1_111' title='bbox 1983 1098 2108 1153; x_wconf 87' lang='lat' dir='ltr'><strong>Una</strong></span> <span class='ocrx_word' id='word_1_112' title='bbox 2131 1099 2250 1153; x_wconf 91' lang='lat' dir='ltr'><strong>dies</strong></span> <span class='ocrx_word' id='word_1_113' title='bbox 2288 1099 2452 1168; x_wconf 88' lang='lat' dir='ltr'><strong>ridet,</strong></span> <span class='ocrx_word' id='word_1_114' title='bbox 2485 1119 2676 1158; x_wconf 87' lang='lat' dir='ltr'><strong>cassus</strong></span> <span class='ocrx_word' id='word_1_115' title='bbox 2706 1121 2828 1158; x_wconf 90' lang='lat' dir='ltr'><strong>cras</strong></span> <span class='ocrx_word' id='word_1_116' title='bbox 2856 1105 3035 1159; x_wconf 90' lang='lat' dir='ltr'><strong>altera</strong></span> <span class='ocrx_word' id='word_1_117' title='bbox 3066 1104 3302 1176; x_wconf 87' lang='lat' dir='ltr'><strong>plangit,</strong></span> 
     </span>
    </p>
   </div>
   <div class='ocr_carea' id='block_1_13' title="bbox 295 1188 3264 1260">
    <p class='ocr_par' dir='ltr' id='par_1_13' title="bbox 295 1188 3264 1260">
     <span class='ocr_line' id='line_1_13' title="bbox 295 1188 3264 1260; baseline 0.003 -18"><span class='ocrx_word' id='word_1_118' title='bbox 295 1189 406 1242; x_wconf 92' lang='lat' dir='ltr'><strong>Sed</strong></span> <span class='ocrx_word' id='word_1_119' title='bbox 430 1189 569 1242; x_wconf 89' lang='lat' dir='ltr'><strong>mihi</strong></span> <span class='ocrx_word' id='word_1_120' title='bbox 598 1188 912 1242; x_wconf 88' lang='lat' dir='ltr'><strong>communis</strong></span> <span class='ocrx_word' id='word_1_121' title='bbox 941 1205 1143 1260; x_wconf 90' lang='lat' dir='ltr'><strong>nempe</strong></span> <span class='ocrx_word' id='word_1_122' title='bbox 1173 1205 1237 1242; x_wconf 89' lang='lat' dir='ltr'><strong>ac</strong></span> <span class='ocrx_word' id='word_1_123' title='bbox 1253 1190 1472 1259; x_wconf 90' lang='lat' dir='ltr'><strong>justum</strong></span> <span class='ocrx_word' id='word_1_124' title='bbox 1503 1206 1624 1244; x_wconf 89' lang='lat' dir='ltr'><strong>esse</strong></span> <span class='ocrx_word' id='word_1_125' title='bbox 1657 1188 1894 1253; x_wconf 87' lang='lat' dir='ltr'><strong>videtur,</strong></span> <span class='ocrx_word' id='word_1_126' title='bbox 2052 1188 2145 1242; x_wconf 87' lang='lat' dir='ltr'><strong>Nil</strong></span> <span class='ocrx_word' id='word_1_127' title='bbox 2169 1189 2341 1243; x_wconf 85' lang='lat' dir='ltr'><strong>fixum</strong></span> <span class='ocrx_word' id='word_1_128' title='bbox 2372 1193 2652 1260; x_wconf 91' lang='lat' dir='ltr'><strong>quomodo</strong></span> <span class='ocrx_word' id='word_1_129' title='bbox 2682 1201 2898 1248; x_wconf 86' lang='lat' dir='ltr'><strong>tessera</strong></span> <span class='ocrx_word' id='word_1_130' title='bbox 2927 1196 3055 1249; x_wconf 74' lang='lat' dir='ltr'><strong>laeta</strong></span> <span class='ocrx_word' id='word_1_131' title='bbox 3081 1195 3264 1253; x_wconf 84' lang='lat' dir='ltr'><strong>dabit.</strong></span> 
     </span>
    </p>
   </div>
   <div class='ocr_carea' id='block_1_14' title="bbox 367 1278 3457 1352">
    <p class='ocr_par' dir='ltr' id='par_1_14' title="bbox 367 1278 3457 1352">
     <span class='ocr_line' id='line_1_14' title="bbox 367 1278 3457 1352; baseline 0.002 -19"><span class='ocrx_word' id='word_1_132' title='bbox 367 1278 750 1333; x_wconf 84' lang='lat' dir='ltr'><strong>Membrorum</strong></span> <span class='ocrx_word' id='word_1_133' title='bbox 776 1284 840 1332; x_wconf 91' lang='lat' dir='ltr'><strong>ut</strong></span> <span class='ocrx_word' id='word_1_134' title='bbox 869 1295 1005 1332; x_wconf 90' lang='lat' dir='ltr'><strong>cura</strong></span> <span class='ocrx_word' id='word_1_135' title='bbox 1032 1295 1137 1349; x_wconf 86' lang='lat' dir='ltr'><strong>par</strong></span> <span class='ocrx_word' id='word_1_136' title='bbox 1167 1279 1266 1331; x_wconf 86' lang='lat' dir='ltr'><strong>fiat</strong></span> <span class='ocrx_word' id='word_1_137' title='bbox 1309 1284 1477 1350; x_wconf 89' lang='lat' dir='ltr'><strong>atque</strong></span> <span class='ocrx_word' id='word_1_138' title='bbox 1507 1278 1682 1332; x_wconf 89' lang='lat' dir='ltr'><strong>labor.</strong></span> <span class='ocrx_word' id='word_1_139' title='bbox 1982 1279 2169 1332; x_wconf 63' lang='lat' dir='ltr'><strong>jEstas</strong></span> <span class='ocrx_word' id='word_1_140' title='bbox 2197 1279 2349 1333; x_wconf 87' lang='lat' dir='ltr'><strong>clara</strong></span> <span class='ocrx_word' id='word_1_141' title='bbox 2381 1280 2569 1346; x_wconf 89' lang='lat' dir='ltr'><strong>micat,</strong></span> <span class='ocrx_word' id='word_1_142' title='bbox 2599 1287 2904 1337; x_wconf 88' lang='lat' dir='ltr'><strong>autumnus</strong></span> <span class='ocrx_word' id='word_1_143' title='bbox 2935 1285 3183 1339; x_wconf 89' lang='lat' dir='ltr'><strong>conferet</strong></span> <span class='ocrx_word' id='word_1_144' title='bbox 3210 1285 3457 1352; x_wconf 86' lang='lat' dir='ltr'><strong>umbras,</strong></span> 
     </span>
    </p>
   </div>
   <div class='ocr_carea' id='block_1_15' title="bbox 296 1367 3324 1440">
    <p class='ocr_par' dir='ltr' id='par_1_15' title="bbox 296 1367 3324 1440">
     <span class='ocr_line' id='line_1_15' title="bbox 296 1367 3324 1440; baseline 0.002 -19"><span class='ocrx_word' id='word_1_145' title='bbox 296 1367 371 1422; x_wconf 90' lang='lat' dir='ltr'><strong>Ut</strong></span> <span class='ocrx_word' id='word_1_146' title='bbox 397 1385 596 1423; x_wconf 90' lang='lat' dir='ltr'><strong>manus</strong></span> <span class='ocrx_word' id='word_1_147' title='bbox 626 1368 748 1440; x_wconf 90' lang='lat' dir='ltr'><strong>ipsa</strong></span> <span class='ocrx_word' id='word_1_148' title='bbox 777 1368 933 1440; x_wconf 91' lang='lat' dir='ltr'><strong>operi</strong></span> <span class='ocrx_word' id='word_1_149' title='bbox 968 1367 1230 1432; x_wconf 84' lang='lat' dir='ltr'><strong>deservit,</strong></span> <span class='ocrx_word' id='word_1_150' title='bbox 1265 1367 1344 1422; x_wconf 91' lang='lat' dir='ltr'><strong>sic</strong></span> <span class='ocrx_word' id='word_1_151' title='bbox 1376 1384 1597 1439; x_wconf 89' lang='lat' dir='ltr'><strong>quoque</strong></span> <span class='ocrx_word' id='word_1_152' title='bbox 1636 1372 1830 1422; x_wconf 88' lang='lat' dir='ltr'><strong>venter</strong></span> <span class='ocrx_word' id='word_1_153' title='bbox 2054 1368 2165 1422; x_wconf 89' lang='lat' dir='ltr'><strong>Ver</strong></span> <span class='ocrx_word' id='word_1_154' title='bbox 2197 1369 2362 1422; x_wconf 79' lang='lat' dir='ltr'><strong>floret</strong></span> <span class='ocrx_word' id='word_1_155' title='bbox 2383 1371 2644 1439; x_wconf 88' lang='lat' dir='ltr'><strong>gemmis,</strong></span> <span class='ocrx_word' id='word_1_156' title='bbox 2675 1372 2778 1425; x_wconf 91' lang='lat' dir='ltr'><strong>has</strong></span> <span class='ocrx_word' id='word_1_157' title='bbox 2805 1373 2922 1427; x_wconf 87' lang='lat' dir='ltr'><strong>fera</strong></span> <span class='ocrx_word' id='word_1_158' title='bbox 2947 1374 3095 1428; x_wconf 86' lang='lat' dir='ltr'><strong>tollit</strong></span> <span class='ocrx_word' id='word_1_159' title='bbox 3124 1375 3324 1430; x_wconf 85' lang='lat' dir='ltr'><strong>hiems.</strong></span> 
     </span>
    </p>
   </div>
   <div class='ocr_carea' id='block_1_16' title="bbox 369 1457 3469 1535">
    <p class='ocr_par' dir='ltr' id='par_1_16' title="bbox 369 1457 3469 1535">
     <span class='ocr_line' id='line_1_16' title="bbox 369 1457 3469 1535; baseline 0.003 -25"><span class='ocrx_word' id='word_1_160' title='bbox 369 1457 630 1510; x_wconf 89' lang='lat' dir='ltr'><strong>Consiliis</strong></span> <span class='ocrx_word' id='word_1_161' title='bbox 659 1461 835 1510; x_wconf 88' lang='lat' dir='ltr'><strong>certet</strong></span> <span class='ocrx_word' id='word_1_162' title='bbox 859 1462 1060 1510; x_wconf 88' lang='lat' dir='ltr'><strong>cuncta</strong></span> <span class='ocrx_word' id='word_1_163' title='bbox 1089 1473 1319 1511; x_wconf 85' lang='lat' dir='ltr'><strong>monere</strong></span> <span class='ocrx_word' id='word_1_164' title='bbox 1347 1458 1485 1512; x_wconf 92' lang='lat' dir='ltr'><strong>suis.</strong></span> <span class='ocrx_word' id='word_1_165' title='bbox 1985 1457 2131 1521; x_wconf 87' lang='lat' dir='ltr'><strong>Quid</strong></span> <span class='ocrx_word' id='word_1_166' title='bbox 2156 1474 2322 1528; x_wconf 89' lang='lat' dir='ltr'><strong>porro</strong></span> <span class='ocrx_word' id='word_1_167' title='bbox 2343 1465 2427 1512; x_wconf 88' lang='lat' dir='ltr'><strong>est</strong></span> <span class='ocrx_word' id='word_1_168' title='bbox 2461 1461 2611 1530; x_wconf 90' lang='lat' dir='ltr'><strong>quod</strong></span> <span class='ocrx_word' id='word_1_169' title='bbox 2637 1477 2748 1514; x_wconf 92' lang='lat' dir='ltr'><strong>non</strong></span> <span class='ocrx_word' id='word_1_170' title='bbox 2779 1464 3092 1532; x_wconf 85' lang='lat' dir='ltr'><strong>properatis</strong></span> <span class='ocrx_word' id='word_1_171' title='bbox 3122 1465 3318 1535; x_wconf 76' lang='lat' dir='ltr'><strong>effugit</strong></span> <span class='ocrx_word' id='word_1_172' title='bbox 3343 1465 3469 1530; x_wconf 88' lang='lat' dir='ltr'><strong>alis,</strong></span> 
     </span>
    </p>
   </div>
   <div class='ocr_carea' id='block_1_17' title="bbox 304 1546 3337 1623">
    <p class='ocr_par' dir='ltr' id='par_1_17' title="bbox 304 1546 3337 1623">
     <span class='ocr_line' id='line_1_17' title="bbox 304 1546 3337 1623; baseline 0.003 -24"><span class='ocrx_word' id='word_1_173' title='bbox 304 1547 437 1609; x_wconf 78' lang='lat' dir='ltr'><strong>Quae</strong></span> <span class='ocrx_word' id='word_1_174' title='bbox 463 1547 664 1600; x_wconf 91' lang='lat' dir='ltr'><strong>domus</strong></span> <span class='ocrx_word' id='word_1_175' title='bbox 695 1562 760 1600; x_wconf 86' lang='lat' dir='ltr'><strong>ex</strong></span> <span class='ocrx_word' id='word_1_176' title='bbox 802 1551 961 1617; x_wconf 89' lang='lat' dir='ltr'><strong>parte</strong></span> <span class='ocrx_word' id='word_1_177' title='bbox 989 1546 1328 1611; x_wconf 83' lang='lat' dir='ltr'><strong>defenditur,</strong></span> <span class='ocrx_word' id='word_1_178' title='bbox 1365 1548 1482 1602; x_wconf 71' lang='lat' dir='ltr'><strong>haec</strong></span> <span class='ocrx_word' id='word_1_179' title='bbox 1511 1552 1667 1618; x_wconf 87' lang='lat' dir='ltr'><strong>patet</strong></span> <span class='ocrx_word' id='word_1_180' title='bbox 1712 1547 1861 1602; x_wconf 88' lang='lat' dir='ltr'><strong>hosti</strong></span> <span class='ocrx_word' id='word_1_181' title='bbox 1887 1567 1898 1614; x_wconf 89' lang='lat'><strong>;</strong></span> <span class='ocrx_word' id='word_1_182' title='bbox 2055 1547 2123 1600; x_wconf 90' lang='lat' dir='ltr'><strong>Et</strong></span> <span class='ocrx_word' id='word_1_183' title='bbox 2150 1547 2367 1602; x_wconf 87' lang='lat' dir='ltr'><strong>varium</strong></span> <span class='ocrx_word' id='word_1_184' title='bbox 2396 1565 2509 1602; x_wconf 92' lang='lat' dir='ltr'><strong>non</strong></span> <span class='ocrx_word' id='word_1_185' title='bbox 2540 1549 2615 1602; x_wconf 88' lang='lat' dir='ltr'><strong>sit</strong></span> <span class='ocrx_word' id='word_1_186' title='bbox 2643 1550 2793 1620; x_wconf 90' lang='lat' dir='ltr'><strong>quod</strong></span> <span class='ocrx_word' id='word_1_187' title='bbox 2821 1556 2976 1620; x_wconf 82' lang='lat' dir='ltr'><strong>teget</strong></span> <span class='ocrx_word' id='word_1_188' title='bbox 3003 1569 3129 1607; x_wconf 86' lang='lat' dir='ltr'><strong>arce</strong></span> <span class='ocrx_word' id='word_1_189' title='bbox 3159 1553 3337 1623; x_wconf 89' lang='lat' dir='ltr'><strong>polus.</strong></span> 
     </span>
    </p>
   </div>
   <div class='ocr_carea' id='block_1_18' title="bbox 374 1635 3121 1724">
    <p class='ocr_par' dir='ltr' id='par_1_18' title="bbox 374 1635 3121 1724">
     <span class='ocr_line' id='line_1_18' title="bbox 374 1635 3121 1724; baseline 0.002 -34"><span class='ocrx_word' id='word_1_190' title='bbox 374 1636 508 1698; x_wconf 59' lang='lat' dir='ltr'><strong>Qua</strong></span> <span class='ocrx_word' id='word_1_191' title='bbox 539 1653 760 1707; x_wconf 87' lang='lat' dir='ltr'><strong>quoque</strong></span> <span class='ocrx_word' id='word_1_192' title='bbox 787 1637 1029 1690; x_wconf 89' lang='lat' dir='ltr'><strong>vallatur</strong></span> <span class='ocrx_word' id='word_1_193' title='bbox 1058 1636 1327 1707; x_wconf 89' lang='lat' dir='ltr'><strong>undique,</strong></span> <span class='ocrx_word' id='word_1_194' title='bbox 1355 1641 1480 1691; x_wconf 86' lang='lat' dir='ltr'><strong>tuta</strong></span> <span class='ocrx_word' id='word_1_195' title='bbox 1509 1643 1718 1693; x_wconf 88' lang='lat' dir='ltr'><strong>manet.</strong></span> <span class='ocrx_word' id='word_1_196' title='bbox 1913 1664 1962 1724; x_wconf 83' lang='lat' dir='ltr'><strong>B</strong></span> <span class='ocrx_word' id='word_1_197' title='bbox 1983 1635 2178 1690; x_wconf 87' lang='lat' dir='ltr'><strong>Aerias</strong></span> <span class='ocrx_word' id='word_1_198' title='bbox 2204 1637 2367 1707; x_wconf 92' lang='lat' dir='ltr'><strong>pinus</strong></span> <span class='ocrx_word' id='word_1_199' title='bbox 2397 1637 2633 1692; x_wconf 88' lang='lat' dir='ltr'><strong>inclinat</strong></span> <span class='ocrx_word' id='word_1_200' title='bbox 2656 1639 2818 1708; x_wconf 89' lang='lat' dir='ltr'><strong>pigra</strong></span> <span class='ocrx_word' id='word_1_201' title='bbox 2843 1646 3121 1706; x_wconf 90' lang='lat' dir='ltr'><strong>senectus,</strong></span> 
     </span>
    </p>
   </div>
   <div class='ocr_carea' id='block_1_19' title="bbox 307 1723 3148 1797">
    <p class='ocr_par' dir='ltr' id='par_1_19' title="bbox 307 1723 3148 1797">
     <span class='ocr_line' id='line_1_19' title="bbox 307 1723 3148 1797; baseline 0.004 -21"><span class='ocrx_word' id='word_1_202' title='bbox 307 1723 574 1780; x_wconf 85' lang='lat' dir='ltr'><strong>Providus</strong></span> <span class='ocrx_word' id='word_1_203' title='bbox 604 1743 674 1780; x_wconf 93' lang='lat' dir='ltr'><strong>en</strong></span> <span class='ocrx_word' id='word_1_204' title='bbox 700 1731 888 1780; x_wconf 88' lang='lat' dir='ltr'><strong>mente</strong></span> <span class='ocrx_word' id='word_1_205' title='bbox 917 1731 1114 1780; x_wconf 90' lang='lat' dir='ltr'><strong>cautus</strong></span> <span class='ocrx_word' id='word_1_206' title='bbox 1152 1726 1230 1780; x_wconf 90' lang='lat' dir='ltr'><strong>sis</strong></span> <span class='ocrx_word' id='word_1_207' title='bbox 1259 1742 1481 1797; x_wconf 88' lang='lat' dir='ltr'><strong>semper</strong></span> <span class='ocrx_word' id='word_1_208' title='bbox 1519 1732 1576 1780; x_wconf 90' lang='lat' dir='ltr'><strong>et</strong></span> <span class='ocrx_word' id='word_1_209' title='bbox 1605 1732 1752 1792; x_wconf 90' lang='lat' dir='ltr'><strong>actu,</strong></span> <span class='ocrx_word' id='word_1_210' title='bbox 1914 1723 1949 1724; x_wconf 29' lang='grc' dir='ltr'>ί</span> <span class='ocrx_word' id='word_1_211' title='bbox 2051 1725 2315 1780; x_wconf 89' lang='lat' dir='ltr'><strong>Dissolvit</strong></span> <span class='ocrx_word' id='word_1_212' title='bbox 2339 1743 2526 1797; x_wconf 91' lang='lat' dir='ltr'><strong>rupes,</strong></span> <span class='ocrx_word' id='word_1_213' title='bbox 2562 1728 2797 1782; x_wconf 83' lang='lat' dir='ltr'><strong>flumina</strong></span> <span class='ocrx_word' id='word_1_214' title='bbox 2823 1729 2969 1784; x_wconf 91' lang='lat' dir='ltr'><strong>sicca</strong></span> <span class='ocrx_word' id='word_1_215' title='bbox 2995 1730 3148 1788; x_wconf 88' lang='lat' dir='ltr'><strong>facit.</strong></span> 
     </span>
    </p>
   </div>
   <div class='ocr_carea' id='block_1_20' title="bbox 374 1814 3504 1888">
    <p class='ocr_par' dir='ltr' id='par_1_20' title="bbox 374 1814 3504 1888">
     <span class='ocr_line' id='line_1_20' title="bbox 374 1814 3504 1888; baseline 0.003 -20"><span class='ocrx_word' id='word_1_216' title='bbox 374 1815 628 1870; x_wconf 88' lang='lat' dir='ltr'><strong>Prudens</strong></span> <span class='ocrx_word' id='word_1_217' title='bbox 656 1821 856 1869; x_wconf 84' lang='lat' dir='ltr'><strong>cuncta</strong></span> <span class='ocrx_word' id='word_1_218' title='bbox 882 1833 1031 1880; x_wconf 89' lang='lat' dir='ltr'><strong>cave,</strong></span> <span class='ocrx_word' id='word_1_219' title='bbox 1063 1815 1250 1869; x_wconf 89' lang='lat' dir='ltr'><strong>tristia</strong></span> <span class='ocrx_word' id='word_1_220' title='bbox 1280 1815 1435 1869; x_wconf 90' lang='lat' dir='ltr'><strong>nulla</strong></span> <span class='ocrx_word' id='word_1_221' title='bbox 1454 1815 1608 1870; x_wconf 88' lang='lat' dir='ltr'><strong>time.</strong></span> <span class='ocrx_word' id='word_1_222' title='bbox 1977 1814 2124 1868; x_wconf 90' lang='lat' dir='ltr'><strong>Dum</strong></span> <span class='ocrx_word' id='word_1_223' title='bbox 2153 1815 2456 1886; x_wconf 90' lang='lat' dir='ltr'><strong>loquimur,</strong></span> <span class='ocrx_word' id='word_1_224' title='bbox 2486 1834 2645 1887; x_wconf 84' lang='lat' dir='ltr'><strong>seges</strong></span> <span class='ocrx_word' id='word_1_225' title='bbox 2665 1818 2782 1871; x_wconf 85' lang='lat' dir='ltr'><strong>alta</strong></span> <span class='ocrx_word' id='word_1_226' title='bbox 2805 1819 2963 1884; x_wconf 89' lang='lat' dir='ltr'><strong>viret,</strong></span> <span class='ocrx_word' id='word_1_227' title='bbox 2997 1820 3265 1876; x_wconf 88' lang='lat' dir='ltr'><strong>maturiet</strong></span> <span class='ocrx_word' id='word_1_228' title='bbox 3293 1835 3337 1888; x_wconf 79' lang='grc' dir='ltr'><strong>θ,</strong></span> <span class='ocrx_word' id='word_1_229' title='bbox 3363 1828 3504 1888; x_wconf 75' lang='lat' dir='ltr'><strong>arat,</strong></span> 
     </span>
    </p>
   </div>
   <div class='ocr_carea' id='block_1_21' title="bbox 306 1901 3136 1971">
    <p class='ocr_par' dir='ltr' id='par_1_21' title="bbox 306 1901 3136 1971">
     <span class='ocr_line' id='line_1_21' title="bbox 306 1901 3136 1971; baseline 0.003 -16"><span class='ocrx_word' id='word_1_230' title='bbox 306 1901 495 1957; x_wconf 82' lang='lat' dir='ltr'><strong>Victor</strong></span> <span class='ocrx_word' id='word_1_231' title='bbox 515 1904 590 1957; x_wconf 93' lang='lat' dir='ltr'><strong>sit</strong></span> <span class='ocrx_word' id='word_1_232' title='bbox 616 1905 890 1969; x_wconf 90' lang='lat' dir='ltr'><strong>Christus,</strong></span> <span class='ocrx_word' id='word_1_233' title='bbox 915 1905 995 1958; x_wconf 92' lang='lat' dir='ltr'><strong>sic</strong></span> <span class='ocrx_word' id='word_1_234' title='bbox 1024 1910 1109 1958; x_wconf 86' lang='lat' dir='ltr'><strong>est</strong></span> <span class='ocrx_word' id='word_1_235' title='bbox 1129 1903 1359 1958; x_wconf 89' lang='lat' dir='ltr'><strong>victoria</strong></span> <span class='ocrx_word' id='word_1_236' title='bbox 1389 1921 1538 1971; x_wconf 89' lang='lat' dir='ltr'><strong>vera,</strong></span> <span class='ocrx_word' id='word_1_237' title='bbox 2050 1905 2366 1959; x_wconf 89' lang='lat' dir='ltr'><strong>Canescunt</strong></span> <span class='ocrx_word' id='word_1_238' title='bbox 2392 1905 2568 1970; x_wconf 64' lang='lat' dir='ltr'><strong>violae,</strong></span> <span class='ocrx_word' id='word_1_239' title='bbox 2601 1906 2721 1960; x_wconf 90' lang='lat' dir='ltr'><strong>lilia</strong></span> <span class='ocrx_word' id='word_1_240' title='bbox 2743 1907 2900 1961; x_wconf 87' lang='lat' dir='ltr'><strong>fusca</strong></span> <span class='ocrx_word' id='word_1_241' title='bbox 2927 1910 3136 1964; x_wconf 91' lang='lat' dir='ltr'><strong>cadunt</strong></span> 
     </span>
    </p>
   </div>
   <div class='ocr_carea' id='block_1_22' title="bbox 376 1992 3314 2066">
    <p class='ocr_par' dir='ltr' id='par_1_22' title="bbox 376 1992 3314 2066">
     <span class='ocr_line' id='line_1_22' title="bbox 376 1992 3314 2066; baseline 0.003 -20"><span class='ocrx_word' id='word_1_242' title='bbox 376 1992 482 2056; x_wconf 87' lang='lat' dir='ltr'><strong>Qui</strong></span> <span class='ocrx_word' id='word_1_243' title='bbox 522 1993 732 2064; x_wconf 84' lang='lat' dir='ltr'><strong>Regem</strong></span> <span class='ocrx_word' id='word_1_244' title='bbox 762 1995 911 2048; x_wconf 89' lang='lat' dir='ltr'><strong>hunc</strong></span> <span class='ocrx_word' id='word_1_245' title='bbox 940 1994 1214 2064; x_wconf 86' lang='lat' dir='ltr'><strong>sequitur,</strong></span> <span class='ocrx_word' id='word_1_246' title='bbox 1244 1993 1422 2047; x_wconf 86' lang='lat' dir='ltr'><strong>victor</strong></span> <span class='ocrx_word' id='word_1_247' title='bbox 1449 1998 1505 2048; x_wconf 89' lang='lat' dir='ltr'><strong>et</strong></span> <span class='ocrx_word' id='word_1_248' title='bbox 1533 1993 1650 2066; x_wconf 91' lang='lat' dir='ltr'><strong>ipse</strong></span> <span class='ocrx_word' id='word_1_249' title='bbox 1684 1999 1892 2048; x_wconf 89' lang='lat' dir='ltr'><strong>manet.</strong></span> <span class='ocrx_word' id='word_1_250' title='bbox 1979 1993 2108 2064; x_wconf 89' lang='lat' dir='ltr'><strong>Ipsa</strong></span> <span class='ocrx_word' id='word_1_251' title='bbox 2135 2010 2265 2047; x_wconf 90' lang='lat' dir='ltr'><strong>suos</strong></span> <span class='ocrx_word' id='word_1_252' title='bbox 2293 1994 2457 2048; x_wconf 91' lang='lat' dir='ltr'><strong>citius</strong></span> <span class='ocrx_word' id='word_1_253' title='bbox 2477 2000 2670 2064; x_wconf 86' lang='lat' dir='ltr'><strong>gratos</strong></span> <span class='ocrx_word' id='word_1_254' title='bbox 2703 2013 2833 2050; x_wconf 90' lang='lat' dir='ltr'><strong>rosa</strong></span> <span class='ocrx_word' id='word_1_255' title='bbox 2858 1997 3018 2066; x_wconf 87' lang='lat' dir='ltr'><strong>ponit</strong></span> <span class='ocrx_word' id='word_1_256' title='bbox 3056 2000 3314 2066; x_wconf 88' lang='lat' dir='ltr'><strong>amictus,</strong></span> 
     </span>
    </p>
   </div>
   <div class='ocr_carea' id='block_1_23' title="bbox 298 2080 3360 2157">
    <p class='ocr_par' dir='ltr' id='par_1_23' title="bbox 298 2080 3360 2157">
     <span class='ocr_line' id='line_1_23' title="bbox 298 2080 3360 2157; baseline 0.003 -23"><span class='ocrx_word' id='word_1_257' title='bbox 298 2080 404 2134; x_wconf 91' lang='lat' dir='ltr'><strong>Tot</strong></span> <span class='ocrx_word' id='word_1_258' title='bbox 431 2099 623 2136; x_wconf 91' lang='lat' dir='ltr'><strong>versus</strong></span> <span class='ocrx_word' id='word_1_259' title='bbox 642 2083 835 2153; x_wconf 91' lang='lat' dir='ltr'><strong>scripsi</strong></span> <span class='ocrx_word' id='word_1_260' title='bbox 865 2088 1003 2154; x_wconf 90' lang='lat' dir='ltr'><strong>quot</strong></span> <span class='ocrx_word' id='word_1_261' title='bbox 1030 2084 1181 2138; x_wconf 67' lang='lat' dir='ltr'><strong>horae</strong></span> <span class='ocrx_word' id='word_1_262' title='bbox 1202 2100 1404 2154; x_wconf 90' lang='lat' dir='ltr'><strong>nempe</strong></span> <span class='ocrx_word' id='word_1_263' title='bbox 1429 2083 1540 2137; x_wconf 91' lang='lat' dir='ltr'><strong>diei</strong></span> <span class='ocrx_word' id='word_1_264' title='bbox 2046 2084 2309 2152; x_wconf 82' lang='lat' dir='ltr'><strong>Agrestes</strong></span> <span class='ocrx_word' id='word_1_265' title='bbox 2339 2085 2504 2137; x_wconf 87' lang='lat' dir='ltr'><strong>flores</strong></span> <span class='ocrx_word' id='word_1_266' title='bbox 2533 2101 2771 2156; x_wconf 81' lang='lat' dir='ltr'><strong>moxque</strong></span> <span class='ocrx_word' id='word_1_267' title='bbox 2801 2093 3115 2157; x_wconf 89' lang='lat' dir='ltr'><strong>sequuntur</strong></span> <span class='ocrx_word' id='word_1_268' title='bbox 3152 2105 3297 2144; x_wconf 89' lang='lat' dir='ltr'><strong>eam.</strong></span> <span class='ocrx_word' id='word_1_269' title='bbox 3351 2126 3360 2134; x_wconf 74' lang='lat'><strong>.</strong></span> 
     </span>
    </p>
   </div>
   <div class='ocr_carea' id='block_1_24' title="bbox 370 2169 3572 2247">
    <p class='ocr_par' dir='ltr' id='par_1_24' title="bbox 370 2169 3572 2247">
     <span class='ocr_line' id='line_1_24' title="bbox 370 2169 3572 2247; baseline 0.002 -22"><span class='ocrx_word' id='word_1_270' title='bbox 370 2172 530 2239; x_wconf 87' lang='lat' dir='ltr'><strong>Sunt,</strong></span> <span class='ocrx_word' id='word_1_271' title='bbox 565 2178 764 2244; x_wconf 90' lang='lat' dir='ltr'><strong>optans</strong></span> <span class='ocrx_word' id='word_1_272' title='bbox 794 2189 1016 2244; x_wconf 88' lang='lat' dir='ltr'><strong>semper</strong></span> <span class='ocrx_word' id='word_1_273' title='bbox 1043 2190 1234 2244; x_wconf 88' lang='lat' dir='ltr'><strong>sospes</strong></span> <span class='ocrx_word' id='word_1_274' title='bbox 1264 2179 1328 2230; x_wconf 91' lang='lat' dir='ltr'><strong>ut</strong></span> <span class='ocrx_word' id='word_1_275' title='bbox 1355 2173 1473 2244; x_wconf 88' lang='lat' dir='ltr'><strong>ipse</strong></span> <span class='ocrx_word' id='word_1_276' title='bbox 1513 2175 1633 2227; x_wconf 79' lang='lat' dir='ltr'><strong>fias.</strong></span> <span class='ocrx_word' id='word_1_277' title='bbox 1979 2169 2251 2224; x_wconf 90' lang='lat' dir='ltr'><strong>Omnibus</strong></span> <span class='ocrx_word' id='word_1_278' title='bbox 2280 2171 2368 2225; x_wconf 88' lang='lat' dir='ltr'><strong>his</strong></span> <span class='ocrx_word' id='word_1_279' title='bbox 2398 2171 2577 2225; x_wconf 88' lang='lat' dir='ltr'><strong>brevis</strong></span> <span class='ocrx_word' id='word_1_280' title='bbox 2606 2190 2760 2236; x_wconf 81' lang='lat' dir='ltr'><strong>usus,</strong></span> <span class='ocrx_word' id='word_1_281' title='bbox 2796 2181 2855 2227; x_wconf 92' lang='lat' dir='ltr'><strong>et</strong></span> <span class='ocrx_word' id='word_1_282' title='bbox 2896 2181 2981 2228; x_wconf 90' lang='lat' dir='ltr'><strong>est</strong></span> <span class='ocrx_word' id='word_1_283' title='bbox 3017 2175 3120 2229; x_wconf 86' lang='lat' dir='ltr'><strong>sub</strong></span> <span class='ocrx_word' id='word_1_284' title='bbox 3147 2177 3270 2247; x_wconf 85' lang='lat' dir='ltr'><strong>lege</strong></span> <span class='ocrx_word' id='word_1_285' title='bbox 3316 2193 3572 2233; x_wconf 89' lang='lat' dir='ltr'><strong>noverca.</strong></span> 
     </span>
    </p>
   </div>
   <div class='ocr_carea' id='block_1_25' title="bbox 2045 2260 3215 2327">
    <p class='ocr_par' dir='ltr' id='par_1_25' title="bbox 2045 2260 3215 2327">
     <span class='ocr_line' id='line_1_25' title="bbox 2045 2260 3215 2327; baseline 0.007 -15"><span class='ocrx_word' id='word_1_286' title='bbox 2045 2260 2343 2314; x_wconf 86' lang='lat' dir='ltr'><strong>Alternant</strong></span> <span class='ocrx_word' id='word_1_287' title='bbox 2368 2261 2598 2327; x_wconf 90' lang='lat' dir='ltr'><strong>vicibus,</strong></span> <span class='ocrx_word' id='word_1_288' title='bbox 2624 2269 2681 2316; x_wconf 91' lang='lat' dir='ltr'><strong>et</strong></span> <span class='ocrx_word' id='word_1_289' title='bbox 2707 2263 2875 2316; x_wconf 87' lang='lat' dir='ltr'><strong>simul</strong></span> <span class='ocrx_word' id='word_1_290' title='bbox 2909 2263 3215 2320; x_wconf 89' lang='lat' dir='ltr'><strong>intereunt.</strong></span> 
     </span>
    </p>
   </div>
   <div class='ocr_carea' id='block_1_26' title="bbox 1974 2349 3570 2423">
    <p class='ocr_par' dir='ltr' id='par_1_26' title="bbox 1974 2349 3570 2423">
     <span class='ocr_line' id='line_1_26' title="bbox 1974 2349 3570 2423; baseline 0.006 -21"><span class='ocrx_word' id='word_1_291' title='bbox 1974 2349 2170 2419; x_wconf 90' lang='lat' dir='ltr'><strong>Tuque</strong></span> <span class='ocrx_word' id='word_1_292' title='bbox 2198 2355 2358 2404; x_wconf 89' lang='lat' dir='ltr'><strong>tuum</strong></span> <span class='ocrx_word' id='word_1_293' title='bbox 2393 2351 2574 2405; x_wconf 89' lang='lat' dir='ltr'><strong>credis</strong></span> <span class='ocrx_word' id='word_1_294' title='bbox 2605 2352 2755 2422; x_wconf 91' lang='lat' dir='ltr'><strong>quod</strong></span> <span class='ocrx_word' id='word_1_295' title='bbox 2782 2354 3020 2407; x_wconf 77' lang='lat' dir='ltr'><strong>mendax</strong></span> <span class='ocrx_word' id='word_1_296' title='bbox 3060 2357 3382 2411; x_wconf 88' lang='lat' dir='ltr'><strong>commodat</strong></span> <span class='ocrx_word' id='word_1_297' title='bbox 3411 2357 3570 2423; x_wconf 90' lang='lat' dir='ltr'><strong>hora,</strong></span> 
     </span>
    </p>
   </div>
   <div class='ocr_carea' id='block_1_27' title="bbox 298 2438 3262 2516">
    <p class='ocr_par' dir='ltr' id='par_1_27' title="bbox 298 2438 3262 2516">
     <span class='ocr_line' id='line_1_27' title="bbox 298 2438 3262 2516; baseline 0.001 -20"><span class='ocrx_word' id='word_1_298' title='bbox 298 2438 682 2512; x_wconf 89' lang='lat' dir='ltr'><strong>Omnipotens,</strong></span> <span class='ocrx_word' id='word_1_299' title='bbox 715 2440 922 2496; x_wconf 90' lang='lat' dir='ltr'><strong>summi</strong></span> <span class='ocrx_word' id='word_1_300' title='bbox 951 2441 1136 2495; x_wconf 89' lang='lat' dir='ltr'><strong>Patris</strong></span> <span class='ocrx_word' id='word_1_301' title='bbox 1180 2441 1474 2512; x_wconf 83' lang='lat' dir='ltr'><strong>sapientia,</strong></span> <span class='ocrx_word' id='word_1_302' title='bbox 1508 2441 1749 2509; x_wconf 87' lang='lat' dir='ltr'><strong>Christe,</strong></span> <span class='ocrx_word' id='word_1_303' title='bbox 2047 2439 2276 2494; x_wconf 67' lang='lat' dir='ltr'><strong>JEterno</strong></span> <span class='ocrx_word' id='word_1_304' title='bbox 2315 2445 2373 2494; x_wconf 90' lang='lat' dir='ltr'><strong>et</strong></span> <span class='ocrx_word' id='word_1_305' title='bbox 2399 2441 2568 2494; x_wconf 89' lang='lat' dir='ltr'><strong>simili</strong></span> <span class='ocrx_word' id='word_1_306' title='bbox 2593 2458 2817 2513; x_wconf 90' lang='lat' dir='ltr'><strong>semper</strong></span> <span class='ocrx_word' id='word_1_307' title='bbox 2850 2443 3056 2499; x_wconf 90' lang='lat' dir='ltr'><strong>habere</strong></span> <span class='ocrx_word' id='word_1_308' title='bbox 3084 2445 3262 2516; x_wconf 90' lang='lat' dir='ltr'><strong>cupis.</strong></span> 
     </span>
    </p>
   </div>
   <div class='ocr_carea' id='block_1_28' title="bbox 605 2307 1584 2370">
    <p class='ocr_par' dir='ltr' id='par_1_28' title="bbox 605 2307 1584 2370">
     <span class='ocr_line' id='line_1_28' title="bbox 605 2307 1584 2370; baseline 0 -2"><span class='ocrx_word' id='word_1_309' title='bbox 605 2307 877 2370; x_wconf 86' lang='lat' dir='ltr'><strong>XXVIII.</strong></span> <span class='ocrx_word' id='word_1_310' title='bbox 925 2340 1006 2352; x_wconf 84' lang='lat'><strong>---</strong></span> <span class='ocrx_word' id='word_1_311' title='bbox 1041 2323 1121 2368; x_wconf 79' lang='lat' dir='ltr'><strong>AD</strong></span> <span class='ocrx_word' id='word_1_312' title='bbox 1160 2324 1584 2370; x_wconf 75' lang='lat' dir='ltr'><strong>mumGILnUM.</strong></span> 
     </span>
    </p>
   </div>
   <div class='ocr_carea' id='block_1_29' title="bbox 366 2527 3287 2602">
    <p class='ocr_par' dir='ltr' id='par_1_29' title="bbox 366 2527 3287 2602">
     <span class='ocr_line' id='line_1_29' title="bbox 366 2527 3287 2602; baseline 0.002 -18"><span class='ocrx_word' id='word_1_313' title='bbox 366 2531 474 2594; x_wconf 91' lang='lat' dir='ltr'><strong>Qui</strong></span> <span class='ocrx_word' id='word_1_314' title='bbox 501 2531 696 2584; x_wconf 88' lang='lat' dir='ltr'><strong>infima</strong></span> <span class='ocrx_word' id='word_1_315' title='bbox 723 2547 849 2586; x_wconf 94' lang='lat' dir='ltr'><strong>cum</strong></span> <span class='ocrx_word' id='word_1_316' title='bbox 871 2531 1089 2601; x_wconf 89' lang='lat' dir='ltr'><strong>superis</strong></span> <span class='ocrx_word' id='word_1_317' title='bbox 1118 2537 1319 2584; x_wconf 86' lang='lat' dir='ltr'><strong>cuncta</strong></span> <span class='ocrx_word' id='word_1_318' title='bbox 1346 2532 1589 2586; x_wconf 90' lang='lat' dir='ltr'><strong>tenendo</strong></span> <span class='ocrx_word' id='word_1_319' title='bbox 1618 2531 1784 2602; x_wconf 89' lang='lat' dir='ltr'><strong>regis.</strong></span> <span class='ocrx_word' id='word_1_320' title='bbox 1975 2527 2256 2582; x_wconf 88' lang='lat' dir='ltr'><strong>Paulatim</strong></span> <span class='ocrx_word' id='word_1_321' title='bbox 2281 2529 2516 2584; x_wconf 89' lang='lat' dir='ltr'><strong>miseros</strong></span> <span class='ocrx_word' id='word_1_322' title='bbox 2545 2531 2707 2584; x_wconf 75' lang='lat' dir='ltr'><strong>effert</strong></span> <span class='ocrx_word' id='word_1_323' title='bbox 2735 2532 2807 2584; x_wconf 91' lang='lat' dir='ltr'><strong>ad</strong></span> <span class='ocrx_word' id='word_1_324' title='bbox 2838 2537 2967 2586; x_wconf 90' lang='lat' dir='ltr'><strong>vota</strong></span> <span class='ocrx_word' id='word_1_325' title='bbox 3009 2539 3287 2589; x_wconf 87' lang='lat' dir='ltr'><strong>senectus.</strong></span> 
     </span>
    </p>
   </div>
   <div class='ocr_carea' id='block_1_30' title="bbox 292 2618 3387 2691">
    <p class='ocr_par' dir='ltr' id='par_1_30' title="bbox 292 2618 3387 2691">
     <span class='ocr_line' id='line_1_30' title="bbox 292 2618 3387 2691; baseline 0.002 -18"><span class='ocrx_word' id='word_1_326' title='bbox 292 2619 375 2673; x_wconf 92' lang='lat' dir='ltr'><strong>Tu</strong></span> <span class='ocrx_word' id='word_1_327' title='bbox 405 2619 544 2672; x_wconf 87' lang='lat' dir='ltr'><strong>mihi</strong></span> <span class='ocrx_word' id='word_1_328' title='bbox 573 2619 840 2673; x_wconf 90' lang='lat' dir='ltr'><strong>dilectum</strong></span> <span class='ocrx_word' id='word_1_329' title='bbox 870 2635 1138 2672; x_wconf 90' lang='lat' dir='ltr'><strong>conserva</strong></span> <span class='ocrx_word' id='word_1_330' title='bbox 1165 2636 1388 2691; x_wconf 89' lang='lat' dir='ltr'><strong>semper</strong></span> <span class='ocrx_word' id='word_1_331' title='bbox 1411 2620 1673 2687; x_wconf 89' lang='lat' dir='ltr'><strong>amicum,</strong></span> <span class='ocrx_word' id='word_1_332' title='bbox 2045 2619 2113 2672; x_wconf 89' lang='lat' dir='ltr'><strong>Et</strong></span> <span class='ocrx_word' id='word_1_333' title='bbox 2136 2618 2300 2671; x_wconf 89' lang='lat' dir='ltr'><strong>modo</strong></span> <span class='ocrx_word' id='word_1_334' title='bbox 2332 2618 2427 2688; x_wconf 90' lang='lat' dir='ltr'><strong>qui</strong></span> <span class='ocrx_word' id='word_1_335' title='bbox 2453 2619 2680 2684; x_wconf 86' lang='lat' dir='ltr'><strong>fuimus,</strong></span> <span class='ocrx_word' id='word_1_336' title='bbox 2711 2621 2834 2690; x_wconf 91' lang='lat' dir='ltr'><strong>jam</strong></span> <span class='ocrx_word' id='word_1_337' title='bbox 2862 2621 3028 2676; x_wconf 90' lang='lat' dir='ltr'><strong>modo</strong></span> <span class='ocrx_word' id='word_1_338' title='bbox 3059 2622 3387 2679; x_wconf 89' lang='lat' dir='ltr'><strong>desinimus.</strong></span> 
     </span>
    </p>
   </div>
   <div class='ocr_carea' id='block_1_31' title="bbox 359 2706 3188 2780">
    <p class='ocr_par' dir='ltr' id='par_1_31' title="bbox 359 2706 3188 2780">
     <span class='ocr_line' id='line_1_31' title="bbox 359 2706 3188 2780; baseline 0.002 -19"><span class='ocrx_word' id='word_1_339' title='bbox 359 2707 434 2761; x_wconf 90' lang='lat' dir='ltr'><strong>Ut</strong></span> <span class='ocrx_word' id='word_1_340' title='bbox 465 2707 653 2776; x_wconf 87' lang='lat' dir='ltr'><strong>vigeat</strong></span> <span class='ocrx_word' id='word_1_341' title='bbox 676 2723 884 2778; x_wconf 88' lang='lat' dir='ltr'><strong>sospes,</strong></span> <span class='ocrx_word' id='word_1_342' title='bbox 911 2723 1088 2777; x_wconf 89' lang='lat' dir='ltr'><strong>regna</strong></span> <span class='ocrx_word' id='word_1_343' title='bbox 1115 2725 1359 2778; x_wconf 89' lang='lat' dir='ltr'><strong>superna</strong></span> <span class='ocrx_word' id='word_1_344' title='bbox 1389 2715 1603 2779; x_wconf 88' lang='lat' dir='ltr'><strong>petens.</strong></span> <span class='ocrx_word' id='word_1_345' title='bbox 1973 2706 2221 2761; x_wconf 89' lang='lat' dir='ltr'><strong>Nutricis</strong></span> <span class='ocrx_word' id='word_1_346' title='bbox 2249 2707 2465 2776; x_wconf 89' lang='lat' dir='ltr'><strong>gremio</strong></span> <span class='ocrx_word' id='word_1_347' title='bbox 2493 2708 2678 2763; x_wconf 87' lang='lat' dir='ltr'><strong>subito</strong></span> <span class='ocrx_word' id='word_1_348' title='bbox 2709 2727 2850 2780; x_wconf 90' lang='lat' dir='ltr'><strong>puer</strong></span> <span class='ocrx_word' id='word_1_349' title='bbox 2867 2710 3036 2765; x_wconf 87' lang='lat' dir='ltr'><strong>altius</strong></span> <span class='ocrx_word' id='word_1_350' title='bbox 3057 2711 3188 2777; x_wconf 85' lang='lat' dir='ltr'><strong>exit,</strong></span> 
     </span>
    </p>
   </div>
   <div class='ocr_carea' id='block_1_32' title="bbox 290 2795 3226 2869">
    <p class='ocr_par' dir='ltr' id='par_1_32' title="bbox 290 2795 3226 2869">
     <span class='ocr_line' id='line_1_32' title="bbox 290 2795 3226 2869; baseline 0.001 -18"><span class='ocrx_word' id='word_1_351' title='bbox 290 2796 364 2851; x_wconf 93' lang='lat' dir='ltr'><strong>Ut</strong></span> <span class='ocrx_word' id='word_1_352' title='bbox 390 2802 604 2851; x_wconf 88' lang='lat' dir='ltr'><strong>crescat</strong></span> <span class='ocrx_word' id='word_1_353' title='bbox 632 2796 869 2862; x_wconf 90' lang='lat' dir='ltr'><strong>meritis,</strong></span> <span class='ocrx_word' id='word_1_354' title='bbox 897 2797 1097 2851; x_wconf 89' lang='lat' dir='ltr'><strong>crescit</strong></span> <span class='ocrx_word' id='word_1_355' title='bbox 1127 2815 1225 2852; x_wconf 93' lang='lat' dir='ltr'><strong>seu</strong></span> <span class='ocrx_word' id='word_1_356' title='bbox 1255 2798 1525 2869; x_wconf 90' lang='lat' dir='ltr'><strong>temporis</strong></span> <span class='ocrx_word' id='word_1_357' title='bbox 1555 2814 1688 2864; x_wconf 71' lang='lat' dir='ltr'><strong>zevo,</strong></span> <span class='ocrx_word' id='word_1_358' title='bbox 2044 2795 2392 2867; x_wconf 87' lang='lat' dir='ltr'><strong>Miraturque</strong></span> <span class='ocrx_word' id='word_1_359' title='bbox 2415 2797 2560 2851; x_wconf 89' lang='lat' dir='ltr'><strong>truci</strong></span> <span class='ocrx_word' id='word_1_360' title='bbox 2589 2815 2649 2851; x_wconf 89' lang='lat' dir='ltr'><strong>se</strong></span> <span class='ocrx_word' id='word_1_361' title='bbox 2677 2799 2814 2853; x_wconf 89' lang='lat' dir='ltr'><strong>dare</strong></span> <span class='ocrx_word' id='word_1_362' title='bbox 2842 2816 2972 2854; x_wconf 88' lang='lat' dir='ltr'><strong>voce</strong></span> <span class='ocrx_word' id='word_1_363' title='bbox 3001 2818 3226 2856; x_wconf 89' lang='lat' dir='ltr'><strong>sonum.</strong></span> 
     </span>
    </p>
   </div>
   <div class='ocr_carea' id='block_1_33' title="bbox 361 2885 3356 2961">
    <p class='ocr_par' dir='ltr' id='par_1_33' title="bbox 361 2885 3356 2961">
     <span class='ocr_line' id='line_1_33' title="bbox 361 2885 3356 2961; baseline 0.001 -21"><span class='ocrx_word' id='word_1_364' title='bbox 361 2886 496 2940; x_wconf 92' lang='lat' dir='ltr'><strong>Post</strong></span> <span class='ocrx_word' id='word_1_365' title='bbox 523 2885 738 2940; x_wconf 91' lang='lat' dir='ltr'><strong>obitum</strong></span> <span class='ocrx_word' id='word_1_366' title='bbox 768 2885 965 2939; x_wconf 90' lang='lat' dir='ltr'><strong>mortis</strong></span> <span class='ocrx_word' id='word_1_367' title='bbox 993 2887 1141 2940; x_wconf 88' lang='lat' dir='ltr'><strong>dona</strong></span> <span class='ocrx_word' id='word_1_368' title='bbox 1178 2886 1341 2940; x_wconf 90' lang='lat' dir='ltr'><strong>beata</strong></span> <span class='ocrx_word' id='word_1_369' title='bbox 1374 2892 1610 2943; x_wconf 88' lang='lat' dir='ltr'><strong>metens.</strong></span> <span class='ocrx_word' id='word_1_370' title='bbox 1916 2885 2098 2961; x_wconf 53' lang='lat' dir='ltr'><strong>“Jam</strong></span> <span class='ocrx_word' id='word_1_371' title='bbox 2130 2886 2338 2940; x_wconf 90' lang='lat' dir='ltr'><strong>celeres</strong></span> <span class='ocrx_word' id='word_1_372' title='bbox 2369 2885 2572 2952; x_wconf 83' lang='lat' dir='ltr'><strong>barbae,</strong></span> <span class='ocrx_word' id='word_1_373' title='bbox 2601 2889 2721 2957; x_wconf 89' lang='lat' dir='ltr'><strong>jam</strong></span> <span class='ocrx_word' id='word_1_374' title='bbox 2751 2888 2913 2942; x_wconf 90' lang='lat' dir='ltr'><strong>tincti</strong></span> <span class='ocrx_word' id='word_1_375' title='bbox 2943 2895 3125 2943; x_wconf 89' lang='lat' dir='ltr'><strong>morte</strong></span> <span class='ocrx_word' id='word_1_376' title='bbox 3152 2889 3356 2961; x_wconf 89' lang='lat' dir='ltr'><strong>capilli,</strong></span> 
     </span>
    </p>
   </div>
   <div class='ocr_carea' id='block_1_34' title="bbox 296 2946 3534 3048">
    <p class='ocr_par' dir='ltr' id='par_1_34' title="bbox 296 2946 3534 3048">
     <span class='ocr_line' id='line_1_34' title="bbox 296 2946 3534 3048; baseline 0.001 -19"><span class='ocrx_word' id='word_1_377' title='bbox 296 2975 412 3029; x_wconf 86' lang='lat' dir='ltr'><strong>Hoc</strong></span> <span class='ocrx_word' id='word_1_378' title='bbox 437 2981 502 3029; x_wconf 90' lang='lat' dir='ltr'><strong>tu</strong></span> <span class='ocrx_word' id='word_1_379' title='bbox 531 2975 685 3046; x_wconf 84' lang='lat' dir='ltr'><strong>virgo</strong></span> <span class='ocrx_word' id='word_1_380' title='bbox 716 2975 836 3041; x_wconf 90' lang='lat' dir='ltr'><strong>Dei,</strong></span> <span class='ocrx_word' id='word_1_381' title='bbox 857 2975 1101 3045; x_wconf 84' lang='lat' dir='ltr'><strong>genitrix</strong></span> <span class='ocrx_word' id='word_1_382' title='bbox 1128 2976 1341 3030; x_wconf 88' lang='lat' dir='ltr'><strong>intacta</strong></span> <span class='ocrx_word' id='word_1_383' title='bbox 1359 2975 1644 3043; x_wconf 91' lang='lat' dir='ltr'><strong>Tonantis,</strong></span> <span class='ocrx_word' id='word_1_384' title='bbox 1911 2946 1961 3009; x_wconf 72' lang='grc' dir='ltr'><strong>Ο</strong></span> <span class='ocrx_word' id='word_1_385' title='bbox 2044 2973 2281 3045; x_wconf 87' lang='lat' dir='ltr'><strong>Jamque</strong></span> <span class='ocrx_word' id='word_1_386' title='bbox 2305 2975 2531 3029; x_wconf 88' lang='lat' dir='ltr'><strong>acclinis</strong></span> <span class='ocrx_word' id='word_1_387' title='bbox 2560 2946 2732 3030; x_wconf 72' lang='lat' dir='ltr'><strong>humo</strong></span> <span class='ocrx_word' id='word_1_388' title='bbox 2756 2977 3053 3048; x_wconf 76' lang='lat' dir='ltr'><strong>praedaque</strong></span> <span class='ocrx_word' id='word_1_389' title='bbox 3083 2946 3280 3033; x_wconf 69' lang='lat' dir='ltr'><strong>mortis</strong></span> <span class='ocrx_word' id='word_1_390' title='bbox 3302 2946 3428 3032; x_wconf 80' lang='lat' dir='ltr'><strong>erit.</strong></span> <span class='ocrx_word' id='word_1_391' title='bbox 3531 3043 3534 3046; x_wconf 20' lang='grc' dir='ltr'><strong>Ι</strong></span> 
     </span>
    </p>
   </div>
   <div class='ocr_carea' id='block_1_35' title="bbox 367 3063 3317 3137">
    <p class='ocr_par' dir='ltr' id='par_1_35' title="bbox 367 3063 3317 3137">
     <span class='ocr_line' id='line_1_35' title="bbox 367 3063 3317 3137; baseline 0.001 -18"><span class='ocrx_word' id='word_1_392' title='bbox 367 3067 641 3136; x_wconf 82' lang='lat' dir='ltr'><strong>Impetres</strong></span> <span class='ocrx_word' id='word_1_393' title='bbox 661 3063 937 3135; x_wconf 68' lang='lat' dir='ltr'><strong>plecibus,</strong></span> <span class='ocrx_word' id='word_1_394' title='bbox 969 3071 1181 3131; x_wconf 89' lang='lat' dir='ltr'><strong>sancta,</strong></span> <span class='ocrx_word' id='word_1_395' title='bbox 1216 3066 1412 3132; x_wconf 87' lang='lat' dir='ltr'><strong>Maria,</strong></span> <span class='ocrx_word' id='word_1_396' title='bbox 1437 3081 1653 3137; x_wconf 89' lang='lat' dir='ltr'><strong>precor.</strong></span> <span class='ocrx_word' id='word_1_397' title='bbox 1681 3095 1690 3104; x_wconf 94' lang='lat'><strong>-</strong></span> <span class='ocrx_word' id='word_1_398' title='bbox 1975 3063 2179 3116; x_wconf 88' lang='lat' dir='ltr'><strong>Omnia</strong></span> <span class='ocrx_word' id='word_1_399' title='bbox 2209 3063 2318 3118; x_wconf 88' lang='lat' dir='ltr'><strong>fert</strong></span> <span class='ocrx_word' id='word_1_400' title='bbox 2341 3070 2494 3130; x_wconf 67' lang='lat' dir='ltr'><strong>aetas,</strong></span> <span class='ocrx_word' id='word_1_401' title='bbox 2527 3072 2694 3136; x_wconf 89' lang='lat' dir='ltr'><strong>atque</strong></span> <span class='ocrx_word' id='word_1_402' title='bbox 2717 3065 2906 3120; x_wconf 86' lang='lat' dir='ltr'><strong>omnia</strong></span> <span class='ocrx_word' id='word_1_403' title='bbox 2935 3067 3063 3121; x_wconf 80' lang='lat' dir='ltr'><strong>finis</strong></span> <span class='ocrx_word' id='word_1_404' title='bbox 3087 3068 3317 3122; x_wconf 88' lang='lat' dir='ltr'><strong>ademit.</strong></span> 
     </span>
    </p>
   </div>
   <div class='ocr_carea' id='block_1_36' title="bbox 298 3152 3311 3227">
    <p class='ocr_par' dir='ltr' id='par_1_36' title="bbox 298 3152 3311 3227">
     <span class='ocr_line' id='line_1_36' title="bbox 298 3152 3311 3227; baseline 0.001 -19"><span class='ocrx_word' id='word_1_405' title='bbox 298 3155 514 3224; x_wconf 77' lang='lat' dir='ltr'><strong>Agmen</strong></span> <span class='ocrx_word' id='word_1_406' title='bbox 544 3153 913 3224; x_wconf 90' lang='lat' dir='ltr'><strong>apostolicum</strong></span> <span class='ocrx_word' id='word_1_407' title='bbox 944 3153 1160 3224; x_wconf 91' lang='lat' dir='ltr'><strong>primus</strong></span> <span class='ocrx_word' id='word_1_408' title='bbox 1192 3159 1248 3207; x_wconf 93' lang='lat' dir='ltr'><strong>et</strong></span> <span class='ocrx_word' id='word_1_409' title='bbox 1275 3154 1331 3208; x_wconf 94' lang='lat' dir='ltr'><strong>in</strong></span> <span class='ocrx_word' id='word_1_410' title='bbox 1361 3154 1556 3208; x_wconf 90' lang='lat' dir='ltr'><strong>ordine</strong></span> <span class='ocrx_word' id='word_1_411' title='bbox 1588 3155 1787 3209; x_wconf 86' lang='lat' dir='ltr'><strong>Petrus</strong></span> <span class='ocrx_word' id='word_1_412' title='bbox 2044 3152 2135 3205; x_wconf 86' lang='lat' dir='ltr'><strong>Nil</strong></span> <span class='ocrx_word' id='word_1_413' title='bbox 2174 3159 2366 3207; x_wconf 89' lang='lat' dir='ltr'><strong>manet</strong></span> <span class='ocrx_word' id='word_1_414' title='bbox 2392 3160 2684 3220; x_wconf 66' lang='lat' dir='ltr'><strong>aaternum,</strong></span> <span class='ocrx_word' id='word_1_415' title='bbox 2717 3155 2919 3209; x_wconf 83' lang='lat' dir='ltr'><strong>saecula</strong></span> <span class='ocrx_word' id='word_1_416' title='bbox 2950 3162 3311 3227; x_wconf 73' lang='lat' dir='ltr'><strong>praetereunt.</strong></span> 
     </span>
    </p>
   </div>
   <div class='ocr_carea' id='block_1_37' title="bbox 368 3242 3572 3318">
    <p class='ocr_par' dir='ltr' id='par_1_37' title="bbox 368 3242 3572 3318">
     <span class='ocr_line' id='line_1_37' title="bbox 368 3242 3572 3318; baseline 0.001 -22"><span class='ocrx_word' id='word_1_417' title='bbox 368 3242 658 3297; x_wconf 85' lang='lat' dir='ltr'><strong>Fratribus</strong></span> <span class='ocrx_word' id='word_1_418' title='bbox 679 3243 864 3296; x_wconf 88' lang='lat' dir='ltr'><strong>ascitis</strong></span> <span class='ocrx_word' id='word_1_419' title='bbox 893 3243 1102 3313; x_wconf 89' lang='lat' dir='ltr'><strong>poscite</strong></span> <span class='ocrx_word' id='word_1_420' title='bbox 1129 3243 1286 3297; x_wconf 88' lang='lat' dir='ltr'><strong>valde</strong></span> <span class='ocrx_word' id='word_1_421' title='bbox 1317 3245 1517 3298; x_wconf 90' lang='lat' dir='ltr'><strong>Deum.</strong></span> <span class='ocrx_word' id='word_1_422' title='bbox 1976 3242 2301 3313; x_wconf 89' lang='lat' dir='ltr'><strong>Cunctaque</strong></span> <span class='ocrx_word' id='word_1_423' title='bbox 2320 3249 2542 3314; x_wconf 88' lang='lat' dir='ltr'><strong>tempus</strong></span> <span class='ocrx_word' id='word_1_424' title='bbox 2556 3243 2783 3310; x_wconf 88' lang='lat' dir='ltr'><strong>habent,</strong></span> <span class='ocrx_word' id='word_1_425' title='bbox 2809 3244 2866 3298; x_wconf 92' lang='lat' dir='ltr'><strong>ni</strong></span> <span class='ocrx_word' id='word_1_426' title='bbox 2886 3245 3036 3298; x_wconf 89' lang='lat' dir='ltr'><strong>solus</strong></span> <span class='ocrx_word' id='word_1_427' title='bbox 3063 3246 3335 3318; x_wconf 86' lang='lat' dir='ltr'><strong>temporis</strong></span> <span class='ocrx_word' id='word_1_428' title='bbox 3358 3253 3572 3313; x_wconf 85' lang='lat' dir='ltr'><strong>auctor,</strong></span> 
     </span>
    </p>
   </div>
   <div class='ocr_carea' id='block_1_38' title="bbox 302 3330 3257 3404">
    <p class='ocr_par' dir='ltr' id='par_1_38' title="bbox 302 3330 3257 3404">
     <span class='ocr_line' id='line_1_38' title="bbox 302 3330 3257 3404; baseline 0.002 -20"><span class='ocrx_word' id='word_1_429' title='bbox 302 3332 487 3386; x_wconf 59' lang='lat' dir='ltr'><strong>Praeco</strong></span> <span class='ocrx_word' id='word_1_430' title='bbox 516 3332 804 3403; x_wconf 62' lang='lat' dir='ltr'><strong>propheta;</strong></span> <span class='ocrx_word' id='word_1_431' title='bbox 827 3331 945 3400; x_wconf 90' lang='lat' dir='ltr'><strong>Dei,</strong></span> <span class='ocrx_word' id='word_1_432' title='bbox 981 3333 1420 3403; x_wconf 81' lang='lat' dir='ltr'><strong>paranymphus,</strong></span> <span class='ocrx_word' id='word_1_433' title='bbox 1446 3338 1666 3402; x_wconf 80' lang='lat' dir='ltr'><strong>martyr</strong></span> <span class='ocrx_word' id='word_1_434' title='bbox 1694 3338 1750 3387; x_wconf 90' lang='lat' dir='ltr'><strong>ct</strong></span> <span class='ocrx_word' id='word_1_435' title='bbox 1776 3333 1894 3404; x_wconf 91' lang='lat' dir='ltr'><strong>ipse</strong></span> <span class='ocrx_word' id='word_1_436' title='bbox 2048 3330 2156 3394; x_wconf 86' lang='lat' dir='ltr'><strong>Qui</strong></span> <span class='ocrx_word' id='word_1_437' title='bbox 2174 3331 2295 3396; x_wconf 86' lang='lat' dir='ltr'><strong>fuit,</strong></span> <span class='ocrx_word' id='word_1_438' title='bbox 2329 3338 2414 3385; x_wconf 87' lang='lat' dir='ltr'><strong>est</strong></span> <span class='ocrx_word' id='word_1_439' title='bbox 2432 3349 2672 3402; x_wconf 89' lang='lat' dir='ltr'><strong>semper,</strong></span> <span class='ocrx_word' id='word_1_440' title='bbox 2705 3341 2762 3386; x_wconf 85' lang='lat' dir='ltr'><strong>et</strong></span> <span class='ocrx_word' id='word_1_441' title='bbox 2785 3334 2905 3386; x_wconf 90' lang='lat' dir='ltr'><strong>sine</strong></span> <span class='ocrx_word' id='word_1_442' title='bbox 2936 3335 3045 3387; x_wconf 85' lang='lat' dir='ltr'><strong>ﬁne</strong></span> <span class='ocrx_word' id='word_1_443' title='bbox 3067 3342 3257 3390; x_wconf 90' lang='lat' dir='ltr'><strong>manet</strong></span> 
     </span>
    </p>
   </div>
   <div class='ocr_carea' id='block_1_39' title="bbox 371 3419 3392 3492">
    <p class='ocr_par' dir='ltr' id='par_1_39' title="bbox 371 3419 3392 3492">
     <span class='ocr_line' id='line_1_39' title="bbox 371 3419 3392 3492; baseline 0.001 -18"><span class='ocrx_word' id='word_1_444' title='bbox 371 3423 513 3475; x_wconf 89' lang='lat' dir='ltr'><strong>Cum</strong></span> <span class='ocrx_word' id='word_1_445' title='bbox 533 3427 721 3476; x_wconf 89' lang='lat' dir='ltr'><strong>vatum</strong></span> <span class='ocrx_word' id='word_1_446' title='bbox 745 3420 914 3475; x_wconf 91' lang='lat' dir='ltr'><strong>turba</strong></span> <span class='ocrx_word' id='word_1_447' title='bbox 940 3422 1143 3492; x_wconf 54' lang='lat' dir='ltr'><strong>sapius</strong></span> <span class='ocrx_word' id='word_1_448' title='bbox 1173 3421 1277 3475; x_wconf 92' lang='lat' dir='ltr'><strong>hoc</strong></span> <span class='ocrx_word' id='word_1_449' title='bbox 1305 3422 1536 3492; x_wconf 85' lang='lat' dir='ltr'><strong>rogitas.</strong></span> <span class='ocrx_word' id='word_1_450' title='bbox 1975 3419 2137 3474; x_wconf 84' lang='lat' dir='ltr'><strong>Hunc</strong></span> <span class='ocrx_word' id='word_1_451' title='bbox 2161 3425 2223 3474; x_wconf 92' lang='lat' dir='ltr'><strong>tu</strong></span> <span class='ocrx_word' id='word_1_452' title='bbox 2252 3437 2474 3490; x_wconf 89' lang='lat' dir='ltr'><strong>semper</strong></span> <span class='ocrx_word' id='word_1_453' title='bbox 2501 3437 2648 3480; x_wconf 89' lang='lat' dir='ltr'><strong>ama,</strong></span> <span class='ocrx_word' id='word_1_454' title='bbox 2680 3422 2830 3474; x_wconf 90' lang='lat' dir='ltr'><strong>hunc</strong></span> <span class='ocrx_word' id='word_1_455' title='bbox 2857 3428 2976 3475; x_wconf 90' lang='lat' dir='ltr'><strong>toto</strong></span> <span class='ocrx_word' id='word_1_456' title='bbox 3005 3424 3169 3477; x_wconf 88' lang='lat' dir='ltr'><strong>corde</strong></span> <span class='ocrx_word' id='word_1_457' title='bbox 3197 3424 3392 3488; x_wconf 84' lang='lat' dir='ltr'><strong>fatere,</strong></span> 
     </span>
    </p>
   </div>
   <div class='ocr_carea' id='block_1_40' title="bbox 301 3509 3363 3580">
    <p class='ocr_par' dir='ltr' id='par_1_40' title="bbox 301 3509 3363 3580">
     <span class='ocr_line' id='line_1_40' title="bbox 301 3509 3363 3580; baseline 0.001 -18"><span class='ocrx_word' id='word_1_458' title='bbox 301 3509 391 3563; x_wconf 90' lang='lat' dir='ltr'><strong>Sic</strong></span> <span class='ocrx_word' id='word_1_459' title='bbox 418 3515 567 3580; x_wconf 90' lang='lat' dir='ltr'><strong>peto,</strong></span> <span class='ocrx_word' id='word_1_460' title='bbox 599 3516 661 3564; x_wconf 90' lang='lat' dir='ltr'><strong>tu</strong></span> <span class='ocrx_word' id='word_1_461' title='bbox 689 3511 860 3564; x_wconf 85' lang='lat' dir='ltr'><strong>facias</strong></span> <span class='ocrx_word' id='word_1_462' title='bbox 895 3513 915 3532; x_wconf 78' lang='lat'><strong>&#39;</strong></span> <span class='ocrx_word' id='word_1_463' title='bbox 942 3510 1136 3564; x_wconf 80' lang='lat' dir='ltr'><strong>Levita</strong></span> <span class='ocrx_word' id='word_1_464' title='bbox 1165 3512 1185 3532; x_wconf 74' lang='lat'>&quot;</span> <span class='ocrx_word' id='word_1_465' title='bbox 1215 3516 1597 3580; x_wconf 73' lang='lat' dir='ltr'><strong>protomartyr</strong></span> <span class='ocrx_word' id='word_1_466' title='bbox 1624 3515 1681 3564; x_wconf 91' lang='lat' dir='ltr'><strong>et</strong></span> <span class='ocrx_word' id='word_1_467' title='bbox 1704 3510 1824 3580; x_wconf 90' lang='lat' dir='ltr'><strong>ipse</strong></span> <span class='ocrx_word' id='word_1_468' title='bbox 2051 3509 2211 3561; x_wconf 86' lang='lat' dir='ltr'><strong>Hunc</strong></span> <span class='ocrx_word' id='word_1_469' title='bbox 2240 3509 2496 3579; x_wconf 89' lang='lat' dir='ltr'><strong>precibus</strong></span> <span class='ocrx_word' id='word_1_470' title='bbox 2532 3525 2717 3579; x_wconf 91' lang='lat' dir='ltr'><strong>posce,</strong></span> <span class='ocrx_word' id='word_1_471' title='bbox 2745 3509 2835 3562; x_wconf 90' lang='lat' dir='ltr'><strong>hic</strong></span> <span class='ocrx_word' id='word_1_472' title='bbox 2862 3509 2962 3562; x_wconf 92' lang='lat' dir='ltr'><strong>tibi</strong></span> <span class='ocrx_word' id='word_1_473' title='bbox 2993 3517 3158 3580; x_wconf 87' lang='lat' dir='ltr'><strong>grata</strong></span> <span class='ocrx_word' id='word_1_474' title='bbox 3185 3511 3363 3566; x_wconf 86' lang='lat' dir='ltr'><strong>dabit.</strong></span> 
     </span>
    </p>
   </div>
   <div class='ocr_carea' id='block_1_41' title="bbox 372 3595 3362 3670">
    <p class='ocr_par' dir='ltr' id='par_1_41' title="bbox 372 3595 3362 3670">
     <span class='ocr_line' id='line_1_41' title="bbox 372 3595 3362 3670; baseline 0 -18"><span class='ocrx_word' id='word_1_475' title='bbox 372 3599 514 3652; x_wconf 91' lang='lat' dir='ltr'><strong>Cum</strong></span> <span class='ocrx_word' id='word_1_476' title='bbox 542 3599 706 3653; x_wconf 87' lang='lat' dir='ltr'><strong>sociis</strong></span> <span class='ocrx_word' id='word_1_477' title='bbox 736 3600 1054 3670; x_wconf 86' lang='lat' dir='ltr'><strong>Stephanus</strong></span> <span class='ocrx_word' id='word_1_478' title='bbox 1091 3606 1312 3670; x_wconf 87' lang='lat' dir='ltr'><strong>sceptra</strong></span> <span class='ocrx_word' id='word_1_479' title='bbox 1358 3615 1601 3669; x_wconf 86' lang='lat' dir='ltr'><strong>superna</strong></span> <span class='ocrx_word' id='word_1_480' title='bbox 1639 3616 1893 3669; x_wconf 89' lang='lat' dir='ltr'><strong>precans.</strong></span> <span class='ocrx_word' id='word_1_481' title='bbox 1977 3597 2104 3650; x_wconf 87' lang='lat' dir='ltr'><strong>Non</strong></span> <span class='ocrx_word' id='word_1_482' title='bbox 2128 3601 2184 3650; x_wconf 87' lang='lat' dir='ltr'><strong>te</strong></span> <span class='ocrx_word' id='word_1_483' title='bbox 2220 3595 2516 3650; x_wconf 88' lang='lat' dir='ltr'><strong>conturbet</strong></span> <span class='ocrx_word' id='word_1_484' title='bbox 2541 3606 2731 3650; x_wconf 87' lang='lat' dir='ltr'><strong>sancte</strong></span> <span class='ocrx_word' id='word_1_485' title='bbox 2763 3596 3141 3652; x_wconf 88' lang='lat' dir='ltr'><strong>inconstantia</strong></span> <span class='ocrx_word' id='word_1_486' title='bbox 3169 3598 3362 3664; x_wconf 87' lang='lat' dir='ltr'><strong>frater,</strong></span> 
     </span>
    </p>
   </div>
   <div class='ocr_carea' id='block_1_42' title="bbox 298 3685 3324 3760">
    <p class='ocr_par' dir='ltr' id='par_1_42' title="bbox 298 3685 3324 3760">
     <span class='ocr_line' id='line_1_42' title="bbox 298 3685 3324 3760; baseline -0 -19"><span class='ocrx_word' id='word_1_487' title='bbox 298 3687 418 3741; x_wconf 85' lang='lat' dir='ltr'><strong>Hoc</strong></span> <span class='ocrx_word' id='word_1_488' title='bbox 440 3688 600 3758; x_wconf 88' lang='lat' dir='ltr'><strong>justi,</strong></span> <span class='ocrx_word' id='word_1_489' title='bbox 634 3688 814 3748; x_wconf 86' lang='lat' dir='ltr'><strong>electi.</strong></span> <span class='ocrx_word' id='word_1_490' title='bbox 849 3688 1036 3742; x_wconf 87' lang='lat' dir='ltr'><strong>felices</strong></span> <span class='ocrx_word' id='word_1_491' title='bbox 1066 3689 1276 3760; x_wconf 92' lang='lat' dir='ltr'><strong>poscite</strong></span> <span class='ocrx_word' id='word_1_492' title='bbox 1319 3687 1504 3742; x_wconf 90' lang='lat' dir='ltr'><strong>cuncti</strong></span> <span class='ocrx_word' id='word_1_493' title='bbox 2052 3685 2180 3740; x_wconf 68' lang='lat' dir='ltr'><strong>Haec</strong></span> <span class='ocrx_word' id='word_1_494' title='bbox 2210 3685 2498 3739; x_wconf 88' lang='lat' dir='ltr'><strong>mundana</strong></span> <span class='ocrx_word' id='word_1_495' title='bbox 2535 3685 2761 3756; x_wconf 90' lang='lat' dir='ltr'><strong>quidem</strong></span> <span class='ocrx_word' id='word_1_496' title='bbox 2794 3687 3111 3756; x_wconf 81' lang='lat' dir='ltr'><strong>gurgitibus</strong></span> <span class='ocrx_word' id='word_1_497' title='bbox 3143 3689 3324 3742; x_wconf 88' lang='lat' dir='ltr'><strong>variis.</strong></span> 
     </span>
    </p>
   </div>
   <div class='ocr_carea' id='block_1_43' title="bbox 369 3774 3218 3848">
    <p class='ocr_par' dir='ltr' id='par_1_43' title="bbox 369 3774 3218 3848">
     <span class='ocr_line' id='line_1_43' title="bbox 369 3774 3218 3848; baseline 0 -18"><span class='ocrx_word' id='word_1_498' title='bbox 369 3787 393 3815; x_wconf 68' lang='grc' dir='ltr'><strong>ει</strong></span> <span class='ocrx_word' id='word_1_499' title='bbox 416 3778 648 3831; x_wconf 89' lang='lat' dir='ltr'><strong>Buoloni</strong></span> <span class='ocrx_word' id='word_1_500' title='bbox 678 3783 741 3832; x_wconf 88' lang='lat' dir='ltr'><strong>ut</strong></span> <span class='ocrx_word' id='word_1_501' title='bbox 771 3794 1008 3848; x_wconf 88' lang='lat' dir='ltr'><strong>regnum</strong></span> <span class='ocrx_word' id='word_1_502' title='bbox 1039 3779 1134 3832; x_wconf 90' lang='lat' dir='ltr'><strong>det</strong></span> <span class='ocrx_word' id='word_1_503' title='bbox 1162 3793 1330 3848; x_wconf 90' lang='lat' dir='ltr'><strong>super</strong></span> <span class='ocrx_word' id='word_1_504' title='bbox 1365 3783 1518 3831; x_wconf 85' lang='lat' dir='ltr'><strong>astra</strong></span> <span class='ocrx_word' id='word_1_505' title='bbox 1547 3778 1716 3832; x_wconf 88' lang='lat' dir='ltr'><strong>Deus.</strong></span> <span class='ocrx_word' id='word_1_506' title='bbox 1981 3774 2072 3829; x_wconf 93' lang='lat' dir='ltr'><strong>Sic</strong></span> <span class='ocrx_word' id='word_1_507' title='bbox 2101 3774 2224 3840; x_wconf 91' lang='lat' dir='ltr'><strong>fuit,</strong></span> <span class='ocrx_word' id='word_1_508' title='bbox 2259 3779 2361 3839; x_wconf 90' lang='lat' dir='ltr'><strong>est,</strong></span> <span class='ocrx_word' id='word_1_509' title='bbox 2386 3781 2444 3828; x_wconf 92' lang='lat' dir='ltr'><strong>et</strong></span> <span class='ocrx_word' id='word_1_510' title='bbox 2461 3774 2569 3828; x_wconf 89' lang='lat' dir='ltr'><strong>erit</strong></span> <span class='ocrx_word' id='word_1_511' title='bbox 2596 3775 2741 3829; x_wconf 59' lang='lat' dir='ltr'><strong>saecli</strong></span> <span class='ocrx_word' id='word_1_512' title='bbox 2768 3776 3042 3831; x_wconf 89' lang='lat' dir='ltr'><strong>versatilis</strong></span> <span class='ocrx_word' id='word_1_513' title='bbox 3061 3778 3218 3844; x_wconf 90' lang='lat' dir='ltr'><strong>ordo,</strong></span> 
     </span>
    </p>
   </div>
   <div class='ocr_carea' id='block_1_44' title="bbox 299 3863 3180 3938">
    <p class='ocr_par' dir='ltr' id='par_1_44' title="bbox 299 3863 3180 3938">
     <span class='ocr_line' id='line_1_44' title="bbox 299 3863 3180 3938; baseline -0 -19"><span class='ocrx_word' id='word_1_514' title='bbox 299 3865 436 3932; x_wconf 86' lang='lat' dir='ltr'><strong>Hoc,</strong></span> <span class='ocrx_word' id='word_1_515' title='bbox 455 3867 624 3921; x_wconf 88' lang='lat' dir='ltr'><strong>Pater</strong></span> <span class='ocrx_word' id='word_1_516' title='bbox 641 3867 808 3933; x_wconf 88' lang='lat' dir='ltr'><strong>alme,</strong></span> <span class='ocrx_word' id='word_1_517' title='bbox 823 3867 990 3921; x_wconf 92' lang='lat' dir='ltr'><strong>modo</strong></span> <span class='ocrx_word' id='word_1_518' title='bbox 1006 3866 1141 3920; x_wconf 93' lang='lat' dir='ltr'><strong>dum</strong></span> <span class='ocrx_word' id='word_1_519' title='bbox 1159 3867 1180 3888; x_wconf 72' lang='grc'>⁶</span> <span class='ocrx_word' id='word_1_520' title='bbox 1196 3872 1356 3920; x_wconf 88' lang='lat' dir='ltr'><strong>vacat</strong></span> <span class='ocrx_word' id='word_1_521' title='bbox 1372 3883 1621 3937; x_wconf 77' lang='lat' dir='ltr'><strong>quzerere</strong></span> <span class='ocrx_word' id='word_1_522' title='bbox 1640 3883 1894 3938; x_wconf 89' lang='lat' dir='ltr'><strong>regnum,</strong></span> <span class='ocrx_word' id='word_1_523' title='bbox 1957 3937 1962 3938; x_wconf 79' lang='lat'><strong>7</strong></span> <span class='ocrx_word' id='word_1_524' title='bbox 2051 3863 2281 3919; x_wconf 71' lang='lat' dir='ltr'><strong>Laetitia:</strong></span> <span class='ocrx_word' id='word_1_525' title='bbox 2309 3880 2598 3935; x_wconf 91' lang='lat' dir='ltr'><strong>nunquam</strong></span> <span class='ocrx_word' id='word_1_526' title='bbox 2620 3863 2694 3917; x_wconf 90' lang='lat' dir='ltr'><strong>sit</strong></span> <span class='ocrx_word' id='word_1_527' title='bbox 2722 3865 2812 3918; x_wconf 91' lang='lat' dir='ltr'><strong>cui</strong></span> <span class='ocrx_word' id='word_1_528' title='bbox 2843 3870 2996 3920; x_wconf 91' lang='lat' dir='ltr'><strong>certa</strong></span> <span class='ocrx_word' id='word_1_529' title='bbox 3022 3867 3180 3920; x_wconf 89' lang='lat' dir='ltr'><strong>fides.</strong></span> 
     </span>
    </p>
   </div>
   <div class='ocr_carea' id='block_1_45' title="bbox 369 3937 3504 4027">
    <p class='ocr_par' dir='ltr' id='par_1_45' title="bbox 369 3937 3504 4027">
     <span class='ocr_line' id='line_1_45' title="bbox 369 3937 3504 4027; baseline 0 -17"><span class='ocrx_word' id='word_1_530' title='bbox 369 3956 631 4020; x_wconf 78' lang='lat' dir='ltr'><strong>Quaerere</strong></span> <span class='ocrx_word' id='word_1_531' title='bbox 674 3973 784 4010; x_wconf 91' lang='lat' dir='ltr'><strong>non</strong></span> <span class='ocrx_word' id='word_1_532' title='bbox 824 3973 1026 4020; x_wconf 87' lang='lat' dir='ltr'><strong>cesses,</strong></span> <span class='ocrx_word' id='word_1_533' title='bbox 1066 3961 1131 4009; x_wconf 91' lang='lat' dir='ltr'><strong>ut</strong></span> <span class='ocrx_word' id='word_1_534' title='bbox 1159 3955 1364 4026; x_wconf 88' lang='lat' dir='ltr'><strong>capias,</strong></span> <span class='ocrx_word' id='word_1_535' title='bbox 1399 3957 1612 4027; x_wconf 91' lang='lat' dir='ltr'><strong>cupias,</strong></span> <span class='ocrx_word' id='word_1_536' title='bbox 1955 3937 2160 4008; x_wconf 48' lang='lat' dir='ltr'><strong>&#39;Multa</strong></span> <span class='ocrx_word' id='word_1_537' title='bbox 2185 3953 2412 4024; x_wconf 89' lang='lat' dir='ltr'><strong>quidem</strong></span> <span class='ocrx_word' id='word_1_538' title='bbox 2449 3953 2663 4024; x_wconf 87' lang='lat' dir='ltr'><strong>patitur</strong></span> <span class='ocrx_word' id='word_1_539' title='bbox 2693 3960 3012 4009; x_wconf 89' lang='lat' dir='ltr'><strong>sanctorum</strong></span> <span class='ocrx_word' id='word_1_540' title='bbox 3046 3955 3235 4026; x_wconf 84' lang='lat' dir='ltr'><strong>plebes</strong></span> <span class='ocrx_word' id='word_1_541' title='bbox 3265 3955 3323 4010; x_wconf 91' lang='lat' dir='ltr'><strong>in</strong></span> <span class='ocrx_word' id='word_1_542' title='bbox 3352 3956 3504 4022; x_wconf 89' lang='lat' dir='ltr'><strong>orbe,</strong></span> 
     </span>
    </p>
   </div>
   <div class='ocr_carea' id='block_1_46' title="bbox 297 4042 3168 4117">
    <p class='ocr_par' dir='ltr' id='par_1_46' title="bbox 297 4042 3168 4117">
     <span class='ocr_line' id='line_1_46' title="bbox 297 4042 3168 4117; baseline 0 -19"><span class='ocrx_word' id='word_1_543' title='bbox 297 4046 425 4100; x_wconf 81' lang='lat' dir='ltr'><strong>Vim</strong></span> <span class='ocrx_word' id='word_1_544' title='bbox 457 4047 590 4099; x_wconf 87' lang='lat' dir='ltr'><strong>aula</strong></span> <span class='ocrx_word' id='word_1_545' title='bbox 623 4045 735 4115; x_wconf 94' lang='lat' dir='ltr'><strong>poli</strong></span> <span class='ocrx_word' id='word_1_546' title='bbox 763 4045 995 4116; x_wconf 88' lang='lat' dir='ltr'><strong>patitur,</strong></span> <span class='ocrx_word' id='word_1_547' title='bbox 1029 4044 1256 4098; x_wconf 89' lang='lat' dir='ltr'><strong>violenti</strong></span> <span class='ocrx_word' id='word_1_548' title='bbox 1299 4052 1357 4098; x_wconf 89' lang='lat' dir='ltr'><strong>et</strong></span> <span class='ocrx_word' id='word_1_549' title='bbox 1383 4045 1568 4100; x_wconf 90' lang='lat' dir='ltr'><strong>sidera</strong></span> <span class='ocrx_word' id='word_1_550' title='bbox 1596 4045 1897 4117; x_wconf 90' lang='lat' dir='ltr'><strong>prendunt,</strong></span> <span class='ocrx_word' id='word_1_551' title='bbox 2053 4042 2272 4096; x_wconf 90' lang='lat' dir='ltr'><strong>Judicio</strong></span> <span class='ocrx_word' id='word_1_552' title='bbox 2303 4043 2540 4107; x_wconf 90' lang='lat' dir='ltr'><strong>occulto,</strong></span> <span class='ocrx_word' id='word_1_553' title='bbox 2570 4059 2672 4096; x_wconf 90' lang='lat' dir='ltr'><strong>nec</strong></span> <span class='ocrx_word' id='word_1_554' title='bbox 2702 4059 2804 4113; x_wconf 90' lang='lat' dir='ltr'><strong>ego</strong></span> <span class='ocrx_word' id='word_1_555' title='bbox 2834 4043 2974 4097; x_wconf 87' lang='lat' dir='ltr'><strong>scire</strong></span> <span class='ocrx_word' id='word_1_556' title='bbox 3003 4061 3168 4114; x_wconf 89' lang='lat' dir='ltr'><strong>queo.</strong></span> 
     </span>
    </p>
   </div>
   <div class='ocr_carea' id='block_1_47' title="bbox 369 4131 3366 4206">
    <p class='ocr_par' dir='ltr' id='par_1_47' title="bbox 369 4131 3366 4206">
     <span class='ocr_line' id='line_1_47' title="bbox 369 4131 3366 4206; baseline 0.001 -18"><span class='ocrx_word' id='word_1_557' title='bbox 369 4135 478 4198; x_wconf 89' lang='lat' dir='ltr'><strong>Qui</strong></span> <span class='ocrx_word' id='word_1_558' title='bbox 499 4133 638 4188; x_wconf 89' lang='lat' dir='ltr'><strong>bene</strong></span> <span class='ocrx_word' id='word_1_559' title='bbox 664 4150 813 4187; x_wconf 89' lang='lat' dir='ltr'><strong>nunc</strong></span> <span class='ocrx_word' id='word_1_560' title='bbox 843 4138 1042 4196; x_wconf 89' lang='lat' dir='ltr'><strong>certat,</strong></span> <span class='ocrx_word' id='word_1_561' title='bbox 1067 4133 1215 4188; x_wconf 90' lang='lat' dir='ltr'><strong>dona</strong></span> <span class='ocrx_word' id='word_1_562' title='bbox 1241 4132 1433 4189; x_wconf 87' lang='lat' dir='ltr'><strong>futura</strong></span> <span class='ocrx_word' id='word_1_563' title='bbox 1459 4135 1624 4206; x_wconf 87' lang='lat' dir='ltr'><strong>capit.</strong></span> <span class='ocrx_word' id='word_1_564' title='bbox 1984 4131 2164 4186; x_wconf 88' lang='lat' dir='ltr'><strong>Credo</strong></span> <span class='ocrx_word' id='word_1_565' title='bbox 2191 4148 2321 4186; x_wconf 89' lang='lat' dir='ltr'><strong>suos</strong></span> <span class='ocrx_word' id='word_1_566' title='bbox 2341 4148 2548 4198; x_wconf 90' lang='lat' dir='ltr'><strong>servos,</strong></span> <span class='ocrx_word' id='word_1_567' title='bbox 2581 4131 2729 4202; x_wconf 90' lang='lat' dir='ltr'><strong>quod</strong></span> <span class='ocrx_word' id='word_1_568' title='bbox 2752 4132 2905 4186; x_wconf 91' lang='lat' dir='ltr'><strong>nullo</strong></span> <span class='ocrx_word' id='word_1_569' title='bbox 2929 4135 3203 4204; x_wconf 87' lang='lat' dir='ltr'><strong>spreverit</strong></span> <span class='ocrx_word' id='word_1_570' title='bbox 3229 4153 3366 4191; x_wconf 82' lang='lat' dir='ltr'><strong>aevo.</strong></span> 
     </span>
    </p>
   </div>
   <div class='ocr_carea' id='block_1_48' title="bbox 299 4206 3345 4294">
    <p class='ocr_par' dir='ltr' id='par_1_48' title="bbox 299 4206 3345 4294">
     <span class='ocr_line' id='line_1_48' title="bbox 299 4206 3345 4294; baseline 0 -16"><span class='ocrx_word' id='word_1_571' title='bbox 299 4223 540 4278; x_wconf 86' lang='lat' dir='ltr'><strong>Certasti</strong></span> <span class='ocrx_word' id='word_1_572' title='bbox 570 4223 769 4287; x_wconf 90' lang='lat' dir='ltr'><strong>valide,</strong></span> <span class='ocrx_word' id='word_1_573' title='bbox 807 4228 862 4277; x_wconf 92' lang='lat' dir='ltr'><strong>et</strong></span> <span class='ocrx_word' id='word_1_574' title='bbox 885 4223 1103 4278; x_wconf 87' lang='lat' dir='ltr'><strong>hostem</strong></span> <span class='ocrx_word' id='word_1_575' title='bbox 1133 4239 1281 4278; x_wconf 90' lang='lat' dir='ltr'><strong>nunc</strong></span> <span class='ocrx_word' id='word_1_576' title='bbox 1313 4229 1564 4278; x_wconf 89' lang='lat' dir='ltr'><strong>sternere</strong></span> <span class='ocrx_word' id='word_1_577' title='bbox 1595 4229 1749 4278; x_wconf 86' lang='lat' dir='ltr'><strong>certa</strong></span> <span class='ocrx_word' id='word_1_578' title='bbox 1921 4206 1971 4264; x_wconf 84' lang='lat' dir='ltr'><strong>D</strong></span> <span class='ocrx_word' id='word_1_579' title='bbox 2052 4221 2457 4292; x_wconf 84' lang='lat' dir='ltr'><strong>Adjuveritque</strong></span> <span class='ocrx_word' id='word_1_580' title='bbox 2484 4221 2639 4285; x_wconf 88' lang='lat' dir='ltr'><strong>satis,</strong></span> <span class='ocrx_word' id='word_1_581' title='bbox 2674 4237 2802 4276; x_wconf 91' lang='lat' dir='ltr'><strong>cum</strong></span> <span class='ocrx_word' id='word_1_582' title='bbox 2843 4239 2946 4276; x_wconf 91' lang='lat' dir='ltr'><strong>sua</strong></span> <span class='ocrx_word' id='word_1_583' title='bbox 2975 4230 3104 4277; x_wconf 90' lang='lat' dir='ltr'><strong>vota</strong></span> <span class='ocrx_word' id='word_1_584' title='bbox 3131 4231 3345 4294; x_wconf 88' lang='lat' dir='ltr'><strong>petant.</strong></span> 
     </span>
    </p>
   </div>
   <div class='ocr_carea' id='block_1_49' title="bbox 371 4311 3433 4383">
    <p class='ocr_par' dir='ltr' id='par_1_49' title="bbox 371 4311 3433 4383">
     <span class='ocr_line' id='line_1_49' title="bbox 371 4311 3433 4383; baseline 0 -18"><span class='ocrx_word' id='word_1_585' title='bbox 371 4312 630 4366; x_wconf 88' lang='lat' dir='ltr'><strong>Vincenti</strong></span> <span class='ocrx_word' id='word_1_586' title='bbox 660 4311 717 4366; x_wconf 92' lang='lat' dir='ltr'><strong>in</strong></span> <span class='ocrx_word' id='word_1_587' title='bbox 748 4314 859 4367; x_wconf 88' lang='lat' dir='ltr'><strong>fine</strong></span> <span class='ocrx_word' id='word_1_588' title='bbox 888 4312 995 4366; x_wconf 91' lang='lat' dir='ltr'><strong>rite</strong></span> <span class='ocrx_word' id='word_1_589' title='bbox 1026 4329 1233 4367; x_wconf 87' lang='lat' dir='ltr'><strong>corona</strong></span> <span class='ocrx_word' id='word_1_590' title='bbox 1259 4313 1446 4379; x_wconf 91' lang='lat' dir='ltr'><strong>datur,</strong></span> <span class='ocrx_word' id='word_1_591' title='bbox 1984 4311 2129 4366; x_wconf 82' lang='lat' dir='ltr'><strong>Nam</strong></span> <span class='ocrx_word' id='word_1_592' title='bbox 2150 4312 2328 4365; x_wconf 87' lang='lat' dir='ltr'><strong>altera</strong></span> <span class='ocrx_word' id='word_1_593' title='bbox 2349 4311 2461 4365; x_wconf 87' lang='lat' dir='ltr'><strong>vita</strong></span> <span class='ocrx_word' id='word_1_594' title='bbox 2480 4311 2598 4365; x_wconf 91' lang='lat' dir='ltr'><strong>suis</strong></span> <span class='ocrx_word' id='word_1_595' title='bbox 2630 4317 2886 4365; x_wconf 90' lang='lat' dir='ltr'><strong>servatur</strong></span> <span class='ocrx_word' id='word_1_596' title='bbox 2912 4311 2969 4364; x_wconf 90' lang='lat' dir='ltr'><strong>in</strong></span> <span class='ocrx_word' id='word_1_597' title='bbox 2997 4329 3123 4365; x_wconf 89' lang='lat' dir='ltr'><strong>arce</strong></span> <span class='ocrx_word' id='word_1_598' title='bbox 3157 4314 3433 4383; x_wconf 88' lang='lat' dir='ltr'><strong>polorum.</strong></span> 
     </span>
    </p>
   </div>
   <div class='ocr_carea' id='block_1_50' title="bbox 304 4399 3226 4474">
    <p class='ocr_par' dir='ltr' id='par_1_50' title="bbox 304 4399 3226 4474">
     <span class='ocr_line' id='line_1_50' title="bbox 304 4399 3226 4474; baseline -0.001 -18"><span class='ocrx_word' id='word_1_599' title='bbox 304 4401 380 4456; x_wconf 92' lang='lat' dir='ltr'><strong>Os</strong></span> <span class='ocrx_word' id='word_1_600' title='bbox 402 4406 628 4456; x_wconf 85' lang='lat' dir='ltr'><strong>resonet</strong></span> <span class='ocrx_word' id='word_1_601' title='bbox 647 4403 953 4464; x_wconf 87' lang='lat' dir='ltr'><strong>Christum,</strong></span> <span class='ocrx_word' id='word_1_602' title='bbox 975 4403 1163 4473; x_wconf 89' lang='lat' dir='ltr'><strong>palma</strong></span> <span class='ocrx_word' id='word_1_603' title='bbox 1183 4419 1404 4474; x_wconf 90' lang='lat' dir='ltr'><strong>quoque</strong></span> <span class='ocrx_word' id='word_1_604' title='bbox 1423 4407 1618 4474; x_wconf 87' lang='lat' dir='ltr'><strong>pascat</strong></span> <span class='ocrx_word' id='word_1_605' title='bbox 1637 4418 1897 4472; x_wconf 89' lang='lat' dir='ltr'><strong>egenum.</strong></span> <span class='ocrx_word' id='word_1_606' title='bbox 2057 4401 2180 4464; x_wconf 86' lang='lat' dir='ltr'><strong>Qua</strong></span> <span class='ocrx_word' id='word_1_607' title='bbox 2207 4417 2313 4472; x_wconf 85' lang='lat' dir='ltr'><strong>pax</strong></span> <span class='ocrx_word' id='word_1_608' title='bbox 2331 4401 2480 4454; x_wconf 88' lang='lat' dir='ltr'><strong>alma</strong></span> <span class='ocrx_word' id='word_1_609' title='bbox 2503 4400 2670 4470; x_wconf 89' lang='lat' dir='ltr'><strong>viget,</strong></span> <span class='ocrx_word' id='word_1_610' title='bbox 2696 4399 2889 4470; x_wconf 69' lang='lat' dir='ltr'><strong>praelia</strong></span> <span class='ocrx_word' id='word_1_611' title='bbox 2906 4401 3062 4454; x_wconf 88' lang='lat' dir='ltr'><strong>nulla</strong></span> <span class='ocrx_word' id='word_1_612' title='bbox 3081 4401 3226 4454; x_wconf 88' lang='lat' dir='ltr'><strong>fiunt</strong></span> 
     </span>
    </p>
   </div>
   <div class='ocr_carea' id='block_1_51' title="bbox 375 4489 3361 4564">
    <p class='ocr_par' dir='ltr' id='par_1_51' title="bbox 375 4489 3361 4564">
     <span class='ocr_line' id='line_1_51' title="bbox 375 4489 3361 4564; baseline -0 -19"><span class='ocrx_word' id='word_1_613' title='bbox 375 4491 482 4545; x_wconf 89' lang='lat' dir='ltr'><strong>Pes</strong></span> <span class='ocrx_word' id='word_1_614' title='bbox 509 4508 718 4562; x_wconf 68' lang='lat' dir='ltr'><strong>aegrum</strong></span> <span class='ocrx_word' id='word_1_615' title='bbox 746 4492 966 4558; x_wconf 87' lang='lat' dir='ltr'><strong>inviset,</strong></span> <span class='ocrx_word' id='word_1_616' title='bbox 999 4493 1169 4546; x_wconf 92' lang='lat' dir='ltr'><strong>corda</strong></span> <span class='ocrx_word' id='word_1_617' title='bbox 1190 4493 1366 4547; x_wconf 92' lang='lat' dir='ltr'><strong>Deum</strong></span> <span class='ocrx_word' id='word_1_618' title='bbox 1399 4493 1666 4564; x_wconf 90' lang='lat' dir='ltr'><strong>cogitent.</strong></span> <span class='ocrx_word' id='word_1_619' title='bbox 1986 4491 2116 4544; x_wconf 72' lang='lat' dir='ltr'><strong>Haec</strong></span> <span class='ocrx_word' id='word_1_620' title='bbox 2145 4507 2368 4561; x_wconf 91' lang='lat' dir='ltr'><strong>quoque</strong></span> <span class='ocrx_word' id='word_1_621' title='bbox 2392 4506 2616 4560; x_wconf 86' lang='lat' dir='ltr'><strong>semper</strong></span> <span class='ocrx_word' id='word_1_622' title='bbox 2643 4495 2762 4542; x_wconf 89' lang='lat' dir='ltr'><strong>erat</strong></span> <span class='ocrx_word' id='word_1_623' title='bbox 2785 4491 2941 4559; x_wconf 88' lang='lat' dir='ltr'><strong>justa</strong></span> <span class='ocrx_word' id='word_1_624' title='bbox 2968 4490 3206 4543; x_wconf 86' lang='lat' dir='ltr'><strong>tentatio</strong></span> <span class='ocrx_word' id='word_1_625' title='bbox 3229 4489 3361 4557; x_wconf 87' lang='lat' dir='ltr'><strong>vita,</strong></span> 
     </span>
    </p>
   </div>
   <div class='ocr_carea' id='block_1_52' title="bbox 301 4577 3294 4650">
    <p class='ocr_par' dir='ltr' id='par_1_52' title="bbox 301 4577 3294 4650">
     <span class='ocr_line' id='line_1_52' title="bbox 301 4577 3294 4650; baseline -0.001 -16"><span class='ocrx_word' id='word_1_626' title='bbox 301 4580 382 4635; x_wconf 92' lang='lat' dir='ltr'><strong>Te</strong></span> <span class='ocrx_word' id='word_1_627' title='bbox 408 4579 513 4635; x_wconf 89' lang='lat' dir='ltr'><strong>sibi</strong></span> <span class='ocrx_word' id='word_1_628' title='bbox 536 4585 720 4636; x_wconf 90' lang='lat' dir='ltr'><strong>totum</strong></span> <span class='ocrx_word' id='word_1_629' title='bbox 745 4589 908 4637; x_wconf 82' lang='lat' dir='ltr'><strong>extra</strong></span> <span class='ocrx_word' id='word_1_630' title='bbox 931 4583 1297 4636; x_wconf 79' lang='lat' dir='ltr'><strong>famulantem</strong></span> <span class='ocrx_word' id='word_1_631' title='bbox 1317 4583 1526 4638; x_wconf 85' lang='lat' dir='ltr'><strong>sentiat</strong></span> <span class='ocrx_word' id='word_1_632' title='bbox 1544 4587 1758 4647; x_wconf 89' lang='lat' dir='ltr'><strong>auctor,</strong></span> <span class='ocrx_word' id='word_1_633' title='bbox 2055 4579 2318 4633; x_wconf 89' lang='lat' dir='ltr'><strong>Fornacis</strong></span> <span class='ocrx_word' id='word_1_634' title='bbox 2343 4579 2574 4633; x_wconf 85' lang='lat' dir='ltr'><strong>ﬂamma</strong></span> <span class='ocrx_word' id='word_1_635' title='bbox 2613 4584 2677 4632; x_wconf 93' lang='lat' dir='ltr'><strong>ut</strong></span> <span class='ocrx_word' id='word_1_636' title='bbox 2704 4594 2878 4632; x_wconf 88' lang='lat' dir='ltr'><strong>aurea</strong></span> <span class='ocrx_word' id='word_1_637' title='bbox 2910 4595 3046 4633; x_wconf 89' lang='lat' dir='ltr'><strong>vasa</strong></span> <span class='ocrx_word' id='word_1_638' title='bbox 3073 4577 3294 4650; x_wconf 90' lang='lat' dir='ltr'><strong>probat.</strong></span> 
     </span>
    </p>
   </div>
   <div class='ocr_carea' id='block_1_53' title="bbox 1307 4773 2594 4832">
    <p class='ocr_par' dir='ltr' id='par_1_53' title="bbox 1307 4773 2594 4832">
     <span class='ocr_line' id='line_1_53' title="bbox 1307 4773 2594 4832; baseline -0.004 0"><span class='ocrx_word' id='word_1_639' title='bbox 1307 4776 1618 4832; x_wconf 85' lang='lat' dir='ltr'><strong>SCHOLIA</strong></span> <span class='ocrx_word' id='word_1_640' title='bbox 1657 4774 2195 4831; x_wconf 85' lang='lat' dir='ltr'><strong>CHRISTOPHORI</strong></span> <span class='ocrx_word' id='word_1_641' title='bbox 2233 4773 2594 4830; x_wconf 87' lang='lat' dir='ltr'><strong>BROWERI.</strong></span> 
     </span>
    </p>
   </div>
   <div class='ocr_carea' id='block_1_54' title="bbox 379 4927 3580 5000">
    <p class='ocr_par' dir='ltr' id='par_1_54' title="bbox 379 4927 3580 5000">
     <span class='ocr_line' id='line_1_54' title="bbox 379 4927 3580 5000; baseline 0 -16"><span class='ocrx_word' id='word_1_642' title='bbox 379 4938 406 4968; x_wconf 73' lang='grc'><strong>⁸</strong></span> <span class='ocrx_word' id='word_1_643' title='bbox 432 4929 666 5000; x_wconf 76' lang='lat' dir='ltr'><strong>Buoloni</strong></span> <span class='ocrx_word' id='word_1_644' title='bbox 686 4934 747 4983; x_wconf 81' lang='lat' dir='ltr'><strong>ut</strong></span> <span class='ocrx_word' id='word_1_645' title='bbox 779 4945 1013 5000; x_wconf 73' lang='lat' dir='ltr'><strong>regnum</strong></span> <span class='ocrx_word' id='word_1_646' title='bbox 1037 4930 1142 4992; x_wconf 86' lang='lat' dir='ltr'><strong>det,</strong></span> <span class='ocrx_word' id='word_1_647' title='bbox 1175 4933 1281 4983; x_wconf 92' lang='lat' dir='ltr'><strong>etc.</strong></span> <span class='ocrx_word' id='word_1_648' title='bbox 1313 4930 1426 4984; x_wconf 87' lang='lat' dir='ltr'><strong>Aut</strong></span> <span class='ocrx_word' id='word_1_649' title='bbox 1452 4928 1780 4999; x_wconf 89' lang='lat' dir='ltr'><strong>Irmingildo</strong></span> <span class='ocrx_word' id='word_1_650' title='bbox 1808 4945 1906 4982; x_wconf 88' lang='lat' dir='ltr'><strong>no-</strong></span> <span class='ocrx_word' id='word_1_651' title='bbox 1986 4945 2088 5000; x_wconf 89' lang='lat' dir='ltr'><strong>per</strong></span> <span class='ocrx_word' id='word_1_652' title='bbox 2142 4945 2319 4984; x_wconf 88' lang='lat' dir='ltr'><strong>annos</strong></span> <span class='ocrx_word' id='word_1_653' title='bbox 2371 4927 2567 4998; x_wconf 87' lang='lat' dir='ltr'><strong>viginti</strong></span> <span class='ocrx_word' id='word_1_654' title='bbox 2611 4927 2766 5000; x_wconf 80' lang='lat' dir='ltr'><strong>duos</strong></span> <span class='ocrx_word' id='word_1_655' title='bbox 2795 4927 3034 4984; x_wconf 89' lang='lat' dir='ltr'><strong>discrete</strong></span> <span class='ocrx_word' id='word_1_656' title='bbox 3073 4934 3130 4984; x_wconf 90' lang='lat' dir='ltr'><strong>et</strong></span> <span class='ocrx_word' id='word_1_657' title='bbox 3169 4929 3580 4985; x_wconf 88' lang='lat' dir='ltr'><strong>modestissime</strong></span> 
     </span>
    </p>
   </div>
   <div class='ocr_carea' id='block_1_55' title="bbox 305 4998 3578 5081">
    <p class='ocr_par' dir='ltr' id='par_1_55' title="bbox 305 4998 3578 5081">
     <span class='ocr_line' id='line_1_55' title="bbox 305 4998 3578 5081; baseline 0 -26"><span class='ocrx_word' id='word_1_658' title='bbox 305 5016 438 5081; x_wconf 84' lang='lat' dir='ltr'><strong>men</strong></span> <span class='ocrx_word' id='word_1_659' title='bbox 461 4999 740 5081; x_wconf 39' lang='lat' dir='ltr'><strong>divuersum</strong></span> <span class='ocrx_word' id='word_1_660' title='bbox 755 5001 813 5081; x_wconf 74' lang='lat' dir='ltr'><strong>id</strong></span> <span class='ocrx_word' id='word_1_661' title='bbox 835 4999 1052 5081; x_wconf 76' lang='lat' dir='ltr'><strong>obtigit,</strong></span> <span class='ocrx_word' id='word_1_662' title='bbox 1087 5001 1392 5081; x_wconf 69' lang='lat' dir='ltr'><strong>aut7amico</strong></span> <span class='ocrx_word' id='word_1_663' title='bbox 1426 5001 1598 5081; x_wconf 75' lang='lat' dir='ltr'><strong>tertiq</strong></span> <span class='ocrx_word' id='word_1_664' title='bbox 1613 4998 1766 5081; x_wconf 73' lang='lat' dir='ltr'><strong>bene</strong></span> <span class='ocrx_word' id='word_1_665' title='bbox 1784 5017 1906 5070; x_wconf 91' lang='lat' dir='ltr'><strong>pre-</strong></span> <span class='ocrx_word' id='word_1_666' title='bbox 1987 4998 2134 5081; x_wconf 70' lang='lat' dir='ltr'><strong>rexit</strong></span> <span class='ocrx_word' id='word_1_667' title='bbox 2163 5001 2221 5081; x_wconf 82' lang='lat' dir='ltr'><strong>in</strong></span> <span class='ocrx_word' id='word_1_668' title='bbox 2262 5016 2476 5054; x_wconf 88' lang='lat' dir='ltr'><strong>morem</strong></span> <span class='ocrx_word' id='word_1_669' title='bbox 2507 4998 2805 5081; x_wconf 67' lang='lat' dir='ltr'><strong>Moysi,7de</strong></span> <span class='ocrx_word' id='word_1_670' title='bbox 2837 5017 2947 5081; x_wconf 89' lang='lat' dir='ltr'><strong>quo</strong></span> <span class='ocrx_word' id='word_1_671' title='bbox 2976 5001 3257 5081; x_wconf 68' lang='lat' dir='ltr'><strong>scriptum</strong></span> <span class='ocrx_word' id='word_1_672' title='bbox 3269 5008 3366 5081; x_wconf 83' lang='lat' dir='ltr'><strong>_e_st</strong></span> <span class='ocrx_word' id='word_1_673' title='bbox 3395 5002 3578 5081; x_wconf 82' lang='lat' dir='ltr'><strong>:__E-rat</strong></span> 
     </span>
    </p>
   </div>
   <div class='ocr_carea' id='block_1_56' title="bbox 306 5069 3581 5140">
    <p class='ocr_par' dir='ltr' id='par_1_56' title="bbox 306 5069 3581 5140">
     <span class='ocr_line' id='line_1_56' title="bbox 306 5069 3581 5140; baseline 0.001 -15"><span class='ocrx_word' id='word_1_674' title='bbox 306 5079 488 5126; x_wconf 88' lang='lat' dir='ltr'><strong>catur.</strong></span> <span class='ocrx_word' id='word_1_675' title='bbox 520 5072 798 5128; x_wconf 90' lang='lat' dir='ltr'><strong>Carminis</strong></span> <span class='ocrx_word' id='word_1_676' title='bbox 827 5069 1126 5126; x_wconf 88' lang='lat' dir='ltr'><strong>umbilicus</strong></span> <span class='ocrx_word' id='word_1_677' title='bbox 1157 5071 1454 5138; x_wconf 90' lang='lat' dir='ltr'><strong>abscissus,</strong></span> <span class='ocrx_word' id='word_1_678' title='bbox 1488 5073 1636 5126; x_wconf 89' lang='lat' dir='ltr'><strong>unde</strong></span> <span class='ocrx_word' id='word_1_679' title='bbox 1667 5078 1724 5125; x_wconf 91' lang='lat' dir='ltr'><strong>et</strong></span> <span class='ocrx_word' id='word_1_680' title='bbox 1753 5069 1904 5125; x_wconf 84' lang='lat' dir='ltr'><strong>insc-</strong></span> <span class='ocrx_word' id='word_1_681' title='bbox 1987 5074 2317 5124; x_wconf 76' lang='lat' dir='ltr'><strong>mitissimus</strong></span> <span class='ocrx_word' id='word_1_682' title='bbox 2330 5069 2688 5140; x_wconf 63' lang='lat' dir='ltr'><strong>superomizes</strong></span> <span class='ocrx_word' id='word_1_683' title='bbox 2707 5069 2972 5125; x_wconf 74' lang='lat' dir='ltr'><strong>homines.</strong></span> <span class='ocrx_word' id='word_1_684' title='bbox 2991 5069 3105 5126; x_wconf 85' lang='lat' dir='ltr'><strong>Sibi</strong></span> <span class='ocrx_word' id='word_1_685' title='bbox 3122 5072 3359 5126; x_wconf 90' lang='lat' dir='ltr'><strong>subditis</strong></span> <span class='ocrx_word' id='word_1_686' title='bbox 3379 5073 3581 5128; x_wconf 90' lang='lat' dir='ltr'><strong>discre-</strong></span> 
     </span>
    </p>
   </div>
   <div class='ocr_carea' id='block_1_57' title="bbox 308 5141 3582 5215">
    <p class='ocr_par' dir='ltr' id='par_1_57' title="bbox 308 5141 3582 5215">
     <span class='ocr_line' id='line_1_57' title="bbox 308 5141 3582 5215; baseline 0.001 -18"><span class='ocrx_word' id='word_1_687' title='bbox 308 5144 534 5214; x_wconf 86' lang='lat' dir='ltr'><strong>quentis</strong></span> <span class='ocrx_word' id='word_1_688' title='bbox 580 5144 720 5198; x_wconf 90' lang='lat' dir='ltr'><strong>bene</strong></span> <span class='ocrx_word' id='word_1_689' title='bbox 758 5141 908 5215; x_wconf 89' lang='lat' dir='ltr'><strong>longi</strong></span> <span class='ocrx_word' id='word_1_690' title='bbox 941 5143 1233 5213; x_wconf 89' lang='lat' dir='ltr'><strong>poematis,</strong></span> <span class='ocrx_word' id='word_1_691' title='bbox 1257 5144 1325 5197; x_wconf 90' lang='lat' dir='ltr'><strong>de</strong></span> <span class='ocrx_word' id='word_1_692' title='bbox 1355 5144 1637 5198; x_wconf 81' lang='lat' dir='ltr'><strong>Patientia</strong></span> <span class='ocrx_word' id='word_1_693' title='bbox 1681 5149 1905 5197; x_wconf 90' lang='lat' dir='ltr'><strong>sancto-</strong></span> <span class='ocrx_word' id='word_1_694' title='bbox 1986 5149 2078 5197; x_wconf 90' lang='lat' dir='ltr'><strong>tus</strong></span> <span class='ocrx_word' id='word_1_695' title='bbox 2105 5148 2161 5196; x_wconf 90' lang='lat' dir='ltr'><strong>et</strong></span> <span class='ocrx_word' id='word_1_696' title='bbox 2189 5142 2340 5196; x_wconf 87' lang='lat' dir='ltr'><strong>mitis</strong></span> <span class='ocrx_word' id='word_1_697' title='bbox 2366 5161 2377 5208; x_wconf 92' lang='lat'><strong>;</strong></span> <span class='ocrx_word' id='word_1_698' title='bbox 2402 5141 2741 5215; x_wconf 77' lang='lat' dir='ltr'><strong>potentibus</strong></span> <span class='ocrx_word' id='word_1_699' title='bbox 2773 5148 2961 5196; x_wconf 89' lang='lat' dir='ltr'><strong>autem</strong></span> <span class='ocrx_word' id='word_1_700' title='bbox 2991 5143 3178 5215; x_wconf 78' lang='lat' dir='ltr'><strong>saeculi</strong></span> <span class='ocrx_word' id='word_1_701' title='bbox 3209 5145 3367 5198; x_wconf 82' lang='lat' dir='ltr'><strong>valde</strong></span> <span class='ocrx_word' id='word_1_702' title='bbox 3395 5146 3582 5215; x_wconf 89' lang='lat' dir='ltr'><strong>gravis</strong></span> 
     </span>
    </p>
   </div>
   <div class='ocr_carea' id='block_1_58' title="bbox 305 5213 3576 5286">
    <p class='ocr_par' dir='ltr' id='par_1_58' title="bbox 305 5213 3576 5286">
     <span class='ocr_line' id='line_1_58' title="bbox 305 5213 3576 5286; baseline 0.001 -18"><span class='ocrx_word' id='word_1_703' title='bbox 305 5213 458 5286; x_wconf 75' lang='lat' dir='ltr'><strong>rum,</strong></span> <span class='ocrx_word' id='word_1_704' title='bbox 491 5215 715 5269; x_wconf 87' lang='lat' dir='ltr'><strong>exordia</strong></span> <span class='ocrx_word' id='word_1_705' title='bbox 744 5214 1053 5286; x_wconf 85' lang='lat' dir='ltr'><strong>perierunt.</strong></span> <span class='ocrx_word' id='word_1_706' title='bbox 1491 5285 1497 5286; x_wconf 85' lang='lat'><strong>7</strong></span> <span class='ocrx_word' id='word_1_707' title='bbox 1799 5285 1806 5286; x_wconf 85' lang='lat'><strong>7</strong></span> <span class='ocrx_word' id='word_1_708' title='bbox 1987 5220 2045 5268; x_wconf 90' lang='lat' dir='ltr'><strong>et</strong></span> <span class='ocrx_word' id='word_1_709' title='bbox 2063 5231 2254 5284; x_wconf 64' lang='lat' dir='ltr'><strong>aequus</strong></span> <span class='ocrx_word' id='word_1_710' title='bbox 2277 5213 2580 5267; x_wconf 81' lang='lat' dir='ltr'><strong>exstiterat.</strong></span> <span class='ocrx_word' id='word_1_711' title='bbox 2607 5213 2937 5286; x_wconf 67' lang='lat' dir='ltr'><strong>Hicaaterna</strong></span> <span class='ocrx_word' id='word_1_712' title='bbox 2952 5213 3270 5284; x_wconf 83' lang='lat' dir='ltr'><strong>virginitate</strong></span> <span class='ocrx_word' id='word_1_713' title='bbox 3291 5213 3576 5286; x_wconf 72' lang='lat' dir='ltr'><strong>praeditus,</strong></span> 
     </span>
    </p>
   </div>
   <div class='ocr_carea' id='block_1_59' title="bbox 383 5284 3581 5358">
    <p class='ocr_par' dir='ltr' id='par_1_59' title="bbox 383 5284 3581 5358">
     <span class='ocr_line' id='line_1_59' title="bbox 383 5284 3581 5358; baseline 0.001 -18"><span class='ocrx_word' id='word_1_714' title='bbox 383 5284 411 5326; x_wconf 75' lang='grc' dir='ltr'><em>ά</em></span> <span class='ocrx_word' id='word_1_715' title='bbox 436 5286 595 5340; x_wconf 85' lang='lat' dir='ltr'><strong>Hunc</strong></span> <span class='ocrx_word' id='word_1_716' title='bbox 625 5302 725 5356; x_wconf 88' lang='lat' dir='ltr'><strong>ego</strong></span> <span class='ocrx_word' id='word_1_717' title='bbox 745 5284 981 5341; x_wconf 83' lang='lat' dir='ltr'><strong>Rabano</strong></span> <span class='ocrx_word' id='word_1_718' title='bbox 1010 5286 1067 5340; x_wconf 91' lang='lat' dir='ltr'><strong>in</strong></span> <span class='ocrx_word' id='word_1_719' title='bbox 1097 5284 1296 5358; x_wconf 86' lang='lat' dir='ltr'><strong>studiis</strong></span> <span class='ocrx_word' id='word_1_720' title='bbox 1325 5285 1599 5358; x_wconf 80' lang='lat' dir='ltr'><strong>aequalem</strong></span> <span class='ocrx_word' id='word_1_721' title='bbox 1628 5285 1905 5340; x_wconf 83' lang='lat' dir='ltr'><strong>exstitisse</strong></span> <span class='ocrx_word' id='word_1_722' title='bbox 1987 5286 2388 5358; x_wconf 84' lang='lat' dir='ltr'><strong>monasterium</strong></span> <span class='ocrx_word' id='word_1_723' title='bbox 2414 5301 2619 5353; x_wconf 85' lang='lat' dir='ltr'><strong>magna</strong></span> <span class='ocrx_word' id='word_1_724' title='bbox 2645 5284 3309 5358; x_wconf 62' lang='lat' dir='ltr'><strong>utilitateadimpletum,</strong></span> <span class='ocrx_word' id='word_1_725' title='bbox 3337 5288 3581 5358; x_wconf 90' lang='lat' dir='ltr'><strong>glorioso</strong></span> 
     </span>
    </p>
   </div>
   <div class='ocr_carea' id='block_1_60' title="bbox 306 5356 3577 5430">
    <p class='ocr_par' dir='ltr' id='par_1_60' title="bbox 306 5356 3577 5430">
     <span class='ocr_line' id='line_1_60' title="bbox 306 5356 3577 5430; baseline -0.001 -18"><span class='ocrx_word' id='word_1_726' title='bbox 306 5356 670 5430; x_wconf 81' lang='lat' dir='ltr'><strong>interpretor,</strong></span> <span class='ocrx_word' id='word_1_727' title='bbox 693 5358 788 5429; x_wconf 85' lang='lat' dir='ltr'><strong>qui</strong></span> <span class='ocrx_word' id='word_1_728' title='bbox 818 5365 877 5430; x_wconf 87' lang='lat' dir='ltr'><strong>et</strong></span> <span class='ocrx_word' id='word_1_729' title='bbox 905 5358 1012 5430; x_wconf 92' lang='lat' dir='ltr'><strong>ipsi</strong></span> <span class='ocrx_word' id='word_1_730' title='bbox 1043 5359 1099 5413; x_wconf 91' lang='lat' dir='ltr'><strong>in</strong></span> <span class='ocrx_word' id='word_1_731' title='bbox 1128 5356 1342 5413; x_wconf 85' lang='lat' dir='ltr'><strong>abbatis</strong></span> <span class='ocrx_word' id='word_1_732' title='bbox 1364 5356 1596 5413; x_wconf 80' lang='lat' dir='ltr'><strong>munere</strong></span> <span class='ocrx_word' id='word_1_733' title='bbox 1618 5358 1900 5423; x_wconf 91' lang='lat' dir='ltr'><strong>successit,</strong></span> <span class='ocrx_word' id='word_1_734' title='bbox 1987 5359 2098 5412; x_wconf 85' lang='lat' dir='ltr'><strong>ﬁne</strong></span> <span class='ocrx_word' id='word_1_735' title='bbox 2116 5357 2288 5430; x_wconf 74' lang='lat' dir='ltr'><strong>vitam</strong></span> <span class='ocrx_word' id='word_1_736' title='bbox 2311 5363 2638 5428; x_wconf 75' lang='lat' dir='ltr'><strong>praesentem</strong></span> <span class='ocrx_word' id='word_1_737' title='bbox 2667 5356 2957 5430; x_wconf 79' lang='lat' dir='ltr'><strong>conclusit,</strong></span> <span class='ocrx_word' id='word_1_738' title='bbox 2983 5374 3132 5411; x_wconf 91' lang='lat' dir='ltr'><strong>anno</strong></span> <span class='ocrx_word' id='word_1_739' title='bbox 3162 5356 3382 5413; x_wconf 81' lang='lat' dir='ltr'><strong>Domini</strong></span> <span class='ocrx_word' id='word_1_740' title='bbox 3404 5358 3577 5430; x_wconf 61' lang='lat'><strong>862.7»</strong></span> 
     </span>
    </p>
   </div>
   <div class='ocr_carea' id='block_1_61' title="bbox 307 5427 3583 5502">
    <p class='ocr_par' dir='ltr' id='par_1_61' title="bbox 307 5427 3583 5502">
     <span class='ocr_line' id='line_1_61' title="bbox 307 5427 3583 5502; baseline 0.001 -19"><span class='ocrx_word' id='word_1_741' title='bbox 307 5429 424 5483; x_wconf 85' lang='lat' dir='ltr'><strong>alio</strong></span> <span class='ocrx_word' id='word_1_742' title='bbox 452 5427 662 5502; x_wconf 76' lang='lat' dir='ltr'><strong>scilicet</strong></span> <span class='ocrx_word' id='word_1_743' title='bbox 680 5427 909 5486; x_wconf 71' lang='lat' dir='ltr'><strong>nomine</strong></span> <span class='ocrx_word' id='word_1_744' title='bbox 929 5427 1282 5500; x_wconf 83' lang='lat' dir='ltr'><strong>nuncupatus</strong></span> <span class='ocrx_word' id='word_1_745' title='bbox 1306 5431 1353 5502; x_wconf 82' lang='grc' dir='ltr'><em>Η</em></span> <span class='ocrx_word' id='word_1_746' title='bbox 1358 5436 1506 5502; x_wconf 89' lang='lat' dir='ltr'><strong>atto;</strong></span> <span class='ocrx_word' id='word_1_747' title='bbox 1531 5429 1766 5502; x_wconf 89' lang='lat' dir='ltr'><strong>pictoria</strong></span> <span class='ocrx_word' id='word_1_748' title='bbox 1783 5435 1904 5483; x_wconf 75' lang='lat' dir='ltr'><strong>arte</strong></span> <span class='ocrx_word' id='word_1_749' title='bbox 1986 5430 2103 5502; x_wconf 82' lang='lat' dir='ltr'><strong>Nec</strong></span> <span class='ocrx_word' id='word_1_750' title='bbox 2132 5427 2411 5502; x_wconf 80' lang='lat' dir='ltr'><strong>affirmem</strong></span> <span class='ocrx_word' id='word_1_751' title='bbox 2437 5435 2649 5502; x_wconf 85' lang='lat' dir='ltr'><strong>temere</strong></span> <span class='ocrx_word' id='word_1_752' title='bbox 2677 5428 2828 5482; x_wconf 90' lang='lat' dir='ltr'><strong>hunc</strong></span> <span class='ocrx_word' id='word_1_753' title='bbox 2855 5428 3012 5502; x_wconf 64' lang='lat' dir='ltr'><strong>illum</strong></span> <span class='ocrx_word' id='word_1_754' title='bbox 3035 5445 3156 5502; x_wconf 80' lang='lat' dir='ltr'><strong>esse</strong></span> <span class='ocrx_word' id='word_1_755' title='bbox 3177 5430 3463 5502; x_wconf 86' lang='lat' dir='ltr'><strong>Bonosum</strong></span> <span class='ocrx_word' id='word_1_756' title='bbox 3489 5429 3583 5485; x_wconf 89' lang='lat' dir='ltr'><strong>ab-</strong></span> 
     </span>
    </p>
   </div>
   <div class='ocr_carea' id='block_1_62' title="bbox 307 5499 3582 5573">
    <p class='ocr_par' dir='ltr' id='par_1_62' title="bbox 307 5499 3582 5573">
     <span class='ocr_line' id='line_1_62' title="bbox 307 5499 3582 5573; baseline 0 -17"><span class='ocrx_word' id='word_1_757' title='bbox 307 5499 657 5572; x_wconf 75' lang='lat' dir='ltr'><strong>praestitisse,</strong></span> <span class='ocrx_word' id='word_1_758' title='bbox 687 5516 808 5572; x_wconf 62' lang='lat' dir='ltr'><strong>qum</strong></span> <span class='ocrx_word' id='word_1_759' title='bbox 831 5502 902 5556; x_wconf 87' lang='lat' dir='ltr'><strong>ad</strong></span> <span class='ocrx_word' id='word_1_760' title='bbox 925 5499 1185 5556; x_wconf 81' lang='lat' dir='ltr'><strong>eumdem</strong></span> <span class='ocrx_word' id='word_1_761' title='bbox 1215 5501 1438 5573; x_wconf 90' lang='lat' dir='ltr'><strong>scripsit</strong></span> <span class='ocrx_word' id='word_1_762' title='bbox 1463 5499 1792 5573; x_wconf 71' lang='lat' dir='ltr'><strong>hexametra</strong></span> <span class='ocrx_word' id='word_1_763' title='bbox 1823 5515 1908 5554; x_wconf 89' lang='lat' dir='ltr'><strong>sa-</strong></span> <span class='ocrx_word' id='word_1_764' title='bbox 1986 5499 2298 5573; x_wconf 73' lang='lat' dir='ltr'><strong>batem,_ad</strong></span> <span class='ocrx_word' id='word_1_765' title='bbox 2329 5500 2488 5568; x_wconf 91' lang='lat' dir='ltr'><strong>cujus</strong></span> <span class='ocrx_word' id='word_1_766' title='bbox 2508 5499 2853 5573; x_wconf 57' lang='lat' dir='ltr'><strong>interrogata</strong></span> <span class='ocrx_word' id='word_1_767' title='bbox 2870 5499 3204 5573; x_wconf 72' lang='lat' dir='ltr'><strong>7Rudolph7us</strong></span> <span class='ocrx_word' id='word_1_768' title='bbox 3231 5499 3288 5556; x_wconf 91' lang='lat' dir='ltr'><strong>in</strong></span> <span class='ocrx_word' id='word_1_769' title='bbox 3315 5501 3582 5573; x_wconf 87' lang='lat' dir='ltr'><strong>Catalogo</strong></span> 
     </span>
    </p>
   </div>
   <div class='ocr_carea' id='block_1_63' title="bbox 247 5569 3580 5644">
    <p class='ocr_par' dir='ltr' id='par_1_63' title="bbox 247 5569 3580 5644">
     <span class='ocr_line' id='line_1_63' title="bbox 247 5569 3580 5644; baseline -0 -18"><span class='ocrx_word' id='word_1_770' title='bbox 247 5589 249 5591; x_wconf 56' lang='grc' dir='ltr'>ί</span> <span class='ocrx_word' id='word_1_771' title='bbox 308 5569 386 5626; x_wconf 69' lang='lat' dir='ltr'><strong>iis</strong></span> <span class='ocrx_word' id='word_1_772' title='bbox 412 5576 676 5644; x_wconf 90' lang='lat' dir='ltr'><strong>arguunt.</strong></span> <span class='ocrx_word' id='word_1_773' title='bbox 703 5569 795 5626; x_wconf 48' lang='lat' dir='ltr'><strong>&quot;De</strong></span> <span class='ocrx_word' id='word_1_774' title='bbox 830 5573 1076 5628; x_wconf 84' lang='lat' dir='ltr'><strong>Hattono</strong></span> <span class='ocrx_word' id='word_1_775' title='bbox 1104 5577 1292 5644; x_wconf 87' lang='lat' dir='ltr'><strong>autem</strong></span> <span class='ocrx_word' id='word_1_776' title='bbox 1323 5569 1480 5627; x_wconf 77' lang='lat' dir='ltr'><strong>vetus</strong></span> <span class='ocrx_word' id='word_1_777' title='bbox 1510 5588 1614 5644; x_wconf 85' lang='lat' dir='ltr'><strong>ms.</strong></span> <span class='ocrx_word' id='word_1_778' title='bbox 1640 5572 1907 5627; x_wconf 88' lang='lat' dir='ltr'><strong>abbatum</strong></span> <span class='ocrx_word' id='word_1_779' title='bbox 1989 5570 2162 5624; x_wconf 88' lang='lat' dir='ltr'><strong>refert</strong></span> <span class='ocrx_word' id='word_1_780' title='bbox 2180 5570 2406 5644; x_wconf 67' lang='lat' dir='ltr'><strong>librum</strong></span> <span class='ocrx_word' id='word_1_781' title='bbox 2436 5569 2751 5644; x_wconf 64' lang='lat' dir='ltr'><strong>,confecisse</strong></span> <span class='ocrx_word' id='word_1_782' title='bbox 2787 5569 3089 5644; x_wconf 67' lang='lat' dir='ltr'><strong>Rabanuni</strong></span> <span class='ocrx_word' id='word_1_783' title='bbox 3120 5570 3189 5626; x_wconf 90' lang='lat' dir='ltr'><strong>de</strong></span> <span class='ocrx_word' id='word_1_784' title='bbox 3232 5569 3580 5644; x_wconf 63' lang='lat' dir='ltr'><strong>cognationis</strong></span> 
     </span>
    </p>
   </div>
   <div class='ocr_carea' id='block_1_64' title="bbox 306 5641 3150 5716">
    <p class='ocr_par' dir='ltr' id='par_1_64' title="bbox 306 5641 3150 5716">
     <span class='ocr_line' id='line_1_64' title="bbox 306 5641 3150 5716; baseline -0 -18"><span class='ocrx_word' id='word_1_785' title='bbox 306 5641 600 5716; x_wconf 78' lang='lat' dir='ltr'><strong>catalogus</strong></span> <span class='ocrx_word' id='word_1_786' title='bbox 623 5660 635 5698; x_wconf 88' lang='lat'><strong>:</strong></span> <span class='ocrx_word' id='word_1_787' title='bbox 657 5661 686 5694; x_wconf 73' lang='grc' dir='ltr'><strong><em>α</em></strong></span> <span class='ocrx_word' id='word_1_788' title='bbox 708 5644 878 5698; x_wconf 83' lang='lat' dir='ltr'><strong>Hatto</strong></span> <span class='ocrx_word' id='word_1_789' title='bbox 901 5646 1154 5716; x_wconf 88' lang='lat' dir='ltr'><strong>Bonosus</strong></span> <span class='ocrx_word' id='word_1_790' title='bbox 1182 5643 1362 5699; x_wconf 85' lang='lat' dir='ltr'><strong>dictus</strong></span> <span class='ocrx_word' id='word_1_791' title='bbox 1389 5648 1452 5716; x_wconf 81' lang='lat' dir='ltr'><strong>et</strong></span> <span class='ocrx_word' id='word_1_792' title='bbox 1469 5643 1768 5716; x_wconf 81' lang='lat' dir='ltr'><strong>gloriosus,</strong></span> <span class='ocrx_word' id='word_1_793' title='bbox 1780 5659 1910 5716; x_wconf 80' lang='lat' dir='ltr'><strong>sus-</strong></span> <span class='ocrx_word' id='word_1_794' title='bbox 1991 5641 2403 5716; x_wconf 78' lang='lat' dir='ltr'><strong>commixtione,</strong></span> <span class='ocrx_word' id='word_1_795' title='bbox 2435 5646 2493 5716; x_wconf 79' lang='lat' dir='ltr'><strong>et</strong></span> <span class='ocrx_word' id='word_1_796' title='bbox 2520 5641 2738 5716; x_wconf 79' lang='lat' dir='ltr'><strong>magica</strong></span> <span class='ocrx_word' id='word_1_797' title='bbox 2761 5647 2884 5696; x_wconf 86' lang='lat' dir='ltr'><strong>arte</strong></span> <span class='ocrx_word' id='word_1_798' title='bbox 2903 5641 3150 5697; x_wconf 86' lang='lat' dir='ltr'><strong>vitanda.</strong></span> 
     </span>
    </p>
   </div>
   <div class='ocr_carea' id='block_1_65' title="bbox 307 5711 3109 5788">
    <p class='ocr_par' dir='ltr' id='par_1_65' title="bbox 307 5711 3109 5788">
     <span class='ocr_line' id='line_1_65' title="bbox 307 5711 3109 5788; baseline 0 -19"><span class='ocrx_word' id='word_1_799' title='bbox 307 5715 464 5786; x_wconf 81' lang='lat' dir='ltr'><strong>cepit</strong></span> <span class='ocrx_word' id='word_1_800' title='bbox 496 5711 940 5788; x_wconf 66' lang='lat' dir='ltr'><strong>gubernaculum</strong></span> <span class='ocrx_word' id='word_1_801' title='bbox 975 5715 1214 5774; x_wconf 83' lang='lat' dir='ltr'><strong>abbatiae</strong></span> <span class='ocrx_word' id='word_1_802' title='bbox 1257 5731 1408 5774; x_wconf 87' lang='lat' dir='ltr'><strong>anno</strong></span> <span class='ocrx_word' id='word_1_803' title='bbox 1441 5711 1668 5774; x_wconf 70' lang='lat' dir='ltr'><strong>Domini</strong></span> <span class='ocrx_word' id='word_1_804' title='bbox 1697 5713 1823 5786; x_wconf 73' lang='lat'><strong>841,</strong></span> <span class='ocrx_word' id='word_1_805' title='bbox 1853 5719 1913 5771; x_wconf 88' lang='lat' dir='ltr'><strong>et</strong></span> <span class='ocrx_word' id='word_1_806' title='bbox 2067 5723 2092 5758; x_wconf 72' lang='grc' dir='ltr'><strong>ο</strong></span> <span class='ocrx_word' id='word_1_807' title='bbox 2121 5715 2404 5782; x_wconf 74' lang='lat' dir='ltr'><strong>Maturiet,</strong></span> <span class='ocrx_word' id='word_1_808' title='bbox 2437 5711 2508 5768; x_wconf 88' lang='lat' dir='ltr'><strong>ab</strong></span> <span class='ocrx_word' id='word_1_809' title='bbox 2530 5711 2808 5769; x_wconf 82' lang='lat' dir='ltr'><strong>inusitato</strong></span> <span class='ocrx_word' id='word_1_810' title='bbox 2837 5720 3109 5770; x_wconf 71' lang='lat' dir='ltr'><strong>maturae.</strong></span> 
     </span>
    </p>
   </div>
  </div>
