3974 6180
220 305 361 364 1609

213 437 383 492 Iussa
411 453 633 510 quoque
663 439 971 495 ostendunt
997 442 1237 499 Domino
1258 461 1361 501 nos
1392 447 1513 518 lege
1539 447 1741 504 teneri.

214 535 242 566 ι
273 526 417 592 Quid
446 525 697 582 laborem
727 529 952 602 scriptis
973 539 1291 589 commenta
1318 535 1534 591 edicere
1564 537 1746 608 plura.

439 636 707 704 (Defectus
735 639 886 692 alius
910 645 1033 708 post
1047 657 1176 710 pag.
1210 655 1286 696 Iv.
1321 647 1594 714 notatur.)

215 779 519 842 XXXI.—
543 779 570 820 ι’
602 797 678 842 ωε
708 799 848 844 rms
875 800 1218 847 cuneum
1252 803 1542 850 nummo
1571 804 1819 852 omnes

800 879 1190 926 COHPOSITUM
1209 911 1222 925 .

501 974 730 1031 Eterne
760 994 950 1033 rerum
979 979 1256 1047 conditor,

575 1065 643 1118 Et
669 1066 856 1121 clarus
885 1069 1082 1123 mundi
1109 1068 1397 1134 formator,

573 1151 722 1209 Deus
747 1153 804 1210 in
835 1155 1181 1227 adjutorium

582 1242 817 1298 Intende
844 1250 908 1299 tu
937 1245 1238 1300 humilium
1265 1265 1278 1312 ;

583 1331 876 1404 Cordeque
898 1333 1002 1388 tibi
1029 1335 1312 1402 devotum,

572 1420 800 1476 Festina
819 1422 880 1477 in
908 1424 1202 1480 auxilium.

502 1509 587 1564 Da
615 1511 822 1566 mentis
841 1511 957 1566 ﬁda
983 1513 1256 1584 regmina.

578 1601 654 1654 Ac
686 1599 837 1654 verbi
865 1601 1018 1656 clara
1045 1619 1321 1669 munera;

577 1689 659 1744 Da
685 1694 814 1744 vota
841 1691 1026 1745 cordis
1047 1693 1278 1763 optima.

577 1778 644 1832 Et
674 1777 802 1833 facti
821 1779 968 1834 dona
989 1781 1238 1851 plurima
1262 1801 1275 1849 ;

996 314 1343 372 CARMINA.
1382 347 1446 358 --
1490 318 1740 376 SECTIO
1781 319 1826 377 Ι.
1869 319 2209 376 ΡΟΕΜΑΤΑ
2249 320 2342 376 DE
2383 315 2732 378 DIVERSIS.

1833 451 1884 510 Α

1841 1777 1890 1838 Β

3366 319 3496 379 1610

2259 448 2497 504 Sensum
2525 447 2693 504 corde
2721 445 3103 518 purissimum,

2254 537 2461 592 Famen
2490 554 2587 592 ore
2606 538 2920 609 paciﬁcum.

2186 625 2262 682 Ut
2287 631 2447 682 tuam
2471 626 2697 682 laudem
2715 627 2925 683 famine

2259 715 2324 772 In
2349 716 2546 788 primis
2573 717 2788 788 possim
2815 717 3022 786 dicere,

2257 804 2546 877 Magnam,
2577 805 2781 861 miram
2807 823 2874 860 ac
2894 807 3236 879 praeclaram,

2253 894 2436 966 Digna
2460 911 2592 950 voce
2615 895 3026 967 justissimam;

2255 984 2505 1056 Maiaque
2523 985 2632 1040 sim
2657 985 2900 1042 miseriae

2257 1074 2638 1146 Compunctus
2661 1091 2882 1130 memor
2901 1075 3132 1134 ultima.

2186 1162 2336 1218 Deus
2363 1164 2514 1219 salus
2542 1164 2910 1232 credentium,

2259 1251 2408 1306 Deus
2439 1252 2549 1308 vita
2578 1253 2904 1322 viventium,

2257 1339 2408 1396 Deus
2429 1341 2662 1398 deorum
2691 1344 2966 1411 omnium,

2259 1429 2408 1484 Deus
2423 1435 2485 1484 et
2503 1430 2764 1503 princeps
2788 1432 3123 1505 principum,

2267 1518 2418 1574 Deus
2437 1535 2694 1575 summus
2712 1520 2989 1586 amabilis,

2258 1609 2410 1664 Deus
2437 1607 2867 1674 inaestimabilis,

2185 1698 2348 1752 Altus
2378 1703 2654 1770 prosator,
2686 1703 2941 1754 vetustus

2257 1787 2508 1854 Dierum,
2543 1793 2602 1844 et
2623 1787 2909 1858 ingenitus
2927 1826 2942 1854 ,

1215 1933 1532 1990 SCHOLIA
1569 1933 2108 1992 CHRISTOPHORI
2147 1933 2512 1992 BROVVERI.

231 2079 324 2174 tia.
345 2076 635 2174 ἰξώδηυεῖ
634 2084 824 2134 autem
845 2079 1286 2174 hiccinerisuram
1308 2081 1811 2174 interpretatupyel

1898 2087 2190 2174 γράφοντᾳς
2209 2089 2283 2174 εἰς
2297 2089 2490 2174 κάλᾈος
2499 2088 2854 2174 appellabant
2871 2108 2884 2158 ;
2906 2090 3058 2146 unde
3073 2095 3131 2174 et
3145 2091 3214 2146 iis
3225 2096 3504 2174 καλλιγρα.

228 2150 566 2224 amphoram.
593 2150 734 2224 Cum
763 2167 894 2224 vero
934 2151 1033 2206 Sin
1072 2153 1236 2224 longe
1266 2171 1300 2208 a
1328 2150 1557 2209 notione
1585 2156 1815 2211 Middah

232 2219 493 2296 velChad
524 2222 830 2296 sepositum
850 2223 940 2288 sit,
975 2219 1247 2296 suspicari
1294 2226 1460 2282 liceat
1489 2227 1588 2281 Sin
1617 2234 1675 2281 et
1704 2228 1814 2282 Hin

229 2289 519 2346 Rabanum
573 2289 905 2362 contudisse,
939 2301 998 2349 et
1052 2289 1178 2350 c'um
1232 2297 1589 2352 notissimum
1619 2297 1728 2353 Hin
1756 2299 1815 2353 in

231 2361 529 2452 S‘criplturis
548 2381 832 2452 mensurae
859 2361 1040 2452 genus
1065 2367 1161 2452 sit,
1194 2374 1248 2423 et
1279 2369 1513 2452 Latinus
1542 2369 1820 2452 interpres
1878 2401 1884 2406 -

227 2432 428 2514 alicubi
447 2439 754 2514 sestarium
786 2432 1030 2514 verfterit,
1065 2432 1234 2514 hujus
1262 2432 1710 2514 vocisetymon;
1730 2441 1819 2514 in-

227 2505 668 2584 cuﬁoso_tal_ium
696 2523 823 2584 usu,
852 2509 969 2584 Sin‘
992 2517 1049 2564 et
1066 2505 1233 2584 Sinai
1264 2511 1443 2584 monti
1471 2505 1813 2584 ascripserit.

227 2575 289 2652 _Id
315 2576 479 2652 quod_
479 2577 688 2652 callens
707 2579 912 2652 linguae
929 2580 1226 2652 theologus
1245 2583 1460 2638 amicus
1478 2583 1560 2638 ita
1581 2575 1819 2638 deduce.

227 2643 424 2726 bat,'_ut
443 2647 672 2703 Rabano
692 2643 944 2726 oblatum
963 2650 1106 2706 forte
1117 2643 1240 2708 “hoc
1261 2661 1491 2726 etymon
1516 2655 1819 2726 conjiceret

228 2719 371 2789 quod
410 2735 512 2791 pro
546 2733 597 2793 κ
626 2722 710 2775 vel
735 2735 778 2794 ῃ
821 2729 1109 2794 assumpto
1133 2739 1183 2795 τ,
1218 2719 1468 2781 sonuerit
1511 2726 1563 2781 ei
1606 2719 1817 2782 Zchina

251 2807 484 2898 νηητ
503 2819 633 2874 Ecce
655 2822 704 2876 Η
709 2823 770 2876 in
790 2838 931 2883 mea,
951 2821 1004 2876 id
1029 2827 1115 2876 est
1133 2839 1400 2880 mensura
1410 2825 1499 2880 vel
1520 2826 1812 2898 amphora.

276 2911 433 2976 erum
459 2897 675 2976 facilius
722 2901 827 2976 hoc
879 2901 1017 2956 mihi
1067 2903 1219 2976 credi
1262 2906 1542 2976 postulem
1586 2897 1816 2962 Rabano

229 2974 480 3046 sanctum
526 2971 926 3046 Augustinum,
961 2989 1132 3046 quam
1170 2971 1376 3046 linguas
1426 2976 1578 3031 illius
1611 2994 1817 3033 arcana

227 3038 395 3094 fuisse
423 3041 512 3097 hic
561 3038 857 3120 in:.mente
893 3050 953 3120 et
978 3038 1052 3099 'in
1092 3038 1286 3120 oculis,
1321 3048 1416 3120 qui
1439 3047 1509 3102 ad
1540 3049 1818 3119 psalmum

229 3125 395 3176 van,
429 3114 580 3190 quod
610 3113 764 3190 Sinai
793 3116 1067 3171 terminus
1098 3123 1156 3172 et
1203 3113 1510 3174 claustrum
1536 3113 1819 3190 quoddam

229 3185 614 3262 esse_regionis
643 3185 868 3262 Judaese,
897 3205 1218 3262 mensuram
1249 3185 1654 3262 interpretatus
1683 3197 1770 3245 est
1803 3209 1814 3244 :

1897 2167 2014 2246 φία,
2050 2167 2146 2239 qui
2176 2167 2336 2223 nobis
2364 2168 2598 2236 librarii,
2632 2174 2690 2224 et
2735 2176 2966 2225 venuste
3007 2167 3313 2228 scribentes
3353 2167 3504 2232 anti-

1898 2247 2115 2337 queri;
2178 2249 2384 2337 Pati!“
2437 2249 2700 2337 εθιίοηξεηι
2733 2251 2831 2337 ιιμέ
2890 2253 3177 2337 τρέφοντες
3205 2255 3278 2322 εἰς
3303 2257 3494 2337 τάχος.

1901 2327 2131 2420 priscis,
2149 2329 2386 2396 notarii;
2431 2330 2500 2384 de
2531 2329 2734 2402 quibus
2763 2327 3038 2387 Martialis
3071 2349 3083 2385 :

2090 2433 2311 2484 Nondum
2329 2435 2494 2498 lingua
2521 2449 2682 2498 suum,
2704 2437 2866 2487 dextra
2895 2437 3076 2501 peregit
3099 2452 3240 2503 opus.

1899 2533 2101 2607 Sedne
2118 2534 2357 2589 aliorum
2369 2535 2460 2588 hic
2479 2535 2538 2590 in
2559 2551 2799 2590 messem
2828 2536 3235 2607 ingrediamur,
3260 2539 3398 2594 satis
3428 2541 3505 2596 sit

1897 2604 2158 2660 instituto
2197 2613 2388 2661 nostro
2427 2607 2750 2662 meminisse
2785 2604 3164 2664 Theodosium
3212 2611 3503 2668 Juniorem

1898 2675 2036 2748 imp.
2067 2677 2284 2749 litteras
2316 2683 2435 2732 tam
2461 2683 2713 2749 venuste
2750 2679 3013 2749 pinxisse,
3051 2685 3109 2734 et
3137 2680 3268 2736 inde
3297 2699 3398 2737 seu
3431 2683 3506 2738 vi-

1899 2747 2052 2830 ctum
2071 2748 2334 2830 factitans
2362 2747 2677 2830 Alligraphi
2711 2747 2924 2830 nomen
2951 2753 3224 2807 meruerit
3247 2771 3261 2821 ;
3307 2759 3378 2830 _et
3399 2754 3504 2830 hac

1899 2824 2064 2902 aptate
2104 2819 2347 2902 nobilem
2387 2819 2715 2902 scriptorem
2743 2827 3032 2902 repertum
3063 2839 3204 2902 esse,
3226 2819 3323 2894 qui
3351 2824 3506 2902 nobi-

1898 2890 2039 2946 liore
2073 2890 2560 2964 scriptorizeartis
2616 2890 2891 2964 symbolo,
2924 2890 3269 2964 interpretor
3299 2897 3505 2952 mentis

1901 2977 2036 3029 suae,
2065 2961 2307 3047 pennam
2333 2961 2599 3047 gientiae,
2621 2961 2953 3047 prudentiae,
2985 2961 3276 3047 sapientiae
3305 2983 3504 3040 opera-

1898 3039 2040 3100 tam,
2061 3033 2320 3106 gloriosa:
2348 3033 2602 3106 Deiparaa
2637 3033 2835 3088 matris
2870 3033 3071 3090 honori
3098 3033 3500 3106 consecratam,

1901 3121 2146 3182 perenne
2175 3105 2643 3182 donarium__esse
2695 3106 2886 3171 voluit,
2939 3123 3049 3182 quo
3087 3107 3368 3182 discerent
3407 3105 3504 3182 qui

1901 3175 2032 3236 ἔπεα
2058 3199 2368 3254 πτιροεντα,
2399 3182 2463 3230 ut
2485 3175 2762 3230 lIOmerus
2790 3193 2936 3248 saepe
2956 3175 3228 3250 loquitur,
3260 3175 3506 3252 pennata

231 3255 374 3335 quod
421 3249 484 3335 in
535 3249 932 3335 allegoriarum
963 3259 1110 3313 Silva
1141 3249 1519 3335 Hieronymus
1549 3249 1880 3318 Laoretusc
1904 3255 2102 3335 verba,
2126 3249 2228 3328 p'er
2258 3249 2428 3326 huius
2452 3257 2563 3335 aevi
2577 3257 2870 3335 cacoethes
2897 3249 3110 3312 temere
3121 3249 3426 3335 plurimum
3449 3270 3508 3318 et

229 3327 398 3381 etiam
434 3327 766 3383 observavit.

299 3399 496 3472 {Quod
524 3403 764 3455 laborem
796 3403 1016 3469 scriptis
1050 3409 1353 3458 commenta
1382 3407 1588 3458 edicere
1605 3408 1776 3472 plura
1801 3412 1825 3459 ?

231 3468 344 3524 Etsi
358 3472 708 3546 quantitatis
719 3468 918 3546 parum
934 3473 1164 3527 sedulus
1182 3475 1578 3529 observatorin
1605 3468 1825 3546 poetica

227 3557 329 3618 sua
358 3541 637 3608 Rabanus,
675 3541 1085 3618 putavi__tani_en
1113 3547 1402 3617 scripsisse
1433 3541 1652 3618 potius:
1681 3548 1824 3614 Quid

229 3614 380 3688 labor:
397 3618 490 3681 est,
524 3631 656 3669 nam
693 3615 806 3669 ullo
839 3615 1048 3687 alioqui
1092 3614 1316 3688 negotio
1348 3614 1562 3672 vertere
1593 3634 1822 3672 carmen

227 3683 410 3755 potuit
439 3702 451 3738 :

377 3771 497 3831 Quid
521 3772 716 3837 scriptis
736 3781 1005 3824 commenta
1035 3777 1218 3825 edicere
1247 3779 1382 3841 plura
1405 3777 1652 3826 laborem?

226 3852 591 3925 Scriptoriam
647 3853 968 3910 facultatem
1023 3859 1401 3924 commendat,
1437 3857 1572 3912 alibi
1601 3875 1634 3912 a
1661 3856 1822 3913 nobis

223 3924 511 4000 laudatam
533 3927 668 4000 (lib.-
689 3927 874 3997 Antig.
918 3929 1122 4000 Fati),
1157 3946 1256 4000 pro
1303 3935 1471 4000 captu
1514 3929 1728 3984 Rabani
1760 3933 1824 4000 et

223 3995 639 4069 mediastetatis,
665 4015 766 4052 seu
808 3995 1112 4069 expetitum
1149 3995 1428 4056 nobilibus
1466 3999 1820 4055 monasteriis

225 4073 286 4142 et
312 4067 678 4142 bibliothecis,
710 4069 823 4142 imo
863 4067 1180 4140 reipublicae
1219 4078 1348 4126 ante
1388 4071 1819 4142 typographiam

223 4137 529 4223 inventam,
572 4141 824 4223 apprime
863 4137 1255 4223 necessariam.
1289 4137 1429 4223 Ejus
1451 4137 1646 4223 Deum
1687 4142 1821 4196 facit

225 4215 535 4283 auctorem,
569 4211 665 4282 qui
694 4213 873 4281 legem
915 4211 1122 4282 jubens
1151 4219 1206 4267 et
1233 4211 1473 4279 tabulas,
1507 4213 1680 4283 digito
1718 4230 1820 4268 suo

224 4281 466 4352 scriptas
503 4281 642 4338 Mosi
680 4281 993 4355 tradiderit.
1027 4285 1148 4347 Quo
1177 4291 1235 4338 et
1271 4291 1462 4339 vatum
1493 4281 1819 4355 antiquissi-

223 4369 370 4419 mos,
385 4361 443 4408 et
460 4371 656 4426 eorum
683 4354 989 4426 principem
1021 4356 1232 4421 Mosen,
1275 4357 1482 4410 referre
1521 4354 1666 4418 licet,
1700 4356 1815 4426 qui,

222 4426 532 4480 secundum
554 4425 710 4480 Isaia:
735 4425 1071 4488 sermonem,
1094 4445 1263 4481 manu
1285 4445 1388 4480 sua
1415 4427 1651 4481 Domino
1675 4425 1818 4480 scri-

221 4502 478 4568 pserunt.
495 4496 774 4567 thuidin
795 4497 897 4552 hoc
919 4515 1126 4567 genere
1166 4498 1448 4552 divinius?
1474 4501 1626 4552 Jcsus
1655 4501 1817 4552 incli-

223 4563 371 4640 ᾐαηε
380 4585 432 4622 se
451 4563 722 4632 deorsum,
739 4570 912 4634 digito
923 4563 1196 4623 scribebat
1216 4573 1278 4623 in
1303 4576 1452 4624 ter-ra
1471 4570 1652 4640 (Joan.
1670 4573 1808 4637 vni).
1825 4563 1874 4623 D

219 4636 336 4706 Ego
365 4643 576 4694 Paulus
611 4641 810 4708 scripsi
835 4656 1012 4693 manu
1059 4657 1199 4694 mea.
1231 4641 1335 4694 Et:
1373 4636 1652 4697 Satutatio
1691 4636 1812 4694 mm

217 4723 402 4782 manu
423 4713 605 4766 Pauli.
640 4712 703 4766 In
732 4715 984 4765 veterum
1013 4711 1234 4782 placitis
1257 4718 1377 4766 est:
1410 4713 1610 4767 Manus
1637 4711 1812 4765 ratio-

216 4779 314 4836 nis
341 4781 720 4853 acsapientize
739 4779 1164 4853 quasdam'esse
1181 4783 1487 4837 ministras.
1502 4782 1586 4837 Ab
1615 4799 1811 4836 earum

213 4856 382 4906 motu
400 4852 547 4908 facili
567 4870 632 4908 ac
659 4852 873 4908 innato.
891 4854 1218 4908 innumeras
1242 4860 1391 4908 artes
1421 4855 1478 4908 in
1505 4870 1684 4925 genus
1711 4855 1812 4908 hu-

210 4938 450 4978 manum
462 4925 806 4995 proﬂuxisse:
822 4925 1330 4991 architectonicam,
1343 4927 1622 4980 culturam
1650 4941 1810 4995 agro-

207 5009 364 5061 rum,
380 4995 718 5050 musicorum
750 4999 1023 5068 cujusque
1049 4998 1274 5066 generis
1285 5013 1623 5068 organorum
1644 4995 1810 5050 fabri-

205 5081 363 5133 cam,
395 5083 560 5120 usum
590 5073 646 5120 et
675 5085 900 5122 suavem
921 5075 1280 5135 concentum;
1313 5069 1604 5129 vestiariis,
1627 5084 1810 5122 arma-

201 5140 377 5211 turae,
408 5137 490 5192 rei
518 5139 828 5201 metallicaz,
863 5139 1099 5193 nautica:
1129 5140 1314 5211 copias
1344 5140 1714 5211 adornatum
1752 5144 1811 5193 et

201 5207 518 5281 utilitatem
539 5227 674 5264 sane
696 5211 920 5281 quidem
942 5207 1264 5278 affluentes;
1289 5210 1538 5265 omnium
1567 5210 1809 5280 denique

198 5295 339 5351 quae
368 5279 660 5336 hominum
687 5279 803 5351 juri
830 5283 888 5336 in
918 5282 1052 5336 orbe
1081 5283 1390 5351 subjncent,
1418 5299 1688 5336 manuum
1718 5279 1804 5335 so-

192 5350 380 5424 lertia
406 5353 617 5424 percipi
649 5350 706 5406 et
735 5354 1139 5408 administrari.
1167 5350 1276 5407 Sed
1331 5354 1399 5407 de
1442 5353 1708 5424 pingendi
1747 5358 1805 5406 et

192 5421 494 5507 scribendi
520 5421 756 5491 ratione,
789 5442 911 5507 quae
925 5442 1136 5507 genera
1161 5426 1271 5505 duo
1297 5421 1567 5507 latissime
1587 5429 1800 5495 patent,

191 5493 626 5568 nobisisermo;
652 5503 711 5550 et
729 5493 859 5568 quia
889 5493 1166 5568 posterius
1193 5495 1362 5568 priori
1403 5493 1664 5568 [tabanus
1684 5513 1806 5568 ian-

187 5567 450 5638 teponit,
485 5567 708 5638 legatur
735 5566 801 5621 ea
831 5566 908 5621 de
928 5585 1008 5631 re,
1041 5569 1086 5622 si
1107 5569 1306 5638 placet,
1322 5566 1525 5621 Caelius
1539 5566 1806 5636 Rhodigi-

184 5653 336 5710 rius,
376 5639 530 5693 Lect.
589 5640 765 5710 antiq.
799 5639 896 5694 lib.
931 5656 1003 5705 Iv,
1033 5657 1080 5694 c.
1121 5641 1175 5706 3,
1209 5638 1303 5692 ubi
1354 5644 1481 5710 post
1531 5653 1804 5710 manuum

179 5708 460 5777 laudem,
483 5708 840 5766 commendat
853 5711 1130 5766 scribendi
1161 5711 1390 5764 donum.
1405 5708 1582 5764 Graeci
1601 5709 1806 5780 duplex

174 5785 460 5840 statuere
486 5781 826 5856 scriptorum
849 5798 1050 5856 genus,
1080 5781 1290 5858 partim
1304 5797 1500 5840 eorum
1520 5797 1660 5853 quos
1682 5779 1806 5850 ἰοὺς

586 5892 856 5960 ΡΑτιιοι..
885 5891 1064 5959 CXII.

1905 3327 2165 3398 imperite
2193 3333 2485 3398 spargunt,
2520 3328 2782 3382 Coelitum
2812 3345 2936 3398 ope,
2965 3346 3076 3384 non
3105 3327 3288 3386 solum
3303 3334 3502 3390 calami

1904 3397 2200 3480 beneficio,
2215 3397 2746 3480 perennareﬁuzeri
2779 3397 2910 3480 vero
2937 3401 3083 3480 solet
3105 3419 3180 3455 an
3210 3403 3378 3480 prisci
3409 3422 3504 3460 no-

1905 3470 2006 3523 stri
2025 3468 2314 3540 caenobitse
2336 3468 2570 3534 librarii,
2591 3469 2688 3540 qui
2712 3469 2951 3539 pellibus
2981 3478 3039 3525 et
3061 3468 3404 3528 membranis
3418 3481 3504 3531 tot

1904 3541 2112 3616 scrinia
2131 3539 2594 3616 bibliothecarum
2622 3539 3013 3610 impleverunt,
3047 3543 3264 3614 pennis,
3293 3551 3357 3599 ut
3379 3548 3502 3616 jam

1904 3613 2068 3686 vulgo
2100 3611 2438 3686 scriptores,
2493 3627 2558 3686 eat
2605 3627 2888 3686 anserum,
2927 3611 3500 3686 gruum,cygnorum

1903 3683 2006 3760 alis
2027 3683 2115 3760 us_i
2165 3682 2298 3747 sint,
2313 3697 2386 3760 an
2402 3681 2590 3760 j_unc_is
2606 3683 2791 3760 potius
2803 3689 2869 3760 et
2895 3681 3292 3760 arundinibus:
3303 3704 3368 3742 ex
3381 3691 3501 3760 qui-

1903 3753 2008 3808 bus
2025 3753 2269 3835 calamos
2285 3753 2554 3824 aptabant
2561 3753 2752 3876 prisci.
2783 3755 3074 3835 Auctores,
3089 3756 3190 3826 qui
3207 3774 3328 3840 rem
3344 3753 3498 3816 certo

1903 3825 2192 3876 deﬁniant.
2227 3824 2408 3876 fateor
2442 3824 2558 3876 hau
2626 3840 2716 3876 me
2755 3824 2994 3876 lemsse:
3025 3843 3092 3876 ex
3119 3829 3414 3876 arundinis
3443 3839 3498 3876 et

1902 3824 2192 3886 deliniant,
2227 3824 2408 3878 fateor
2442 3824 2596 3877 haud
2626 3840 2716 3878 me
2755 3824 2994 3895 legisse;
3025 3843 3092 3881 ex
3106 3824 3414 3885 arundinis
3443 3839 3502 3887 et

1903 3895 2100 3968 calami
2131 3895 2447 3968 promiscua
2469 3894 2895 3968 signiﬁcatione,
2921 3913 3034 3968 qua
3061 3899 3335 3968 sequioris
3362 3907 3500 3958 teta-

1903 3967 1976 4022 tis
2005 3966 2276 4046 nonnulli
2300 3971 2556 4046 utuntur,
2588 3967 2656 4020 lis
2701 3966 2851 4046 finiri
2884 3966 2994 4046 non
3039 3966 3240 4046 potest.
3285 3972 3343 4027 Si
3372 3975 3499 4046 quis

1900 4040 2232 4109 conjectum
2261 4039 2434 4101 locus,
2469 4037 2654 4108 apices
2684 4037 3118 4108 majusculos‘et
3146 4041 3346 4098 ductus
3387 4037 3496 4102 11n-

1899 4110 2087 4176 ciales,
2133 4109 2335 4188 quibus
2384 4109 2718 4188 vetustiores
2772 4110 3112 4188 membranae
3166 4115 3497 4188 plerumque

1903 4186 2161 4259 exaratis,
2188 4181 2375 4259 ausim
2405 4181 2770 4259 pronuntiare
2797 4182 3141 4238 calamorum
3166 4181 3341 4259 opera
3366 4181 3496 4259 per-

1901 4253 2092 4334 fectos,
2125 4253 2460 4334 minutiores
2477 4252 2693 4306 litteras
2712 4259 3144 4334 etrtaZquq?iqy
3176 4252 3385 4327 pennis“
3405 4277 3495 4314 ex-

1899 4333 2090 4406 pedita
2109 4332 2301 4396 fuisse,
2318 4349 2730 4406 quemsensum
2751 4333 2820 4406 in
2849 4332 3100 4387 versibus
3120 4336 3326 4404 Albini,
3359 4340 3495 4394 scri-

1897 4403 2080 4478 ptorio
2100 4403 2765 4469 consecratisrinsinuari
2796 4410 3060 4474 putamus
3083 4423 3094 4458 :

2143 4529 2353 4578 Trsmite
2379 4541 2472 4591 quo
2508 4533 2632 4576 recto
2660 4541 2813 4590 penna
2839 4528 3045 4577 volantis
3069 4536 3163 4578 ost.

1893 4637 2228 4708 Utriusque,
2252 4641 2317 4690 ut
2343 4634 2547 4689 calami
2579 4639 2636 4688 et
2664 4651 2878 4708 pennae,
2929 4636 2990 4708 in
3029 4641 3388 4696 monasteriis
3418 4643 3490 4698 ad

1894 4707 2128 4764 rituales
2175 4707 2346 4761 libros
2389 4712 2445 4759 ct
2471 4711 2697 4760 cantum
2745 4707 3185 4764 ecclesiasticum
3212 4711 3487 4770 celebrem

1892 4797 2057 4838 usum
2086 4778 2343 4850 viguisse,
2363 4776 2741 4850 recordamur
2756 4777 2851 4850 avi
2880 4780 3078 4834 nostri.

1963 4851 1990 4892 b
2017 4847 2226 4906 Et't‘ectu
2256 4866 2290 4904 a
2318 4847 2680 4923 dispositione
2707 4848 3027 4923 plurimum
3057 4857 3223 4923 poeta
3245 4853 3481 4911 laborat.

1890 4923 2120 4979 Iambici
2149 4938 2344 4976 versus
2374 4925 2526 4984 sunt,
2560 4920 2657 4973 sed
2703 4919 2762 4972 in
2799 4921 3020 4992 quibus,
3050 4919 3117 4978 ut
3143 4923 3212 4978 de
3242 4925 3485 4984 Pindaro

1889 5011 2112 5068 quoque
2141 4993 2282 5047 dixit
2307 5007 2546 5061 magnus
2573 4996 2726 5046 vates
2751 5009 2762 5044 :

2295 5107 2464 5156 Fertur
2492 5106 2707 5155 numeris
2730 5109 2830 5168 lege
2855 5109 3046 5160 solutis.

1889 5217 2238 5288 Rhythmum
2270 5213 2539 5287 appellari
2562 5285 2573 5288 _
2594 5214 2945 5288 crediderim,
2987 5217 3120 5288 quia
3156 5235 3302 5286 cum,
3339 5226 3483 5279 teste

1885 5290 1952 5344 ν.
1980 5285 2152 5346 Beda.
2185 5285 2503 5358 Rhythmus
2530 5285 2605 5339 sit
2629 5287 2936 5358 modulatio
2958 5285 3078 5342 sine
3109 5285 3343 5354 ratione,
3369 5311 3482 5352 non

1885 5360 2118 5438 metrica
2148 5357 2288 5429 lege,
2313 5358 2410 5438 sed
2424 5357 3048 5438 nurnerosyllabarum
3066 5362 3136 5438 ad
3158 5363 3381 5438 aurium
3393 5367 3484 5438 ju.

1886 5432 2096 5486 dicium
2156 5428 2495 5486 eraminata.
2537 5428 2625 5481 hic
2677 5428 2900 5484 iambici
2951 5433 3297 5490 concinnitas
3355 5428 3482 5494 soni

1887 5510 2113 5580 tantum
2125 5501 2436 5580 imitatione
2449 5499 2711 5580 quadam.
2731 5502 3139 5580 Argumentum
3155 5507 3312 5580 valde
3325 5509 3480 5580 pium

1886 5581 1991 5640 est,
2014 5573 2187 5628 totius
2210 5572 2440 5626 humani
2457 5571 2682 5640 generis
2709 5572 2916 5626 conditi
2940 5584 2997 5629 et
3015 5571 3480 5636 restaurata-deco-

1885 5645 2134 5701 nomiam
2155 5643 2554 5716 complectens;
2585 5657 2688 5716 nec
2709 5660 2820 5716 non
2840 5644 3127 5716 religionis
3144 5647 3480 5706 Christiana:

1886 5716 2167 5845 pﬁsipua
2193 5711 2378 5786 capita
2408 5711 2712 5786 subjiciens
2733 5715 2923 5776 animo
2946 5711 3193 5790 lectoris,
3209 5720 3360 5778 haud
3389 5722 3480 5778 in-

1886 5803 1918 5845 v
2035 5804 2069 5845 0
2100 5802 2291 5845 sensu.

1883 5802 2069 5846 νεωαο
2100 5802 2291 5846 sensu.

3083 5895 3156 5954 51
