4018 6160
470 335 595 394 1611

1064 335 1122 388 Β.
1167 330 1436 386 RABANI
1477 328 1705 383 MAURI
1747 323 2082 381 ARCHIEP.
2125 316 2447 376 MOGUNT.
2491 311 2786 369 OPERUM
2828 272 3009 364 PARS
3050 307 3139 361 ιν.

827 460 962 515 Eras
990 455 1201 528 absque
1231 454 1446 525 origine

825 545 1130 604 Primordii
1154 550 1213 599 et
1238 542 1523 615 crepidine
1552 561 1562 594 :

828 637 936 702 Qui
961 653 1040 701 es,
1074 635 1183 690 eris
1211 638 1270 689 in
1300 633 1506 689 saecula

827 726 1172 782 Saeculorum
1202 712 1445 777 infinita.

758 815 864 873 Cui
884 818 973 871 est
997 812 1324 885 unigenitus

827 903 1085 961 Christus
1104 901 1289 975 proles
1319 898 1681 954 charissimus

829 991 1080 1050 Dicentis
1107 991 1177 1046 de
1206 989 1372 1045 corde
1390 987 1643 1054 verbum,

831 1084 1030 1139 Satum
1055 1086 1187 1136 ante
1215 1077 1566 1147 Luciferum;

831 1173 1156 1228 Coeternus
1174 1169 1236 1224 in
1252 1166 1436 1240 gloria

833 1260 1075 1319 Deitatis
1101 1262 1396 1331 perpetua.

763 1352 909 1409 Cum
935 1365 1045 1422 quo
1073 1346 1243 1403 simul
1271 1350 1329 1400 et
1354 1343 1498 1400 Filio

833 1441 900 1498 In
926 1437 1270 1510 sempiterno
1292 1432 1498 1489 saeculo

837 1528 1085 1600 Spiritus
1109 1527 1337 1580 sanctus
1365 1518 1597 1593 aequalis

833 1617 1072 1688 Regnat,
1094 1619 1153 1669 et
1169 1609 1515 1668 honorabilis

834 1706 902 1762 In
923 1704 1123 1760 eadem
1151 1699 1472 1758 substantia

834 1795 986 1851 Deus
1005 1807 1240 1848 manens
1258 1805 1361 1862 per
1386 1787 1608 1845 saecula.

762 1884 890 1942 Non
915 1889 1034 1939 tres
1060 1881 1214 1947 deos,
1243 1894 1348 1935 nec
1375 1877 1620 1950 profero,

840 1972 952 2029 Sed
971 1986 1151 2027 unum
1167 1969 1349 2025 Deum
1377 1965 1640 2039 praedico,

836 2062 1003 2119 Salva
1032 2059 1144 2115 ﬁde
1174 2058 1235 2114 in
1265 2056 1520 2130 personis

835 2150 1038 2209 Tribus
1064 2146 1450 2220 glorissimum

831 2242 1150 2304 Summum,
1178 2237 1418 2308 justum,
1442 2230 1837 2297 rectissimum,

832 2331 1016 2403 Super
1045 2342 1240 2383 omnes
1256 2323 1639 2390 mitissimum,

766 2418 950 2475 Deum
977 2418 1206 2473 Patrem
1232 2412 1570 2486 piissimum,

830 2506 1292 2578 Omnipotentem
1309 2500 1636 2566 Dominum,

833 2596 1128 2654 Factorem
1155 2591 1483 2658 visibilium,

835 2684 1019 2742 Simul
1045 2680 1428 2747 invisibilium,

838 2770 1080 2829 Deitatis
1107 2768 1469 2843 principium,

837 2860 910 2918 Et
937 2864 1247 2917 creatorem
1265 2856 1539 2915 omnium.

764 2950 1058 3008 Christum
1074 2950 1267 3005 Iesum
1285 2945 1701 3011 charissimam,

832 3036 1250 3109 Omnipotentis
1261 3035 1486 3102 Filium,

837 3126 1150 3198 Imaginem
1177 3123 1550 3193 verissimam,

831 3214 936 3271 Dei
967 3218 1025 3269 et
1052 3210 1410 3285 sapientiam,

831 3304 1117 3359 Virtutem
1136 3317 1237 3374 per
1257 3315 1428 3372 quam
1457 3298 1685 3366 fecerat,

831 3392 1041 3450 Omnia
1062 3407 1186 3464 qua
1205 3389 1562 3445 formaverat.

773 3482 1045 3541 Sanctum
1074 3494 1297 3552 quoque
1316 3477 1683 3543 Paraclitum,

835 3569 1227 3627 Viviﬁcantem
1249 3566 1546 3640 Spiritum,

841 3658 952 3727 Qui
972 3675 1040 3713 ex
1062 3657 1232 3712 Patre
1263 3660 1322 3711 et
1348 3655 1491 3711 Filio

838 3746 1101 3807 Procedit
1126 3744 1197 3800 ab
1225 3743 1472 3812 exordio,

835 3837 1066 3908 Pignus,
1099 3835 1311 3889 donum
1334 3832 1742 3905 gratissimum,

838 3925 1188 3982 Promissum
1206 3921 1635 3979 lucidissimum.
1713 3988 1723 4001 ἰ

769 4016 897 4076 Una
922 4014 1098 4071 trium
1118 4012 1383 4080 essentia,

839 4105 968 4161 Una
985 4107 1073 4159 est
1089 4108 1148 4157 et
1172 4100 1444 4173 potentia,

841 4192 1172 4257 Omousion,
1198 4190 1400 4258 deitas,

838 4282 1024 4355 Atque
1052 4295 1169 4336 una
1195 4278 1502 4344 asternitas,

844 4370 1141 4429 Beatitudo
1169 4369 1459 4436 sanctitas,

850 4459 1181 4533 Magnitudo
1210 4463 1268 4514 et
1295 4457 1535 4513 bonitas.

775 4551 940 4609 Solus
964 4548 1116 4605 Deus
1133 4548 1195 4604 in
1223 4547 1446 4614 saecula,

848 4637 1200 4696 Concludens
1222 4641 1426 4693 cuncta
1449 4641 1726 4708 tempora,

846 4726 1062 4795 Quibus
1087 4726 1351 4783 formavit
1376 4725 1606 4792 aethera,

846 4818 1081 4876 Terram
1111 4815 1281 4873 simul
1308 4819 1368 4871 et
1390 4815 1600 4875 maria.

848 4907 1111 4965 Excelsus
1138 4906 1199 4961 in
1230 4903 1568 4971 caelestibus,

845 4996 1112 5054 Gaudeas
1140 4993 1361 5067 primus.
1380 4990 1717 5067 agminibus.

778 5087 966 5144 Bonos
987 5083 1197 5143 creavit
1216 5082 1468 5156 angelos,

850 5175 1092 5236 Ordines
1109 5180 1169 5232 et
1193 5172 1579 5245 archangelos,

848 5263 1205 5339 Principatus
1232 5266 1292 5318 et
1314 5261 1571 5331 virtutes,

848 5355 1126 5421 Thronos,
1150 5350 1585 5419 dominationes,

846 5444 1164 5501 Potestates
1191 5446 1251 5497 et
1275 5438 1568 5508 cherubin,

851 5532 1111 5590 Gloriosa
1133 5535 1193 5588 et
1207 5529 1491 5604 seraphin.

782 5620 878 5679 Uti
902 5636 1017 5678 non
1033 5626 1185 5679 esset
1207 5619 1448 5687 bonitas,

2084 449 2134 505 A

2510 439 2706 495 Otiosa
2726 452 2791 491 ac
2818 436 3087 506 majestas

2504 525 2795 585 Trinitatis
2823 526 2883 580 in
2909 522 3169 579 omnibus

2506 617 2756 688 Largitio
2786 611 3133 677 muneribus,

2506 705 2615 763 Sed
2653 702 2888 758 haberet
2909 698 3175 764 coelestia,

2506 793 2719 860 Quibus
2741 792 2839 846 det
2866 787 3175 861 privilegia.

2436 885 2545 942 Sexi
2572 882 2696 938 coeli
2717 880 2877 951 regni
2907 877 3063 950 apice

2505 970 2774 1030 Stationis
2802 967 3070 1040 angelicae

2507 1061 2776 1118 Claritate
2802 1074 2917 1130 prae
2934 1055 3189 1127 fulgoris,

2505 1151 2814 1207 Venustate
2841 1143 3163 1219 speciminis

2508 1235 2893 1312 Superbiendo
2909 1239 3104 1291 ruerat

2507 1329 2746 1393 Lucifer,
2781 1342 2952 1399 quem
2977 1324 3373 1397 plasmaverat.

2438 1421 2833 1494 Apostataeque
2859 1414 3046 1486 angeli

2512 1508 2722 1566 Eodem
2751 1506 2912 1578 lapsu
2939 1500 3166 1573 lugubri

2509 1599 2783 1654 Auctores
2810 1592 3128 1650 cenodoxize

2513 1684 2824 1742 Pervicacis
2843 1680 3085 1748 invidiae,

2513 1774 2745 1832 Ceteris
2773 1769 3194 1829 remanentibus

2512 1865 2579 1922 In
2606 1864 2726 1920 suis
2752 1859 3177 1936 principatibus.

2441 1954 2620 2010 Draco
2640 1968 2899 2024 magnus,
2928 1949 3276 2013 teterrimus,

2513 2041 2805 2101 Terribilis
2833 2044 2893 2097 et
2919 2037 3207 2111 antiquus,

2517 2132 2626 2199 Qui
2652 2131 2761 2188 fuit
2776 2144 3009 2202 serpens
3037 2126 3306 2193 lubricus,

2514 2220 2836 2294 Sapientior
2863 2216 3124 2274 omnibus

2513 2310 2715 2367 Bestiis
2743 2304 3125 2364 animantibus

2510 2401 2698 2456 Terra:
2724 2395 3113 2454 ferocioribus.

2426 2490 2675 2547 Tertiam
2698 2492 2919 2560 partem
2947 2483 3198 2541 siderum

2508 2578 2704 2636 Traxit
2720 2592 2908 2632 secum
2936 2575 2997 2629 in
3020 2572 3351 2629 barathrum

2513 2668 2786 2724 Locorum
2813 2662 3196 2720 infernalium.

2513 2757 2984 2826 Diversorumque
3003 2766 3311 2817 carcerum,

2515 2845 2763 2917 Refugus
2793 2843 2909 2898 veri
2936 2841 3168 2899 luminis

2516 2934 2805 2990 Parasitus
2823 2931 3199 3005 praecipitans,

2449 3024 2596 3082 Dum
2616 3023 2744 3096 pius
2771 3020 2970 3077 mundi
2989 3018 3305 3075 machinam

2514 3112 2835 3169 Praevidens
2856 3115 2916 3166 et
2941 3108 3275 3174 armoniam,

2512 3202 2712 3258 Polum
2739 3205 2798 3256 et
2823 3200 3031 3255 siccum
3059 3196 3282 3264 fecerat,

2513 3292 2695 3363 Atque
2723 3305 2900 3361 aquas
2921 3288 3207 3355 diviserat,

2515 3379 2833 3435 Herbarum
2861 3377 3067 3432 format
3087 3373 3347 3447 germina

2512 3468 2834 3539 Virgultum
2861 3483 2927 3521 ac
2954 3465 3271 3521 arbuscula.

2445 3558 2652 3624 Solem,
2686 3557 2880 3612 lunam
2908 3572 2973 3610 ac
3002 3555 3209 3622 sidera,

2522 3648 2720 3719 Ignem
2741 3663 2807 3701 ac
2835 3644 3173 3714 necessaria,

2514 3739 2677 3804 Aves,
2705 3736 2887 3808 pisces
2915 3739 2974 3789 et
2997 3748 3216 3807 pecora,

2518 3826 2756 3893 Bestius,
2790 3822 3079 3892 animalia,

2516 3916 2661 3973 Tum
2682 3915 2910 3971 demum
2930 3909 3319 3968 honorabilem

2518 4005 2645 4078 Ipse
2670 4002 2918 4059 condidit
2928 4002 3236 4058 hominem.

2448 4094 2594 4151 Huic
2622 4091 2886 4166 praecepit
2913 4090 3155 4146 ﬁrmiter

2518 4184 2749 4241 Manere
2767 4178 3182 4246 immortaliter,

2520 4275 2694 4331 Suam
2721 4287 2939 4327 sacram
2965 4270 3272 4343 imaginem

2519 4364 2752 4420 Servare
2770 4358 3171 4430 venerabilem,

2527 4451 2811 4525 Sequique
2834 4449 2993 4523 jussa
3020 4447 3266 4515 Domini,

2518 4539 2774 4596 Vicarius
2798 4554 2929 4595 cum
2952 4538 3028 4595 sit
3054 4537 3178 4593 Dei.

2454 4630 2606 4698 Esto,
2637 4628 2796 4697 dixit,
2826 4627 3197 4685 humillimus.

2521 4718 2732 4777 Rector
2753 4717 2951 4773 mundi
2972 4722 3029 4772 et
3047 4714 3333 4781 dominus,

2521 4810 2670 4867 Nam
2694 4811 2898 4864 cuncta
2923 4805 3029 4863 tibi
3055 4804 3285 4872 tradidi,

2520 4899 2601 4955 Ac
2629 4897 2923 4953 dominatu
2947 4894 3192 4964 subdidi,

2525 4986 2662 5054 Quae
2689 4992 2824 5043 sunt
2846 4984 3014 5042 modo
3041 4982 3285 5042 viventia

2522 5077 2604 5136 Ac
2626 5082 2781 5135 terra
2796 5075 3195 5148 germinantia.

2453 5166 2624 5229 Utere
2643 5166 2696 5224 ei
2714 5165 2961 5239 sapiens,

2524 5256 2728 5313 Omnia
2755 5255 2964 5328 quaevis
2985 5251 3301 5320 comedens,

2519 5345 2758 5403 Fructus
2778 5344 2920 5415 ligni
2941 5341 3200 5415 pomiferi

2524 5434 2815 5507 Simulque
2842 5430 3140 5497 salutiferi,

2522 5524 2763 5582 Pomum
2781 5538 2855 5579 ne
2882 5521 3033 5593 ligno
3052 5518 3292 5577 vetitum

2523 5612 2760 5672 blandas
2775 5610 2881 5671 tibi
2906 5608 3284 5671 mortiferum.

3618 303 3680 355 Ni
