  <div class='ocr_page' id='page_1' title='image "/cluster/home/n/w/nwhite01/storage/ocr_20150623/112/hvd.32044054759774/812.png"; bbox 0 0 3974 6180; ppageno 0'>
   <div class='ocr_carea' id='block_1_1' title="bbox 250 314 1819 386">
    <p class='ocr_par' dir='ltr' id='par_1_1' title="bbox 250 314 1819 383">
     <span class='ocr_line' id='line_1_1' title="bbox 250 314 1819 383; baseline 0.007 -10"><span class='ocrx_word' id='word_1_1' title='bbox 250 314 388 374; x_wconf 75' lang='grc'><strong>³1618</strong></span> <span class='ocrx_word' id='word_1_2' title='bbox 904 336 907 341; x_wconf 69' lang='lat'><strong><em>&#39;</em></strong></span> <span class='ocrx_word' id='word_1_3' title='bbox 1016 318 1362 375; x_wconf 79' lang='lat' dir='ltr'><strong>CARM&#39;INA.</strong></span> <span class='ocrx_word' id='word_1_4' title='bbox 1401 355 1464 365; x_wconf 84' lang='lat'>-</span> <span class='ocrx_word' id='word_1_5' title='bbox 1510 325 1760 383; x_wconf 84' lang='lat' dir='ltr'><strong>SECTIO</strong></span> <span class='ocrx_word' id='word_1_6' title='bbox 1798 327 1819 382; x_wconf 76' lang='grc'><strong>1</strong></span> 
     </span>
    </p>
   </div>
   <div class='ocr_carea' id='block_1_2' title="bbox 1962 314 3531 386">
    <p class='ocr_par' dir='ltr' id='par_1_2' title="bbox 1962 323 3531 386">
     <span class='ocr_line' id='line_1_2' title="bbox 1962 323 3531 386; baseline -0.006 -5"><span class='ocrx_word' id='word_1_7' title='bbox 1962 326 2228 383; x_wconf 74' lang='grc' dir='ltr'><strong>ιΕΜΑτΑ</strong></span> <span class='ocrx_word' id='word_1_8' title='bbox 2269 325 2362 381; x_wconf 88' lang='lat' dir='ltr'><strong>DE</strong></span> <span class='ocrx_word' id='word_1_9' title='bbox 2399 323 2751 380; x_wconf 79' lang='lat' dir='ltr'><strong>DIVERSIS.</strong></span> <span class='ocrx_word' id='word_1_10' title='bbox 3396 332 3531 386; x_wconf 54' lang='grc' dir='ltr'><strong>«δη</strong></span> 
     </span>
    </p>
   </div>
   <div class='ocr_carea' id='block_1_3' title="bbox 546 443 2983 521">
    <p class='ocr_par' dir='ltr' id='par_1_3' title="bbox 546 443 2983 521">
     <span class='ocr_line' id='line_1_3' title="bbox 546 443 2983 521; baseline 0.003 -23"><span class='ocrx_word' id='word_1_11' title='bbox 546 443 679 498; x_wconf 69' lang='lat' dir='ltr'><strong>Haec</strong></span> <span class='ocrx_word' id='word_1_12' title='bbox 696 458 893 505; x_wconf 66' lang='lat' dir='ltr'><strong>simus,</strong></span> <span class='ocrx_word' id='word_1_13' title='bbox 926 448 990 497; x_wconf 88' lang='lat' dir='ltr'><strong>ut</strong></span> <span class='ocrx_word' id='word_1_14' title='bbox 1012 444 1289 509; x_wconf 81' lang='lat' dir='ltr'><strong>audierat,</strong></span> <span class='ocrx_word' id='word_1_15' title='bbox 1880 456 1927 515; x_wconf 85' lang='grc' dir='ltr'>Α</span> <span class='ocrx_word' id='word_1_16' title='bbox 2231 451 2515 508; x_wconf 86' lang='lat' dir='ltr'><strong>Grassatis</strong></span> <span class='ocrx_word' id='word_1_17' title='bbox 2546 450 2736 521; x_wconf 85' lang='lat' dir='ltr'><strong>sicque</strong></span> <span class='ocrx_word' id='word_1_18' title='bbox 2767 451 2983 506; x_wconf 85' lang='lat' dir='ltr'><strong>duobus</strong></span> 
     </span>
    </p>
   </div>
   <div class='ocr_carea' id='block_1_4' title="bbox 609 532 3055 612">
    <p class='ocr_par' dir='ltr' id='par_1_4' title="bbox 609 532 3055 612">
     <span class='ocr_line' id='line_1_4' title="bbox 609 532 3055 612; baseline 0.005 -27"><span class='ocrx_word' id='word_1_19' title='bbox 609 532 924 604; x_wconf 82' lang='lat' dir='ltr'><strong>Chelydros</strong></span> <span class='ocrx_word' id='word_1_20' title='bbox 954 537 1013 586; x_wconf 91' lang='lat' dir='ltr'><strong>et</strong></span> <span class='ocrx_word' id='word_1_21' title='bbox 1036 533 1313 591; x_wconf 86' lang='lat' dir='ltr'><strong>inviderat</strong></span> <span class='ocrx_word' id='word_1_22' title='bbox 2293 541 2662 611; x_wconf 88' lang='lat' dir='ltr'><strong>Protoplastis</strong></span> <span class='ocrx_word' id='word_1_23' title='bbox 2710 541 3055 612; x_wconf 85' lang='lat' dir='ltr'><strong>parentibus,</strong></span> 
     </span>
    </p>
   </div>
   <div class='ocr_carea' id='block_1_5' title="bbox 602 621 3006 702">
    <p class='ocr_par' dir='ltr' id='par_1_5' title="bbox 602 621 3006 702">
     <span class='ocr_line' id='line_1_5' title="bbox 602 621 3006 702; baseline 0.004 -26"><span class='ocrx_word' id='word_1_24' title='bbox 602 621 753 677; x_wconf 83' lang='lat' dir='ltr'><strong>.Dira</strong></span> <span class='ocrx_word' id='word_1_25' title='bbox 778 622 956 693; x_wconf 82' lang='lat' dir='ltr'><strong>pestis</strong></span> <span class='ocrx_word' id='word_1_26' title='bbox 981 623 1278 679; x_wconf 75' lang='lat' dir='ltr'><strong>timuerat:</strong></span> <span class='ocrx_word' id='word_1_27' title='bbox 2292 631 2429 686; x_wconf 83' lang='lat' dir='ltr'><strong>Post</strong></span> <span class='ocrx_word' id='word_1_28' title='bbox 2445 635 2570 684; x_wconf 86' lang='lat' dir='ltr'><strong>tota</strong></span> <span class='ocrx_word' id='word_1_29' title='bbox 2595 629 2712 693; x_wconf 82' lang='lat' dir='ltr'><strong>ruit</strong></span> <span class='ocrx_word' id='word_1_30' title='bbox 2737 646 3006 702; x_wconf 81' lang='lat' dir='ltr'><strong>propago,</strong></span> 
     </span>
    </p>
   </div>
   <div class='ocr_carea' id='block_1_6' title="bbox 615 711 3011 791">
    <p class='ocr_par' dir='ltr' id='par_1_6' title="bbox 615 711 3011 791">
     <span class='ocr_line' id='line_1_6' title="bbox 615 711 3011 791; baseline 0.003 -24"><span class='ocrx_word' id='word_1_31' title='bbox 615 711 785 767; x_wconf 88' lang='lat' dir='ltr'><strong>Unde</strong></span> <span class='ocrx_word' id='word_1_32' title='bbox 806 711 907 765; x_wconf 66' lang='lat' dir='ltr'><strong>ilia</strong></span> <span class='ocrx_word' id='word_1_33' title='bbox 941 720 1252 781; x_wconf 80' lang='lat' dir='ltr'><strong>corruerat,</strong></span> <span class='ocrx_word' id='word_1_34' title='bbox 2297 720 2367 775; x_wconf 90' lang='lat' dir='ltr'><strong>Et</strong></span> <span class='ocrx_word' id='word_1_35' title='bbox 2389 719 2601 791; x_wconf 81' lang='lat' dir='ltr'><strong>absque</strong></span> <span class='ocrx_word' id='word_1_36' title='bbox 2630 719 3011 775; x_wconf 50' lang='lat' dir='ltr'><strong>adminiculo?</strong></span> 
     </span>
    </p>
   </div>
   <div class='ocr_carea' id='block_1_7' title="bbox 612 800 3157 878">
    <p class='ocr_par' dir='ltr' id='par_1_7' title="bbox 612 800 3157 878">
     <span class='ocr_line' id='line_1_7' title="bbox 612 800 3157 878; baseline 0.005 -22"><span class='ocrx_word' id='word_1_37' title='bbox 612 801 697 856; x_wconf 84' lang='lat' dir='ltr'><strong>Ne</strong></span> <span class='ocrx_word' id='word_1_38' title='bbox 724 800 894 856; x_wconf 82' lang='lat' dir='ltr'><strong>homo</strong></span> <span class='ocrx_word' id='word_1_39' title='bbox 922 802 1127 856; x_wconf 81' lang='lat' dir='ltr'><strong>coelum</strong></span> <span class='ocrx_word' id='word_1_40' title='bbox 1158 802 1381 867; x_wconf 86' lang='lat' dir='ltr'><strong>habeat,</strong></span> <span class='ocrx_word' id='word_1_41' title='bbox 2291 810 2505 864; x_wconf 83' lang='lat' dir='ltr'><strong>Auctor</strong></span> <span class='ocrx_word' id='word_1_42' title='bbox 2532 814 2825 878; x_wconf 88' lang='lat' dir='ltr'><strong>peccatum</strong></span> <span class='ocrx_word' id='word_1_43' title='bbox 2869 817 3120 877; x_wconf 84' lang='lat' dir='ltr'><strong>auxerat,</strong></span> <span class='ocrx_word' id='word_1_44' title='bbox 3146 852 3157 869; x_wconf 82' lang='lat'><strong>.</strong></span> 
     </span>
    </p>
   </div>
   <div class='ocr_carea' id='block_1_8' title="bbox 611 890 2991 962">
    <p class='ocr_par' dir='ltr' id='par_1_8' title="bbox 611 890 2991 962">
     <span class='ocr_line' id='line_1_8' title="bbox 611 890 2991 962; baseline 0.004 -17"><span class='ocrx_word' id='word_1_45' title='bbox 611 890 790 955; x_wconf 85' lang='lat' dir='ltr'><strong>Quem</strong></span> <span class='ocrx_word' id='word_1_46' title='bbox 812 891 933 962; x_wconf 87' lang='lat' dir='ltr'><strong>jam</strong></span> <span class='ocrx_word' id='word_1_47' title='bbox 963 891 1305 962; x_wconf 81' lang='lat' dir='ltr'><strong>plasmatum</strong></span> <span class='ocrx_word' id='word_1_48' title='bbox 1330 893 1566 950; x_wconf 82' lang='lat' dir='ltr'><strong>viderat.</strong></span> <span class='ocrx_word' id='word_1_49' title='bbox 2290 898 2375 952; x_wconf 82' lang='lat' dir='ltr'><strong>Ad</strong></span> <span class='ocrx_word' id='word_1_50' title='bbox 2405 896 2627 952; x_wconf 86' lang='lat' dir='ltr'><strong>inferna</strong></span> <span class='ocrx_word' id='word_1_51' title='bbox 2647 898 2991 954; x_wconf 83' lang='lat' dir='ltr'><strong>detraxerat.</strong></span> 
     </span>
    </p>
   </div>
   <div class='ocr_carea' id='block_1_9' title="bbox 538 979 2863 1048">
    <p class='ocr_par' dir='ltr' id='par_1_9' title="bbox 538 979 2863 1048">
     <span class='ocr_line' id='line_1_9' title="bbox 538 979 2863 1048; baseline 0.002 -12"><span class='ocrx_word' id='word_1_52' title='bbox 538 979 676 1036; x_wconf 70' lang='lat' dir='ltr'><strong>Adit</strong></span> <span class='ocrx_word' id='word_1_53' title='bbox 699 984 759 1035; x_wconf 85' lang='lat' dir='ltr'><strong>et</strong></span> <span class='ocrx_word' id='word_1_54' title='bbox 776 984 968 1035; x_wconf 65' lang='lat' dir='ltr'><strong>tentet</strong></span> <span class='ocrx_word' id='word_1_55' title='bbox 994 979 1280 1048; x_wconf 75' lang='lat' dir='ltr'><strong>feminam,</strong></span> <span class='ocrx_word' id='word_1_56' title='bbox 2024 1010 2027 1013; x_wconf 51' lang='grc' dir='ltr'>ι</span> <span class='ocrx_word' id='word_1_57' title='bbox 2221 988 2533 1042; x_wconf 88' lang='lat' dir='ltr'><strong>Creverunt</strong></span> <span class='ocrx_word' id='word_1_58' title='bbox 2559 986 2863 1041; x_wconf 86' lang='lat' dir='ltr'><strong>homicidia</strong></span> 
     </span>
    </p>
   </div>
   <div class='ocr_carea' id='block_1_10' title="bbox 617 1069 3037 1150">
    <p class='ocr_par' dir='ltr' id='par_1_10' title="bbox 617 1069 3037 1150">
     <span class='ocr_line' id='line_1_10' title="bbox 617 1069 3037 1150; baseline 0.004 -26"><span class='ocrx_word' id='word_1_59' title='bbox 617 1069 796 1135; x_wconf 88' lang='lat' dir='ltr'><strong>Quem</strong></span> <span class='ocrx_word' id='word_1_60' title='bbox 824 1074 980 1124; x_wconf 78' lang='lat' dir='ltr'><strong>sator</strong></span> <span class='ocrx_word' id='word_1_61' title='bbox 1004 1070 1194 1140; x_wconf 78' lang='lat' dir='ltr'><strong>junxit</strong></span> <span class='ocrx_word' id='word_1_62' title='bbox 1217 1071 1494 1143; x_wconf 83' lang='lat' dir='ltr'><strong>copulam.</strong></span> <span class='ocrx_word' id='word_1_63' title='bbox 2292 1077 2438 1131; x_wconf 87' lang='lat' dir='ltr'><strong>Dum</strong></span> <span class='ocrx_word' id='word_1_64' title='bbox 2467 1076 2642 1131; x_wconf 87' lang='lat' dir='ltr'><strong>crevit</strong></span> <span class='ocrx_word' id='word_1_65' title='bbox 2670 1076 3037 1150; x_wconf 79' lang='lat' dir='ltr'><strong>philargyria,</strong></span> 
     </span>
    </p>
   </div>
   <div class='ocr_carea' id='block_1_11' title="bbox 607 1158 2878 1230">
    <p class='ocr_par' dir='ltr' id='par_1_11' title="bbox 607 1158 2878 1230">
     <span class='ocr_line' id='line_1_11' title="bbox 607 1158 2878 1230; baseline 0.003 -17"><span class='ocrx_word' id='word_1_66' title='bbox 607 1158 820 1214; x_wconf 88' lang='lat' dir='ltr'><strong>Suadet</strong></span> <span class='ocrx_word' id='word_1_67' title='bbox 843 1174 1077 1230; x_wconf 87' lang='lat' dir='ltr'><strong>pomum</strong></span> <span class='ocrx_word' id='word_1_68' title='bbox 1105 1161 1396 1221; x_wconf 80' lang='lat' dir='ltr'><strong>mandere.</strong></span> <span class='ocrx_word' id='word_1_69' title='bbox 2290 1164 2628 1220; x_wconf 84' lang='lat' dir='ltr'><strong>Abundabat</strong></span> <span class='ocrx_word' id='word_1_70' title='bbox 2654 1166 2878 1221; x_wconf 86' lang='lat' dir='ltr'><strong>luxuria</strong></span> 
     </span>
    </p>
   </div>
   <div class='ocr_carea' id='block_1_12' title="bbox 608 1248 3103 1325">
    <p class='ocr_par' dir='ltr' id='par_1_12' title="bbox 608 1248 3103 1325">
     <span class='ocr_line' id='line_1_12' title="bbox 608 1248 3103 1325; baseline 0.003 -23"><span class='ocrx_word' id='word_1_71' title='bbox 608 1249 689 1303; x_wconf 85' lang='lat' dir='ltr'><strong>Ac</strong></span> <span class='ocrx_word' id='word_1_72' title='bbox 707 1248 827 1303; x_wconf 77' lang='lat' dir='ltr'><strong>viro</strong></span> <span class='ocrx_word' id='word_1_73' title='bbox 857 1264 961 1302; x_wconf 88' lang='lat' dir='ltr'><strong>suo</strong></span> <span class='ocrx_word' id='word_1_74' title='bbox 985 1250 1213 1304; x_wconf 83' lang='lat' dir='ltr'><strong>tradere</strong></span> <span class='ocrx_word' id='word_1_75' title='bbox 1384 1274 1387 1283; x_wconf 91' lang='lat'><strong><em>-</em></strong></span> <span class='ocrx_word' id='word_1_76' title='bbox 2292 1255 2438 1309; x_wconf 89' lang='lat' dir='ltr'><strong>Dum</strong></span> <span class='ocrx_word' id='word_1_77' title='bbox 2473 1254 2629 1308; x_wconf 82' lang='lat' dir='ltr'><strong>anxit</strong></span> <span class='ocrx_word' id='word_1_78' title='bbox 2654 1255 3103 1325; x_wconf 85' lang='lat' dir='ltr'><strong>gastrimarcbia,</strong></span> 
     </span>
    </p>
   </div>
   <div class='ocr_carea' id='block_1_13' title="bbox 610 1336 2970 1400">
    <p class='ocr_par' dir='ltr' id='par_1_13' title="bbox 610 1336 2970 1400">
     <span class='ocr_line' id='line_1_13' title="bbox 610 1336 2970 1400; baseline 0.003 -7"><span class='ocrx_word' id='word_1_79' title='bbox 610 1336 901 1393; x_wconf 86' lang='lat' dir='ltr'><strong>Promittit</strong></span> <span class='ocrx_word' id='word_1_80' title='bbox 926 1337 1049 1392; x_wconf 86' lang='lat' dir='ltr'><strong>deis</strong></span> <span class='ocrx_word' id='word_1_81' title='bbox 1078 1339 1307 1395; x_wconf 78' lang='lat' dir='ltr'><strong>similes.</strong></span> <span class='ocrx_word' id='word_1_82' title='bbox 2292 1344 2436 1398; x_wconf 88' lang='lat' dir='ltr'><strong>Tota</strong></span> <span class='ocrx_word' id='word_1_83' title='bbox 2462 1343 2705 1397; x_wconf 88' lang='lat' dir='ltr'><strong>nefanda</strong></span> <span class='ocrx_word' id='word_1_84' title='bbox 2733 1345 2970 1400; x_wconf 88' lang='lat' dir='ltr'><strong>crimina</strong></span> 
     </span>
    </p>
   </div>
   <div class='ocr_carea' id='block_1_14' title="bbox 616 1426 3007 1503">
    <p class='ocr_par' dir='ltr' id='par_1_14' title="bbox 616 1426 3007 1503">
     <span class='ocr_line' id='line_1_14' title="bbox 616 1426 3007 1503; baseline 0.001 -20"><span class='ocrx_word' id='word_1_85' title='bbox 616 1427 675 1483; x_wconf 84' lang='lat' dir='ltr'><strong>Si</strong></span> <span class='ocrx_word' id='word_1_86' title='bbox 704 1426 1009 1498; x_wconf 73' lang='lat' dir='ltr'><strong>frangatur</strong></span> <span class='ocrx_word' id='word_1_87' title='bbox 1030 1427 1262 1482; x_wconf 82' lang='lat' dir='ltr'><strong>esuries.</strong></span> <span class='ocrx_word' id='word_1_88' title='bbox 1384 1482 1389 1487; x_wconf 85' lang='lat'><strong>,</strong></span> <span class='ocrx_word' id='word_1_89' title='bbox 2293 1432 2322 1485; x_wconf 88' lang='lat' dir='ltr'><strong>J</strong></span> <span class='ocrx_word' id='word_1_90' title='bbox 2328 1448 2419 1486; x_wconf 88' lang='lat' dir='ltr'><strong>am</strong></span> <span class='ocrx_word' id='word_1_91' title='bbox 2448 1431 2772 1503; x_wconf 84' lang='lat' dir='ltr'><strong>possidebat</strong></span> <span class='ocrx_word' id='word_1_92' title='bbox 2798 1433 3007 1503; x_wconf 84' lang='lat' dir='ltr'><strong>glarea.</strong></span> 
     </span>
    </p>
   </div>
   <div class='ocr_carea' id='block_1_15' title="bbox 545 1515 2903 1591">
    <p class='ocr_par' dir='ltr' id='par_1_15' title="bbox 545 1515 2903 1591">
     <span class='ocr_line' id='line_1_15' title="bbox 545 1515 2903 1591; baseline 0.002 -19"><span class='ocrx_word' id='word_1_93' title='bbox 545 1516 839 1573; x_wconf 88' lang='lat' dir='ltr'><strong>Consentit</strong></span> <span class='ocrx_word' id='word_1_94' title='bbox 864 1515 960 1570; x_wconf 88' lang='lat' dir='ltr'><strong>illa</strong></span> <span class='ocrx_word' id='word_1_95' title='bbox 989 1516 1154 1572; x_wconf 77' lang='lat' dir='ltr'><strong>citius</strong></span> <span class='ocrx_word' id='word_1_96' title='bbox 1410 1544 1413 1545; x_wconf 52' lang='grc' dir='ltr'><em>ν</em></span> <span class='ocrx_word' id='word_1_97' title='bbox 2225 1521 2344 1577; x_wconf 83' lang='lat' dir='ltr'><strong>Noe</strong></span> <span class='ocrx_word' id='word_1_98' title='bbox 2372 1521 2525 1576; x_wconf 84' lang='lat' dir='ltr'><strong>Deus</strong></span> <span class='ocrx_word' id='word_1_99' title='bbox 2552 1521 2903 1591; x_wconf 76' lang='lat' dir='ltr'><strong>temporibus</strong></span> 
     </span>
    </p>
   </div>
   <div class='ocr_carea' id='block_1_16' title="bbox 611 1604 3008 1681">
    <p class='ocr_par' dir='ltr' id='par_1_16' title="bbox 611 1604 3008 1681">
     <span class='ocr_line' id='line_1_16' title="bbox 611 1604 3008 1681; baseline 0.002 -20"><span class='ocrx_word' id='word_1_100' title='bbox 611 1605 771 1671; x_wconf 85' lang='lat' dir='ltr'><strong>Quod</strong></span> <span class='ocrx_word' id='word_1_101' title='bbox 797 1605 845 1660; x_wconf 88' lang='lat' dir='ltr'><strong>si</strong></span> <span class='ocrx_word' id='word_1_102' title='bbox 870 1621 983 1660; x_wconf 90' lang='lat' dir='ltr'><strong>non</strong></span> <span class='ocrx_word' id='word_1_103' title='bbox 1016 1605 1161 1660; x_wconf 82' lang='lat' dir='ltr'><strong>foret</strong></span> <span class='ocrx_word' id='word_1_104' title='bbox 1186 1607 1382 1664; x_wconf 87' lang='lat' dir='ltr'><strong>satius.</strong></span> <span class='ocrx_word' id='word_1_105' title='bbox 1440 1604 1471 1642; x_wconf 81' lang='grc'><strong><em>⁸</em></strong></span> <span class='ocrx_word' id='word_1_106' title='bbox 2294 1609 2490 1665; x_wconf 83' lang='lat' dir='ltr'><strong>Mersit</strong></span> <span class='ocrx_word' id='word_1_107' title='bbox 2517 1610 2679 1681; x_wconf 87' lang='lat' dir='ltr'><strong>aquis</strong></span> <span class='ocrx_word' id='word_1_108' title='bbox 2710 1610 3008 1666; x_wconf 84' lang='lat' dir='ltr'><strong>ultricibus</strong></span> 
     </span>
    </p>
   </div>
   <div class='ocr_carea' id='block_1_17' title="bbox 611 1694 3072 1770">
    <p class='ocr_par' dir='ltr' id='par_1_17' title="bbox 611 1694 3072 1770">
     <span class='ocr_line' id='line_1_17' title="bbox 611 1694 3072 1770; baseline 0.002 -20"><span class='ocrx_word' id='word_1_109' title='bbox 611 1694 829 1750; x_wconf 84' lang='lat' dir='ltr'><strong>Maudit</strong></span> <span class='ocrx_word' id='word_1_110' title='bbox 851 1701 909 1749; x_wconf 91' lang='lat' dir='ltr'><strong>et</strong></span> <span class='ocrx_word' id='word_1_111' title='bbox 932 1695 1051 1749; x_wconf 81' lang='lat' dir='ltr'><strong>viro</strong></span> <span class='ocrx_word' id='word_1_112' title='bbox 1081 1696 1337 1762; x_wconf 84' lang='lat' dir='ltr'><strong>tradidit,</strong></span> <span class='ocrx_word' id='word_1_113' title='bbox 2287 1699 2489 1754; x_wconf 85' lang='lat' dir='ltr'><strong>Totam</strong></span> <span class='ocrx_word' id='word_1_114' title='bbox 2507 1698 2705 1753; x_wconf 89' lang='lat' dir='ltr'><strong>mundi</strong></span> <span class='ocrx_word' id='word_1_115' title='bbox 2724 1700 3072 1770; x_wconf 84' lang='lat' dir='ltr'><strong>progeniem,</strong></span> 
     </span>
    </p>
   </div>
   <div class='ocr_carea' id='block_1_18' title="bbox 615 1773 3097 1857">
    <p class='ocr_par' dir='ltr' id='par_1_18' title="bbox 615 1773 3097 1857">
     <span class='ocr_line' id='line_1_18' title="bbox 615 1773 3097 1857; baseline 0.002 -17"><span class='ocrx_word' id='word_1_116' title='bbox 615 1784 695 1840; x_wconf 80' lang='lat' dir='ltr'><strong>Et</strong></span> <span class='ocrx_word' id='word_1_117' title='bbox 712 1783 879 1839; x_wconf 67' lang='lat' dir='ltr'><strong>mbo</strong></span> <span class='ocrx_word' id='word_1_118' title='bbox 916 1784 1087 1840; x_wconf 86' lang='lat' dir='ltr'><strong>simul</strong></span> <span class='ocrx_word' id='word_1_119' title='bbox 1116 1785 1353 1857; x_wconf 88' lang='lat' dir='ltr'><strong>decepit,</strong></span> <span class='ocrx_word' id='word_1_120' title='bbox 1873 1773 1920 1835; x_wconf 84' lang='grc' dir='ltr'>Β</span> <span class='ocrx_word' id='word_1_121' title='bbox 2294 1787 2477 1842; x_wconf 85' lang='lat' dir='ltr'><strong>Adam</strong></span> <span class='ocrx_word' id='word_1_122' title='bbox 2500 1793 2563 1841; x_wconf 89' lang='lat' dir='ltr'><strong>et</strong></span> <span class='ocrx_word' id='word_1_123' title='bbox 2593 1787 2805 1841; x_wconf 86' lang='lat' dir='ltr'><strong>claram</strong></span> <span class='ocrx_word' id='word_1_124' title='bbox 2827 1787 3097 1853; x_wconf 84' lang='lat' dir='ltr'><strong>sobolem,</strong></span> 
     </span>
    </p>
   </div>
   <div class='ocr_carea' id='block_1_19' title="bbox 612 1873 3108 1947">
    <p class='ocr_par' dir='ltr' id='par_1_19' title="bbox 612 1873 3108 1947">
     <span class='ocr_line' id='line_1_19' title="bbox 612 1873 3108 1947; baseline 0.002 -17"><span class='ocrx_word' id='word_1_125' title='bbox 612 1873 760 1930; x_wconf 90' lang='lat' dir='ltr'><strong>Dum</strong></span> <span class='ocrx_word' id='word_1_126' title='bbox 789 1878 985 1928; x_wconf 86' lang='lat' dir='ltr'><strong>contra</strong></span> <span class='ocrx_word' id='word_1_127' title='bbox 1009 1874 1233 1944; x_wconf 87' lang='lat' dir='ltr'><strong>jussum</strong></span> <span class='ocrx_word' id='word_1_128' title='bbox 1262 1875 1488 1930; x_wconf 84' lang='lat' dir='ltr'><strong>Domini</strong></span> <span class='ocrx_word' id='word_1_129' title='bbox 2294 1877 2507 1931; x_wconf 84' lang='lat' dir='ltr'><strong>Praeter</strong></span> <span class='ocrx_word' id='word_1_130' title='bbox 2535 1892 2676 1947; x_wconf 89' lang='lat' dir='ltr'><strong>quos</strong></span> <span class='ocrx_word' id='word_1_131' title='bbox 2705 1893 2837 1931; x_wconf 90' lang='lat' dir='ltr'><strong>arca</strong></span> <span class='ocrx_word' id='word_1_132' title='bbox 2863 1884 3108 1945; x_wconf 82' lang='lat' dir='ltr'><strong>vexerat,</strong></span> 
     </span>
    </p>
   </div>
   <div class='ocr_carea' id='block_1_20' title="bbox 617 1961 3019 2035">
    <p class='ocr_par' dir='ltr' id='par_1_20' title="bbox 617 1961 3019 2035">
     <span class='ocr_line' id='line_1_20' title="bbox 617 1961 3019 2035; baseline 0.001 -17"><span class='ocrx_word' id='word_1_133' title='bbox 617 1961 716 2018; x_wconf 87' lang='lat' dir='ltr'><strong>Est</strong></span> <span class='ocrx_word' id='word_1_134' title='bbox 741 1976 971 2035; x_wconf 76' lang='lat' dir='ltr'><strong>pomum</strong></span> <span class='ocrx_word' id='word_1_135' title='bbox 1000 1962 1141 2033; x_wconf 78' lang='lat' dir='ltr'><strong>ligni</strong></span> <span class='ocrx_word' id='word_1_136' title='bbox 1170 1963 1346 2019; x_wconf 77' lang='lat' dir='ltr'><strong>vetiti.</strong></span> <span class='ocrx_word' id='word_1_137' title='bbox 2294 1967 2364 2021; x_wconf 88' lang='lat' dir='ltr'><strong>Et</strong></span> <span class='ocrx_word' id='word_1_138' title='bbox 2391 1965 2654 2021; x_wconf 84' lang='lat' dir='ltr'><strong>Excelsus</strong></span> <span class='ocrx_word' id='word_1_139' title='bbox 2683 1971 3019 2021; x_wconf 80' lang='lat' dir='ltr'><strong>servaverat.</strong></span> 
     </span>
    </p>
   </div>
   <div class='ocr_carea' id='block_1_21' title="bbox 547 2051 2991 2126">
    <p class='ocr_par' dir='ltr' id='par_1_21' title="bbox 547 2051 2991 2126">
     <span class='ocr_line' id='line_1_21' title="bbox 547 2051 2991 2126; baseline 0.001 -18"><span class='ocrx_word' id='word_1_140' title='bbox 547 2051 726 2108; x_wconf 75' lang='lat' dir='ltr'><strong>Ambo</strong></span> <span class='ocrx_word' id='word_1_141' title='bbox 755 2051 1156 2107; x_wconf 81' lang='lat' dir='ltr'><strong>miserabiliter</strong></span> <span class='ocrx_word' id='word_1_142' title='bbox 2224 2056 2334 2113; x_wconf 91' lang='lat' dir='ltr'><strong>Sed</strong></span> <span class='ocrx_word' id='word_1_143' title='bbox 2363 2056 2501 2109; x_wconf 88' lang='lat' dir='ltr'><strong>item</strong></span> <span class='ocrx_word' id='word_1_144' title='bbox 2526 2058 2692 2126; x_wconf 88' lang='lat' dir='ltr'><strong>ptyra</strong></span> <span class='ocrx_word' id='word_1_145' title='bbox 2719 2052 2747 2094; x_wconf 75' lang='grc' dir='ltr'>ἀ</span> <span class='ocrx_word' id='word_1_146' title='bbox 2772 2071 2991 2126; x_wconf 59' lang='lat' dir='ltr'><strong>cepere</strong></span> 
     </span>
    </p>
   </div>
   <div class='ocr_carea' id='block_1_22' title="bbox 572 2141 2919 2213">
    <p class='ocr_par' dir='ltr' id='par_1_22' title="bbox 572 2141 2919 2213">
     <span class='ocr_line' id='line_1_22' title="bbox 572 2141 2919 2213; baseline 0 -15"><span class='ocrx_word' id='word_1_147' title='bbox 572 2180 577 2185; x_wconf 72' lang='grc' dir='ltr'><em>ι</em></span> <span class='ocrx_word' id='word_1_148' title='bbox 612 2142 871 2198; x_wconf 68' lang='grc' dir='ltr'><strong>Οθινηηηῐ</strong></span> <span class='ocrx_word' id='word_1_149' title='bbox 894 2157 961 2195; x_wconf 88' lang='lat' dir='ltr'><strong>se</strong></span> <span class='ocrx_word' id='word_1_150' title='bbox 984 2141 1165 2195; x_wconf 89' lang='lat' dir='ltr'><strong>nudos</strong></span> <span class='ocrx_word' id='word_1_151' title='bbox 1186 2141 1449 2213; x_wconf 85' lang='lat' dir='ltr'><strong>turpiter,</strong></span> <span class='ocrx_word' id='word_1_152' title='bbox 2295 2145 2598 2200; x_wconf 87' lang='lat' dir='ltr'><strong>Sordidare</strong></span> <span class='ocrx_word' id='word_1_153' title='bbox 2624 2144 2919 2211; x_wconf 82' lang='lat' dir='ltr'><strong>terricolae,</strong></span> 
     </span>
    </p>
   </div>
   <div class='ocr_carea' id='block_1_23' title="bbox 617 2231 3060 2305">
    <p class='ocr_par' dir='ltr' id='par_1_23' title="bbox 617 2231 3060 2305">
     <span class='ocr_line' id='line_1_23' title="bbox 617 2231 3060 2305; baseline -0 -16"><span class='ocrx_word' id='word_1_154' title='bbox 617 2233 853 2289; x_wconf 64' lang='lat' dir='ltr'><strong>Certant</strong></span> <span class='ocrx_word' id='word_1_155' title='bbox 880 2247 1009 2286; x_wconf 90' lang='lat' dir='ltr'><strong>cum</strong></span> <span class='ocrx_word' id='word_1_156' title='bbox 1040 2231 1383 2302; x_wconf 85' lang='lat' dir='ltr'><strong>perizomate</strong></span> <span class='ocrx_word' id='word_1_157' title='bbox 2297 2236 2492 2305; x_wconf 89' lang='lat' dir='ltr'><strong>Neque</strong></span> <span class='ocrx_word' id='word_1_158' title='bbox 2520 2234 2779 2288; x_wconf 86' lang='lat' dir='ltr'><strong>laverunt</strong></span> <span class='ocrx_word' id='word_1_159' title='bbox 2804 2233 3060 2302; x_wconf 54' lang='lat' dir='ltr'><strong>ﬂumina,</strong></span> 
     </span>
    </p>
   </div>
   <div class='ocr_carea' id='block_1_24' title="bbox 614 2322 3132 2392">
    <p class='ocr_par' dir='ltr' id='par_1_24' title="bbox 614 2322 3132 2392">
     <span class='ocr_line' id='line_1_24' title="bbox 614 2322 3132 2392; baseline 0 -15"><span class='ocrx_word' id='word_1_160' title='bbox 614 2322 991 2378; x_wconf 85' lang='lat' dir='ltr'><strong>Commissum</strong></span> <span class='ocrx_word' id='word_1_161' title='bbox 1020 2322 1200 2375; x_wconf 88' lang='lat' dir='ltr'><strong>scelus</strong></span> <span class='ocrx_word' id='word_1_162' title='bbox 1226 2326 1438 2392; x_wconf 79' lang='lat' dir='ltr'><strong>tegere,</strong></span> <span class='ocrx_word' id='word_1_163' title='bbox 2289 2323 2367 2379; x_wconf 87' lang='lat' dir='ltr'><strong>Ut</strong></span> <span class='ocrx_word' id='word_1_164' title='bbox 2391 2339 2507 2382; x_wconf 86' lang='lat' dir='ltr'><strong>non</strong></span> <span class='ocrx_word' id='word_1_165' title='bbox 2530 2326 2850 2378; x_wconf 85' lang='lat' dir='ltr'><strong>crescerent</strong></span> <span class='ocrx_word' id='word_1_166' title='bbox 2876 2323 3132 2390; x_wconf 83' lang='lat' dir='ltr'><strong>crimina,</strong></span> 
     </span>
    </p>
   </div>
   <div class='ocr_carea' id='block_1_25' title="bbox 614 2410 3176 2484">
    <p class='ocr_par' dir='ltr' id='par_1_25' title="bbox 614 2410 3176 2484">
     <span class='ocr_line' id='line_1_25' title="bbox 614 2410 3176 2484; baseline 0 -17"><span class='ocrx_word' id='word_1_167' title='bbox 614 2410 1054 2484; x_wconf 85' lang='lat' dir='ltr'><strong>Catapbronysis</strong></span> <span class='ocrx_word' id='word_1_168' title='bbox 1071 2420 1097 2452; x_wconf 74' lang='grc' dir='ltr'>ι</span> <span class='ocrx_word' id='word_1_169' title='bbox 1121 2410 1275 2465; x_wconf 87' lang='lat' dir='ltr'><strong>folio.</strong></span> <span class='ocrx_word' id='word_1_170' title='bbox 2295 2413 2413 2469; x_wconf 87' lang='lat' dir='ltr'><strong>Nec</strong></span> <span class='ocrx_word' id='word_1_171' title='bbox 2439 2429 2580 2484; x_wconf 88' lang='lat' dir='ltr'><strong>quos</strong></span> <span class='ocrx_word' id='word_1_172' title='bbox 2606 2429 2761 2467; x_wconf 90' lang='lat' dir='ltr'><strong>mors</strong></span> <span class='ocrx_word' id='word_1_173' title='bbox 2789 2412 3176 2468; x_wconf 86' lang='lat' dir='ltr'><strong>absorbuerat.</strong></span> 
     </span>
    </p>
   </div>
   <div class='ocr_carea' id='block_1_26' title="bbox 615 2499 2967 2574">
    <p class='ocr_par' dir='ltr' id='par_1_26' title="bbox 615 2499 2967 2574">
     <span class='ocr_line' id='line_1_26' title="bbox 615 2499 2967 2574; baseline -0 -16"><span class='ocrx_word' id='word_1_174' title='bbox 615 2501 725 2558; x_wconf 90' lang='lat' dir='ltr'><strong>Sed</strong></span> <span class='ocrx_word' id='word_1_175' title='bbox 755 2512 868 2556; x_wconf 86' lang='lat' dir='ltr'><strong>non</strong></span> <span class='ocrx_word' id='word_1_176' title='bbox 892 2501 1033 2555; x_wconf 87' lang='lat' dir='ltr'><strong>latet</strong></span> <span class='ocrx_word' id='word_1_177' title='bbox 1060 2516 1096 2555; x_wconf 86' lang='lat' dir='ltr'><strong>a</strong></span> <span class='ocrx_word' id='word_1_178' title='bbox 1125 2499 1385 2555; x_wconf 89' lang='lat' dir='ltr'><strong>Domino.</strong></span> <span class='ocrx_word' id='word_1_179' title='bbox 2293 2501 2554 2574; x_wconf 86' lang='lat' dir='ltr'><strong>Epistimi</strong></span> <span class='ocrx_word' id='word_1_180' title='bbox 2574 2514 2601 2546; x_wconf 79' lang='grc' dir='ltr'><strong>ο</strong></span> <span class='ocrx_word' id='word_1_181' title='bbox 2622 2502 2967 2557; x_wconf 90' lang='lat' dir='ltr'><strong>domaverat.</strong></span> 
     </span>
    </p>
   </div>
   <div class='ocr_carea' id='block_1_27' title="bbox 547 2589 3076 2663">
    <p class='ocr_par' dir='ltr' id='par_1_27' title="bbox 547 2589 3076 2663">
     <span class='ocr_line' id='line_1_27' title="bbox 547 2589 3076 2663; baseline 0 -16"><span class='ocrx_word' id='word_1_182' title='bbox 547 2590 808 2647; x_wconf 83' lang='lat' dir='ltr'><strong>Excelsus</strong></span> <span class='ocrx_word' id='word_1_183' title='bbox 832 2589 1176 2655; x_wconf 73' lang='lat' dir='ltr'><strong>visitaverat,</strong></span> <span class='ocrx_word' id='word_1_184' title='bbox 2219 2591 2338 2647; x_wconf 87' lang='lat' dir='ltr'><strong>Hoc</strong></span> <span class='ocrx_word' id='word_1_185' title='bbox 2366 2590 2651 2646; x_wconf 87' lang='lat' dir='ltr'><strong>Abraham</strong></span> <span class='ocrx_word' id='word_1_186' title='bbox 2676 2597 2805 2663; x_wconf 89' lang='lat' dir='ltr'><strong>post</strong></span> <span class='ocrx_word' id='word_1_187' title='bbox 2840 2592 3076 2657; x_wconf 83' lang='lat' dir='ltr'><strong>viderat,</strong></span> 
     </span>
    </p>
   </div>
   <div class='ocr_carea' id='block_1_28' title="bbox 614 2677 3137 2751">
    <p class='ocr_par' dir='ltr' id='par_1_28' title="bbox 614 2677 3137 2751">
     <span class='ocr_line' id='line_1_28' title="bbox 614 2677 3137 2751; baseline 0.001 -17"><span class='ocrx_word' id='word_1_188' title='bbox 614 2679 765 2745; x_wconf 75' lang='lat' dir='ltr'><strong>Quos</strong></span> <span class='ocrx_word' id='word_1_189' title='bbox 787 2680 909 2748; x_wconf 84' lang='lat' dir='ltr'><strong>jam</strong></span> <span class='ocrx_word' id='word_1_190' title='bbox 937 2693 1104 2733; x_wconf 88' lang='lat' dir='ltr'><strong>sanos</strong></span> <span class='ocrx_word' id='word_1_191' title='bbox 1134 2677 1459 2749; x_wconf 72' lang='lat' dir='ltr'><strong>reliquerat,</strong></span> <span class='ocrx_word' id='word_1_192' title='bbox 2291 2681 2410 2736; x_wconf 90' lang='lat' dir='ltr'><strong>Nec</strong></span> <span class='ocrx_word' id='word_1_193' title='bbox 2426 2686 2623 2735; x_wconf 88' lang='lat' dir='ltr'><strong>tamen</strong></span> <span class='ocrx_word' id='word_1_194' title='bbox 2648 2681 2798 2736; x_wconf 89' lang='lat' dir='ltr'><strong>hunc</strong></span> <span class='ocrx_word' id='word_1_195' title='bbox 2821 2681 3137 2751; x_wconf 86' lang='lat' dir='ltr'><strong>juvaverat,</strong></span> 
     </span>
    </p>
   </div>
   <div class='ocr_carea' id='block_1_29' title="bbox 610 2766 3121 2842">
    <p class='ocr_par' dir='ltr' id='par_1_29' title="bbox 610 2766 3121 2842">
     <span class='ocr_line' id='line_1_29' title="bbox 610 2766 3121 2842; baseline 0.001 -19"><span class='ocrx_word' id='word_1_196' title='bbox 610 2768 791 2824; x_wconf 81' lang='lat' dir='ltr'><strong>Adam</strong></span> <span class='ocrx_word' id='word_1_197' title='bbox 810 2767 1018 2823; x_wconf 82' lang='lat' dir='ltr'><strong>timens</strong></span> <span class='ocrx_word' id='word_1_198' title='bbox 1037 2767 1142 2822; x_wconf 88' lang='lat' dir='ltr'><strong>sub</strong></span> <span class='ocrx_word' id='word_1_199' title='bbox 1167 2766 1385 2825; x_wconf 82' lang='lat' dir='ltr'><strong>arbore.</strong></span> <span class='ocrx_word' id='word_1_200' title='bbox 2289 2770 2446 2826; x_wconf 91' lang='lat' dir='ltr'><strong>Isaac</strong></span> <span class='ocrx_word' id='word_1_201' title='bbox 2470 2785 2695 2842; x_wconf 87' lang='lat' dir='ltr'><strong>quoque</strong></span> <span class='ocrx_word' id='word_1_202' title='bbox 2724 2775 2778 2824; x_wconf 88' lang='lat' dir='ltr'><strong>et</strong></span> <span class='ocrx_word' id='word_1_203' title='bbox 2807 2769 3066 2837; x_wconf 76' lang='lat' dir='ltr'><strong>Iacobus,</strong></span> <span class='ocrx_word' id='word_1_204' title='bbox 3116 2768 3121 2773; x_wconf 76' lang='grc'><em>’</em></span> 
     </span>
    </p>
   </div>
   <div class='ocr_carea' id='block_1_30' title="bbox 613 2857 3132 2930">
    <p class='ocr_par' dir='ltr' id='par_1_30' title="bbox 613 2857 3132 2930">
     <span class='ocr_line' id='line_1_30' title="bbox 613 2857 3132 2930; baseline -0.001 -16"><span class='ocrx_word' id='word_1_205' title='bbox 613 2857 1304 2923; x_wconf 73' lang='lat' dir='ltr'><strong>Latitabat-umbramine,</strong></span> <span class='ocrx_word' id='word_1_206' title='bbox 1636 2864 1664 2885; x_wconf 86' lang='lat'><strong><em>&#39;</em></strong></span> <span class='ocrx_word' id='word_1_207' title='bbox 2294 2858 2441 2914; x_wconf 82' lang='lat' dir='ltr'><strong>Celsi</strong></span> <span class='ocrx_word' id='word_1_208' title='bbox 2468 2864 2697 2930; x_wconf 85' lang='lat' dir='ltr'><strong>patrum</strong></span> <span class='ocrx_word' id='word_1_209' title='bbox 2723 2875 2852 2913; x_wconf 90' lang='lat' dir='ltr'><strong>cum</strong></span> <span class='ocrx_word' id='word_1_210' title='bbox 2878 2858 3132 2915; x_wconf 71' lang='lat' dir='ltr'><strong>antibus.</strong></span> 
     </span>
    </p>
   </div>
   <div class='ocr_carea' id='block_1_31' title="bbox 617 2946 3019 3021">
    <p class='ocr_par' dir='ltr' id='par_1_31' title="bbox 617 2946 3019 3021">
     <span class='ocr_line' id='line_1_31' title="bbox 617 2946 3019 3021; baseline 0 -18"><span class='ocrx_word' id='word_1_211' title='bbox 617 2947 797 3012; x_wconf 88' lang='lat' dir='ltr'><strong>Quem</strong></span> <span class='ocrx_word' id='word_1_212' title='bbox 826 2962 956 3001; x_wconf 77' lang='lat' dir='ltr'><strong>voce</strong></span> <span class='ocrx_word' id='word_1_213' title='bbox 987 2947 1069 3002; x_wconf 91' lang='lat' dir='ltr'><strong>ita</strong></span> <span class='ocrx_word' id='word_1_214' title='bbox 1090 2946 1316 3002; x_wconf 85' lang='lat' dir='ltr'><strong>duriter</strong></span> <span class='ocrx_word' id='word_1_215' title='bbox 1816 2956 1820 2963; x_wconf 56' lang='grc' dir='ltr'><strong>λ</strong></span> <span class='ocrx_word' id='word_1_216' title='bbox 2288 2947 2606 3019; x_wconf 81' lang='lat' dir='ltr'><strong>Legislator</strong></span> <span class='ocrx_word' id='word_1_217' title='bbox 2628 2952 2687 3003; x_wconf 90' lang='lat' dir='ltr'><strong>et</strong></span> <span class='ocrx_word' id='word_1_218' title='bbox 2710 2947 2931 3021; x_wconf 82' lang='lat' dir='ltr'><strong>Moyses</strong></span> <span class='ocrx_word' id='word_1_219' title='bbox 3015 2950 3019 2955; x_wconf 73' lang='grc'><strong>⁷</strong></span> 
     </span>
    </p>
   </div>
   <div class='ocr_carea' id='block_1_32' title="bbox 617 3036 3102 3110">
    <p class='ocr_par' dir='ltr' id='par_1_32' title="bbox 617 3036 3102 3110">
     <span class='ocr_line' id='line_1_32' title="bbox 617 3036 3102 3110; baseline -0 -18"><span class='ocrx_word' id='word_1_220' title='bbox 617 3036 933 3109; x_wconf 86' lang='lat' dir='ltr'><strong>Increpavit</strong></span> <span class='ocrx_word' id='word_1_221' title='bbox 960 3041 1019 3091; x_wconf 91' lang='lat' dir='ltr'><strong>et</strong></span> <span class='ocrx_word' id='word_1_222' title='bbox 1043 3036 1285 3090; x_wconf 87' lang='lat' dir='ltr'><strong>fortiter.</strong></span> <span class='ocrx_word' id='word_1_223' title='bbox 2291 3037 2469 3093; x_wconf 87' lang='lat' dir='ltr'><strong>David</strong></span> <span class='ocrx_word' id='word_1_224' title='bbox 2498 3037 2667 3092; x_wconf 84' lang='lat' dir='ltr'><strong>simul</strong></span> <span class='ocrx_word' id='word_1_225' title='bbox 2686 3043 2754 3092; x_wconf 88' lang='lat' dir='ltr'><strong>et</strong></span> <span class='ocrx_word' id='word_1_226' title='bbox 2780 3037 3102 3110; x_wconf 77' lang='lat' dir='ltr'><strong>prOphetes.</strong></span> 
     </span>
    </p>
   </div>
   <div class='ocr_carea' id='block_1_33' title="bbox 547 3111 2873 3198">
    <p class='ocr_par' dir='ltr' id='par_1_33' title="bbox 547 3111 2873 3198">
     <span class='ocr_line' id='line_1_33' title="bbox 547 3111 2873 3198; baseline 0 -16"><span class='ocrx_word' id='word_1_227' title='bbox 547 3125 746 3194; x_wconf 85' lang='lat' dir='ltr'><strong>Adam,</strong></span> <span class='ocrx_word' id='word_1_228' title='bbox 774 3125 963 3181; x_wconf 87' lang='lat' dir='ltr'><strong>cernis</strong></span> <span class='ocrx_word' id='word_1_229' title='bbox 982 3141 1132 3181; x_wconf 88' lang='lat' dir='ltr'><strong>nunc</strong></span> <span class='ocrx_word' id='word_1_230' title='bbox 1159 3124 1256 3180; x_wconf 86' lang='lat' dir='ltr'><strong>ubi</strong></span> <span class='ocrx_word' id='word_1_231' title='bbox 1279 3140 1358 3189; x_wconf 86' lang='lat' dir='ltr'><strong>es,</strong></span> <span class='ocrx_word' id='word_1_232' title='bbox 1874 3119 1924 3183; x_wconf 87' lang='lat' dir='ltr'><strong>C</strong></span> <span class='ocrx_word' id='word_1_233' title='bbox 2112 3111 2121 3121; x_wconf 57' lang='grc'><strong>’</strong></span> <span class='ocrx_word' id='word_1_234' title='bbox 2227 3126 2343 3182; x_wconf 90' lang='lat' dir='ltr'><strong>Nec</strong></span> <span class='ocrx_word' id='word_1_235' title='bbox 2363 3126 2575 3198; x_wconf 89' lang='lat' dir='ltr'><strong>profuit</strong></span> <span class='ocrx_word' id='word_1_236' title='bbox 2591 3126 2873 3183; x_wconf 84' lang='lat' dir='ltr'><strong>industria</strong></span> 
     </span>
    </p>
   </div>
   <div class='ocr_carea' id='block_1_34' title="bbox 616 3214 2968 3288">
    <p class='ocr_par' dir='ltr' id='par_1_34' title="bbox 616 3214 2968 3288">
     <span class='ocr_line' id='line_1_34' title="bbox 616 3214 2968 3288; baseline -0 -17"><span class='ocrx_word' id='word_1_237' title='bbox 616 3214 949 3271; x_wconf 85' lang='lat' dir='ltr'><strong>Inobediens</strong></span> <span class='ocrx_word' id='word_1_238' title='bbox 983 3215 1174 3287; x_wconf 89' lang='lat' dir='ltr'><strong>lapsus</strong></span> <span class='ocrx_word' id='word_1_239' title='bbox 1203 3230 1282 3269; x_wconf 88' lang='lat' dir='ltr'><strong>es.</strong></span> <span class='ocrx_word' id='word_1_240' title='bbox 2296 3216 2477 3272; x_wconf 85' lang='lat' dir='ltr'><strong>Ullius</strong></span> <span class='ocrx_word' id='word_1_241' title='bbox 2507 3223 2677 3288; x_wconf 86' lang='lat' dir='ltr'><strong>atque</strong></span> <span class='ocrx_word' id='word_1_242' title='bbox 2705 3216 2925 3288; x_wconf 81' lang='lat' dir='ltr'><strong>stychia</strong></span> <span class='ocrx_word' id='word_1_243' title='bbox 2947 3216 2968 3259; x_wconf 70' lang='grc' dir='ltr'><em>ι</em></span> 
     </span>
    </p>
   </div>
   <div class='ocr_carea' id='block_1_35' title="bbox 611 3300 3028 3361">
    <p class='ocr_par' dir='ltr' id='par_1_35' title="bbox 611 3300 3028 3361">
     <span class='ocr_line' id='line_1_35' title="bbox 611 3300 3028 3361; baseline -0.001 -1"><span class='ocrx_word' id='word_1_244' title='bbox 611 3307 686 3360; x_wconf 81' lang='lat' dir='ltr'><strong>At</strong></span> <span class='ocrx_word' id='word_1_245' title='bbox 711 3300 808 3359; x_wconf 74' lang='lat' dir='ltr'><strong>me</strong></span> <span class='ocrx_word' id='word_1_246' title='bbox 838 3321 899 3359; x_wconf 87' lang='lat' dir='ltr'><strong>se</strong></span> <span class='ocrx_word' id='word_1_247' title='bbox 920 3304 1198 3361; x_wconf 81' lang='lat' dir='ltr'><strong>tutamine</strong></span> <span class='ocrx_word' id='word_1_248' title='bbox 2297 3305 2431 3359; x_wconf 90' lang='lat' dir='ltr'><strong>Post</strong></span> <span class='ocrx_word' id='word_1_249' title='bbox 2456 3312 2696 3360; x_wconf 87' lang='lat' dir='ltr'><strong>mortem</strong></span> <span class='ocrx_word' id='word_1_250' title='bbox 2730 3305 3028 3360; x_wconf 83' lang='lat' dir='ltr'><strong>infernalia</strong></span> 
     </span>
    </p>
   </div>
   <div class='ocr_carea' id='block_1_36' title="bbox 615 3393 2941 3451">
    <p class='ocr_par' dir='ltr' id='par_1_36' title="bbox 615 3393 2941 3451">
     <span class='ocr_line' id='line_1_36' title="bbox 615 3393 2941 3451; baseline -0.001 -2"><span class='ocrx_word' id='word_1_251' title='bbox 615 3393 927 3449; x_wconf 82' lang='lat' dir='ltr'><strong>Excusabat</strong></span> <span class='ocrx_word' id='word_1_252' title='bbox 954 3393 1238 3451; x_wconf 81' lang='lat' dir='ltr'><strong>excedere.</strong></span> <span class='ocrx_word' id='word_1_253' title='bbox 1316 3408 1319 3413; x_wconf 87' lang='lat'>&#39;</span> <span class='ocrx_word' id='word_1_254' title='bbox 2300 3393 2684 3448; x_wconf 83' lang='lat' dir='ltr'><strong>Penetrabunt</strong></span> <span class='ocrx_word' id='word_1_255' title='bbox 2718 3393 2941 3447; x_wconf 86' lang='lat' dir='ltr'><strong>cubilia.</strong></span> 
     </span>
    </p>
   </div>
   <div class='ocr_carea' id='block_1_37' title="bbox 616 3480 3070 3551">
    <p class='ocr_par' dir='ltr' id='par_1_37' title="bbox 616 3480 3070 3551">
     <span class='ocr_line' id='line_1_37' title="bbox 616 3480 3070 3551; baseline -0.002 -13"><span class='ocrx_word' id='word_1_256' title='bbox 616 3483 792 3538; x_wconf 74' lang='lat' dir='ltr'><strong>Alteri</strong></span> <span class='ocrx_word' id='word_1_257' title='bbox 827 3497 1054 3537; x_wconf 89' lang='lat' dir='ltr'><strong>causam</strong></span> <span class='ocrx_word' id='word_1_258' title='bbox 1084 3482 1332 3536; x_wconf 81' lang='lat' dir='ltr'><strong>criminis</strong></span> <span class='ocrx_word' id='word_1_259' title='bbox 2298 3480 2591 3551; x_wconf 84' lang='lat' dir='ltr'><strong>Regnabat</strong></span> <span class='ocrx_word' id='word_1_260' title='bbox 2616 3498 2768 3535; x_wconf 90' lang='lat' dir='ltr'><strong>mors</strong></span> <span class='ocrx_word' id='word_1_261' title='bbox 2797 3481 3070 3535; x_wconf 84' lang='lat' dir='ltr'><strong>latissime</strong></span> 
     </span>
    </p>
   </div>
   <div class='ocr_carea' id='block_1_38' title="bbox 612 3570 3048 3643">
    <p class='ocr_par' dir='ltr' id='par_1_38' title="bbox 612 3570 3048 3643">
     <span class='ocr_line' id='line_1_38' title="bbox 612 3570 3048 3643; baseline -0.002 -16"><span class='ocrx_word' id='word_1_262' title='bbox 612 3571 945 3627; x_wconf 83' lang='lat' dir='ltr'><strong>Vindicabat</strong></span> <span class='ocrx_word' id='word_1_263' title='bbox 993 3570 1348 3643; x_wconf 81' lang='lat' dir='ltr'><strong>peccaminis.</strong></span> <span class='ocrx_word' id='word_1_264' title='bbox 2296 3570 2478 3640; x_wconf 84' lang='lat' dir='ltr'><strong>Super</strong></span> <span class='ocrx_word' id='word_1_265' title='bbox 2505 3586 2703 3625; x_wconf 88' lang='lat' dir='ltr'><strong>omnes</strong></span> <span class='ocrx_word' id='word_1_266' title='bbox 2729 3570 3048 3624; x_wconf 73' lang='lat' dir='ltr'><strong>durissimo.</strong></span> 
     </span>
    </p>
   </div>
   <div class='ocr_carea' id='block_1_39' title="bbox 546 3658 2825 3717">
    <p class='ocr_par' dir='ltr' id='par_1_39' title="bbox 546 3658 2825 3717">
     <span class='ocr_line' id='line_1_39' title="bbox 546 3658 2825 3717; baseline -0.003 0"><span class='ocrx_word' id='word_1_267' title='bbox 546 3661 681 3717; x_wconf 84' lang='lat' dir='ltr'><strong>Post</strong></span> <span class='ocrx_word' id='word_1_268' title='bbox 708 3660 816 3715; x_wconf 91' lang='lat' dir='ltr'><strong>hoc</strong></span> <span class='ocrx_word' id='word_1_269' title='bbox 837 3660 919 3715; x_wconf 88' lang='lat' dir='ltr'><strong>eis</strong></span> <span class='ocrx_word' id='word_1_270' title='bbox 948 3660 1270 3715; x_wconf 78' lang='lat' dir='ltr'><strong>Altissimus</strong></span> <span class='ocrx_word' id='word_1_271' title='bbox 1296 3678 1299 3679; x_wconf 60' lang='lat'><strong><em>&#39;</em></strong></span> <span class='ocrx_word' id='word_1_272' title='bbox 2226 3658 2296 3714; x_wconf 89' lang='lat' dir='ltr'><strong>Ni</strong></span> <span class='ocrx_word' id='word_1_273' title='bbox 2325 3658 2499 3713; x_wconf 89' lang='lat' dir='ltr'><strong>solius</strong></span> <span class='ocrx_word' id='word_1_274' title='bbox 2528 3658 2825 3713; x_wconf 89' lang='lat' dir='ltr'><strong>clementia</strong></span> 
     </span>
    </p>
   </div>
   <div class='ocr_carea' id='block_1_40' title="bbox 614 3748 2921 3820">
    <p class='ocr_par' dir='ltr' id='par_1_40' title="bbox 614 3748 2921 3820">
     <span class='ocr_line' id='line_1_40' title="bbox 614 3748 2921 3820; baseline -0.002 -15"><span class='ocrx_word' id='word_1_275' title='bbox 614 3751 861 3817; x_wconf 81' lang='lat' dir='ltr'><strong>Fecerat,</strong></span> <span class='ocrx_word' id='word_1_276' title='bbox 894 3750 1041 3820; x_wconf 90' lang='lat' dir='ltr'><strong>quod</strong></span> <span class='ocrx_word' id='word_1_277' title='bbox 1066 3749 1432 3820; x_wconf 83' lang='lat' dir='ltr'><strong>justissimus,</strong></span> <span class='ocrx_word' id='word_1_278' title='bbox 2294 3748 2553 3803; x_wconf 83' lang='lat' dir='ltr'><strong>Auctoris</strong></span> <span class='ocrx_word' id='word_1_279' title='bbox 2580 3754 2640 3803; x_wconf 90' lang='lat' dir='ltr'><strong>et</strong></span> <span class='ocrx_word' id='word_1_280' title='bbox 2666 3748 2921 3818; x_wconf 86' lang='lat' dir='ltr'><strong>potentia</strong></span> 
     </span>
    </p>
   </div>
   <div class='ocr_carea' id='block_1_41' title="bbox 613 3835 2979 3895">
    <p class='ocr_par' dir='ltr' id='par_1_41' title="bbox 613 3835 2979 3895">
     <span class='ocr_line' id='line_1_41' title="bbox 613 3835 2979 3895; baseline -0.003 -1"><span class='ocrx_word' id='word_1_281' title='bbox 613 3838 803 3895; x_wconf 87' lang='lat' dir='ltr'><strong>Cinxit</strong></span> <span class='ocrx_word' id='word_1_282' title='bbox 823 3854 919 3893; x_wconf 87' lang='lat' dir='ltr'><strong>eos</strong></span> <span class='ocrx_word' id='word_1_283' title='bbox 947 3837 1225 3893; x_wconf 86' lang='lat' dir='ltr'><strong>velamine</strong></span> <span class='ocrx_word' id='word_1_284' title='bbox 2280 3835 2626 3892; x_wconf 68' lang='lat' dir='ltr'><strong>Subveniret</strong></span> <span class='ocrx_word' id='word_1_285' title='bbox 2646 3836 2979 3891; x_wconf 75' lang='lat' dir='ltr'><strong>miserrimis</strong></span> 
     </span>
    </p>
   </div>
   <div class='ocr_carea' id='block_1_42' title="bbox 611 3924 2958 3997">
    <p class='ocr_par' dir='ltr' id='par_1_42' title="bbox 611 3924 2958 3997">
     <span class='ocr_line' id='line_1_42' title="bbox 611 3924 2958 3997; baseline -0.002 -14"><span class='ocrx_word' id='word_1_286' title='bbox 611 3927 802 3997; x_wconf 67' lang='lat' dir='ltr'><strong>Byrsa:</strong></span> <span class='ocrx_word' id='word_1_287' title='bbox 832 3925 860 3967; x_wconf 71' lang='grc' dir='ltr'><strong>ι)</strong></span> <span class='ocrx_word' id='word_1_288' title='bbox 882 3933 941 3982; x_wconf 91' lang='lat' dir='ltr'><strong>et</strong></span> <span class='ocrx_word' id='word_1_289' title='bbox 969 3927 1361 3981; x_wconf 83' lang='lat' dir='ltr'><strong>decentissime</strong></span> <span class='ocrx_word' id='word_1_290' title='bbox 2294 3924 2618 3982; x_wconf 86' lang='lat' dir='ltr'><strong>Jacentibus</strong></span> <span class='ocrx_word' id='word_1_291' title='bbox 2641 3926 2699 3979; x_wconf 90' lang='lat' dir='ltr'><strong>in</strong></span> <span class='ocrx_word' id='word_1_292' title='bbox 2727 3925 2958 3989; x_wconf 83' lang='lat' dir='ltr'><strong>inﬁmis,</strong></span> 
     </span>
    </p>
   </div>
   <div class='ocr_carea' id='block_1_43' title="bbox 613 4014 3043 4088">
    <p class='ocr_par' dir='ltr' id='par_1_43' title="bbox 613 4014 3043 4088">
     <span class='ocr_line' id='line_1_43' title="bbox 613 4014 3043 4088; baseline -0.002 -15"><span class='ocrx_word' id='word_1_293' title='bbox 613 4016 874 4073; x_wconf 83' lang='lat' dir='ltr'><strong>Morituri</strong></span> <span class='ocrx_word' id='word_1_294' title='bbox 900 4016 1161 4088; x_wconf 87' lang='lat' dir='ltr'><strong>pelliculo</strong></span> <span class='ocrx_word' id='word_1_295' title='bbox 2290 4015 2464 4070; x_wconf 88' lang='lat' dir='ltr'><strong>Totus</strong></span> <span class='ocrx_word' id='word_1_296' title='bbox 2490 4015 2660 4069; x_wconf 86' lang='lat' dir='ltr'><strong>homo</strong></span> <span class='ocrx_word' id='word_1_297' title='bbox 2686 4031 2816 4070; x_wconf 90' lang='lat' dir='ltr'><strong>cum</strong></span> <span class='ocrx_word' id='word_1_298' title='bbox 2853 4014 3043 4069; x_wconf 88' lang='lat' dir='ltr'><strong>sobole</strong></span> 
     </span>
    </p>
   </div>
   <div class='ocr_carea' id='block_1_44' title="bbox 599 4104 2943 4175">
    <p class='ocr_par' dir='ltr' id='par_1_44' title="bbox 599 4104 2943 4175">
     <span class='ocr_line' id='line_1_44' title="bbox 599 4104 2943 4175; baseline -0.002 -13"><span class='ocrx_word' id='word_1_299' title='bbox 599 4105 677 4162; x_wconf 88' lang='lat' dir='ltr'><strong>Ut</strong></span> <span class='ocrx_word' id='word_1_300' title='bbox 702 4106 1043 4161; x_wconf 86' lang='lat' dir='ltr'><strong>vestirentur</strong></span> <span class='ocrx_word' id='word_1_301' title='bbox 1066 4109 1309 4159; x_wconf 88' lang='lat' dir='ltr'><strong>mortuo.</strong></span> <span class='ocrx_word' id='word_1_302' title='bbox 2294 4104 2560 4159; x_wconf 86' lang='lat' dir='ltr'><strong>Interirct</strong></span> <span class='ocrx_word' id='word_1_303' title='bbox 2599 4104 2943 4175; x_wconf 87' lang='lat' dir='ltr'><strong>peccamine.</strong></span> 
     </span>
    </p>
   </div>
   <div class='ocr_carea' id='block_1_45' title="bbox 542 4193 2920 4267">
    <p class='ocr_par' dir='ltr' id='par_1_45' title="bbox 542 4193 2920 4267">
     <span class='ocr_line' id='line_1_45' title="bbox 542 4193 2920 4267; baseline -0.003 -14"><span class='ocrx_word' id='word_1_304' title='bbox 542 4195 699 4253; x_wconf 87' lang='lat' dir='ltr'><strong>Tunc</strong></span> <span class='ocrx_word' id='word_1_305' title='bbox 720 4195 1047 4267; x_wconf 86' lang='lat' dir='ltr'><strong>paradisum</strong></span> <span class='ocrx_word' id='word_1_306' title='bbox 1074 4194 1320 4265; x_wconf 85' lang='lat' dir='ltr'><strong>liquerat</strong></span> <span class='ocrx_word' id='word_1_307' title='bbox 2225 4193 2592 4265; x_wconf 81' lang='lat' dir='ltr'><strong>Omnipotens</strong></span> <span class='ocrx_word' id='word_1_308' title='bbox 2619 4194 2920 4248; x_wconf 90' lang='lat' dir='ltr'><strong>mitissime</strong></span> 
     </span>
    </p>
   </div>
   <div class='ocr_carea' id='block_1_46' title="bbox 615 4283 2970 4356">
    <p class='ocr_par' dir='ltr' id='par_1_46' title="bbox 615 4283 2970 4356">
     <span class='ocr_line' id='line_1_46' title="bbox 615 4283 2970 4356; baseline -0.002 -16"><span class='ocrx_word' id='word_1_309' title='bbox 615 4284 867 4340; x_wconf 84' lang='lat' dir='ltr'><strong>Adamus</strong></span> <span class='ocrx_word' id='word_1_310' title='bbox 895 4300 1062 4356; x_wconf 86' lang='lat' dir='ltr'><strong>quem</strong></span> <span class='ocrx_word' id='word_1_311' title='bbox 1105 4285 1365 4354; x_wconf 83' lang='lat' dir='ltr'><strong>ejecerat.</strong></span> <span class='ocrx_word' id='word_1_312' title='bbox 2294 4283 2449 4338; x_wconf 82' lang='lat' dir='ltr'><strong>Misit</strong></span> <span class='ocrx_word' id='word_1_313' title='bbox 2473 4284 2640 4337; x_wconf 87' lang='lat' dir='ltr'><strong>Pater</strong></span> <span class='ocrx_word' id='word_1_314' title='bbox 2663 4283 2733 4337; x_wconf 88' lang='lat' dir='ltr'><strong>ab</strong></span> <span class='ocrx_word' id='word_1_315' title='bbox 2762 4283 2970 4337; x_wconf 69' lang='lat' dir='ltr'><strong>aethere</strong></span> 
     </span>
    </p>
   </div>
   <div class='ocr_carea' id='block_1_47' title="bbox 616 4368 2897 4447">
    <p class='ocr_par' dir='ltr' id='par_1_47' title="bbox 616 4368 2897 4447">
     <span class='ocr_line' id='line_1_47' title="bbox 616 4368 2897 4447; baseline -0.003 -17"><span class='ocrx_word' id='word_1_316' title='bbox 616 4375 767 4430; x_wconf 83' lang='lat' dir='ltr'><strong>Deus</strong></span> <span class='ocrx_word' id='word_1_317' title='bbox 795 4391 1016 4447; x_wconf 88' lang='lat' dir='ltr'><strong>quoque</strong></span> <span class='ocrx_word' id='word_1_318' title='bbox 1060 4374 1403 4445; x_wconf 84' lang='lat' dir='ltr'><strong>pertinacem</strong></span> <span class='ocrx_word' id='word_1_319' title='bbox 1876 4368 1924 4426; x_wconf 90' lang='lat' dir='ltr'><strong>D</strong></span> <span class='ocrx_word' id='word_1_320' title='bbox 2297 4372 2499 4426; x_wconf 87' lang='lat' dir='ltr'><strong>Filium</strong></span> <span class='ocrx_word' id='word_1_321' title='bbox 2542 4372 2897 4440; x_wconf 82' lang='lat' dir='ltr'><strong>unigenitum</strong></span> 
     </span>
    </p>
   </div>
   <div class='ocr_carea' id='block_1_48' title="bbox 616 4460 3077 4527">
    <p class='ocr_par' dir='ltr' id='par_1_48' title="bbox 616 4460 3077 4527">
     <span class='ocr_line' id='line_1_48' title="bbox 616 4460 3077 4527; baseline -0.002 -8"><span class='ocrx_word' id='word_1_322' title='bbox 616 4464 781 4519; x_wconf 87' lang='lat' dir='ltr'><strong>Nunc</strong></span> <span class='ocrx_word' id='word_1_323' title='bbox 809 4463 968 4519; x_wconf 67' lang='lat' dir='ltr'><strong>durae</strong></span> <span class='ocrx_word' id='word_1_324' title='bbox 993 4468 1159 4517; x_wconf 78' lang='lat' dir='ltr'><strong>terrae</strong></span> <span class='ocrx_word' id='word_1_325' title='bbox 1188 4462 1463 4516; x_wconf 85' lang='lat' dir='ltr'><strong>cultorem</strong></span> <span class='ocrx_word' id='word_1_326' title='bbox 2290 4463 2557 4515; x_wconf 84' lang='lat' dir='ltr'><strong>Amatum</strong></span> <span class='ocrx_word' id='word_1_327' title='bbox 2587 4466 2644 4513; x_wconf 88' lang='lat' dir='ltr'><strong>ct</strong></span> <span class='ocrx_word' id='word_1_328' title='bbox 2662 4460 3077 4527; x_wconf 86' lang='lat' dir='ltr'><strong>dulcissimum;</strong></span> 
     </span>
    </p>
   </div>
   <div class='ocr_carea' id='block_1_49' title="bbox 619 4549 2986 4608">
    <p class='ocr_par' dir='ltr' id='par_1_49' title="bbox 619 4549 2986 4608">
     <span class='ocr_line' id='line_1_49' title="bbox 619 4549 2986 4608; baseline -0.002 0"><span class='ocrx_word' id='word_1_329' title='bbox 619 4553 828 4608; x_wconf 84' lang='lat' dir='ltr'><strong>Ydrost</strong></span> <span class='ocrx_word' id='word_1_330' title='bbox 854 4564 878 4594; x_wconf 85' lang='grc' dir='ltr'><strong><em>ο</em></strong></span> <span class='ocrx_word' id='word_1_331' title='bbox 908 4553 960 4607; x_wconf 90' lang='lat' dir='ltr'><strong>ei</strong></span> <span class='ocrx_word' id='word_1_332' title='bbox 989 4558 1048 4607; x_wconf 92' lang='lat' dir='ltr'><strong>et</strong></span> <span class='ocrx_word' id='word_1_333' title='bbox 1076 4551 1313 4606; x_wconf 77' lang='lat' dir='ltr'><strong>tribulos</strong></span> <span class='ocrx_word' id='word_1_334' title='bbox 2295 4550 2371 4604; x_wconf 90' lang='lat' dir='ltr'><strong>Ut</strong></span> <span class='ocrx_word' id='word_1_335' title='bbox 2398 4550 2683 4604; x_wconf 83' lang='lat' dir='ltr'><strong>hominem</strong></span> <span class='ocrx_word' id='word_1_336' title='bbox 2718 4567 2749 4604; x_wconf 65' lang='grc' dir='ltr'><strong>τι</strong></span> <span class='ocrx_word' id='word_1_337' title='bbox 2780 4549 2986 4607; x_wconf 84' lang='lat' dir='ltr'><strong>tellure</strong></span> 
     </span>
    </p>
   </div>
   <div class='ocr_carea' id='block_1_50' title="bbox 618 4638 2923 4713">
    <p class='ocr_par' dir='ltr' id='par_1_50' title="bbox 618 4638 2923 4713">
     <span class='ocr_line' id='line_1_50' title="bbox 618 4638 2923 4713; baseline -0.003 -16"><span class='ocrx_word' id='word_1_338' title='bbox 618 4640 854 4697; x_wconf 88' lang='lat' dir='ltr'><strong>Pareret</strong></span> <span class='ocrx_word' id='word_1_339' title='bbox 872 4649 1040 4713; x_wconf 86' lang='lat' dir='ltr'><strong>atque</strong></span> <span class='ocrx_word' id='word_1_340' title='bbox 1070 4642 1327 4696; x_wconf 83' lang='lat' dir='ltr'><strong>carduos.</strong></span> <span class='ocrx_word' id='word_1_341' title='bbox 2298 4638 2626 4694; x_wconf 83' lang='lat' dir='ltr'><strong>Sublevaret</strong></span> <span class='ocrx_word' id='word_1_342' title='bbox 2654 4639 2923 4710; x_wconf 88' lang='lat' dir='ltr'><strong>piissime.</strong></span> 
     </span>
    </p>
   </div>
   <div class='ocr_carea' id='block_1_51' title="bbox 547 4728 2667 4804">
    <p class='ocr_par' dir='ltr' id='par_1_51' title="bbox 547 4728 2667 4804">
     <span class='ocr_line' id='line_1_51' title="bbox 547 4728 2667 4804; baseline -0.002 -17"><span class='ocrx_word' id='word_1_343' title='bbox 547 4731 654 4787; x_wconf 83' lang='lat' dir='ltr'><strong>Hic</strong></span> <span class='ocrx_word' id='word_1_344' title='bbox 681 4732 973 4804; x_wconf 81' lang='lat' dir='ltr'><strong>generavit</strong></span> <span class='ocrx_word' id='word_1_345' title='bbox 999 4731 1249 4785; x_wconf 87' lang='lat' dir='ltr'><strong>sobolem</strong></span> <span class='ocrx_word' id='word_1_346' title='bbox 2220 4728 2420 4783; x_wconf 81' lang='lat' dir='ltr'><strong>Aliena</strong></span> <span class='ocrx_word' id='word_1_347' title='bbox 2456 4728 2667 4783; x_wconf 86' lang='lat' dir='ltr'><strong>astutia</strong></span> 
     </span>
    </p>
   </div>
   <div class='ocr_carea' id='block_1_52' title="bbox 618 4816 2999 4883">
    <p class='ocr_par' dir='ltr' id='par_1_52' title="bbox 618 4816 2999 4883">
     <span class='ocr_line' id='line_1_52' title="bbox 618 4816 2999 4883; baseline -0.003 -6"><span class='ocrx_word' id='word_1_348' title='bbox 618 4822 765 4877; x_wconf 86' lang='lat' dir='ltr'><strong>Nam</strong></span> <span class='ocrx_word' id='word_1_349' title='bbox 792 4821 982 4876; x_wconf 73' lang='lat' dir='ltr'><strong>binum</strong></span> <span class='ocrx_word' id='word_1_350' title='bbox 1011 4834 1141 4875; x_wconf 90' lang='lat' dir='ltr'><strong>cum</strong></span> <span class='ocrx_word' id='word_1_351' title='bbox 1168 4818 1489 4873; x_wconf 86' lang='lat' dir='ltr'><strong>discrimine</strong></span> <span class='ocrx_word' id='word_1_352' title='bbox 1522 4836 1532 4872; x_wconf 90' lang='lat'><strong>:</strong></span> <span class='ocrx_word' id='word_1_353' title='bbox 2300 4818 2477 4883; x_wconf 90' lang='lat' dir='ltr'><strong>Quem</strong></span> <span class='ocrx_word' id='word_1_354' title='bbox 2502 4817 2725 4872; x_wconf 85' lang='lat' dir='ltr'><strong>seduxit</strong></span> <span class='ocrx_word' id='word_1_355' title='bbox 2752 4816 2999 4871; x_wconf 85' lang='lat' dir='ltr'><strong>versutia</strong></span> 
     </span>
    </p>
   </div>
   <div class='ocr_carea' id='block_1_53' title="bbox 616 4906 2947 4977">
    <p class='ocr_par' dir='ltr' id='par_1_53' title="bbox 616 4906 2947 4977">
     <span class='ocr_line' id='line_1_53' title="bbox 616 4906 2947 4977; baseline -0.003 -11"><span class='ocrx_word' id='word_1_356' title='bbox 616 4910 776 4967; x_wconf 80' lang='lat' dir='ltr'><strong>Alter</strong></span> <span class='ocrx_word' id='word_1_357' title='bbox 803 4912 1047 4966; x_wconf 86' lang='lat' dir='ltr'><strong>alterum</strong></span> <span class='ocrx_word' id='word_1_358' title='bbox 1085 4910 1316 4964; x_wconf 88' lang='lat' dir='ltr'><strong>vulnere</strong></span> <span class='ocrx_word' id='word_1_359' title='bbox 2299 4908 2419 4964; x_wconf 83' lang='lat' dir='ltr'><strong>Diri</strong></span> <span class='ocrx_word' id='word_1_360' title='bbox 2447 4907 2706 4962; x_wconf 83' lang='lat' dir='ltr'><strong>draconis</strong></span> <span class='ocrx_word' id='word_1_361' title='bbox 2730 4906 2947 4977; x_wconf 88' lang='lat' dir='ltr'><strong>spicula</strong></span> 
     </span>
    </p>
   </div>
   <div class='ocr_carea' id='block_1_54' title="bbox 619 4992 3036 5071">
    <p class='ocr_par' dir='ltr' id='par_1_54' title="bbox 619 4992 3036 5071">
     <span class='ocr_line' id='line_1_54' title="bbox 619 4992 3036 5071; baseline -0.004 -15"><span class='ocrx_word' id='word_1_362' title='bbox 619 4998 933 5057; x_wconf 73' lang='lat' dir='ltr'><strong>Prostravit</strong></span> <span class='ocrx_word' id='word_1_363' title='bbox 962 4999 1314 5071; x_wconf 88' lang='lat' dir='ltr'><strong>impiissime,</strong></span> <span class='ocrx_word' id='word_1_364' title='bbox 2301 4995 2689 5051; x_wconf 80' lang='lat' dir='ltr'><strong>Vulnerabant</strong></span> <span class='ocrx_word' id='word_1_365' title='bbox 2713 4992 3036 5066; x_wconf 79' lang='lat' dir='ltr'><strong>praecordia.</strong></span> 
     </span>
    </p>
   </div>
   <div class='ocr_carea' id='block_1_55' title="bbox 454 5076 3058 5147">
    <p class='ocr_par' dir='ltr' id='par_1_55' title="bbox 454 5076 3058 5147">
     <span class='ocr_line' id='line_1_55' title="bbox 454 5076 3058 5147; baseline -0.004 -1"><span class='ocrx_word' id='word_1_366' title='bbox 454 5076 465 5083; x_wconf 83' lang='grc'><em>’</em></span> <span class='ocrx_word' id='word_1_367' title='bbox 578 5086 737 5145; x_wconf 70' lang='lat' dir='ltr'><strong>‘Hoc</strong></span> <span class='ocrx_word' id='word_1_368' title='bbox 763 5104 1044 5146; x_wconf 75' lang='lat' dir='ltr'><strong>venenum</strong></span> <span class='ocrx_word' id='word_1_369' title='bbox 1072 5088 1294 5144; x_wconf 78' lang='lat' dir='ltr'><strong>invidiae</strong></span> <span class='ocrx_word' id='word_1_370' title='bbox 2301 5085 2373 5140; x_wconf 85' lang='lat' dir='ltr'><strong>Et</strong></span> <span class='ocrx_word' id='word_1_371' title='bbox 2408 5091 2630 5141; x_wconf 87' lang='lat' dir='ltr'><strong>sontem</strong></span> <span class='ocrx_word' id='word_1_372' title='bbox 2660 5085 2763 5139; x_wconf 88' lang='lat' dir='ltr'><strong>sibi</strong></span> <span class='ocrx_word' id='word_1_373' title='bbox 2794 5084 3058 5147; x_wconf 82' lang='lat' dir='ltr'><strong>subdidit,</strong></span> 
     </span>
    </p>
   </div>
   <div class='ocr_carea' id='block_1_56' title="bbox 616 5168 3240 5251">
    <p class='ocr_par' dir='ltr' id='par_1_56' title="bbox 616 5168 3240 5251">
     <span class='ocr_line' id='line_1_56' title="bbox 616 5168 3240 5251; baseline -0.005 -16"><span class='ocrx_word' id='word_1_374' title='bbox 616 5179 834 5251; x_wconf 78' lang='lat' dir='ltr'><strong>Anguis</strong></span> <span class='ocrx_word' id='word_1_375' title='bbox 857 5180 1015 5237; x_wconf 63' lang='lat' dir='ltr'><strong>saevit</strong></span> <span class='ocrx_word' id='word_1_376' title='bbox 1040 5179 1099 5235; x_wconf 91' lang='lat' dir='ltr'><strong>in</strong></span> <span class='ocrx_word' id='word_1_377' title='bbox 1130 5178 1376 5235; x_wconf 88' lang='lat' dir='ltr'><strong>homine.</strong></span> <span class='ocrx_word' id='word_1_378' title='bbox 2303 5173 2487 5239; x_wconf 87' lang='lat' dir='ltr'><strong>Quem</strong></span> <span class='ocrx_word' id='word_1_379' title='bbox 2506 5175 2657 5246; x_wconf 88' lang='lat' dir='ltr'><strong>cleps</strong></span> <span class='ocrx_word' id='word_1_380' title='bbox 2684 5173 2807 5245; x_wconf 88' lang='lat' dir='ltr'><strong>ipse</strong></span> <span class='ocrx_word' id='word_1_381' title='bbox 2836 5189 2946 5228; x_wconf 91' lang='lat' dir='ltr'><strong>non</strong></span> <span class='ocrx_word' id='word_1_382' title='bbox 2972 5168 3240 5227; x_wconf 82' lang='lat' dir='ltr'><strong>condidit.</strong></span> 
     </span>
    </p>
   </div>
   <div class='ocr_carea' id='block_1_57' title="bbox 1258 5297 2547 5359">
    <p class='ocr_par' dir='ltr' id='par_1_57' title="bbox 1258 5297 2547 5359">
     <span class='ocr_line' id='line_1_57' title="bbox 1258 5297 2547 5359; baseline -0.002 -1"><span class='ocrx_word' id='word_1_383' title='bbox 1258 5300 1569 5358; x_wconf 85' lang='lat' dir='ltr'><strong>SCHOLIA</strong></span> <span class='ocrx_word' id='word_1_384' title='bbox 1606 5298 2147 5359; x_wconf 83' lang='lat' dir='ltr'><strong>CHRISTOPHORI</strong></span> <span class='ocrx_word' id='word_1_385' title='bbox 2183 5297 2547 5356; x_wconf 87' lang='lat' dir='ltr'><strong>BROWERI.</strong></span> 
     </span>
    </p>
   </div>
   <div class='ocr_carea' id='block_1_58' title="bbox 341 5396 1910 5482">
    <p class='ocr_par' dir='ltr' id='par_1_58' title="bbox 341 5401 1643 5482">
     <span class='ocr_line' id='line_1_58' title="bbox 341 5401 1643 5482; baseline -0.006 -19"><span class='ocrx_word' id='word_1_386' title='bbox 341 5406 367 5482; x_wconf 46' lang='grc' dir='ltr'>ἒ</span> <span class='ocrx_word' id='word_1_387' title='bbox 397 5401 815 5482; x_wconf 56' lang='grc' dir='ltr'><strong>Κατοφρὸνυσις,</strong></span> <span class='ocrx_word' id='word_1_388' title='bbox 848 5405 1203 5472; x_wconf 74' lang='lat' dir='ltr'><strong>contemptus.</strong></span> <span class='ocrx_word' id='word_1_389' title='bbox 1638 5452 1643 5455; x_wconf 94' lang='lat'>_</span> 
     </span>
    </p>
   </div>
   <div class='ocr_carea' id='block_1_59' title="bbox 1565 5396 3134 5482">
    <p class='ocr_par' dir='ltr' id='par_1_59' title="bbox 1638 5396 3134 5482">
     <span class='ocr_line' id='line_1_59' title="bbox 1638 5396 3134 5482; baseline -0.003 -27"><span class='ocrx_word' id='word_1_390' title='bbox 1638 5452 1643 5455; x_wconf 94' lang='lat'>_</span> <span class='ocrx_word' id='word_1_391' title='bbox 2021 5401 2047 5439; x_wconf 82' lang='grc'><em>⁴</em></span> <span class='ocrx_word' id='word_1_392' title='bbox 2069 5399 2273 5482; x_wconf 54' lang='lat' dir='ltr'><strong>ngf”,</strong></span> <span class='ocrx_word' id='word_1_393' title='bbox 2298 5396 2473 5482; x_wconf 20' lang='lat' dir='ltr'><strong>AForte</strong></span> <span class='ocrx_word' id='word_1_394' title='bbox 2493 5412 2722 5465; x_wconf 77' lang='lat' dir='ltr'><strong>pennas,</strong></span> <span class='ocrx_word' id='word_1_395' title='bbox 2759 5397 3134 5482; x_wconf 68' lang='lat' dir='ltr'><strong>tabernacula.</strong></span> 
     </span>
    </p>
   </div>
   <div class='ocr_carea' id='block_1_60' title="bbox 336 5478 1905 5555">
    <p class='ocr_par' dir='ltr' id='par_1_60' title="bbox 336 5478 1334 5555">
     <span class='ocr_line' id='line_1_60' title="bbox 336 5478 1334 5555; baseline -0.001 -18"><span class='ocrx_word' id='word_1_396' title='bbox 336 5480 464 5555; x_wconf 55' lang='grc' dir='ltr'><strong>δ,ξεί</strong></span> <span class='ocrx_word' id='word_1_397' title='bbox 492 5478 580 5555; x_wconf 81' lang='lat' dir='ltr'><strong>est</strong></span> <span class='ocrx_word' id='word_1_398' title='bbox 596 5478 785 5554; x_wconf 77' lang='lat' dir='ltr'><strong>pellis.</strong></span> <span class='ocrx_word' id='word_1_399' title='bbox 920 5552 932 5555; x_wconf 26' lang='grc' dir='ltr'><em>Α</em></span> <span class='ocrx_word' id='word_1_400' title='bbox 1282 5549 1304 5555; x_wconf 27' lang='grc' dir='ltr'><strong>Α,</strong></span> <span class='ocrx_word' id='word_1_401' title='bbox 1317 5549 1334 5555; x_wconf 32' lang='grc' dir='ltr'><strong>λ</strong></span> 
     </span>
    </p>
   </div>
   <div class='ocr_carea' id='block_1_61' title="bbox 1514 5478 3083 5555">
    <p class='ocr_par' dir='ltr' id='par_1_61' title="bbox 2023 5478 3083 5555">
     <span class='ocr_line' id='line_1_61' title="bbox 2023 5478 3083 5555; baseline -0.01 -15"><span class='ocrx_word' id='word_1_402' title='bbox 2023 5497 2049 5530; x_wconf 77' lang='grc' dir='ltr'>ο</span> <span class='ocrx_word' id='word_1_403' title='bbox 2078 5478 2414 5555; x_wconf 77' lang='grc' dir='ltr'><strong>Ἐπιστήμη,</strong></span> <span class='ocrx_word' id='word_1_404' title='bbox 2446 5481 2694 5541; x_wconf 68' lang='lat' dir='ltr'><strong>scicntia,</strong></span> <span class='ocrx_word' id='word_1_405' title='bbox 2730 5478 3083 5544; x_wconf 57' lang='lat' dir='ltr'><strong>experientia.</strong></span> 
     </span>
    </p>
   </div>
   <div class='ocr_carea' id='block_1_62' title="bbox 336 5544 3546 5646">
    <p class='ocr_par' dir='ltr' id='par_1_62' title="bbox 336 5544 3546 5646">
     <span class='ocr_line' id='line_1_62' title="bbox 336 5544 3546 5646; baseline 0 -33"><span class='ocrx_word' id='word_1_406' title='bbox 336 5544 636 5646; x_wconf 56' lang='grc' dir='ltr'><strong>ξἾδρῶταξ,</strong></span> <span class='ocrx_word' id='word_1_407' title='bbox 668 5560 803 5627; x_wconf 86' lang='lat' dir='ltr'><strong>puta</strong></span> <span class='ocrx_word' id='word_1_408' title='bbox 827 5552 1103 5613; x_wconf 79' lang='lat' dir='ltr'><strong>sudorem,</strong></span> <span class='ocrx_word' id='word_1_409' title='bbox 1125 5564 1255 5607; x_wconf 84' lang='lat' dir='ltr'><strong>nam</strong></span> <span class='ocrx_word' id='word_1_410' title='bbox 1278 5549 1430 5629; x_wconf 65' lang='grc' dir='ltr'><strong>ὕδρα,</strong></span> <span class='ocrx_word' id='word_1_411' title='bbox 1447 5562 1678 5622; x_wconf 81' lang='lat' dir='ltr'><strong>serpens</strong></span> <span class='ocrx_word' id='word_1_412' title='bbox 1695 5566 1865 5625; x_wconf 84' lang='lat' dir='ltr'><strong>aqua-</strong></span> <span class='ocrx_word' id='word_1_413' title='bbox 2028 5564 2050 5609; x_wconf 69' lang='grc' dir='ltr'><em>τ</em></span> <span class='ocrx_word' id='word_1_414' title='bbox 2079 5544 2352 5637; x_wconf 62' lang='grc' dir='ltr'><strong>Στοιχεῖᾶ,</strong></span> <span class='ocrx_word' id='word_1_415' title='bbox 2379 5544 2680 5646; x_wconf 54' lang='lat' dir='ltr'><strong>translate,</strong></span> <span class='ocrx_word' id='word_1_416' title='bbox 2711 5573 2812 5629; x_wconf 86' lang='lat' dir='ltr'><strong>pro</strong></span> <span class='ocrx_word' id='word_1_417' title='bbox 2839 5556 3135 5610; x_wconf 84' lang='lat' dir='ltr'><strong>elementis</strong></span> <span class='ocrx_word' id='word_1_418' title='bbox 3161 5555 3389 5624; x_wconf 83' lang='lat' dir='ltr'><strong>artium,</strong></span> <span class='ocrx_word' id='word_1_419' title='bbox 3406 5569 3546 5629; x_wconf 42' lang='lat' dir='ltr'><strong>praes</strong></span> 
     </span>
    </p>
   </div>
   <div class='ocr_carea' id='block_1_63' title="bbox 250 5632 3069 5713">
    <p class='ocr_par' dir='ltr' id='par_1_63' title="bbox 250 5632 3069 5713">
     <span class='ocr_line' id='line_1_63' title="bbox 250 5632 3069 5713; baseline -0 -22"><span class='ocrx_word' id='word_1_420' title='bbox 250 5632 409 5691; x_wconf 76' lang='lat' dir='ltr'><strong>tilia.</strong></span> <span class='ocrx_word' id='word_1_421' title='bbox 470 5632 483 5635; x_wconf 64' lang='grc'>⁷</span> <span class='ocrx_word' id='word_1_422' title='bbox 858 5648 861 5651; x_wconf 76' lang='lat'><em>‘</em></span> <span class='ocrx_word' id='word_1_423' title='bbox 1944 5639 2106 5713; x_wconf 89' lang='lat' dir='ltr'><strong>cipue</strong></span> <span class='ocrx_word' id='word_1_424' title='bbox 2132 5632 2453 5712; x_wconf 68' lang='lat' dir='ltr'><strong>geometris.</strong></span> <span class='ocrx_word' id='word_1_425' title='bbox 2487 5637 2591 5693; x_wconf 88' lang='lat' dir='ltr'><strong>llic</strong></span> <span class='ocrx_word' id='word_1_426' title='bbox 2620 5635 2761 5693; x_wconf 82' lang='lat' dir='ltr'><strong>forte</strong></span> <span class='ocrx_word' id='word_1_427' title='bbox 2790 5637 2911 5709; x_wconf 84' lang='lat' dir='ltr'><strong>ipsa</strong></span> <span class='ocrx_word' id='word_1_428' title='bbox 2929 5642 3069 5691; x_wconf 82' lang='lat' dir='ltr'><strong>arte.</strong></span> 
     </span>
    </p>
   </div>
  </div>
