3974 6180
459 365 597 422 "iis

1067 367 1122 419 Β.
1170 367 1436 422 RABANI
1478 365 1705 424 MAURI
1753 363 2087 424 ARCHIEP.
2134 364 2456 424 MOGUNT.
2499 363 2794 421 OPERUM
2834 364 3016 420 PARS
3055 365 3146 423 IV.

749 488 972 554 Quanta
1001 488 1100 544 Dei
1133 489 1330 560 pietas,

810 576 880 633 Et
906 577 1251 650 sempiterna
1278 578 1496 636 bonitas

810 667 875 724 In
903 683 963 722 se
989 667 1138 722 Deus
1163 675 1486 740 susceperat

807 758 1108 816 Hominem
1136 778 1304 834 quem
1325 767 1630 828 creaverat,

812 848 978 905 Illum
1012 850 1119 905 sibi
1150 851 1501 923 quaesiverat,

809 938 989 1004 Quem
1017 956 1130 995 non
1151 941 1306 1012 juste
1334 940 1676 1013 perdiderat.

740 1026 913 1098 Virgo
945 1029 1126 1084 Deum
1156 1035 1518 1102 conceperat,

809 1116 1038 1174 Gabriel
1068 1135 1236 1190 quem
1264 1119 1598 1191 praedixerat
1620 1137 1634 1188 ;

817 1207 1060 1280 Postque
1091 1224 1291 1263 novem
1327 1209 1608 1265 curricula

812 1295 1093 1353 Mensium
1126 1304 1184 1353 et
1217 1297 1520 1366 volumina,

814 1387 1176 1444 Incarnatum
1203 1404 1270 1442 ex
1296 1386 1546 1458 Virgine,

812 1475 1060 1532 Verbum
1089 1477 1242 1532 venit
1264 1492 1392 1530 cum
1421 1475 1622 1533 salute.

743 1564 1004 1620 Pastores
1041 1572 1238 1620 natum
1264 1581 1513 1638 praesepe

812 1654 1147 1710 Gaudebant
1175 1655 1368 1710 Iesum
1396 1668 1645 1723 cernere,

814 1743 992 1799 Stella
1020 1744 1267 1815 ﬂagrans
1296 1750 1354 1798 et
1386 1744 1600 1800 lumine

815 1832 1008 1904 Magos
1035 1833 1196 1888 duxit
1222 1849 1351 1888 cum
1381 1849 1633 1889 munere.

821 1920 1072 1976 Herodes
1098 1921 1267 1993 coepit
1285 1938 1535 1994 quaerere

817 2009 1107 2066 Christum
1128 2027 1319 2081 regem
1331 2011 1602 2066 occidere.

754 2097 1119 2155 Parvulorum
1151 2101 1209 2154 in
1234 2099 1482 2158 millibus

821 2187 1096 2244 Seviebat
1112 2205 1242 2244 cum
1272 2186 1545 2256 cladibus,

817 2276 977 2333 Talia
999 2276 1060 2332 in
1090 2277 1318 2334 initio...

816 2365 1061 2422 Mundus
1089 2366 1295 2422 obtulit
1339 2366 1602 2433 Domino,

818 2455 1021 2511 Studet
1047 2461 1229 2510 morte
1258 2455 1555 2528 perimere,

820 2543 928 2609 Qui
957 2545 1112 2600 venit
1139 2544 1311 2600 vitam
1349 2545 1604 2602 reddere.

745 2631 854 2688 Ter
881 2632 1043 2689 denis
1069 2633 1290 2704 magnis
1308 2632 1537 2690 orbibus

817 2723 1110 2778 Annorum
1142 2722 1280 2777 actis
1309 2722 1596 2780 mensibus

817 2809 903 2866 Ab
932 2811 1148 2866 Joanne
1176 2811 1236 2866 in
1265 2812 1510 2868 Iordane

825 2898 1054 2957 Vinctus
1082 2907 1206 2957 erat
1228 2899 1588 2974 baptismate,

820 2989 982 3044 Lavit
1009 3007 1069 3044 se
1097 2989 1251 3046 unda
1283 2989 1468 3057 latior,

819 3076 980 3141 Quod
1006 3078 1131 3149 ipsa
1158 3084 1308 3134 esset
1343 3078 1556 3149 purior.

745 3165 989 3237 Spiritus
1015 3182 1186 3238 super
1213 3165 1482 3222 columba:

815 3254 1009 3310 Iesum
1038 3255 1248 3310 mansit
1266 3255 1325 3310 in
1354 3253 1556 3327 specie,

815 3343 984 3398 Pater
1009 3345 1226 3416 prolem
1253 3349 1560 3401 testaverat

813 3433 1044 3500 Mundo,
1077 3433 1228 3505 quod
1250 3450 1363 3489 non
1390 3434 1705 3492 crediderat

816 3521 1112 3578 Trinitatis
1151 3523 1504 3595 mysterium,

815 3611 1175 3668 Consecravit
1194 3613 1275 3667 sic
1302 3611 1667 3686 baptismum.

747 3699 852 3757 lvit
871 3700 1034 3757 Iesus
1054 3701 1112 3756 in
1133 3718 1408 3770 eremum,

813 3789 1084 3846 Ferarum
1110 3790 1512 3861 habitaculum,

816 3879 938 3935 Illic
964 3885 1187 3952 tempus
1217 3882 1424 3953 jejunii

812 3969 1040 4040 Peregit
1057 3969 1350 4037 salutiferi,

817 4056 1031 4121 Quater
1049 4057 1335 4130 denosque
1361 4058 1618 4116 noctibus

817 4145 1012 4200 Iunxit
1039 4147 1185 4201 soles
1215 4146 1464 4203 inesibus
1491 4156 1536 4204 ³.

746 4234 990 4306 Erepton
1021 4235 1297 4307 [serpens]
1326 4236 1406 4292 ibi
1431 4237 1669 4294 callidus

814 4322 1027 4378 Aderat
1044 4339 1171 4378 cum
1200 4324 1484 4382 doloribus
1515 4327 1722 4400 [dolis],

819 4413 1010 4469 Suasit
1038 4413 1189 4468 hunc
1214 4413 1284 4470 de
1313 4414 1498 4488 lapide

816 4501 964 4558 Nam
983 4501 1090 4557 sibi
1121 4519 1324 4576 panem
1351 4504 1591 4561 condere

818 4591 1054 4664 Dipsitis
1082 4593 1130 4660 ι),
1161 4593 1281 4649 vult
1306 4593 1584 4651 velamine

818 4680 1134 4738 Verborum
1163 4682 1448 4740 Christum
1473 4699 1722 4741 noscere.

747 4766 829 4826 De
855 4769 1055 4842 templi
1082 4770 1197 4825 alto
1225 4771 1471 4828 culmine

816 4856 986 4914 Iubet
1014 4859 1206 4915 Iesum
1232 4860 1593 4918 descendere.

822 4947 889 5006 In
917 4955 1109 5004 monte
1140 4949 1336 5004 mundi
1363 4949 1624 5022 gloriam,

814 5037 1077 5096 Ostendit
1103 5044 1161 5094 et
1186 5039 1592 5110 Monarchiam,

815 5130 889 5185 Se
916 5134 1118 5185 cuncta
1145 5128 1280 5184 dare
1306 5129 1585 5204 promisit,

816 5218 875 5275 Si
902 5218 1110 5275 cadens
1135 5234 1196 5276 se
1211 5219 1478 5276 oraverit.

742 5307 986 5367 Tantum
1016 5324 1275 5383 perverse
1302 5307 1542 5378 locutus,

2066 494 2113 552 Α

2487 490 2776 556 Quantum
2807 492 2992 548 fuerat
3019 509 3335 566 pervorsus,

2489 580 2628 652 Seps
2655 580 2774 654 ipse
2801 600 2862 638 se
2889 583 3251 654 plaudaverat
3274 593 3301 625 ε

2493 669 2664 726 Posse
2687 671 2838 743 quod
2861 688 3152 743 nunquam
3178 677 3420 744 poterat,

2493 758 2602 814 Sed
2632 759 2894 833 cupiebat
2921 767 3196 817 sternere.

2489 849 2670 914 Quem
2693 866 2755 905 se
2771 849 3036 923 sperabat
3048 850 3270 906 vincere

2423 936 2604 994 Adam
2632 939 2878 1011 primum
2906 939 2998 996 hic
3024 939 3254 1006 vicerat,

2491 1027 2673 1093 Quem
2697 1028 2974 1084 secundus
3001 1033 3383 1102 prostraverat

2494 1116 2644 1172 Gula
2673 1123 2733 1172 et
2757 1117 3123 1191 philargyria,

2499 1205 2680 1262 Simul
2699 1212 2757 1261 et
2780 1207 3107 1275 eenodoxia,

2487 1295 2630 1350 Cum
2661 1295 2867 1368 quibus
2895 1296 3055 1351 illum
3081 1294 3291 1359 repulit

2490 1383 2655 1440 Iesus
2674 1390 2733 1440 et
2757 1385 2878 1456 igni
2908 1384 3158 1440 tradidit.

2421 1471 2727 1546 Postquam
2763 1473 2997 1530 zabulus
3024 1473 3219 1546 pulsus
3237 1479 3344 1542 est,

2493 1563 2720 1634 Angelis
2749 1563 3102 1620 ministratus
3130 1569 3238 1631 est,

2492 1651 2794 1708 Advoeavit
2819 1653 3144 1726 discipulos,

2497 1741 2694 1796 Plures
2716 1744 2839 1814 jam
2860 1748 2919 1797 et
2946 1742 3250 1815 apostolos.

2499 1831 2656 1887 Inter
2682 1848 2822 1903 quos
2850 1832 3016 1903 signa
3039 1831 3305 1904 plurima.

2500 1915 2655 1971 Fecit
2685 1922 2855 1988 atque
2887 1917 3177 1972 miracula.

2430 2003 2493 2061 in
2523 2005 2755 2060 Chanan
2779 2007 2970 2061 vinum
3002 2006 3228 2074 fecerat,

2501 2095 2683 2150 Simul
2710 2100 2770 2151 et
2791 2096 3114 2151 firmaverat

2504 2183 2700 2240 Fidem
2728 2185 2926 2240 rudem
2955 2191 3077 2240 tum
3107 2186 3401 2254 comitum,

2498 2273 2645 2329 Dum
2673 2273 2906 2346 perfecit
2930 2274 3291 2345 miraculum,

2505 2363 2708 2435 Eisque
2739 2364 2921 2419 altum
2941 2363 3210 2436 abyssum

2502 2451 2851 2508 Patefecerat
2873 2452 3225 2524 dogmatum.

2426 2539 2564 2597 Late
2588 2558 2690 2614 per
2716 2542 2922 2598 Iudas:
2945 2543 3196 2600 termina

2500 2630 2884 2686 Coruscabant
2907 2631 3198 2700 miracula,

2498 2719 2648 2776 Dum
2683 2720 2857 2776 missa
2881 2721 3062 2778 virtus
3087 2721 3311 2780 salitus

2501 2809 2782 2882 Operatur
2809 2809 3097 2877 divinitus,

2505 2897 2859 2954 Monstrabat
2881 2915 2943 2954 se
2963 2898 3275 2967 hominem,

2499 2987 2605 3052 Qui
2633 2987 2906 3060 regnabat
2935 2989 2993 3044 in
3017 2989 3247 3046 aethere.

2427 3075 2714 3132 Caesarum
2742 3077 2922 3132 multa
2968 3077 3146 3134 millia

2497 3164 2819 3222 Cernebant
2839 3166 2988 3222 clare
3017 3166 3251 3236 lumina,

2493 3253 2654 3310 Multi
2686 3255 2842 3310 surdi
2869 3272 2971 3328 per
3004 3256 3234 3327 agmina

2491 3343 2757 3410 Currunt,
2792 3350 3052 3416 quaerunt
3084 3345 3395 3403 salvamina

2499 3432 2680 3488 Saltat
2703 3433 2935 3490 claudus
2963 3435 3236 3502 letiﬁcus,

2497 3522 2718 3578 Gaudet
2755 3539 2927 3578 sanus
2954 3529 3014 3579 et
3039 3524 3317 3596 leprosus.

2421 3610 2564 3666 Tota
2585 3611 2846 3668 draconis
2876 3612 3108 3669 hormia

2495 3700 2593 3756 Vis
2612 3700 2756 3772 fugit
2776 3718 2934 3758 omos
2963 3700 2992 3743 ἀ
3023 3701 3226 3758 callida

2493 3789 2634 3846 Cum
2653 3807 2720 3845 ex
2747 3791 2942 3846 multis
2962 3791 3270 3848 clamantia

2497 3878 2772 3935 Exiebant
2794 3881 3090 3936 daemonia.

2496 3967 2783 4024 Christum
2811 3970 3035 4025 Domini
3063 3969 3355 4038 testantia,

2495 4057 2675 4123 Quam
2702 4075 2815 4114 non
2839 4059 3070 4131 capiunt
3094 4059 3318 4116 secula.

2424 4145 2594 4202 Venit
2615 4147 2737 4218 jam
2755 4147 3059 4204 salutiferae

2491 4235 2737 4308 Tempus
2761 4237 2963 4292 mortis
2973 4235 3300 4304 Dominice,

2496 4325 2761 4382 Summus
2789 4342 2902 4398 quo
2929 4342 3120 4382 secum
3148 4326 3418 4396 domvit,

2494 4413 2570 4470 Ut
2592 4414 2880 4470 hominem
2907 4415 3230 4485 redimeret,

2497 4503 2778 4560 Redderet
2796 4520 2941 4560 saevo
2963 4505 3167 4560 merita

2498 4592 2567 4649 Et
2596 4609 2891 4666 pmnarum
2920 4593 3273 4665 dignissima.

2427 4681 2600 4738 Movit
2624 4682 2819 4738 Iudaaa
2847 4683 3060 4756 praelia,

2496 4771 2787 4826 Contraxit
2813 4770 2992 4844 plebis
3018 4771 3246 4843 agmine

2497 4859 2764 4916 Sanctum
2790 4860 2864 4916 ad
2895 4859 3205 4917 tribunalia

2497 4949 2789 5006 Duxerunt
2814 4955 2874 5006 et
2897 4949 3137 5006 concilia

2495 5040 2696 5096 Comes
2715 5039 2889 5096 Iudas
2916 5039 3270 5096 trucissimus

2492 5129 2652 5195 Quod
2681 5129 2867 5184 sanxit
2890 5145 3020 5186 cum
3049 5127 3414 5203 principibus.

2423 5217 2691 5276 Traditur
2726 5218 2944 5274 vinctus
2972 5217 3239 5291 gentibus

2496 5308 2753 5367 Christus
2780 5325 2816 5364 a
2846 5307 3224 5382 pontificibus,

1455 5455 1769 5518 SCHOLIA
1804 5454 2345 5516 CHRISTOPHORI
2382 5456 2744 5516 BROWERI.

529 5589 556 5656 _I
579 5580 903 5656 (aninmo
918 5587 1137 5656 jejuno.

531 5648 560 5694 δ
579 5652 668 5710 An
687 5655 738 5708 ei
753 5648 957 5725 dipsai,
969 5648 1065 5713 'an
1083 5657 1394 5724 deipnistis,
1409 5671 1443 5712 a
1459 5656 1729 5728 διιπνιζω.

3594 364 3738 428 1616

2205 5592 2233 5656 0_
2259 5581 2428 5656 Forte
2455 5599 2557 5656 pro
2580 5586 2887 5656 plauserat,
2921 5583 3032 5656 nisi
3060 5581 3226 5640 malis
3253 5585 3601 5643 laudarent.

2204 5651 2234 5697 ἀ
2261 5654 2350 5713 An
2370 5651 2540 5738 δμῶε,
2564 5651 2754 5724 simul,
2787 5651 2881 5712 vel
2901 5655 3050 5736 ὠμά,
3083 5658 3323 5714 crudeli.
