3974 6180
269 278 415 344 1617

1035 272 1383 329 CARMINA.
1428 298 1490 311 -—
1533 265 1785 331 SECTIO
1824 266 1870 323 Ι.
1911 265 2253 324 POEMATA
2295 263 2390 320 DE
2425 263 2775 320 DIVERSIS.

503 449 524 458 -
541 403 754 480 Sputis,
785 386 1042 473 ﬂagellis,
1074 398 1253 471 alapis

539 495 746 554 Iliacus
776 496 945 564 atque
976 488 1209 562 spinetis

540 580 904 654 Cruciﬁgitur
931 579 1200 635 innocens

540 669 837 729 Consentit
860 685 959 724 rex
984 668 1275 740 insipiens.

467 763 646 824 Terra
667 760 908 834 expavit,
933 758 1150 814 facinus

540 853 660 911 Hoc
689 855 848 906 motu
867 853 1070 904 notans
1089 847 1273 912 citius,

540 943 836 1000 Elementa
861 941 1235 1003 tremuerant,

539 1034 709 1090 Astra
732 1034 792 1086 et
810 1046 871 1086 se
889 1028 1224 1092 celaverant,

541 1121 705 1180 Solus
727 1119 897 1175 homo
926 1133 1040 1172 non
1060 1115 1273 1181 timuit,

543 1210 705 1278 Quod
733 1209 886 1264 solus
912 1207 1032 1280 ipse
1061 1206 1298 1262 confecit

468 1303 612 1363 Tum
641 1300 964 1358 revixerunt
990 1297 1219 1365 mortui,

542 1393 612 1450 Et
630 1394 940 1466 patuerunt
963 1387 1129 1444 Erebi

543 1479 796 1536 Obscura
822 1477 945 1533 loca
973 1490 1282 1539 carcerum,

542 1571 684 1626 Cum
711 1566 866 1623 venit
891 1571 1088 1622 auctor
1105 1564 1384 1620 luminum

541 1657 761 1724 Vestes,
791 1671 929 1712 serae
956 1653 1250 1709 confracta;
1272 1656 1422 1708 sunt.

541 1746 690 1804 Iusti
718 1750 777 1802 et
795 1743 1017 1801 liberati
1041 1748 1193 1798 sunt.

471 1835 663 1896 Gemit
679 1835 857 1893 hostis
882 1835 940 1890 in
955 1839 1172 1901 catena,

544 1927 688 1984 Cum
706 1925 839 1982 fecit
855 1925 971 1980 Rex
993 1922 1212 1996 judicia

549 2015 620 2073 Et
645 2014 854 2071 sanctis
874 2012 1225 2080 liberamina,

547 2103 708 2170 Quod
737 2102 1040 2159 doluerunt
1062 2107 1313 2168 tartara;

544 2193 740 2251 Victor
763 2191 1021 2248 Christus
1039 2191 1371 2247 ascenderat

546 2283 690 2341 Suos
714 2287 773 2339 et
791 2297 980 2338 secum
1001 2281 1258 2337 duxerat.

473 2351 665 2430 Tertia
683 2371 777 2428 lux
803 2369 1069 2436 redierat,

546 2459 808 2519 Christus
828 2465 887 2516 et
912 2463 1315 2527 resurrexerat,

547 2549 678 2606 Jun
703 2548 952 2604 victurus
976 2546 1036 2602 in
1063 2547 1248 2619 gloria

545 2637 740 2695 Victor
767 2635 951 2694 clarus
980 2652 1081 2710 per
1103 2637 1324 2704 saecula,

545 2727 698 2785 Deus
724 2725 995 2783 virtutum
1023 2725 1316 2794 Dominus,

547 2816 667 2874 Rex
695 2813 894 2889 regum
918 2815 1362 2889 potentissimus.

484 2906 697 2975 Quater
723 2904 884 2961 denis
905 2909 1030 2978 post
1062 2903 1258 2960 diebus

553 2995 826 3052 Versatus
852 3009 981 3050 cum
1009 2992 1329 3050 laetantibus

554 3083 818 3141 Ostendit
846 3099 906 3138 se
933 3081 1218 3137 miraculis

559 3173 704 3230 Vere
723 3171 910 3228 vivum
933 3170 1241 3242 discipulis,

556 3263 739 3321 Omne
765 3261 899 3318 tulit
920 3259 1247 3315 mirantium

555 3351 738 3410 Corde
767 3349 916 3423 quod
937 3353 1059 3405 erat
1077 3347 1330 3404 dubium.

483 3440 694 3500 lubens
721 3439 804 3496 eis
826 3439 1139 3496 discurrere

556 3529 666 3588 Per
682 3528 879 3586 mundi
907 3529 1102 3601 plagas
1123 3527 1407 3599 dogmate.

557 3618 663 3687 Ite,
695 3617 796 3685 ait,
819 3633 922 3690 per
943 3616 1178 3690 populos

560 3708 631 3766 Et
656 3706 798 3764 ferte
826 3706 1040 3762 fructus
1068 3706 1362 3780 plurimos,

559 3796 767 3854 Docete
794 3795 962 3852 verbo
991 3796 1164 3864 ﬁdeli,

560 3885 798 3942 Servare
827 3885 933 3941 hoc
959 3885 1106 3958 quod
1136 3885 1320 3942 docui.

491 3976 599 4036 Eos
627 3974 725 4048 qui
752 3974 927 4030 velint
955 3975 1203 4040 credere,

561 4065 768 4124 Lavate
787 4079 946 4120 sacro
962 4062 1197 4119 ﬂumine

561 4153 665 4213 Dei
693 4153 877 4211 Patris
896 4152 957 4208 in
985 4152 1214 4208 nomine

562 4244 806 4318 Natique
834 4258 962 4298 cum
992 4241 1329 4314 Spiramine,

565 4334 841 4393 Laxantes
865 4338 1068 4391 cuncta
1094 4331 1348 4394 crimina,

566 4425 638 4484 Et
663 4425 858 4482 docete
890 4425 1160 4482 remedia.

493 4516 599 4575 Ast
623 4515 908 4572 vobiscum
934 4515 992 4571 in
1013 4517 1279 4572 saeculum

568 4606 683 4680 Ego
710 4624 838 4663 sum
859 4623 971 4662 non
993 4605 1277 4662 solatium.

566 4699 709 4755 Cum
728 4698 978 4754 videritis
993 4698 1204 4754 fervere

567 4787 838 4844 Mundam
867 4786 1027 4842 bellis
1054 4794 1114 4842 et
1141 4802 1349 4850 errore,

567 4878 754 4935 Nolite
775 4883 910 4934 tunc
930 4895 1244 4950 pavescere,

569 4970 686 5027 Nec
713 4969 918 5042 pugnis
945 4967 1107 5022 malis
1137 4967 1352 5023 cedere.

497 5059 696 5117 Omnis
725 5065 880 5114 terra
899 5075 1028 5114 cum
1052 5057 1260 5124 sobole,

567 5150 748 5205 Ponto
771 5147 940 5204 simul
969 5147 1028 5203 in
1049 5147 1274 5213 aethere,

567 5237 714 5295 Data
733 5237 875 5293 mihi
896 5237 1171 5310 regimine

568 5327 750 5395 Cedit,
784 5326 955 5383 servit
973 5333 1031 5382 et
1057 5341 1310 5390 munere,

568 5417 806 5474 Vinctus
824 5417 1001 5472 hostis
1014 5414 1290 5487 expulsus
1308 5418 1395 5469 est

570 5507 815 5564 Mundus
844 5514 902 5562 et
921 5506 1189 5562 liberatus
1219 5508 1323 5558 est.

500 5597 756 5657 Ascendo
784 5612 934 5654 nunc
963 5594 1207 5653 lucidum
1236 5595 1355 5666 jam

1877 393 1930 456 Α

2227 389 2397 447 Chari
2423 389 2607 446 Patris
2627 389 2697 445 ad
2728 389 2951 458 solium,

2226 477 2333 545 Qui
2366 494 2457 534 me
2484 478 2640 534 misit
2665 478 2736 534 ab
2756 481 2962 536 ethera

2224 569 2431 626 Totum
2452 569 2726 624 mundum
2747 569 3044 639 redimere,

2228 659 2474 732 Carpere
2497 675 2673 731 regna
2691 657 2898 728 debita,

2228 749 2300 807 Et
2326 765 2450 805 esse
2479 749 2539 804 in
2568 750 2753 806 Patris
2782 750 3009 808 dextera
3041 771 3050 808 :

2158 838 2328 896 Nulla
2346 843 2533 895 vestra
2561 839 2795 895 tristitia

2228 928 2442 984 Teneat
2459 945 2609 984 nunc
2631 928 2956 1000 praecordia,

2228 1016 2392 1074 Mitto
2421 1017 2575 1073 vobis
2603 1017 2954 1073 laetissimum

2230 1105 2377 1162 Nam
2405 1107 2740 1179 paraclitum
2759 1106 3050 1179 Spiritum,

2229 1193 2357 1268 Ipse
2383 1194 2538 1250 vobis
2557 1201 2622 1251 ut
2649 1211 2752 1267 ego
2783 1212 2907 1251 sum

2233 1284 2332 1340 Est
2359 1283 2627 1356 magister
2655 1284 2714 1339 in
2743 1285 3027 1341 saeculum.

2160 1373 2274 1448 lpsi
2297 1377 2496 1429 tenent
2521 1373 2668 1445 quod
2689 1375 2926 1440 monuit,

2230 1463 2332 1520 Ille
2350 1462 2450 1518 ivit
2472 1478 2582 1536 quo
2602 1462 2813 1530 debuit,

2233 1553 2417 1625 Super
2442 1557 2596 1608 astra
2615 1551 2924 1608 celsissima

2233 1642 2406 1698 Sedet
2430 1641 2489 1696 in
2519 1641 2704 1697 Patris
2735 1642 2983 1706 dextera,

2229 1731 2408 1786 Judex
2427 1747 2630 1803 nempe
2657 1730 2956 1787 novissime

2232 1821 2516 1876 Venturus
2541 1826 2600 1876 et
2627 1820 2685 1876 in
2714 1821 2942 1876 aethere.

2160 1909 2286 1983 ipse
2309 1907 2379 1964 de
2405 1908 2559 1964 cmlis
2575 1908 2815 1964 Domino

2232 1997 2618 2054 Descendente
2646 1997 2921 2053 altissimo

2232 2084 2594 2158 Praefulgebit
2621 2085 2997 2141 clarissimum

2234 2176 2472 2249 Signum
2500 2173 2680 2230 crucis
2709 2179 2768 2230 et
2789 2174 3070 2230 vexillum.

2234 2267 2481 2339 Plangor
2497 2281 2668 2338 super
2693 2282 2752 2322 se
2771 2264 2978 2321 nimius

2234 2354 2357 2412 Erit
2385 2360 2508 2412 tum
2537 2353 2751 2410 cunctis
2777 2353 3062 2426 gentibus.

2160 2444 2458 2517 Tectisque
2485 2442 2854 2500 luminaribus

2233 2533 2464 2592 Duobus
2481 2532 2881 2606 principalibus

2238 2623 2456 2680 Cadent
2480 2622 2540 2679 in
2553 2627 2766 2679 terram
2794 2623 2981 2678 sidera

2237 2714 2314 2772 Ut
2335 2730 2568 2788 grossus
2593 2714 2663 2769 de
2693 2715 2949 2780 ﬁculnea,

2239 2805 2470 2878 Erittu
2489 2803 2687 2859 mundi
2716 2804 2993 2860 terminus

2238 2895 2313 2952 Ut
2338 2892 2578 2951 fornacis
2598 2891 2942 2948 incendium.

2169 2985 2413 3058 Clangor
2441 2983 2686 3040 buccina
2715 2988 3020 3056 quaternas

2241 3074 2476 3133 Sonabit
2502 3079 2669 3129 terra:
2700 3089 2800 3144 per
2820 3071 3033 3144 plagas.

2239 3164 2576 3222 Discurrunt
2601 3161 2955 3219 coruscantia

2241 3255 2490 3327 ﬁlgura
2508 3258 2566 3310 et
2594 3254 2850 3310 tonitrua

2241 3344 2399 3400 Tunc
2427 3342 2486 3398 in
2506 3343 2786 3398 montium
2810 3340 3107 3413 specubus,

2241 3431 2602 3488 Abscondent
2619 3447 2680 3485 se
2698 3429 2993 3486 exercitus.

2173 3522 2319 3594 Ergo
2340 3520 2451 3576 erit
2475 3519 2595 3574 dies
2621 3518 2736 3584 ille,

2248 3609 2380 3667 Dies
2401 3608 2659 3682 planctus
2679 3611 2738 3661 et
2759 3606 3042 3678 lacrymae,

2244 3699 2378 3756 Dies
2403 3697 2503 3754 ire
2527 3701 2586 3752 et
2611 3694 2886 3760 vindictae,

2241 3786 2628 3846 Tenebrarum
2649 3789 2708 3840 et
2724 3782 2941 3839 nebulae

2243 3878 2378 3936 Dies
2405 3892 2624 3948 magna;
2653 3871 2944 3946 angustiae,

2246 3965 2478 4024 Laboris
2496 3981 2561 4020 ac
2581 3963 2846 4020 tristitiae.

2177 4055 2243 4113 In
2269 4071 2381 4128 quo
2408 4059 2592 4109 cessat
2610 4051 2912 4107 mulierum

2247 4148 2423 4201 Amor
2445 4160 2512 4200 ac
2537 4141 2898 4207 desiderium,

2250 4233 2668 4305 Hominumque
2687 4229 2991 4292 contentio,

2251 4324 2447 4381 Mundi
2476 4323 2646 4395 hujus
2673 4325 2731 4375 et
2757 4317 2957 4392 cupido

2254 4415 2400 4470 Cum
2427 4413 2584 4478 coelo,
2616 4417 2788 4475 terra,
2820 4407 3021 4462 ardore

2251 4503 2617 4571 Conﬂagrant
2644 4504 2815 4569 atque
2837 4495 3068 4551 lumine.

2177 4591 2370 4652 Turba
2390 4587 2559 4662 primi
2572 4585 2891 4657 archangeli

2253 4683 2550 4753 Strepente
2571 4674 2889 4732 admirabili

2254 4772 2566 4842 Erumpent
2584 4763 2963 4822 munitissima

2254 4862 2516 4918 Claustra
2539 4873 2605 4912 ac
2628 4853 2972 4928 polyandria,

2256 4953 2463 5023 Surget
2482 4949 2651 5004 homo
2677 4963 2712 5001 a
2738 4944 2939 5000 tellure

2257 5041 2626 5097 Restauratus
2652 5054 2682 5091 a
2704 5034 2948 5108 pulvere.

2187 5132 2444 5204 Undique
2467 5124 2930 5201 conglobantibus

2259 5221 2637 5281 Membrorum
2651 5213 2948 5290 paginibus
2958 5206 3364 5284 [compagibus]

2258 5309 2569 5370 Animabus
2598 5303 2884 5362 astralibus

2259 5402 2484 5460 Eisdem
2506 5393 2878 5458 obviantibus,

2258 5493 2492 5549 Certant
2519 5483 2696 5544 sancti
2723 5498 2852 5537 cum
2884 5492 3114 5534 munere

2257 5579 2480 5637 Christo
2503 5575 2643 5646 Regi
2669 5583 2980 5628 occurrere.

3411 260 3548 329 1618
