3974 6180
367 212 534 298 1719.

959 218 1023 272 Β.
1066 219 1340 276 RABANI
1379 219 1612 282 MAURI
1649 222 1994 287 ARCHIEP.
2027 221 2360 295 MQGUNT.
2405 223 2704 282 OPERUM
2743 225 2934 284 PARS
2971 229 3066 284 IV.

597 339 955 398 Altithronus
977 341 1224 415 glorioso

670 430 786 486 Rex
815 431 1036 490 sedebit
1062 434 1122 490 in
1142 435 1303 501 solio,

647 520 1014 596 ‘Angelorum
1043 523 1416 580 tremebunda

671 609 1127 668 Circumstabunt
1155 620 1213 668 et
1241 615 1492 685 agmina,

669 697 898 753 Cunctis
920 699 1094 770 judex
1121 718 1247 756 cum
1268 701 1495 774 propria

670 787 990 844 Secundum
1015 790 1212 846 reddet
1237 791 1460 846 merita.

599 875 884 932 Stabimus
912 884 970 932 et
986 895 1088 934 nos
1112 880 1298 951 pavidi

668 966 814 1021 Ante
836 965 1086 1022 tribunal
1114 968 1217 1024 Dei

670 1053 1102 1127 Reddemusque
1127 1057 1198 1112 de
1221 1057 1480 1114 omnibus

672 1143 970 1199 Rationem
991 1146 1301 1212 affectibus,

675 1231 883 1288 Nostra
910 1233 1161 1290 videntes
1189 1236 1374 1308 posita

671 1321 818 1376 Ante
846 1320 1077 1378 obtutus
1096 1323 1352 1390 crimina,

602 1407 910 1482 Librosque
929 1412 1284 1468 conscientiae

668 1499 984 1554 Patefactos
1013 1501 1072 1556 in
1093 1500 1233 1558 facie
1263 1519 1274 1554 :

667 1589 733 1644 In
762 1589 1040 1660 singultus
1061 1607 1440 1662 erumpamus,

669 1677 740 1733 Et
767 1679 904 1732 fletu
929 1679 1052 1732 diro
1079 1696 1390 1750 gememus,

669 1764 970 1822 Subtracta
989 1768 1308 1825 necessaria

667 1856 951 1928 Operandi
980 1858 1236 1912 materia.

594 1945 751 2001 Tunc
777 1945 972 2000 fideles
994 1962 1128 2001 nam
1145 1948 1430 2004 caelestem

668 2033 835 2090 Urbis
861 2051 1095 2091 summa:
1124 2037 1476 2096 Hierusalem
1516 2027 1520 2031 ’

669 2123 1049 2180 Sustollentur
1077 2126 1148 2181 ad
1178 2127 1444 2199 patriam,

667 2211 991 2269 Introibunt
1011 2214 1082 2270 ad
1109 2215 1370 2286 gloriam,

571 2307 578 2314 '
667 2297 774 2355 Ubi
801 2299 979 2372 fulget
1005 2318 1135 2356 vera
1165 2304 1318 2375 pacis

673 2387 794 2443 Lux
823 2387 1100 2457 Christus,
1127 2392 1209 2446 sol
1236 2392 1526 2448 mirabilis.

594 2477 949 2550 Hymnorum
980 2479 1332 2537 cantionibus

665 2566 872 2622 Sedulo
900 2567 1290 2638 tinnientibus,

664 2655 883 2710 Sanctis
911 2656 1348 2728 tripudiantibus

667 2743 1013 2816 Angelorum
1043 2762 1107 2800 ex
1133 2747 1384 2804 millibus

667 2833 732 2889 In
756 2838 994 2905 paterna
1024 2835 1278 2891 claritate

670 2923 742 2978 Se
769 2923 1019 2993 gaudent
1037 2925 1323 2985 Christum
1352 2944 1599 2984 cernere.

594 3006 684 3062 Sic
712 3006 907 3076 viginti
933 3007 1186 3064 felicibus

668 3096 924 3161 Quatuor
951 3098 1264 3153 senioribus

663 3185 912 3240 Coronas
933 3186 1055 3256 jam
1081 3187 1438 3244 mittentibus

659 3274 808 3345 Agni
835 3275 935 3330 Dei
963 3275 1067 3330 sub
1095 3275 1330 3349 pedibus

662 3364 953 3420 Laudatur
980 3363 1159 3422 tribus
1180 3367 1390 3422 vicibus

667 3455 912 3511 Trinitas
941 3457 1320 3514 aeternalibus.

598 3543 692 3599 Bis
721 3543 868 3600 binis
887 3561 1078 3601 coram
1103 3545 1383 3604 stantibus
1457 3543 1460 3550 ’

659 3633 842 3690 Unitis
871 3634 1228 3703 animalibus,

657 3720 842 3777 Terna
865 3722 1030 3778 laude
1061 3725 1390 3783 sonantibus
1513 3797 1518 3804 ⁴

658 3810 895 3866 Sanctus
925 3811 1172 3868 Sabaoth
1189 3813 1479 3871 Dominus.

658 3899 775 3954 Hac
799 3900 978 3955 sancti
1003 3907 1234 3958 manent
1261 3904 1443 3976 gloria

657 3991 708 4044 A
745 3991 960 4046 saeculis
977 3991 1038 4046 in
1069 3994 1289 4049 saecula.

587 4077 748 4134 Zelus
775 4079 923 4149 ignis
941 4080 1278 4138 furibundus

657 4169 1024 4225 Consummet
1039 4173 1404 4242 adversarios,

655 4259 922 4314 Nolentes
944 4260 1232 4316 Christum
1263 4265 1488 4322 credere

655 4347 771 4403 Deo
799 4364 836 4402 a
863 4349 1029 4405 Patre
1058 4352 1295 4420 venisse,

653 4437 825 4493 Retro
855 4445 1030 4494 ruunt
1055 4444 1312 4514 perpetui

651 4527 719 4583 In
739 4527 888 4598 ignis
909 4530 1166 4586 ﬂammas
1197 4533 1374 4607 impii.

583 4613 689 4672 Ubi
708 4614 990 4672 habentur
1010 4618 1255 4676 tenebrae

651 4703 883 4760 Vermes
901 4711 960 4760 et
983 4707 1119 4762 dirae
1147 4708 1354 4778 bestiae,

651 4793 757 4851 Ubi
779 4794 927 4867 ignis
956 4798 1294 4870 sulphureus

646 4885 825 4940 Ardet
842 4885 1086 4942 ﬂammis
1115 4887 1398 4959 edacibus,

646 4973 753 5032 Ubi
777 4976 997 5047 rugitus
1021 4977 1330 5048 hominum,

645 5065 837 5121 Fletus
865 5072 923 5120 et
947 5066 1157 5122 stridor
1175 5069 1448 5128 dentium.

575 5153 681 5210 Ubi
705 5154 980 5226 gehennae
1007 5157 1272 5230 gemitus,

642 5243 948 5300 Tonitruus
971 5252 1029 5301 et
1057 5247 1334 5316 horridus,

643 5329 750 5386 Ubi
777 5333 946 5388 ardor
973 5335 1346 5394 ﬂammaticus

645 5420 779 5474 Sitis
807 5421 1078 5498 famisque
1099 5427 1392 5493 maximus,

644 5508 750 5564 Ubi
779 5517 958 5568 tortor
981 5515 1315 5574 durissimus

1991 352 2074 436 At.

2354 351 2543 423 Auget
2558 366 2784 423 poenam
2802 367 2928 408 cum
2949 353 3176 424 laribus,

2287 442 2462 497 Satan
2483 446 2608 496 atro
2635 459 2763 497 cum
2793 444 3019 514 agmine
3079 447 3088 452 ’

2355 531 2478 595 Quo
2506 536 2735 587 tenetur
2754 531 2812 586 in
2840 549 3058 588 carcere
3167 521 3174 524 ’

2359 620 2648 691 Religatus
2679 622 2738 676 in
2760 623 2998 680 Tartara

2356 710 2419 764 In
2443 716 2654 765 aeterna
2686 710 2948 768 incendia

2357 799 2658 871 Cocytique
2689 801 3078 872 Charybdibus

2357 887 2760 960 Submergetur
2789 891 2846 944 in
2877 890 3156 962 gentibus,

2285 977 2332 1032 Ο
2352 977 2501 1032 Deus
2529 979 2643 1033 veri
2671 979 2901 1036 luminis

2353 1068 2566 1121 Auctor
2587 1075 2646 1122 et
2672 1071 2855 1126 omnis
2883 1069 3148 1136 hominis,

2353 1155 2523 1210 Miser
2554 1172 2657 1227 ego
2689 1158 2823 1228 quid
2851 1157 3074 1224 faciam,

2354 1243 2514 1299 Tunc
2539 1243 2635 1300 ubi
2674 1252 2844 1318 atque
2871 1248 3107 1320 fugiam,

2355 1333 2500 1389 Cum
2526 1341 2736 1390 tremet
2760 1337 2958 1392 mundi
2987 1339 3254 1399 machina
3299 1323 3312 1333 ’

2355 1421 2471 1478 Sub
2499 1423 2861 1480 flammarum
2888 1429 3255 1506 monarchia?

2284 1512 2406 1577 Quo
2436 1529 2526 1568 me
2555 1519 2677 1570 tum
2709 1533 2940 1587 possum
2970 1525 3186 1580 vertere

2355 1602 2425 1656 Et
2443 1603 2714 1684 suffragia
2737 1622 3006 1677 quem-ere,
3205 1683 3210 1688 β

2355 1693 2496 1747 Cum
2521 1679 2719 1750 contra
2743 1713 2833 1752 me
2863 1699 3154 1769 sententia,

2355 1781 2647 1838 Profertur
2682 1783 2740 1839 in
2764 1803 2973 1857 magna
3286 1791 3318 1854 2,

2351 1874 2600 1929 Accusor
2626 1891 2756 1930 reus
2781 1877 3054 1934 crimmis.

2355 1963 2496 2017 Cum
2523 1979 2638 2017 non
2671 1964 2746 2018 sit
2773 1964 2928 2020 favor
2946 1967 3150 2038 operis.

2281 2049 2567 2108 Damnant
2585 2069 2674 2108 me
2686 2053 2841 2118 facta
2861 2057 3109 2128 propria,

2356 2139 2670 2200 Verborum
2693 2143 2874 2200 multa
2897 2145 3098 2217 millia,

2351 2235 2529 2290 Amor
2556 2233 2742 2290 malus
2769 2251 2900 2312 cum
2925 2235 3150 2312 rubore,

2356 2322 2465 2388 Ira,
2490 2321 2623 2376 rixae
2651 2327 2708 2376 et
2736 2323 2967 2379 macula:
3143 2394 3148 2402 '

2353 2408 2558 2464 Totum
2586 2413 2744 2480 patet
2767 2409 2826 2465 in
2854 2410 3069 2490 lumine
3110 2465 3119 2471 η

2354 2497 2557 2554 Mentis
2585 2503 2644 2552 et
2661 2499 3025 2570 penetrabile.
3061 2567 3064 2576 ι
3155 2545 3160 2552 .

2285 2589 2465 2644 Cerno
2494 2592 2745 2646 tremens
2765 2589 2914 2660 quod
2943 2588 3207 2655 feceram.

2356 2677 2425 2732 Et
2451 2675 2548 2730 diu
2569 2675 2720 2748 quod
2740 2677 3070 2747 celaveram,

2355 2765 2471 2820 Nec
2493 2764 2765 2835 adjuvant
2787 2766 3007 2833 solatia,

2354 2849 2540 2905 Patris
2563 2853 2622 2904 et
2646 2850 2844 2906 matris
2871 2851 3101 2922 famina,
3131 2843 3136 2847 ’

2353 2937 2541 2994 Turba
2564 2955 2666 2994 nec
2696 2939 3005 2999 amicabilis

2353 3028 2590 3084 Praestat
2611 3031 2876 3100 juvamcn
2906 3031 3122 3088 debilis.

2285 3117 2444 3176 Unde
2470 3119 2622 3173 salus
2645 3119 2787 3190 jam,
2818 3119 3074 3189 Domine,

2353 3207 2490 3264 Mihi
2513 3208 2700 3263 veniet
2725 3226 2991 3282 prospere

2352 3297 2564 3354 Practer
2593 3302 2750 3356 tuam
2779 3300 3134 3358 clementiam

2353 3387 2562 3452 Solam,
2596 3393 2653 3442 et
2681 3406 2872 3446 veram
2891 3391 3172 3461 gratiam;

2351 3480 2464 3532 Aut
2483 3477 2610 3549 quis
2619 3478 2719 3534 dat
2745 3478 3155 3551 indulgentiam
3225 3544 3230 3554 _

2353 3567 2564 3622 Praeter
2591 3572 2751 3622 tuam
2781 3569 3134 3640 potentiam?

2280 3654 2377 3720 Te,
2408 3653 2551 3710 bone
2571 3657 2598 3711 J
2605 3673 2722 3726 esu,
2747 3657 3031 3732 deprecor,

2351 3745 2561 3800 Auctor
2581 3753 2704 3802 Vita}
2741 3755 2798 3802 et
2817 3749 3084 3814 redditor,

2355 3834 2519 3888 Salva
2546 3839 2707 3890 tuum
2739 3839 3102 3911 mancipium.

2352 3923 2557 3980 Munus
2572 3931 2630 3980 et
2657 3927 2730 3980 da
2757 3935 3114 4000 perpetuum,

2351 4013 2532 4068 Verax
2557 4021 2622 4070 ut
2651 4023 2748 4071 tuo
2775 4018 2980 4078 famine

2348 4103 2696 4172 Justificeris,
2723 4107 2977 4166 Domine.

2279 4190 2402 4248 Tibi
2434 4198 2624 4263 grates
2647 4211 2714 4250 ex
2740 4204 2968 4267 pectore
3004 4264 3010 4268 _

2346 4280 2692 4353 Redemptus
2713 4302 2747 4343 a
2775 4286 3114 4360 discrhine,

2347 4370 2463 4426 Deo
2493 4371 2611 4426 vivo
2640 4377 2707 4426 ut
2731 4374 2970 4430 referam

2348 4459 2501 4514 Laeta
2527 4476 2659 4514 voce
2689 4461 3000 4533 victoriam,

2348 4549 2598 4620 Sequens
2620 4555 2676 4604 te
2698 4569 2888 4624 regem
2919 4558 3216 4634 proprium,

2344 4637 2559 4710 Raptus
2587 4656 2654 4694 ex
2685 4640 2843 4697 hoste
2863 4644 3186 4712 Dominum.

2271 4727 2544 4799 Nuncque
2564 4745 2699 4800 rogo
2720 4730 2803 4785 uti
2828 4731 3046 4802 jubeas,

2343 4816 2412 4872 Et
2438 4816 2497 4872 in
2518 4833 2608 4871 me
2629 4818 2733 4874 hoc
2760 4823 3036 4894 perficias,

2341 4906 2600 4971 Quandiu
2620 4905 2678 4962 in
2698 4913 2982 4982 ergastulo

2339 4995 2476 5051 Sum
2495 4995 2718 5052 clausus
2743 4989 2928 5055 carnis
2951 5003 3158 5073 sedulo,

2338 5087 2468 5154 Ore,
2490 5087 2656 5142 corde
2683 5095 2741 5143 et
2774 5107 2941 5162 opere

2335 5175 2412 5230 Te
2433 5193 2630 5232 canam
2659 5179 2904 5249 laudem,
2932 5181 3118 5254 Kyrie.

2263 5263 2418 5321 Doxa
2447 5265 2569 5333 tibi,
2595 5267 2935 5332 Altithrone.

2333 5353 2447 5409 Rex
2478 5355 2744 5411 oculorum
2769 5360 3148 5416 sanctissime.

2331 5441 2436 5506 Qui
2466 5459 2555 5497 me
2580 5449 2640 5498 tu
2665 5446 2955 5516 juvamine

2331 5531 2731 5589 Consolaturus
2761 5537 2970 5608 optime

3551 229 3708 318 me
