4018 6160
320 276 456 336 1621

674 404 824 463 Laus
850 409 910 461 et
938 405 1118 462 honor
1144 422 1274 462 cum
1300 407 1484 480 gloria

675 492 743 552 In
769 494 1102 551 seculorum
1124 497 1345 552 saecula.

311 690 426 750 Pro
453 705 565 760 me,
596 691 836 765 quisque
867 693 1023 765 legas
1052 711 1265 762 versus,
1291 712 1454 752 orare
1474 701 1778 767 memento,

385 780 583 839 Raban
606 782 764 838 dicor
781 794 907 855 ego,
940 788 1003 838 tu
1030 784 1153 840 sine
1184 786 1294 840 fine
1314 787 1455 842 vale.

324 890 578 955 XXXII.
609 921 692 938 --
716 893 742 922 ⁸
771 907 1023 954 uernum
1045 910 1120 954 ns
1143 911 1442 957 rursm:
1470 911 1910 962 monacuoauu.

458 1006 727 1074 Currens,
758 1006 972 1075 charta,
1006 1010 1199 1080 procul
1224 1009 1425 1065 nuntia
1445 1016 1609 1085 porta

531 1094 747 1154 Dilecto
774 1096 970 1167 gravia
993 1114 1229 1153 munera
1255 1098 1434 1166 fratri,

531 1184 668 1251 Qum
699 1174 947 1241 infausta
974 1187 1185 1242 tulerat
1210 1189 1480 1261 temporis
1508 1190 1665 1246 hora.

458 1275 595 1343 Qua
622 1274 838 1330 dudum
868 1276 1079 1349 eripuit
1098 1282 1249 1332 sorte
1271 1279 1516 1334 nefanda

525 1364 688 1432 Sons,
720 1363 878 1421 fraus
903 1370 1075 1439 atque
1093 1367 1272 1435 dolor,
1310 1376 1371 1424 et
1389 1367 1548 1425 labor
1574 1367 1775 1441 ingens

528 1453 750 1527 Longas
775 1455 1126 1527 compulerat
1147 1472 1398 1528 quaerere
1425 1462 1625 1513 terras.

456 1542 596 1599 Pars
619 1542 811 1600 ablata
827 1543 937 1600 fuit
956 1561 1200 1618 parsque
1228 1547 1518 1615 remansit,

528 1632 670 1689 Cum
697 1632 909 1689 divisus
929 1634 1096 1689 homo
1117 1635 1259 1707 proh
1277 1636 1471 1692 dolor!
1497 1652 1645 1693 unus

531 1722 629 1779 Est
642 1726 771 1778 voto
792 1727 963 1795 atque
980 1723 1174 1779 anima
1193 1740 1426 1797 corpore
1445 1724 1596 1781 bino.

456 1811 760 1884 Postquam
790 1816 874 1879 tu,
896 1813 1183 1869 unanimis
1198 1815 1391 1879 frater,
1417 1814 1603 1884 abisti,

524 1901 629 1957 Ast
654 1917 783 1977 mox
801 1917 904 1974 per
920 1902 1103 1958 varios
1124 1906 1313 1959 torsus
1332 1903 1539 1977 ubique

526 1990 662 2047 Sum
680 1974 864 2058 casus,
886 1991 1031 2047 odiis
1049 1993 1214 2049 laesus
1234 1974 1457 2049 etatris;

412 2147 418 2153 .
455 2080 566 2137 Sed
583 2096 733 2137 nunc
750 2080 913 2138 doleo
930 2086 1156 2154 pectore
1174 2082 1325 2138 tristi

523 2169 763 2226 Multum
779 2187 942 2243 posse
956 2172 1170 2227 malum
1194 2172 1304 2228 heu
1327 2172 1340 2226 Ξ
1357 2173 1640 2243 generale,

520 2258 704 2325 Quam
722 2259 829 2315 soli
850 2260 1107 2316 mihimet
1125 2261 1364 2316 condere
1384 2262 1672 2318 damnum.

449 2348 529 2406 Ex
548 2364 658 2421 quo
677 2348 877 2405 seditio
893 2351 1060 2405 noxia
1079 2350 1294 2406 dudum

518 2438 673 2495 Inter
690 2456 793 2495 nos
812 2444 935 2495 orta
957 2445 1060 2507 est,
1085 2457 1251 2496 nemo
1271 2440 1491 2496 valebat

515 2527 718 2585 Lenire
736 2528 882 2584 hanc
899 2528 1176 2601 precibus,
1199 2547 1302 2585 nec
1324 2530 1460 2586 dare
1480 2531 1670 2586 ﬁnem.

446 2616 716 2675 Crescens
742 2617 841 2674 sed
855 2617 1096 2675 nimium
1116 2624 1371 2693 tempore
1390 2620 1568 2676 multo

511 2706 693 2763 Aucta
705 2711 794 2763 est
811 2724 1021 2781 perque
1041 2708 1161 2764 dies
1180 2714 1333 2764 sorte
1352 2709 1619 2781 maligna,

514 2795 769 2852 Vastavit
788 2798 1058 2870 populum
1080 2798 1265 2853 Patris
1283 2797 1354 2853 ob
1370 2798 1532 2853 iram.

442 2883 705 2943 Durescit
729 2886 827 2961 qui
844 2886 1055 2956 animo;
1075 2892 1135 2945 et
1150 2887 1351 2945 cedere
1379 2888 1576 2955 nescit,

1091 282 1447 339 CARMINA.
1489 315 1552 326 —
1595 285 1849 345 SECTiO
1889 289 1935 345 Ι.
1978 287 2323 351 ΡΟΒΜΑΤΛ
2356 286 2451 342 DE
2486 285 2836 342 DlVERSIS.

1862 426 1871 435 ‘
1933 414 1988 475 Α

3461 281 3604 349 1622

2218 412 2371 469 Trux
2392 408 2657 466 deturbat
2672 425 2822 476 oves,
2854 410 3003 468 caede
3030 416 3292 468 cruentat

2213 500 2437 558 Nullius
2461 499 2709 567 miseret,
2740 498 2898 555 saevit
2915 499 2975 554 in
2997 515 3212 557 omnes.

2146 591 2248 648 His
2273 594 2557 645 commota
2579 588 2744 643 malis
2763 587 2928 643 turba
2944 589 3176 661 reliquit

2211 679 2521 751 Antiquam
2548 677 2852 746 stabulum,
2874 678 2939 733 fit
2957 678 3275 750 peregrina,

2216 768 2386 826 Lsasis
2406 783 2523 824 una
2534 767 2685 823 salus
2705 782 2940 839 pergere
2959 768 3129 839 longa
3145 774 3249 825 est.

2139 858 2311 915 Venit
2328 873 2552 913 summa
2569 856 2707 924 dies,
2732 862 2955 928 tempus
2985 873 3265 926 amarum,

2210 947 2448 1013 Quando
2467 951 2720 1002 extrema
2740 945 2856 1017 pati
2867 944 3035 1001 turba
3063 952 3257 1003 coacta
3276 951 3381 1015 est,

2213 1037 2284 1093 Et
2309 1035 2562 1092 convicta
2587 1034 2753 1089 malis
2771 1035 3028 1107 linquere
3049 1036 3228 1091 sedes.

2139 1126 2339 1183 Cuncti
2367 1124 2707 1181 conveniunt
2723 1124 2975 1197 undique
2988 1124 3191 1181 fratres

2211 1214 2383 1282 Queis
2406 1231 2567 1271 mens
2594 1231 2710 1271 una
2730 1200 2844 1269 lfuit
2872 1231 3085 1287 parque
3109 1215 3386 1283 voluntas,

2210 1303 2496 1361 Immitem
2523 1309 2591 1359 ut
2617 1302 2877 1375 precibus
2906 1304 3133 1359 ﬂectere
3159 1308 3395 1361 certent.

2137 1394 2386 1452 Duratus
2414 1393 2511 1465 qui
2533 1393 2724 1448 animo
2750 1398 3042 1464 spreverat
3054 1410 3270 1463 omnes,

2209 1482 2447 1539 Irritans
2475 1481 2745 1553 populum
2778 1481 2936 1553 pellit
2953 1481 3025 1536 ab
3038 1483 3179 1539 ede.

2205 1571 2518 1643 Desperare
2547 1569 2703 1625 dedit
2730 1570 2913 1625 Patris
2934 1587 3205 1627 amorem.

2132 1660 2363 1717 Diverso
2382 1660 2602 1715 interea
2620 1659 2827 1714 moenia
2847 1660 3005 1715 luctu

2203 1750 2527 1815 Miscentur,
2542 1754 2811 1804 resonant
2825 1748 3087 1822 cymbala
3099 1764 3342 1823 cumque

2203 1838 2274 1894 Et
2290 1837 2516 1909 signum
2545 1835 2802 1892 Ecclesiae
2822 1842 3088 1893 convocat
3112 1854 3329 1895 omnes.

2130 1927 2448 1982 Accurrunt
2473 1924 2694 1980 tumulo
2723 1925 2991 1997 martyris
3009 1926 3143 1981 almi

2201 2013 2327 2070 Flet
2345 2012 2523 2068 mixta
2545 2011 2776 2067 senibus
2789 2012 2946 2084 plebs
2964 2013 3279 2085 juniorum,

2199 2102 2281 2160 Ex
2307 2102 2424 2159 imo
2440 2101 2687 2174 gemitus
2715 2106 2940 2174 pectore
2960 2102 3191 2160 ducunt.

2130 2194 2581 2268 Expanduntque
2610 2209 2814 2249 manus
2840 2209 2971 2249 cum
2993 2209 3157 2266 prece
3179 2192 3324 2251 fusa.

2239 2301 2505 2369 (Defectus
2525 2306 2647 2371 post
2670 2316 2802 2371 pag.
2837 2304 2941 2356 ult.
2975 2314 3029 2356 v1
3056 2302 3337 2392 notatur.)

2292 2442 2321 2484 δ
2348 2442 2587 2500 TITULI
2608 2442 2697 2499 ET
2725 2441 3279 2501 INSCRIPTIONES

1988 2580 2013 2612 ο
2038 2585 2350 2635 ΑιτΑιιιυιι
2379 2584 2666 2632 BASILICE
2697 2583 2749 2630 S.
2799 2583 3174 2634 SALVATOMS
3220 2584 3580 2635 suum.

2646 2683 2902 2739 XXXIII.

2051 2793 2170 2849 Hoc
2198 2791 2378 2848 altare
2406 2790 2523 2847 Deo
2550 2790 2730 2861 fulget
2754 2790 2967 2845 honore
2995 2805 3139 2846 novo

1981 2881 2232 2940 Candida
2256 2880 2481 2939 Wirina
2499 2878 2545 2949 ά,
2578 2879 2907 2948 Concordia,
2935 2896 3066 2938 cum
3095 2878 3432 2938 Mederisma

1284 3037 1598 3096 SCHOLIA
1634 3032 2174 3095 CHRIS’I‘OPHORI
2208 3032 2573 3091 BROWERI.

366 3163 392 3195 ⁸
816 3153 920 3211 sub
931 3154 1199 3227 Ratgario
1219 3155 1419 3211 abbate
1437 3156 1641 3211 factam
1662 3155 1775 3227 hac
1789 3153 1897 3227 ode
1912 3155 1956 3216 C
1978 3149 2092 3227 nali
2110 3150 2378 3207 Stoicidas

294 3224 827 3301 describitLde‘qua
853 3243 920 3301 ex
943 3224 1345 3285 commentario
1360 3228 1502 3285 Vitae
1524 3227 1717 3301 Eigilis
1728 3225 1897 3283 abba-

293 3297 369 3354 tis
395 3296 492 3353 lib.
525 3311 546 3352 ι
575 3296 750 3353 rule:
767 3297 944 3370 antiq.

366 3396 409 3467 δέ
434 3395 703 3467 Sequitur
732 3396 885 3451 aliud
919 3397 1232 3452 carminum
1259 3413 1456 3466 genus,
1482 3412 1594 3467 quo
1622 3412 1724 3467 pro
1742 3395 1895 3466 inge-

366 3412 394 3437 υ
434 3412 506 3452 δε
547 3412 703 3451 uitur
732 3412 885 3451 aliud
919 3413 1232 3452 carminum
1259 3413 1456 3466 genus,
1482 3412 1594 3467 quo
1662 3412 1892 3466 romge-

398 3412 566 3548 lautile
585 3468 931 3548 qua_iloru_it,
962 3476 1019 3523 et
1039 3468 1303 3548 Opinione
1316 3468 1605 3548 doctrinae,
1622 3412 1892 3548 galbanus

287 3536 538 3612 illustres
564 3536 775 3612 passim
805 3545 971 3596 aetate
993 3536 1095 3595 sua
1125 3539 1395 3612 excitatas
1422 3537 1681 3592 basilicas
1713 3537 1890 3612 versi-

283 3606 1046 3684 bususuisipartimrsponte,
1089 3610 1304 3684 partim
1346 3615 1594 3684 rogatus,
1647 3608 1884 3684 ornavit.

286 3679 507 3752 Codicis
531 3679 622 3737 hic
638 3682 825 3737 mutili
846 3679 903 3737 et
925 3679 1133 3737 hiantis
1154 3688 1364 3736 sortem
1381 3679 1675 3752 deplorent
1685 3679 1888 3734 merito

289 3750 547 3825 homines
585 3754 831 3825 antiquae
858 3753 1106 3809 historiae
1161 3758 1219 3807 et
1246 3750 1606 3825 ecclesiarum
1634 3767 1885 3825 _suarum

286 3822 568 3896 originum
614 3822 888 3896 amantes.
941 3826 1086 3879 Nam
1137 3830 1341 3896 praeter
1396 3822 1787 3896 inscriptiones
1827 3829 1886 3880 et

285 3893 552 3968 lemmata
572 3913 695 3968 qua
724 3895 989 3968 librarius
1014 3893 1398 3968 saepenumero
1414 3893 1675 3968 neglexit,
1691 3893 1886 3968 plagu-

286 3964 761 4039 lahmembraneaa
788 3964 1110 4039 complures
1124 3966 1317 4021 excisae
1342 3986 1354 4025 ;
1385 3971 1555 4039 atque
1584 3964 1663 4020 sic
1676 3964 1885 4039 una’ti-

285 4037 393 4109 tuli
420 4042 480 4093 et
503 4042 839 4109 argumenta
851 4037 1072 4093 versum
1102 4054 1215 4092 non
1240 4054 1417 4109 pauca
1437 4037 1884 4109 periere.Neque

285 4108 592 4180 dissimulo;
608 4108 836 4164 nomine
862 4109 1108 4163 ccelitum
1139 4109 1227 4163 hic
1242 4108 1570 4180 imulta’legi
1599 4114 1657 4163 et
1696 4125 1731 4163 a
1769 4108 1882 4164 Ra-

285 4178 433 4236 bano
461 4178 751 4252 celebrari,
776 4197 1014 4252 quorum
1037 4197 1149 4235 non
1170 4187 1381 4235 temere
1394 4178 1880 4235 alibi'memoriam

288 4268 477 4334 eruas:
593 4250 727 4334 quia
741 4250 1133 4334 inhpnorariis
1154 4258 1239 4334 tot
1258 4252 1597 4334 epigraphis,
1620 4268 1880 4334 quianon

284 4322 511 4395 templis
534 4322 757 4395 tantum
782 4322 1081 4387 nobilibus,
1101 4324 1199 4379 sed
1228 4322 1422 4378 eorum
1451 4322 1688 4395 singulis
1709 4323 1880 4395 etiam

285 4393 729 4466 aris‘contigere,
763 4395 992 4466 longum
1024 4401 1080 4449 et
1099 4395 1344 4466 spissum
1376 4394 1544 4448 nimis
1563 4393 1805 4466 opussit,
1821 4394 1881 4449 in

283 4460 701 4538 translationes,
717 4460 989 4538 reliquias
1012 4472 1069 4521 et
1088 4460 1400 4521 cénditoria
1419 4460 1761 4538 sanctorum,
1785 4466 1880 4538 qui

284 4536 616 4609 agminatim
643 4536 998 4609 promuntur,
1032 4538 1338 4609 inquirere,
1365 4543 1422 4593 et
1456 4556 1520 4592 ex
1551 4541 1666 4592 tam
1707 4536 1879 4591 dense

2478 3147 2721 3204 nultima
2737 3146 2892 3204 brevi
2906 3145 3173 3203 inducere
3196 3165 3210 3206 :
3244 3147 3443 3205 Ovidio
3469 3149 3576 3205 Tu-

1980 3226 2238 3303 ticaan
2260 3219 2523 3303 eumdem
2542 3221 2876 3303 contrahere
2903 3225 2961 3276 et
2978 3219 3311 3303 producere2
3330 3220 3575 3303 atqueid

1973 3309 2172 3366 genus.
2196 3292 2341 3366 Cur,
2360 3291 2613 3366 inquam,
2637 3292 2763 3366 aliis
2784 3292 2955 3366 etiam
2976 3290 3157 3363 poetis
3184 3290 3268 3346 fas
3282 3290 3454 3366 fuerit
3465 3291 3574 3349 sibi

1975 3362 2304 3445 tammulti;
2327 3362 2768 3445 indulgere‘Y‘an
2799 3362 2931 3445 quia
2975 3362 3334 3445 contumaces
3372 3362 3431 3418 in
3476 3378 3573 3420 eos

1974 3434 2232 3509 plurimae
2260 3450 2421 3488 voces
2449 3432 2513 3488 et
2526 3432 2781 3509 syllabae,
2806 3432 3007 3509 iugum
3054 3434 3337 3509 poeticum
3366 3446 3572 3509 prcus-

1972 3502 2099 3563 éum
2128 3505 2303 3571 ibant,
2335 3502 2731 3575 atqueidcirco
2757 3503 2881 3573 cogi
2911 3503 2970 3575 in
3001 3502 3195 3575 versus
3210 3503 3333 3575 sine
3356 3502 3571 3575 fastu.

1971 3578 2057 3632 rio
2088 3591 2202 3632 non
2226 3572 2526 3646 poterant?
2543 3574 2650 3640 An,
2686 3572 2907 3646 ejurato
2933 3572 3080 3646 Latii
3095 3573 3323 3645 jure,in
3350 3574 3569 3633 Greco-

1970 3665 2099 3703 rum
2129 3643 2423 3719 poetarum
2450 3646 2603 3717 leges
2622 3643 2865 3699 transire
2896 3643 3199 3710 malebant,

2164 3772 2177 3785 .
2255 3772 2268 3785 .
2341 3771 2354 3784 .
2424 3732 2605 3793 Quibus
2636 3737 2706 3781 est
2734 3731 2858 3781 nihil
2886 3736 3130 3792 negatum,

2152 3806 2212 3857 Et
2235 3818 2354 3870 quos
2376 3797 2527 3876 ἄρας,
2560 3796 2703 3875 ἅρες,
2741 3804 2871 3853 decet
2896 3815 3085 3853 senm.

1965 3897 2045 3953 ita
2073 3901 2138 3953 ut
2165 3896 2225 3952 in
2252 3911 2447 3951 eorum
2475 3894 2707 3950 ﬂoribus
2754 3894 3002 3965 reperias
3031 3892 3242 3967 passim
3274 3894 3560 3967 Laetam,

1966 3971 2320 4034 Claudianos,
2342 3969 2617 4033 Julianos,
2641 3966 2955 4038 penultima
2965 3965 3222 4038 correpta
3228 4006 3242 4019 .
3263 3965 3400 4038 Qum
3415 3982 3451 4021 a
3470 3981 3563 4022 me

1963 4040 2137 4113 taceri
2154 4044 2463 4113 propterea
2492 4055 2605 4094 non
2615 4036 2821 4104 decuit,
2843 4038 2993 4111 quod
3020 4038 3108 4113 his
3126 4036 3559 4113 animadversis,

1961 4112 2068 4167 toti
2107 4108 2555 4182 Christianorum
2594 4108 2889 4182 poetarum
2946 4109 3188 4182 nationi,
3226 4125 3340 4166 non
3377 4108 3561 4182 solum

1962 4184 2270 4239 Fortunato
2289 4189 2348 4237 et
2375 4180 2611 4237 Rabano
2626 4180 2850 4236 mitiora
2864 4181 3079 4252 judicia
3102 4180 3262 4236 video
3283 4180 3491 4253 parari,
3504 4185 3563 4238 et

1960 4253 2458 4335 meaeﬁcoruzn
2483 4269 2599 4335 “ea
2625 4253 2833 4307 ferulas
2874 4252 3446 4335 B.‘°P“Sl‘l‘?!el"§!ni:

2032 4336 2058 4367 ο
2084 4324 2377 4381 Fuldensis
2406 4323 2664 4391 basilicae,
2698 4340 2845 4379 anno
2868 4322 3093 4378 Christi
3103 4322 3228 4388 818,
3251 4322 3559 4378 indictione

1962 4410 2062 4463 ιιι,
2098 4396 2311 4466 mensis
2340 4395 2670 4450 Novembris
2687 4396 2868 4466 prima
2886 4395 2996 4459 die,
3030 4393 3317 4466 dedicatae,
3348 4410 3560 4466 memoo

1900 4468 2106 4537 Driam
2126 4484 2248 4539 cap.
2282 4465 2431 4539 31_ib.
2464 4464 2722 4539 IIAAntiq.
2754 4466 2913 4539 Fuld.
2950 4464 3289 4539 recoluimus
3316 4483 3330 4531 ;
3364 4464 3424 4520 in
3444 4480 3559 4539 qua

1962 4535 2320 4617 quidem—Dei
2345 4536 2614 4617 beneflcio
2634 4535 2906 4617 singulari
2929 4535 3169 4617 contigit
3194 4541 3260 4590 ut
3284 4550 3412 4617 cum
3441 4535 3558 4617 epi-

284 4607 701 4693 coburentiblis
714 4608 843 4693 uvis
870 4609 1083 4693 scilicet
1111 4607 1369 4693 inustum
1404 4609 1717 4691 exprimere
1741 4627 1754 4675 ;
1778 4625 1879 4693 nos
1957 4607 2496 4693 g‘razpmatalhbani
2507 4607 3554 4693 seorsimisthiclitterismandatasint,

286 4695 456 4763 posca
482 4679 750 4745 contenti,
772 4686 838 4763 ut
856 4681 1123 4763 quodque
1134 4679 1367 4763 dignum
1406 4678 1693 4763 memoriae
1710 4678 1880 4763 prodi

287 4750 348 4806 in
375 4766 578 4806 manus
606 4750 841 4818 venerit,
870 4750 952 4805 ita
980 4750 1092 4819 qua
1110 4750 1317 4819 licebit,
1341 4752 1681 4807 noscitanda:
1710 4750 1882 4805 histo-

286 4820 385 4876 riae
409 4821 585 4876 veteri
610 4821 789 4877 facem
808 4820 1193 4877 accendemus.
1216 4824 1402 4878 Unum
1432 4839 1661 4879 monere
1680 4838 1792 4877 non
1807 4821 1882 4876 sit

287 4890 388 4947 abs
425 4908 504 4957 re,
545 4892 842 4948 titulorum
880 4898 938 4947 et
982 4894 1476 4949 transmissionum
1520 4893 1874 4959 auctoritate,

286 4962 398 5035 nisi
426 4963 862 5035 aliundermagis
890 4964 1186 5035 elucescat,
1216 4982 1329 5019 non
1354 4965 1445 5020 hic
1464 4966 1651 5020 doceri
1682 4970 1783 5020 aut
1813 4981 1880 5019 ex

286 5033 503 5107 Rabani
554 5034 742 5107 verbis
784 5033 944 5107 icogi,
1002 5034 1224 5107 integra
1278 5041 1599 5091 sanctorum
1648 5052 1883 5107 corpora

285 5105 578 5179 translata,
612 5106 884 5179 deposita,
919 5105 1177 5179 condita;
1219 5107 1315 5161 sed
1354 5124 1548 5161 eorum
1593 5105 1876 5178 reliquias,

285 5176 501 5249 cineres
530 5184 589 5233 et
614 5176 859 5241 exuvias,
893 5178 1032 5232 satis
1069 5177 1243 5249 fuisse
1291 5179 1553 5249 parandae
1596 5176 1881 5233 memoriae

285 5248 703 5320 condendisque
732 5248 932 5321 titulis.
968 5249 1082 5302 Nec
1130 5248 1499 5303 laborandum
1546 5249 1683 5303 mihi
1712 5249 1880 5321 apud

285 5336 475 5392 equos
537 5319 799 5393 censores
842 5319 1002 5374 video
1036 5336 1160 5393 qua
1204 5320 1388 5393 fronte
1442 5320 1724 5393 excepturi
1769 5319 1885 5376 sint

287 5396 570 5474 agrestem
596 5392 741 5474 hanc
768 5393 985 5473 Musam
1016 5392 1237 5474 delicati
1268 5399 1462 5474 poetae,
1497 5392 1638 5474 quos
1680 5393 1883 5474 memi-

285 5464 436 5535 nisse
467 5469 692 5535 oportet
717 5480 820 5518 sua
841 5464 1043 5535 cuique
1071 5464 1221 5517 aetati
1245 5469 1299 5516 ct
1330 5469 1663 5535 ornamenta
1680 5469 1738 5519 et
1752 5464 1884 5520 vitia

284 5532 606 5600 adhaesisse,
640 5532 969 5604 horumque
982 5534 1224 5590 fructum
1254 5540 1310 5587 et
1340 5534 1695 5588 incommoda
1717 5536 1880 5603 juxta

284 5604 573 5660 aestimari.
607 5607 715 5660 Sed
742 5624 810 5659 ne
850 5605 1142 5660 Rabanum
1183 5605 1286 5676 ipsi
1332 5612 1521 5659 tamen
1562 5607 1877 5661 inauditum

279 5676 563 5805 {,Igulent,
596 5694 845 5805 quaeram
874 5694 939 5730 ex
958 5677 1025 5731 iis
1047 5695 1157 5749 quo
1167 5679 1296 5747 jure
1330 5678 1560 5747 Virgilio
1590 5678 1810 5732 licuerit
1823 5683 1882 5734 et

397 5748 578 5805 portio
638 5750 856 5805 talium.
886 5748 1152 5805 Arabiam
1185 5749 1367 5805 capite
1398 5748 1699 5805 corripere:
1720 5750 1879 5805 Juve~

397 5694 563 5743 luent,
637 5694 845 5732 meram
874 5694 939 5730 ex
958 5695 1025 5731 ns
1047 5695 1157 5749 quo
1167 5694 1296 5747 Jure
1338 5694 1560 5747 virgiuo
1590 5694 1810 5732 ιιειιθιίι
1823 5694 1879 5734 et

397 5748 578 5823 portio
596 5694 856 5816 italiam,
886 5748 1152 5806 Arabiam
1185 5749 1367 5821 capite
1398 5748 1699 5821 corripere;
1720 5750 1879 5806 Juve.

1961 4678 2027 4737 ex
2073 4681 2144 4737 iis
2187 4681 2569 4751 conjecturam
2607 4678 2935 4751 faceremus,
2980 4678 3373 4750 inscriptiones
3410 4679 3555 4735 alta-

1961 4753 2125 4808 rium.
2152 4769 2275 4822 qua:
2293 4749 2391 4806 hic
2418 4768 2485 4806 ex
2511 4749 2749 4822 abrupto
2785 4750 3108 4818 traduntur,
3138 4749 3335 4805 amnes
3378 4751 3555 4822 perti-

1961 4839 2094 4879 nere
2123 4822 2194 4878 ad
2218 4822 2462 4879 basilicae
2481 4822 2773 4877 Fuldensis
2810 4828 3091 4888 ornatum,
3138 4837 3263 4893 qua
3299 4822 3556 4893 Salvato-

1961 4895 2038 4950 ris
2053 4895 2263 4978 .honori
2293 4893 2779 4978 consecrata‘fuit.
2816 4893 3093 4978 Caeterum
3214 4893 3272 4977 in
3314 4892 3411 4947 illa
3451 4892 3554 4978 de-

1961 4966 2262 5049 scriptione
2281 4966 2575 5091 pingairum
2598 4970 2666 5047 et.
2680 4965 2821 5020 situs
2850 4964 3047 5037 templi
3076 4964 3432 5036 potissimum
3451 4964 3550 5048 ha-

1961 5037 2081 5093 bita
2102 5043 2267 5102 ratio,
2291 5042 2373 5091 ita
2460 5055 2489 5092 c
2507 5037 2790 5103 altarium,
2826 5052 2947 5107 quae
2977 5041 3300 5091 sanctorum
3319 5051 3550 5101 exuvus,

1961 5114 2020 5163 et
2044 5108 2358 5164 illustribus
2386 5125 2651 5163 versuum
2681 5108 3000 5179 epigraphis
3043 5107 3278 5179 pulchra
3323 5112 3550 5179 stetere.

1962 5180 2123 5235 Unde
2152 5186 2211 5235 et
2236 5180 2398 5250 plura
2418 5179 2507 5233 hic
2527 5177 2935 5250 epigrammata
2961 5177 3130 5250 quam
3151 5178 3210 5250 in
3224 5178 3385 5250 Actis
3394 5177 3553 5250 dedi-

1962 5251 2200 5332 cationis
2230 5248 2511 5323 leguntur.
2550 5248 2680 5332 Sed,
2700 5267 2822 5332 quae
2851 5248 3041 5304 rerum
3063 5248 3316 5332 omnium
3337 5248 3553 5332 vicissi-

1963 5323 2099 5379 tudo
2112 5329 2216 5389 est,
2251 5319 2434 5394 nisque
2456 5319 2836 5394 templisitus,
2859 5319 3325 5394 neque‘altarium
3340 5320 3556 5377 velcar-

1966 5395 2181 5449 minum
2203 5391 2478 5449 memoria
2488 5394 2545 5448 in
2560 5391 2871 5464 posthumis
2881 5391 3163 5464 operibus,
3178 5397 3554 5464 praeterquam

1964 5466 2023 5520 in
2052 5466 2204 5520 hisce
2223 5465 2464 5537 scriptis,
2504 5463 2656 5519 vivit.
2700 5464 2943 5537 Tantum
2970 5463 3029 5518 in
3061 5463 3311 5536 praesens
3351 5463 3554 5537 memi-

1960 5554 2096 5618 nero
2120 5535 2467 5618 eorumque;
2498 5552 2678 5618 nuper
2699 5535 2894 5618 lucem
2923 5535 3279 5618 aspeierunt,
3301 5535 3369 5617 ut
3382 5551 3448 5590 ex
3466 5535 3557 5591 his

1960 5608 2110 5680 norit
2126 5609 2302 5663 lector
2319 5606 2415 5662 illa
2430 5606 2639 5671 ornari,
2659 5612 2715 5680 et
2738 5607 2855 5680 haec
2876 5622 2975 5680 per
2990 5606 3104 5680 ista
3119 5606 3337 5680 expleri
3371 5623 3553 5680 posse.

2032 5678 2059 5721 ἀ
2088 5681 2262 5735 Vetus
2289 5679 2512 5735 Litania
2535 5677 2826 5734 Fuldensis
2846 5678 2969 5732 etS.
3006 5678 3173 5744 Galli,
3198 5677 3420 5735 ’νεανία
3440 5697 3463 5744 ;
3482 5693 3556 5734 an

1961 5750 2250 5817 Berenice,
2274 5768 2399 5823 quae
2419 5751 2583 5824 vulgo
2620 5752 2894 5804 Verom'ca.
