4018 6160
440 237 578 298 1623

511 365 801 424 Assistunt
827 371 1016 422 tecum
1028 368 1277 423 Gertrud
1297 371 1355 423 et
1380 367 1504 440 ipsa
1533 367 1720 423 simul.

444 456 590 512 Nam
620 455 825 512 dilecta
849 456 966 512 Deo
995 456 1086 512 hic
1113 457 1220 512 rite
1247 457 1560 529 Theophila
1573 457 1790 512 mixtim

515 544 792 616 Adjungit
813 551 944 600 vota
962 551 1132 618 atque
1160 546 1306 600 favet
1333 545 1608 618 precibus.

445 633 695 705 Virginei
725 635 909 700 ﬂores,
953 635 1172 690 meritis
1192 637 1412 708 pulsate
1437 637 1768 703 Tonantem,
1813 669 1818 672 -

512 723 801 779 Placatum
832 729 890 778 et
911 723 1074 779 nobis
1095 724 1332 792 reddite,
1357 741 1562 796 ςιιωεο,
1588 726 1788 781 Deum.

687 847 934 904 XXXIV.
966 879 1031 890 ——
1063 850 1128 904 Et
1161 852 1224 903 in
1252 851 1442 904 dextro
1471 854 1649 906 altare
1680 853 1794 906 istc.

447 953 567 1010 Hoc
588 954 767 1010 altare
793 961 952 1010 tenet
969 956 1296 1012 Timotheus
1325 957 1610 1028 apostolus
1629 958 1830 1025 almus,

517 1044 717 1100 Vitalis
747 1050 984 1117 martyr,
1022 1045 1186 1100 Vitas
1206 1051 1263 1100 et
1287 1045 1406 1118 ipse
1426 1046 1614 1114 simul,

448 1133 792 1190 Fortunatus
818 1134 997 1201 adest,
1019 1135 1172 1189 Felix
1186 1134 1472 1191 Tiburtius
1487 1141 1676 1208 atque,

523 1223 865 1280 Servilianus
885 1241 1063 1292 amor,
1081 1225 1465 1297 Sulpitiusque
1485 1226 1630 1298 pius.

448 1312 660 1368 Marius
691 1318 752 1368 et
773 1313 997 1372 Martha
1015 1314 1228 1386 pariter
1251 1331 1378 1370 cum
1408 1314 1642 1386 pignore
1667 1313 1822 1382 bino,

519 1401 795 1457 Martialis
823 1409 1040 1475 martyr
1058 1420 1186 1458 cum
1214 1404 1462 1475 Diogene
1483 1404 1672 1462 simul.

450 1490 690 1547 Sanctus
716 1491 1018 1558 Firminus,
1053 1491 1326 1548 Liberalis
1353 1493 1792 1565 Fuscianusque,

521 1579 790 1635 Rusticus
819 1586 876 1634 et
903 1581 1145 1648 Firmus,
1163 1582 1426 1637 Castulus
1443 1587 1612 1654 atque
1622 1583 1829 1640 Zenon.

450 1670 592 1726 Cum
621 1667 822 1741 quibus
837 1685 912 1724 en
935 1669 1147 1741 gaudet
1173 1671 1263 1725 hic
1292 1671 1626 1727 Victoricius
1653 1677 1804 1744 apte,

521 1757 834 1816 Gentianus
849 1765 1068 1831 martyr
1089 1761 1533 1831 congratulando
1557 1767 1770 1818 manet.

451 1847 568 1902 Hos
595 1851 726 1918 peto
752 1852 835 1916 tu,
869 1854 1078 1916 orator,
1101 1849 1361 1920 precibus
1395 1851 1622 1922 placare
1647 1856 1930 1922 patronos,

523 1935 582 1992 Si
609 1937 746 1991 velis
773 1937 980 1994 summi
1010 1939 1280 1995 scandere
1301 1956 1477 2010 regna
1499 1941 1702 1996 Patris.

640 2045 858 2101 XXXV.
891 2074 956 2085 —
987 2055 1012 2086 ⁸
1034 2045 1120 2100 Ad
1145 2050 1326 2102 altare
1358 2051 1540 2103 sancti
1566 2047 1850 2119 Stephani.

450 2150 644 2208 Levita
670 2151 814 2208 hanc
843 2153 1162 2226 Stephanus
1180 2153 1348 2210 simul
1378 2160 1436 2210 et
1453 2157 1790 2213 Laurentius
1815 2173 1972 2214 aram

524 2241 810 2297 Exornant
838 2243 1074 2310 meritis,
1105 2244 1549 2318 Pancratiusque
1561 2245 1708 2318 pius.

451 2329 723 2398 Donatus,
757 2331 967 2398 Victor,
1000 2333 1348 2402 Vincentius,
1371 2340 1430 2390 et
1447 2335 1735 2408 Cyriacus,

525 2419 831 2485 Quintilius
855 2427 1074 2495 martyr
1091 2427 1262 2497 atque
1283 2423 1664 2492 Sebastianus,

454 2509 712 2582 Cumque
725 2515 930 2582 quater
948 2511 1110 2568 denis
1129 2513 1420 2570 Ferrutius
1447 2514 1568 2587 ipse
1585 2515 1866 2588 precando

526 2600 708 2654 Instat
731 2600 1092 2672 martyribus,
1121 2603 1334 2674 poscite
1349 2603 1490 2659 lucis
1513 2621 1700 2677 opem.

613 2707 860 2762 XXXVI.
896 2738 961 2749 —
995 2709 1021 2748 δ
1049 2711 1133 2764 Ad
1159 2713 1338 2778 altare
1365 2713 1547 2768 sancti
1573 2712 1888 2771 Clementis.

454 2804 561 2860 Hic
583 2804 843 2862 Clemens
872 2812 1108 2880 martyr,
1131 2809 1345 2881 pariter
1362 2825 1489 2865 cum
1505 2815 1757 2884 martyre
1770 2811 1932 2880 Lino,

528 2893 766 2949 Sanctus
779 2895 1096 2951 Alexander
1122 2903 1180 2952 et
1199 2898 1473 2954 Favianus
1511 2901 1688 2955 adest.

455 2981 774 3050 Marcellus,
799 2985 1136 3056 Stephanus,
1167 2987 1458 3042 Cornelius
1489 2995 1547 3043 et
1571 2989 1905 3062 Cyprianus,

527 3071 942 3127 Lachntumet
967 3073 1134 3128 turba
1159 3075 1434 3146 sanguine
1459 3076 1638 3132 tincta
1665 3094 1769 3134 suo
1784 3119 1799 3134 .

455 3159 678 3216 Aureus
706 3159 798 3214 hic
825 3163 1032 3232 praesul
1063 3162 1321 3218 Justinus
1349 3169 1567 3238 martyr
1587 3171 1646 3221 et
1671 3167 1792 3239 ipse

531 3247 659 3328 Rite
685 3249 888 3322 juvant
913 3250 1172 3324 precibus
1191 3257 1359 3324 atque
1381 3252 1543 3309 bonis
1574 3256 1808 3325 meritis,

458 3336 673 3410 Hisque
702 3339 1041 3419 Saturninus
1057 3347 1385 3415 martyrque
1411 3343 1684 3417 Georgius
1711 3353 1842 3419 apte

494 3461 500 3468 -
531 3427 739 3486 Exorat
759 3429 992 3500 junctus
1001 3418 1120 3502 ἰη-ο
1141 3433 1364 3504 populis
1385 3433 1710 3508 Dominum.

493 3527 500 3534 ’
531 3545 561 3578 σ
575 3532 858 3593 XXXVII.
883 3568 948 3578 —
967 3540 1053 3594 Ad
1065 3542 1244 3595 altare
1261 3546 1461 3597 sanctae
1479 3545 1518 3598 Α
1526 3543 1702 3613 gathaz
1719 3548 1978 3616 virginis.

461 3633 680 3708 Martyr
703 3635 928 3706 Agatha
950 3636 1073 3705 Dei,
1104 3637 1442 3709 Petronella,
1475 3645 1534 3698 et
1560 3647 1625 3700 tu
1652 3643 1894 3713 Iuliana,

531 3723 720 3793 Lucia,
743 3725 1045 3798 Perpetua,
1079 3743 1293 3800 nosque
1322 3729 1530 3786 Sabina
1555 3729 1697 3787 fove.

461 3811 710 3874 Praxede
735 3830 866 3871 cum
891 3832 1055 3872 sacra
1081 3815 1266 3872 foveas
1293 3833 1418 3886 nos,
1445 3819 1599 3892 virgo
1623 3821 1850 3890 Basilla,

455 3897 480 3928 "
535 3903 738 3976 Sicque
753 3904 862 3977 piis
884 3905 1102 3961 meritis
1129 3911 1326 3962 sancta
1353 3909 1726 3968 Pudentiana.

460 3989 678 4066 Regina
703 3993 858 4066 virgo
896 3996 1196 4066 conjuncta
1222 3996 1507 4053 sororibus
1534 3998 1674 4054 istis.

533 4081 620 4142 Tu
649 4079 812 4138 nobis
829 4085 1047 4156 pandas
1065 4101 1242 4158 regna
1266 4085 1384 4158 poli
1412 4087 1690 4159 precibus.

1034 242 1098 298 Β.
1139 241 1412 298 RABANI
1449 241 1682 299 MAURI
1721 241 2062 300 ARCHIEP;
2098 242 2425 302 MOGUNT.
2467 246 2764 304 OPERUM
2801 248 2984 305 PARS
3023 249 3118 304 ιν.

3581 245 3724 306 1624

2046 371 2100 432 A
2155 369 2456 428 XXXVIII.
2471 403 2536 414 —
2561 370 2588 414 ἀ
2610 375 2696 428 Ad
2719 378 2900 429 altare
2923 377 3106 428 sancti
3134 375 3288 428 Lucas
3313 375 3681 441 euangelista.

2121 475 2301 532 Lucas
2332 477 2428 549 qui
2457 479 2681 551 scripsit
2710 496 2836 534 cum
2865 480 3037 550 gestis
3068 477 3576 550 dogmataChristi,

2192 565 2404 622 Vinclis
2433 568 2522 627 hic
2552 569 2704 624 Petri
2734 569 2911 624 mixta
2933 569 3077 624 locat
3106 567 3306 640 spolia.

2119 655 2470 726 Augustinus
2493 659 2675 730 adest,
2699 659 3032 722 Germanus,
3057 658 3179 730 ipse
3199 657 3466 712 Remeins
3493 669 3540 721 ο,

2190 745 2528 802 Maximinus
2555 749 2757 819 praesul
2789 754 2957 819 atque
2986 748 3286 802 Medardus
3318 751 3465 802 ovat.

2125 833 2455 892 Ambrosius
2485 838 2694 904 doctor,
2729 839 3001 894 Eusebius
3030 845 3200 910 atque
3227 837 3510 894 Vedastus

2197 924 2494 995 Suppremi
2524 926 2682 980 nobis
2713 943 2920 981 numen
2951 926 3147 980 adesse
3179 930 3397 998 petunt.

2125 1012 2226 1068 His
2255 1013 2422 1068 simul
2453 1015 2752 1085 adjunctus
2781 1033 2881 1086 pro
2910 1015 3068 1069 nobis
3097 1020 3316 1086 martyr
3342 1021 3400 1070 et
3413 1015 3653 1070 Hermes

2195 1102 2401 1157 Exorat
2423 1103 2746 1170 Dominum,
2781 1105 3030 1176 postulat
3057 1110 3114 1159 et
3139 1103 3382 1162 veniam.

2160 1209 2407 1265 XXXIX.
2437 1241 2501 1250 —
2523 1209 2544 1250 ἲ
2573 1212 2658 1266 Ad
2687 1215 2864 1266 altare
2905 1215 3087 1266 sancti
3116 1213 3296 1268 Marci

2125 1315 2346 1371 Marcus
2369 1316 2730 1388 Evangelium
2761 1319 2857 1390 qui
2885 1319 3190 1392 scripserat
3211 1323 3332 1374 arte
3356 1319 3612 1390 Pelasga,

2197 1404 2445 1478 Martyre
2473 1423 2602 1462 cum
2632 1407 2808 1463 Paulo
2827 1408 2918 1464 hic
2949 1413 3121 1481 atque
3159 1410 3376 1464 Joanne
3401 1414 3614 1466 manet.

2127 1493 2254 1566 Ipse
2273 1494 2624 1562 Valentinus,
2649 1497 2966 1568 Gorgonius
2995 1504 3164 1569 atque
3192 1497 3486 1562 Nam-ius,

2201 1584 2487 1650 Germani,
2520 1591 2578 1640 et
2604 1593 2839 1658 septem,
2873 1587 3302 1658 Gordianusque
3325 1586 3519 1642 simul.

2129 1672 2435 1741 Candidus,
2470 1675 2776 1746 Exuperus,
2811 1677 3022 1743 Victor,
3051 1675 3350 1732 Mauritius
3367 1679 3541 1747 atque

2198 1762 2420 1818 Silenus
2450 1769 2668 1836 martyr
2691 1770 2750 1820 et
2774 1765 3104 1820 Timotheus
3128 1771 3277 1822 ovat.

2125 1849 2395 1923 Abdoque
2403 1868 2530 1907 cum
2545 1853 2748 1928 senne,
2757 1855 2998 1910 Prothus
3009 1861 3336 1928 martyrque
3347 1855 3722 1928 Hyacinthus,

2199 1939 2350 2006 Quos
2379 1941 2560 2009 nobis,
2585 1943 2825 2010 Christe,
2845 1944 2952 1999 rite
2979 1945 3165 2000 favere
3177 1945 3333 2000 facis.

2271 2049 2390 2110 XL.
2421 2080 2487 2091 —
2505 2052 2588 2107 Ad
2623 2055 2802 2107 altare
2830 2059 3031 2108 sancta?
3055 2057 3278 2123 Agnetis
3319 2055 3582 2121 Virginis.

2123 2167 2312 2238 Agnes
2341 2172 2399 2222 et
2413 2167 2742 2240 Euphemia,
2767 2170 3043 2239 Genoeva,
3070 2171 3345 2236 Susanna,
3359 2169 3652 2237 Columba,

2199 2257 2317 2311 Hoc
2345 2257 2524 2312 altare
2550 2264 2754 2314 ornant
2783 2259 2890 2314 rite
2920 2259 3038 2314 suis
3069 2259 3349 2332 precibus.

2131 2345 2273 2400 Cum
2295 2346 2454 2417 queis
2467 2351 2551 2414 tu,
2570 2347 2815 2418 Brigida,
2837 2353 2895 2403 et
2913 2352 2994 2415 tu,
3019 2349 3176 2422 virgo
3198 2349 3568 2418 Scholastica,
3582 2363 3730 2404 sem-

2202 2435 2495 2491 Placatum
2521 2435 2682 2491 nobis
2700 2436 3084 2494 Altithronum
3105 2437 3297 2494 facias.
3552 2439 3676 2510 [per

2129 2560 2273 2617 XLI.
2291 2590 2356 2602 —
2379 2561 2465 2624 Ad
2489 2564 2670 2617 altare
2697 2574 2727 2618 Β
2743 2567 2939 2690 sagcti‘
2972 2567 3246 2692 fenedicti
3273 2567 3338 2621 in
3357 2571 3554 2634 crypta
3583 2566 3728 2618 occi-

2841 2652 2918 2691 .en
2943 2653 2976 2690 a
2994 2653 3042 2690 .z.

2841 2652 3020 2691 tentati
3031 2677 3042 2690 .

2133 2749 2309 2815 Hanc,
2333 2749 2634 2806 Benedicta
2653 2751 2843 2822 Pater,
2859 2756 3118 2824 cryptam
3143 2753 3420 2808 tutaberis
3437 2768 3621 2824 aram,

2203 2841 2444 2896 Sanctus
2473 2841 2795 2898 Honoratus
2820 2843 2966 2898 hanc
2984 2844 3155 2899 simul
3183 2844 3306 2915 ipse
3330 2843 3483 2899 colit.

2073 2927 2119 2990 Ca
2137 2929 2461 2996 Eucherius,
2484 2932 2691 2999 Trudo,
2723 2934 3068 3004 Amulphus,
3085 2933 3374 2988 Servasius
3398 2932 3426 2974 ιι
3456 2939 3650 3006 atque,

2205 3020 2568 3087 Cuthbertus,
2592 3022 2744 3076 Beda
2765 3022 2855 3076 hic
2875 3023 3242 3094 Equitiusque
3271 3029 3524 3078 manent.

2133 3109 2348 3182 Hicque
2375 3110 2755 3166 Columbanus
2780 3112 2892 3166 ﬁxa
2917 3117 3033 3166 stat
3057 3112 3166 3166 rite
3195 3113 3478 3179 columna,

2203 3196 2469 3273 Martyris
2493 3205 2553 3254 et
2576 3201 2796 3254 tumulo
2825 3199 3076 3256 subsidia
3102 3207 3236 3274 apta
3259 3201 3422 3257 feret.

2402 3327 2571 3382 XLII.
2604 3356 2668 3366 —
2699 3327 2784 3382 Ad
2809 3331 2991 3382 altare
3011 3331 3192 3383 sancti
3221 3330 3452 3398 lgnah‘i.

2138 3433 2300 3490 Hunc
2317 3433 2548 3489 titulum
2575 3441 2795 3507 martyr
2821 3435 3074 3506 Ignatius
3088 3441 3146 3489 et
3163 3434 3480 3502 Florianus,

2207 3521 2499 3578 Ursicinus
2525 3528 2711 3578 servat
2738 3527 2906 3595 atque
2935 3524 3302 3594 Rogatianus.

2135 3611 2526 3668 Emmeramus
2555 3613 2732 3679 adest,
2765 3612 3038 3678 Julianus,
3074 3613 3482 3685 Patriciusque,

2209 3700 2450 3756 Sanctus
2486 3701 2836 3772 Wigbertus,
2855 3707 3072 3773 martyr
3095 3707 3154 3756 et
3165 3702 3526 3774 Hippolytus.

2139 3825 2338 3901 XLIII.
2370 3855 2434 3868 --
2469 3825 2482 3867 ί
2514 3828 2898 3901 In‘ctemcterio
2926 3828 3177 3894 fratrum
3212 3829 3272 3882 in
3289 3828 3531 3882 Ecclesia
3559 3831 3742 3882 sancti

2533 3897 2830 3965 Michaelis,
2852 3902 2914 3953 in
2934 3902 3122 3968 primo
3141 3901 3340 3954 altare.

2140 4004 2258 4061 Hoc
2283 4005 2461 4061 altare
2489 4005 2605 4060 Deo
2635 4007 2950 4062 dedicatum
2981 4011 3068 4062 est
3093 4006 3334 4061 maxime
3361 4007 3612 4072 Christe.

2213 4095 2388 4168 Cujus
2411 4095 2502 4150 hic
2529 4095 2784 4151 tumulus
2814 4102 3008 4152 nostra
3036 4097 3290 4169 sepulcra
3311 4097 3495 4168 juvat.

1454 4293 1764 4354 SCHOLIA
1785 4297 2337 4360 'CHRISTOPHORI
2375 4303 2736 4359 BROWERI.

531 4463 556 4489 ει
585 4450 912 4530 Secundum
932 4452 1130 4530 ordine
1157 4453 1308 4530 inter
1333 4451 1513 4530 editas
1559 4453 1802 4512 basilicae
1830 4457 2054 4530 epigra-
2070 4461 2120 4521 D

458 4522 618 4598 pilas,
650 4523 810 4598 cuius
837 4523 916 4598 ibi
935 4523 1172 4580 titulus:
1209 4527 1276 4580 In
1290 4529 1511 4596 porticu
1529 4522 1969 4598 septentrionali,
1990 4533 2054 4585 in

457 4595 714 4660 sinistra,
745 4596 944 4650 absidaa
969 4598 1278 4652 orientalis.

467 4711 474 4718 .
527 4663 558 4706 ῢ
582 4664 858 4741 Quartum
885 4665 965 4741 in_
983 4666 1166 4741 editis,
1199 4667 1580 4741 scriptumque
1603 4667 1714 4726 fuit
1739 4671 1825 4726 vel
1851 4670 2054 4728 inscul-

455 4741 640 4810 ptum,
666 4737 882 4792 Βαλήνων
907 4739 1113 4792 absidis
1141 4737 1450 4806 orientalis,
1467 4737 1530 4796 in
1556 4744 1775 4810 porticu
1819 4743 2052 4798 basilicas

457 4810 803 4864 mridianae.

463 4927 473 4932 _
526 4889 552 4922 ο
575 4878 950 4937 Dedicationis
979 4880 1125 4934 actio
1150 4899 1162 4934 :
1182 4883 1250 4936 In
1263 4886 1423 4950 parte
1441 4885 2050 4950 scptentrionalitrans—

452 4967 620 5008 versa
644 4953 858 5006 domus.
895 4951 966 5006 Et
981 4951 1258 5007 distichon
1279 4951 1393 5006 illic
1419 4953 1690 5010 omissum
1717 4973 1727 5007 :

640 5047 845 5111 Praxch
876 5061 986 5111 cum
1007 5063 1138 5098 sacra
1161 5049 1321 5098 foveas
1347 5063 1449 5106 nos,
1479 5049 1609 5111 virgo
1637 5050 1844 5110 Basilla;

704 5109 878 5173 Sicque
909 5110 1002 5175 piis
1036 5111 1242 5172 meritis,
1263 5117 1427 5161 sancta
1447 5109 1762 5164 Pu‘déntiana.

525 5208 552 5250 ά
573 5209 718 5266 Huic
746 5209 1138 5282 epigrammati
1165 5209 1394 5264 titulum
1416 5209 1549 5265 olim
1577 5211 1834 5267 dedimus
1855 5214 2041 5269 aloco.

453 5281 521 5350 In.
550 5281 996 5346 sinistra’arcus,
1031 5283 1132 5350 qui
1171 5283 1392 5350 respicit
1425 5283 1652 5336 domum
1693 5287 2038 5340 orientalem.

451 5349 690 5432 Jamque
723 5369 947 5408 carnem
995 5349 1055 5408 id
1104 5349 1432 5408 tetrasticho
1501 5369 1642 5409 novo
1693 5356 2043 5412 cumulatum

451 5435 654 5474 εει-ηις.

523 5502 546 5560 9
578 5490 888 5560 Remigius.

517 5559 539 5602 ΐ
573 5559 794 5638 Titulus
852 5564 986 5638 editi
1020 5567 1340 5638 carminis:
1407 5569 1473 5624 In
1525 5569 1723 5622 dextra
1781 5570 2041 5638 ejusdem,

449 5631 690 5710 carmen
705 5637 894 5710 autem
905 5635 1144 5703 duobus,
1173 5639 1270 5709 qui
1291 5637 1367 5692 ibi
1387 5639 1660 5710 praeteriti
1683 5631 1859 5709 fuere,
1875 5631 2044 5695 versi;

448 5702 591 5758 culis
609 5703 944 5774 explendum
972 5712 1075 5760 est.

2261 4457 2504 4523 Candidus
2526 4457 2790 4523 Exuperus,
2817 4464 2909 4523 ορ.

2321 4519 2514 4585 Silenus
2540 4519 2745 4585 maflyr,
2770 4525 2814 4569 ct
2843 4520 3122 4585 Timotheus
3151 4525 3274 4568 ovat.

2257 4583 2493 4646 Abdoque
2517 4597 2627 4632 cum
2652 4582 2828 4645 Setina,
2854 4583 3027 4633 Protus
3048 4588 3323 4646 martyrque
3346 4582 3671 4646 Hyacinthus,

2320 4645 2447 4703 Quos
2473 4645 2626 4703 nobis,
2657 4652 2746 4694 etc.

2202 4771 2232 4816 Β
2257 4761 2508 4836 Accessit
2535 4762 2640 4836 hac
2662 4762 2908 4836 editione
2933 4761 3238 4836 distichon,
3281 4763 3435 4834 quod
3467 4779 3738 4836 suppres-

2131 4848 2259 4888 sum
2279 4838 2366 4888 est
2391 4833 2448 4888 in
2476 4834 2630 4889 Actis
2657 4833 3042 4888 dedicationis.

2257 4955 2540 5020 Eucherius.
2563 4955 2740 5020 Trudo,
2762 4957 3077 5020 Arnulphus,
3097 4955 3340 5006 Servatius
3365 4963 3511 5020 atque

2316 5018 2624 5080 Cuthbcrlus,
2651 5017 2771 5068 Beda
2795 5017 2890 5079 hic,
2917 5017 3232 5083 Equiliusque
3260 5017 3475 5069 manent.

2201 5143 2227 5184 ¹ι
2254 5143 2558 5208 Servatius,
2592 5144 2700 5198 nisi
2731 5145 2805 5198 sit
2824 5146 3142 5200 Gervasius.

2201 5215 2633 5286 iCaemeterium
2663 5215 2785 5278 hoc,
2823 5233 2948 5272 cum
2993 5217 3294 5286 singularis
3324 5217 3553 5272 artiﬁcii
3583 5221 3734 5272 tem-

2127 5285 2240 5356 plo,
2269 5301 2415 5340 anno
2443 5283 2549 5342 8‘2'2
2577 5285 2647 5340 ab
2677 5286 2949 5341 Heistolfo
2976 5283 3418 5357 Moguntiacensi
3447 5289 3734 5357 archiepi-

2125 5373 2291 5430 scopo
2319 5357 2668 5430 dedicatum:
2704 5364 2761 5430 et
2788 5375 3046 5428 versuum
3088 5367 3440 5430 orpamenta,
3483 5375 3609 5430 qua:
3639 5357 3692 5414 hi

2128 5420 2397 5496 leguntur
2423 5427 2517 5481 lib.
2553 5443 2590 5482 η
2619 5428 2807 5498 Antiq,
2843 5430 2980 5484 Fuld
3012 5423 3026 5493 ,
3059 5424 3111 5482 τί
3131 5420 3519 5498 ᾧ,“ιηοηιοὶ·ἰεὲ
3545 5431 3729 5485 tradi-

2128 5489 2332 5554 dimus.
2352 5500 2630 5574 Superest
2655 5489 2986 5574 interjectus
3016 5489 3254 5574 basilica:
3280 5503 3352 5556 ad
3381 5503 3726 5574 septentrio-

2127 5585 2257 5624 nem
2285 5571 2460 5653 cpllis,
2486 5577 2542 5624 et
2564 5572 2620 5653 S.
2651 5571 2938 5653 Michaelis
2965 5573 3348 5653 .przepositura
3383 5571 3464 5627 et‘
3483 5574 3716 5653 templo,

2124 5641 2521 5768 lepiliruderibus
2543 5643 2742 5698 veteris
2783 5641 3027 5698 ecclesia:
3072 5641 3363 5714 suscitato,
3409 5659 3522 5700 non

2161 5728 2180 5767 ι
2223 5729 2269 5767 s.
3395 5758 3403 5766 .

2161 5728 2269 5767 1118-
