3974 6180
419 296 560 360 1631

489 426 561 484 Et
584 425 763 481 sancti
796 425 1013 494 Patres,
1045 424 1337 482 conciliate
1365 424 1577 493 Deum;

415 514 608 574 Castus
647 514 1007 588 apostolicus,
1049 515 1258 571 Christi
1286 515 1588 571 comitatus
1619 515 1908 581 honestus,

486 602 572 661 Tu
593 603 849 677 precibus
872 604 1034 661 nobis
1060 604 1260 661 limina
1288 604 1471 678 pande
1491 604 1625 678 poli.

418 692 676 766 Claviger
698 693 976 750 aethereus
1004 694 1207 750 Petrus
1234 693 1555 766 Paulusque
1585 692 1872 765 magister,

486 781 758 848 Andreas,
789 782 1032 839 Iacobus
1060 789 1231 856 atque
1269 783 1502 840 Joannis
1531 799 1691 838 amor
1717 800 1728 835 :

414 869 660 931 Thomas
688 887 818 927 cum
851 872 1074 940 Iacobo,
1116 873 1429 946 Philippus,
1462 873 1920 928 Bartholomazus.

487 961 787 1018 Mattheus
816 967 873 1018 et
903 962 1118 1029 Simon,
1151 963 1451 1019 Thaddeus
1479 968 1538 1018 et
1569 961 1828 1018 Mathias.

414 1049 682 1109 Doctrina
707 1052 1020 1123 gratulans,
1053 1053 1293 1108 rutilans
1332 1059 1391 1108 et
1439 1051 1711 1124 sanguine
1749 1049 1940 1118 rubro,

488 1141 779 1197 Victorum
807 1143 956 1199 alme
987 1143 1208 1208 chorus,
1240 1159 1342 1198 nos
1370 1159 1502 1215 rege
1531 1147 1594 1197 tu
1619 1139 1874 1197 monitis.

415 1227 722 1299 Barnabas,
747 1231 911 1299 Silas,
947 1232 1266 1304 Stephanus
1293 1232 1625 1303 Marcusque
1652 1230 1940 1304 Titusque,

484 1319 686 1388 Lucas,
719 1326 778 1376 et
805 1321 1083 1389 Clemens,
1116 1326 1344 1376 sanctus
1370 1320 1728 1393 Apollinaris.

415 1408 624 1478 Sixtus,
651 1409 985 1478 Alexander,
1016 1410 1309 1466 Cornelius
1338 1415 1398 1465 et
1418 1409 1751 1483 Cyprianus,

484 1497 656 1566 Felix,
690 1499 967 1567 Urbanus,
1010 1498 1418 1572 Mauritiusque
1445 1499 1620 1572 prius.
1855 1519 1870 1524 -

411 1586 557 1645 Cum
579 1587 738 1660 queis
763 1594 829 1644 tu
856 1589 1052 1645 doctor
1081 1588 1420 1657 Bonifacius,
1444 1589 1651 1663 inclyte
1673 1593 1908 1664 martyr,

483 1676 720 1733 Placans
747 1677 1152 1744 Altithronum,
1184 1677 1358 1734 funde
1393 1694 1604 1752 preces,
1645 1679 1912 1751 petimus.

411 1764 576 1822 Alme
592 1770 723 1822 tuos
750 1766 930 1822 socios
953 1783 1203 1834 moneas,
1235 1767 1496 1835 Martine.
1529 1784 1846 1841 precamur,

481 1853 592 1910 Pro
622 1853 786 1910 nobis
812 1855 1116 1911 Dominum
1146 1873 1376 1930 poscens
1415 1857 1524 1914 rite
1553 1855 1728 1930 pium.

411 1941 532 2004 Hoc
558 1943 692 2010 Leo,
735 1942 1020 2016 Sylvester
1061 1945 1250 2013 simul,
1284 1952 1342 2002 et
1377 1945 1660 2002 confessor
1701 1947 2012 2016 Amandus,

477 2030 808 2089 Ambrosius
832 2034 1036 2106 praesul
1071 2051 1329 2108 papaque
1350 2036 1677 2108 Gregorius.

406 2121 758 2194 Augustinus
791 2122 990 2191 honor,
1022 2123 1217 2180 doctor
1244 2125 1640 2200 Hieronymus,
1677 2131 1846 2199 smne

477 2210 818 2269 Maximinus
845 2217 1040 2286 pastor
1067 2213 1453 2288 Eusebiusque
1473 2220 1657 2288 gerat.

406 2297 543 2368 Hoc,
576 2299 895 2369 Benedicta,
929 2301 1044 2358 tuis
1080 2303 1372 2360 monachis
1399 2304 1661 2378 impende
1690 2321 2010 2378 precamur.

479 2389 623 2447 Cum
651 2388 897 2446 Antonio
924 2396 983 2447 et
1015 2391 1190 2448 Paulo
1220 2409 1396 2465 regna
1422 2391 1589 2450 beata
1609 2400 1832 2464 tenens,

405 2475 624 2552 ιιωγι-
643 2478 868 2552 Agathe
896 2479 1019 2548 Dei,
1045 2479 1232 2537 foveas
1261 2498 1357 2538 eos
1387 2482 1494 2539 rite
1521 2499 1839 2556 precamur,

475 2567 665 2640 Agnes
702 2567 784 2624 sic
811 2567 984 2642 virgo,
1009 2569 1088 2626 sic
1114 2575 1171 2626 et
1197 2571 1531 2627 Anastasis:

406 2654 598 2724 Lucia,
631 2657 884 2725 Balbina,
919 2659 1256 2728 Petronella,
1301 2660 1537 2728 Eulalia,
1569 2661 1795 2729 Thecla,

476 2745 712 2818 Regina,
745 2746 1076 2821 Euphemia,
1113 2748 1336 2817 Cecilia,
1375 2750 1645 2818 Sotheris,

409 2833 680 2907 Eugenia,
713 2836 922 2903 Prisca,
955 2837 1345 2910 Monegundis,
1377 2839 1649 2908 Praxidis,
1680 2840 1832 2908 Afra,

475 2924 784 2992 Christina,
814 2925 1062 2998 Brigida,
1095 2927 1374 3000 turbaque
1402 2935 1559 2984 casta
1586 2930 1720 3002 poli.

413 3011 689 3068 leicolaa
716 3014 923 3080 cuncti,
955 3021 1279 3072 sanctorum
1306 3017 1581 3073 exercitus
1609 3018 1793 3074 omnis

473 3100 593 3158 Hoc
622 3101 881 3175 precibus
909 3103 1079 3174 agite,
1111 3110 1176 3160 ut
1204 3121 1306 3160 nos
1336 3106 1484 3162 Deus
1510 3106 1629 3178 ipse
1655 3108 1832 3178 juvet.

403 3189 690 3264 EXpurget
718 3190 1015 3260 miserans,
1053 3193 1277 3262 exultet,
1313 3194 1530 3267 diligat,
1573 3202 1754 3264 ornet,

477 3279 687 3337 ulmeos
715 3285 916 3349 servet,
949 3287 1210 3354 protegat
1237 3288 1406 3356 atque
1437 3291 1616 3357 regat.

404 3367 515 3428 Det
532 3385 728 3442 pacem
749 3386 962 3438 veram,
985 3371 1082 3427 det
1109 3371 1338 3444 plenum
1361 3390 1567 3431 munus
1601 3376 1827 3443 amoris,

473 3458 646 3516 Actus
675 3458 772 3515 det
795 3459 1043 3532 placidos
1071 3479 1342 3535 spemque
1369 3463 1652 3537 fidemque
1679 3465 1907 3524 bonam.

403 3545 694 3605 Virtutum
723 3551 745 3574 ‘
775 3550 996 3622 copiam
1025 3550 1241 3608 tribuat
1277 3559 1637 3628 mentemque
1680 3554 2005 3628 benignam.

476 3637 546 3695 Et
569 3654 799 3697 carnem
821 3645 1058 3710 castam,
1082 3645 1308 3717 tempus
1336 3648 1394 3702 et
1421 3660 1587 3700 omne
1617 3643 1845 3713 bonum,

1017 299 1081 355 Β.
1126 297 1397 356 RABANI
1436 297 1668 357 MAURI
1706 297 2044 356 ARCHIEP.
2085 298 2411 357 MOGUNT.
2453 298 2753 357 OPERU'M
2793 297 2976 354 PARS
3014 298 3109 353 IV.

3571 299 3719 361 1632

2033 424 2086 488 Α
2107 424 2210 482 Dei
2237 426 2466 492 victum,
2495 429 2728 491 vestem,
2753 423 2894 479 ﬁdos
2923 421 3018 477 det
3043 437 3267 496 semper
3295 424 3532 494 amicos,

2174 517 2360 587 Atque
2384 514 2576 569 hostes
2604 518 2838 570 cunctos
2876 517 3067 567 arceat
3093 513 3214 584 ipse
3241 514 3458 586 procul,

2101 603 2333 662 Famem
2354 603 2616 676 depellat,
2649 602 2872 658 morbos
2899 601 3067 657 simul
3095 601 3315 660 auferat
3338 619 3567 672 omnes,

2173 694 2442 750 Conterat
2460 699 2518 748 et
2540 692 2708 764 longe
2727 691 2999 747 daemonis
3020 691 3273 746 insidias.

2099 784 2409 840 Curramus
2430 783 2560 850 laeti,
2595 788 2659 837 ut
2689 782 2979 854 capiamus
3009 796 3184 852 regna
3208 781 3397 848 beata,

2169 874 2312 928 Cum
2345 872 2569 928 Christo
2598 887 2820 927 sursum
2851 885 3075 942 semper
3101 871 3160 925 in
3188 887 3316 926 arce
3346 871 3487 944 poli.

2096 962 2292 1036 Agnus
2321 967 2512 1017 sancte
2542 961 2661 1028 Dei,
2695 961 2790 1034 qui
2813 960 2964 1016 tollis
2994 959 3236 1016 crimina
3265 962 3486 1028 mundi,

2170 1053 2404 1125 Semper
2425 1051 2485 1107 in
2513 1057 2786 1107 aeternum
2811 1055 2873 1106 tu
2903 1049 3170 1105 miserere
3199 1051 3337 1106 tuis.

2097 1142 2180 1200 Tu
2201 1157 2323 1209 nos,
2347 1140 2586 1208 Christe,
2612 1140 2765 1208 audi,
2789 1145 2852 1195 tu
2875 1139 3097 1205 exaudi,
3123 1139 3365 1208 Christe,
3385 1159 3712 1216 precamur,

2168 1231 2246 1288 Te
2265 1230 2574 1303 sequimur,
2602 1229 2842 1296 Christe,
2875 1233 2932 1283 te
2962 1229 3240 1296 volumus,
3276 1232 3564 1305 cupimus.

2098 1320 2146 1378 Ο
2174 1320 2430 1388 Domine,
2458 1319 2628 1386 salva,
2663 1319 2798 1393 quia
2824 1318 2996 1373 vitam
3026 1317 3331 1390 quaerimus
3366 1319 3471 1378 abs
3499 1329 3578 1391 te,

2167 1409 2360 1466 Redde
2384 1416 2545 1466 tuum
2573 1409 2815 1473 vultum.
2847 1407 2929 1463 sic
2956 1407 3067 1463 erit
3093 1411 3264 1480 atque
3299 1409 3464 1466 satis.

2101 1499 2186 1557 Tu
2211 1515 2323 1572 quo
2349 1499 2547 1564 virtus,
2580 1503 2646 1554 tu
2675 1497 2790 1553 vita
2813 1513 2892 1565 es,
2928 1496 3151 1553 Christe
3179 1501 3466 1569 perennis,

2171 1587 2276 1656 Tu,
2301 1587 2544 1656 Christe,
2567 1587 2802 1655 eleison,
2822 1592 2906 1653 tu,
2929 1585 3122 1659 Kyrie,
3145 1586 3380 1643 eleison.

2798 1677 2999 1732 Amen.

2034 1753 2085 1818 Β
2495 1782 2736 1840 LXXIV.
2770 1812 2836 1826 —
2874 1784 2948 1839 De
2987 1784 3314 1853 prudentia.

2097 1890 2384 1948 Virtutum
2411 1890 2624 1964 species
2655 1890 2905 1964 primum
2934 1891 3235 1964 prudentia
3262 1892 3487 1968 pandit,

2168 1981 2299 2038 Hoc
2317 1981 2513 2037 recolit
2538 1985 2760 2049 cuncta,
2782 1979 2960 2036 dictat
2985 1979 3224 2038 honesta
3246 1981 3420 2038 bona.

2399 2087 2622 2149 LXXV.
2659 2117 2724 2130 -—
2757 2088 2829 2142 De
2847 2089 3078 2158 justitia
3107 2095 3157 2143 et
3179 2090 3404 2161 pietate.

2096 2196 2326 2256 Iustitia
2355 2201 2412 2253 et
2433 2197 2614 2270 pietas
2641 2211 2746 2270 par
2777 2200 3003 2269 pactum
3031 2200 3217 2252 servat
3238 2200 3300 2253 et
3322 2212 3498 2254 omne

2166 2286 2454 2345 Iudicium
2484 2286 2599 2342 ritu
2628 2284 2856 2341 ordinat
2879 2283 3002 2358 ipsa
3040 2299 3163 2341 suo.

2331 2410 2574 2471 LXXVI.
2607 2440 2672 2454 --
2702 2412 2776 2467 De
2800 2411 3135 2480 fortitudine
3159 2414 3468 2482 patientia.

2094 2518 2337 2579 Fortiter
2363 2519 2599 2576 adversa
2638 2517 2816 2574 virtus
2848 2517 3127 2590 patientia
3159 2517 3378 2586 suffert,

2160 2607 2374 2666 Victrix
2403 2607 2689 2664 conﬁdens
2717 2607 2907 2662 tristia
2935 2613 3141 2664 cuncta
3167 2606 3347 2682 fugat.

2447 2714 2717 2772 LXXVII.
2749 2745 2813 2756 —
2844 2716 2918 2772 De
2948 2719 3336 2786 temperantia.

2087 2822 2388 2895 Temperat
2428 2838 2561 2894 ergo
2598 2821 2741 2879 bene
2784 2823 2906 2894 jam
2943 2829 3149 2879 cuncta
3186 2823 3470 2882 modestia
3497 2825 3702 2894 virtus,

2161 2912 2231 2969 Et
2263 2912 2509 2968 clemens
2537 2911 2754 2985 placide
2776 2913 2910 2983 jura
2942 2928 3191 2985 superna
3225 2913 3414 2973 dabit.

2538 3019 2804 3087 (Defectus
2833 3020 2909 3073 ad
2930 3033 3063 3089 pag.
3095 3024 3236 3089 vni.)

2158 3141 2400 3201 TITULI
2441 3143 2529 3200 ET
2570 3143 3125 3202 INSCRIPTIONES
3154 3143 3534 3205 ECCLESIAE
3562 3149 3638 3206 Ν.

2090 3268 2170 3316 ΑΒ
2200 3267 2459 3316 οτίὶΔΠΙΟ
2487 3268 2564 3314 ΒΤ
2593 3266 2835 3313 MBANO
2868 3267 3169 3322 RELIQUIIS
3199 3269 3276 3315 IT
3302 3269 3468 3318 ALIIS
3515 3271 3702 3322 om.

2571 3347 2694 3394 ιιιι
2702 3348 2800 3394 TIS
2829 3347 3212 3396 IRSTBUC‘I‘B.

2160 3445 2458 3504 LXXVIII.
2485 3477 2556 3488 —
2584 3457 2608 3486 ι
2649 3448 2837 3502 Versus
2868 3451 2931 3503 in
2967 3451 3183 3504 tumulo
3214 3452 3406 3504 sancti
3431 3447 3639 3522 Sergii.

2088 3553 2432 3628 Martyribus
2459 3555 2668 3610 sanctis
2705 3555 2888 3610 honor
2911 3559 3092 3610 exstat
3124 3555 3412 3612 maximus
3443 3556 3601 3625 orbe,

2163 3644 2405 3702 Nomine
2442 3660 2543 3716 pro
2573 3643 2782 3700 Christi
2813 3643 2908 3718 qui
2947 3659 3207 3702 meruere
3245 3645 3417 3701 mori.

1391 3822 1702 3882 SCHOLIA
1743 3822 2286 3882 CHRISTOPHORI
2325 3822 2692 3880 BROWERI.

470 3951 838 4031 {Martyrum
869 3953 1049 4027 Sergii
1074 3960 1132 4031 et
1162 3956 1362 4031 Bacchi
1400 3957 1666 4031 frequens
1705 3957 1764 4013 in
1797 3957 2011 4014 tabulis
2093 3956 2452 4031 exprimeret,
2481 3957 2586 4031 etsi
2607 3972 2720 4014 non
2749 3955 2830 4013 ita
2857 3955 3008 4013 clare
3033 3961 3101 4014 ut
3125 3955 3315 4014 locum
3342 3974 3582 4018 omnem
3609 3961 3706 4019 tol-

402 4022 797 4102 ecclesiasticis
855 4022 1149 4102 memoria.
1189 4029 1418 4102 Fratres
1471 4022 1664 4102 fuisse,
1715 4033 1774 4085 et
1811 4046 2009 4102 eorum
2090 4022 2238 4088 lerat
2265 4022 2626 4102 ambigendi:

399 4094 642 4185 ξὲξῑιειίε
657 4096 868 4185 32'9"
903 4098 962 4185 is
999 4098 1364 4185 αοτωειξίβω
1390 4094 1686 4183 mlas»
1719 4101 1870 4185 9M
1898 4101 2008 4185 ,δίς

399 4165 618 4242 idem”
645 4166 876 4244 quidem
900 4174 970 4244 ιε
985 4185 1114 4244 Vere
1131 4171 1374 4244 canitur,
1404 4187 1516 4244 non
1544 4165 1777 4244 perinde
1804 4172 2001 4229 testari

737 4238 823 4294 Ad
841 4252 916 4294 vn
933 4238 1190 4316 Octobris
1206 4238 1671 4316 Martyrologium
1686 4244 2002 4316 Romanum

399 4311 680 4396 memoret
720 4324 917 4396 οοτεψλ
949 4312 1322 4396 ωμτγςίιιιιρλ
1353 4311 1429 4370 ἐι
1451 4311 1610 4396 ρρδυε
1647 4314 1747 4396 ubi.
1774 4315 2006 4396 sergius

401 4380 658 4466 quiescit,
692 4381 950 4454 proditur
973 4380 1332 4466 _Ser'giopolis
1351 4405 1369 4466 Δ;
1411 4385 1639 4466 aliaque
1679 4385 1761 4466 ad.
1799 4380 2003 4466 horum

399 4453 718 4525 mm
745 4453 1173 4525 prmoniumfm
1190 4453 1650 4513 adnotationibus
1677 4457 1795 4513 suis
1819 4458 2005 4513 Caesar

694 4522 765 4613 οξ
784 4522 1109 4613 arsurum
1129 4528 1557 4613 φαειωθηιωῖίίεξ
1575 4527 1904 4613 orassis
1927 4531 2004 4585 At
2017 4552 2066 4613 ι)

398 4609 468 4673 ex
478 4595 994 4673 Eoinuphratesia
1001 4598 1530 4673 prov_incia_quando
1543 4601 1601 4655 in
1618 4599 1976 4673 Occidentem
1983 4641 1996 4667 ,

399 4670 459 4722 et
478 4672 544 4744 ut
563 4665 654 4744 hic
669 4665 954 4744 Hebenus,
1058 4670 1256 4744 urbem
1281 4665 1606 4744 Romuleam
1628 4665 1998 4744 penetrarint,

398 4736 523 4810 quis
553 4736 714 4810 nobis
742 4738 814 4793 ad
844 4737 1292 4810 investigandum
1321 4743 1469 4797 viam
1504 4736 1740 4810 muniat,
1775 4743 1870 4799 ubi
1913 4736 2001 4800 tot

395 4807 644 4886 historia
663 4814 991 4886 sanctorum
999 4807 1202 4886 plfusie
1221 4813 1504 4886 teneme
1523 4815 1671 4870 Satis
1691 4807 1998 4886 Gregorius

394 4879 748 4958 Turonensis
767 4880 1050 4958 docet_lib.
1088 4883 1299 4958 Fr._vu,
1329 4901 1450 4958 cap.
1485 4884 1572 4952 3i,
1603 4879 1870 4958 reliquias
1901 4903 1997 4942 eo-

395 4967 523 5029 rum
541 4951 1074 5029 Gallisinnotuisse;
1094 4954 1236 5029 satis
1256 4951 1606 5023 Anastasius,
1627 4951 1898 5029 Gregorio
1918 4959 1997 5015 III

394 5022 646 5091 sedente,
677 5023 994 5081 diaconiam
1023 5025 1128 5082 sub
1156 5043 1352 5083 eorum
1380 5029 1548 5084 titulo
1576 5022 1900 5085 sumam.
1927 5031 2001 5086 At

394 5109 631 5169 corpora
650 5101 971 5152 sanctorum
998 5099 1080 5152 vel
1099 5097 1336 5170 integra,
1357 5105 1458 5156 aut
1476 5100 1563 5154 sui
1582 5101 1798 5172 potiore
1816 5108 1994 5174 parte,

393 5164 631 5230 Romam
659 5167 850 5230 allata,
877 5174 1069 5224 manet.
1096 5168 1414 5226 obscurum.
1453 5173 1522 5227 Et
1546 5177 1735 5227 tamen
1763 5174 1995 5230 Mogun-

396 5190 631 5230 numam
659 5190 850 5235 suam,
877 5190 1069 5224 ιιιιωει
1096 5190 1414 5226 ooscurum.
1453 5190 1522 5227 at
1546 5190 1735 5227 tamen
1763 5190 1988 5244 mogun-

390 5235 656 5293 tiacensis
686 5240 1136 5313 archiepiscopus
1155 5259 1191 5297 a
1215 5249 1408 5298 sancto
1434 5243 1716 5299 Bonifacio
1737 5244 1988 5316 quintus,

517 5325 750 5438 30:11:;
755 5341 817 5438 ‘ex
839 5329 953 5380 urbe
977 5330 1064 5379 hos
1094 5331 1264 5394 ιπεδυί
1291 5331 1517 5392 Otgsrius
1547 5333 1712 5382 ambos

393 5463 542 5547 Quin
574 5471 650 5533 et,
674 5467 906 5547 basilica
923 5472 1166 5547 condita,
1192 5480 1624 5547 monumentum
1655 5482 1848 5533 sancto
1871 5478 2000 5534 Ser-

452 5553 505 5602 o,
555 5541 925 5622 venerationis
955 5549 1023 5622 et
1061 5545 1306 5622 honoris
1358 5563 1492 5622 erg)
1522 5548 1740 5622 publice
1785 5549 1990 5622 posuit.

560 5565 925 5598 veuemuoms
965 5565 1023 5599 et.
1078 5565 1306 5601 nonons
1358 5565 1422 5601 er
1460 5565 1492 5601 o
1522 5565 1740 5620 puouce
1785 5565 1990 5622 posuit.

509 5625 538 5664 e
549 5609 864 5689 jucundum
890 5613 1019 5682 fuit,
1043 5617 1237 5689 Antiq.
1265 5565 1612 5675 Lectgl‘omo
1635 5621 1700 5686 V,
1721 5622 1995 5689 hymnum

390 5679 600 5756 legere,
622 5686 832 5756 testem
861 5679 1057 5741 eorum
1084 5687 1143 5741 in
1163 5679 1452 5744 occiduum
1485 5691 1677 5747 orbem
1690 5679 1990 5756 adventus.

392 5753 600 5824 quique
621 5751 821 5808 horum
845 5761 1157 5827 martyrum
1180 5757 1373 5813 laudes
1399 5768 1455 5815 et
1486 5765 1791 5833 sepulturae
1812 5753 1991 5820 locum

2339 4152 2453 4225 inde
2478 4166 2558 4202 vos
2587 4151 2740 4225 θεοῦ.
2753 4151 3264 4225 pretiumseguentes,

2406 4214 2800 4280 assumustuobis
2824 4214 3013 4264 meritis
3033 4214 3202 4280 litato,

2377 4291 2488 4327 osos
2520 4277 2762 4388 (morionis?i
2777 4281 2830 4349 ut
2856 4281 3001 4326 vestri
3044 4277 3246 4342 nequest
3279 4291 3452 4330 nocere

2766 4340 2903 4388 "bus
2936 4338 3066 4388 istis.

2527 4340 2532 4341 “
2707 4340 2903 4389 Civibus
2936 4340 3066 4389 istis.
3120 4340 3134 4342 “

2341 4401 2597 4473 ﬂictopus
2630 4400 2799 4473 (locus)
2823 4406 2976 4473 vester
2999 4400 3236 4473 "citetur
3275 4402 3422 4464 Alba,

2335 4464 2522 4514 Civitas
2539 4464 2689 4514 sacris
2716 4465 2934 4515 decorata
2961 4464 3108 4526 guis.

2331 4526 2481 4586 Quem
2505 4539 2640 4575 sacro
2664 4527 2820 4576 sancti
2847 4526 3030 4578 cineres
3056 4527 3310 4576 adornant.

2538 4588 2732 4638 Semela
2769 4589 3008 4653 (corpora)
3045 4594 3225 4638 sancta.

2083 4692 2388 4768 Character
2401 4695 2471 4750 ab
2494 4712 2609 4768 ωνο
2624 4701 2897 4768 nepotum
2918 4695 3102 4752 Caroli
3126 4696 3343 4768 magni,
3369 4712 3508 4753 cum
3523 4698 3694 4754 helle-

2078 4765 2250 4842 nismi
2269 4767 2641 4842 aﬂ'ectatione.
2672 4765 2782 4842 Sed
2810 4767 3011 4842 Albam
3035 4767 3179 4842 hanc
3209 4765 3338 4838 quis
3371 4768 3545 4842 nobis
3565 4787 3694 4842 geo-

2077 4839 2328 4910 graphus
2364 4839 2522 4894 radio
2560 4856 2678 4910 suo,
2707 4838 2967 4910 designet
2987 4839 3095 4910 77in
3122 4855 3296 4894 censu
3325 4838 3693 4910 quidem'sno

2081 4909 2353 4981 plurimas
2389 4910 2444 4964 id
2472 4909 2715 4966 nominis
2745 4909 2914 4965 urbes
2942 4909 3125 4965 habet.
3166 4909 3472 4981 Hagiologi
3503 4929 3692 4968 recen-

2081 4928 2353 4981 piunmas
2389 4928 2444 4964 ια
2472 4928 2715 4966 nominis
2745 4928 2914 4965 urbes
2942 4928 3125 4965 naoet.
3166 4928 3372 4980 nagxon
3503 4929 3692 4968 recen-

2081 4979 2273 5057 tiores,
2297 4987 2363 5036 ut
2381 4982 2648 5057 Wicelius
2674 4981 2732 5057 in
2754 4983 2938 5057 Choro
2967 4987 3311 5057 sanctorum,
3337 4928 3693 5057 eme:er-

2081 5050 2294 5123 legium
2316 5053 2482 5124 vulgo
2504 5054 2672 5108 Petro
2692 5053 2918 5135 Canisio
2939 5054 3266 5125 ascriptum,
3285 5053 3392 5107 hos

2081 5124 2309 5179 tradunt
2336 5125 2488 5181 apud
2517 5125 2762 5180 Venetos
2792 5141 3079 5181 quiescere
3101 5143 3115 5181 ;
3141 5139 3476 5181 quanquam
3593 5143 3687 5181 me

2079 5124 2309 5196 tradunt
2336 5125 2488 5196 apud
2517 5125 2762 5180 Venetos
2792 5125 3079 5196 quiescere
3095 5124 3115 5192 ⁷;
3141 5139 3476 5195 quanquam
3516 5124 3687 5182 Wice

2075 5193 2185 5278 lius
2212 5195 2269 5250 id
2287 5193 2905 5278 constanterlaﬂirmari
2925 5196 3083 5278 nolit.
3102 5193 3238 5278 Ego,
3258 5193 3561 5278 praeeunte
3590 5199 3686 5254 Rs-

2075 5265 2240 5342 bano,
2284 5266 2367 5342 in_
2401 5267 2790 5339 Moguntinam
2847 5267 3112 5342 dimcesiu
3153 5265 3500 5342 imponat-ae
3527 5287 3687 5342 cogor

2080 5338 2326 5412 aedere
2341 5338 2530 5412 Atque
2546 5356 2613 5394 ex
2630 5338 2994 5412 sequentibus
3006 5338 3446 5412 ίθρίεηεωιηειίε
3462 5338 3680 5412 colliso.

2080 5408 2140 5482 in
2162 5408 2369 5465 celebri
2381 5408 2634 5482 quadam
2655 5408 2886 5466 basilica
2914 5411 2971 5465 S.
3199 5426 3408 5482 corpus
3436 5417 3546 5467 aut
3567 5408 3682 5468 ossa

2079 5481 2203 5550 ejus
2231 5481 2510 5554 praecipua
2536 5482 2809 5554 deposita.
2834 5483 2980 5554 Nam
3001 5481 3223 5554 thecam
3247 5481 3365 5553 qua
3390 5499 3681 5554 compone-

2079 5558 2254 5626 retur,
2287 5552 2337 5626 ei
2363 5552 2626 5609 Rabanus
2652 5553 2966 5626 faciendam
2992 5553 3214 5626 curavit
3247 5552 3447 5626 (ξεινίαν.
3489 5552 3678 5626 79),_et

2076 5623 2481 5697 confessionem
2511 5625 2760 5697 sepulcri
2771 5625 3057 5697 versiculis
3086 5623 3309 5697 ornavit
3331 5626 3543 5696 (epigr.
3561 5623 3672 5694 80);

2077 5693 2333 5768 denique,
2355 5693 2674 5768 inchoatam
2718 5696 2788 5751 ab
2817 5695 3050 5768 Otgario
3079 5695 3281 5768 ciborii

2077 5773 2134 5822 et
2153 5766 2644 5842 superimpositum
2662 5767 2830 5826 altari
2850 5766 2918 5826 Si
2933 5767 3184 5835 Martini,
3202 5767 3462 5841 partem,
3475 5767 3670 5827 utrius-
