4018 6160
356 289 491 347 1637
1116 293 1462 347 CARMINA.
1500 322 1560 332 ——
1604 288 1854 346 SECTIO
1897 287 1939 342 I.
1976 286 2316 344 POEMATA
2359 289 2451 344 DE
2494 289 2844 347 DIVERSIS.
3504 294 3641 356 1688

569 415 886 473 LXXXVII.
925 446 986 456 —
1021 427 1044 456 ι
1086 418 1151 471 In
1180 420 1399 472 ecclesia
1438 417 1733 472 Vodilhohz‘.
1950 452 1954 456 -
1979 415 2018 471 A
2046 411 2318 469 Omnibus
2347 414 2438 470 hic
2466 416 2674 471 sanctis
2702 416 2859 487 digni
2887 416 3244 476 celebrantur
3270 421 3510 480 honores

351 525 603 598 Scriptor
632 523 918 595 Evangelii
947 524 1183 579 dilectus
1213 525 1320 580 rite
1347 527 1608 593 Joannes,
1681 531 1689 541 '
2113 503 2386 560 omnibus
2414 505 2560 560 hanc
2580 522 2737 561 “ram
2769 506 2962 564 R3133“
2992 514 3051 564 et
3079 509 3198 581 ipse
3219 511 3390 569 dedit-

421 617 566 672 Cum
590 616 742 670 Luca
770 615 914 669 hanc
943 615 1130 669 aulam
1159 622 1446 671 consecrat
1471 633 1540 672 en
1569 617 1737 672 socio.
2527 615 2724 670 XCIII.
2756 645 2819 654 —
2859 619 2926 670 De
2969 633 3145 672 cruce.

347 705 561 763 Ῐωδιιίῐ
579 705 724 798 han?
747 721 906 758 aram
935 704 1227 760 Cornelius
1251 723 1314 760 ac
1343 707 1675 777 Cyprianus,
2037 717 2183 772 Crux
2213 718 2384 773 micat
2410 720 2560 774 alma
2588 721 2708 787 Dei,
2743 721 2929 777 divino
2960 740 3191 779 munere
3220 725 3405 798 plena,

419 795 546 868 Ipse
575 794 892 887 Bonifacius
923 799 1092 887 atque
1115 795 1432 887 Dionysius.
1505 886 1510 887 γ
2103 807 2387 879 Sanguine
2420 825 2587 881 quam
2620 809 2879 865 Christus
2905 819 3195 869 consecrat
3220 794 3342 887 ipse
3371 829 3492 869 suo.

347 884 452 942 Hic
476 884 750 958 praecibus
777 889 926 940 astat
949 885 1277 940 Vincentius
1307 890 1364 941 et
1386 886 1672 958 CyriacuS,
2031 893 2211 958 Quam
2242 912 2439 967 precor
2466 903 2715 952 astantes
2743 899 2929 953 cuncti
2960 884 3263 973 cunctique
3285 901 3563 968 sedentes,

422 976 676 1048 Cumque
700 975 1001 1030 Valentino
1029 975 1292 1030 Rusticus
1322 980 1469 1030 astat
1497 991 1688 1031 ovans.
2105 983 2397 1056 Condigna
2424 987 2588 1042 laude
2615 1004 2837 1060 semper
2866 994 3052 1044 amate
3083 990 3253 1062 piam.

347 1066 666 1138 Gorgonius
694 1071 928 1138 martyr,
962 1065 1294 1121 Paneratius
1325 1067 1463 1138 ipse,
1498 1065 1821 1139 Naborque,
2594 1094 2784 1149 XCIV.
2823 1127 2886 1136 _
2923 1097 3078 1152 Ῑισγη,

407 1156 709 1212 Ἀεεὶεῐιιηῐ
736 1155 993 1228 precibus
1022 1155 1223 1228 hicque
1253 1155 1634 1211 Sebastianus.

347 1246 469 1303 Hoc
495 1245 674 1302 altare
697 1247 917 1311 Petrus,
952 1245 1224 1312 Andreas,
1259 1246 1468 1300 Paulus
1497 1251 1554 1300 et
1583 1245 1721 1318 ipse,

419 1336 706 1392 Exornant
731 1335 948 1390 meritis
976 1340 1145 1406 atque
1173 1335 1345 1389 sacris
1370 1335 1648 1406 precibus.

349 1425 494 1481 Cum
524 1425 729 1498 quibus
756 1426 847 1480 hic
871 1425 1125 1496 gaudens
1162 1425 1436 1480 Martinus
1465 1424 1667 1497 praesul
1708 1423 1942 1491 ovando,

417 1515 648 1571 Assistit
673 1515 814 1570 votis
851 1519 1076 1570 sanctus
1110 1519 1166 1569 et
1197 1515 1466 1570 Hilarius.

2033 1194 2140 1261 Qui
2167 1212 2330 1252 cruce
2359 1199 2606 1256 conﬁxus
2633 1202 2920 1274 praestavit
2943 1203 3094 1260 dona
3115 1203 3334 1270 salutis,

2101 1285 2214 1341 Vos
2234 1287 2399 1342 corde
2431 1295 2488 1344 et
2515 1306 2682 1344 carne
2711 1297 2971 1364 protegat
2997 1298 3166 1366 atque
3193 1300 3373 1366 regat.
3508 1368 3512 1371 _

2031 1375 2338 1431 Consilium
2369 1378 2616 1450 prudens
2653 1379 2868 1436 tribuat
2896 1388 3066 1454 atque
3096 1383 3234 1439 utile
3262 1381 3512 1452 verbum,

2100 1466 2300 1522 Actum
2334 1467 2648 1540 paciﬁcum,
2678 1463 2903 1542 tempus
2930 1476 2987 1526 et
3015 1488 3180 1528 omne
3209 1473 3438 1531 bonum.

347 1603 518 1677 Virgo
546 1605 727 1661 Maria
755 1604 859 1660 Dei
887 1604 1128 1676 genitrix
1157 1604 1367 1659 intacta
1394 1604 1683 1671 Tonantis,
2611 1575 2774 1631 XCV-
2808 1607 2870 1618 -
2904 1579 3058 1634 nemo

417 1694 522 1749 Hic
541 1711 786 1766 praesens
815 1694 965 1750 adsis
995 1695 1120 1767 ipsa
1145 1695 1260 1750 tuis
1285 1694 1524 1750 famulis,
1961 1736 2010 1798 Β
2030 1680 2145 1798 Qui
2165 1697 2329 1736 cruce
2358 1684 2606 1798 confixus
2637 1685 2925 1798 renovavit
2951 1687 3228 1798 sanguine
3259 1687 3551 1760 mundum,

464 1784 475 1796 ο
576 1785 615 1798 η
683 1785 736 1798 η.
865 1790 874 1798 .
1040 1786 1053 1798 Α
1280 1790 1288 1798 ,
1449 1790 1455 1798 .
1575 1785 1588 1798 Α
1689 1783 1722 1798 ,ι
2148 1787 2209 1798 Α...
2237 1771 2411 1798 -..ηηζη
2487 1789 2546 1798 ...ι
2579 1773 2794 1798 ,ελ-η.-.-
2869 1791 2969 1798 ,-..-
3032 1775 3136 1798 3-,Α
3164 1777 3277 1798 :__-
3324 1779 3534 1798 j---__-,,-

343 1783 535 1853 Lucio,
571 1785 796 1852 Cecilia,
823 1790 995 1856 atque
1023 1786 1211 1856 Agnes
1241 1790 1298 1840 et
1318 1790 1532 1857 martyr
1559 1783 1798 1857 Agatha,
1961 1771 2009 1798 ³³
2101 1771 2209 1826 Per
2233 1771 2412 1827 crucis
2443 1773 2546 1828 hoc
2578 1773 2800 1843 signum
2825 1774 2972 1830 hanc
2992 1775 3140 1832 dicet
3163 1777 3284 1850 ipse
3313 1779 3564 1839 domum.

413 1873 617 1930 Adsint
643 1875 734 1930 hic
762 1879 950 1930 tecum
981 1891 1194 1946 nosque
1227 1876 1424 1945 juvent
1451 1874 1728 1946 precibus.
2573 1880 2765 1936 XCVI.
2803 1911 2866 1922 —
2910 1885 3070 1940 Item.

627 2000 975 2056 Lxxxvm,
1011 2031 1074 2042 _
1110 2002 1176 2055 1n
1208 2004 1416 2070 σαρειια
1446 2001 1653 2054 Mauri,
2026 1985 2175 2041 Crux
2203 1985 2321 2042 hac
2349 1990 2544 2042 sancta
2575 1987 2677 2042 Dei
2708 1988 2999 2059 eonsignet
3026 2006 3264 2047 munera
3289 2009 3516 2065 mense,

2099 2073 2296 2130 Divino
2326 2075 2472 2130 dono
2517 2075 2718 2147 pocula
2743 2093 2870 2131 eum
2901 2077 3156 2149 dapibus.

2024 2162 2094 2218 Et
2122 2163 2291 2219 Pater
2317 2164 2437 2236 ipse
2464 2165 2664 2220 sedens
2694 2181 2936 2238 expenso
2973 2183 3226 2237 munere,
3259 2169 3450 2243 largus

2095 2252 2184 2308 Sis
2208 2253 2377 2327 inepi,
2411 2271 2635 2326 semper
2665 2254 2902 2327 hospitis
2928 2259 3047 2312 esto
3078 2274 3312 2315 memor.

339 2106 616 2166 Omnibus
630 2113 716 2164 est
729 2109 994 2181 locuples,
1021 2109 1117 2180 qui
1147 2107 1312 2163 rebus
1333 2107 1582 2163 abundat
1601 2108 1868 2176 honestis,

411 2197 516 2254 Cui
536 2214 772 2270 superas
800 2198 1058 2253 Christus
1086 2197 1306 2253 divitias
1332 2197 1549 2253 tribuit.

337 2285 524 2345 Flecte
535 2304 704 2360 genu,
731 2289 826 2360 qui
844 2288 1039 2355 intras,
1061 2287 1350 2342 Christum
1368 2293 1431 2342 tu
1453 2294 1509 2342 et
1519 2304 1726 2359 pronus
1746 2288 1937 2354 adora,

410 2377 586 2450 Cujus
613 2378 800 2448 imago
830 2395 998 2449 super
1027 2378 1174 2449 picta
1201 2377 1387 2432 colore
1417 2378 1606 2432 micat.
2570 2363 2713 2417 XCV
2717 2363 2789 2419 H-
2825 2393 2889 2404 --
2920 2367 3078 2420 Item.

335 2465 475 2534 Lux,
506 2468 615 2534 via,
649 2468 783 2533 vita,
817 2467 985 2534 salus,
1020 2467 1093 2521 sit
1122 2483 1335 2521 merces
1367 2467 1625 2523 omnibus
1647 2468 1827 2524 isthic.
2022 2463 2104 2520 En
2131 2479 2266 2520 crux
2295 2463 2447 2519 alma
2474 2463 2576 2520 Dei
2608 2465 2924 2520 venerando
2952 2465 3130 2538 fulget
3157 2467 3388 2538 amictu,

407 2556 517 2622 Qui
545 2557 769 2612 Christo
790 2557 1032 2612 reddunt
1057 2557 1246 2611 debita
1268 2563 1396 2612 vota
1426 2557 1534 2629 pie.
2093 2554 2228 2618 Qua
2261 2554 2568 2609 Salvatoris
2601 2554 2777 2610 tincta
2807 2570 3005 2611 cruore
3029 2556 3157 2612 tuit.

336 2645 420 2705 En
446 2663 562 2703 una
589 2648 862 2720 templum
889 2647 1128 2702 Domino
1155 2646 1245 2701 hic
1273 2651 1432 2718 parte
1461 2646 1740 2713 ministro,
2020 2642 2196 2710 Hanc,
2225 2659 2456 2715 praeor,
2489 2649 2646 2699 orate
2675 2643 2938 2700 submissi
2965 2644 3133 2702 dicite
3161 2645 3376 2712 laudes,

405 2733 632 2790 Devotis
662 2736 831 2790 aliam
871 2735 1042 2789 reddo
1073 2735 1303 2789 domum
1335 2735 1578 2790 famulis.
2087 2734 2138 2788 A
2166 2733 2388 2788 Christo
2413 2733 2652 2788 Domino
2680 2734 2891 2810 poscite
2919 2733 3058 2789 lueis
3077 2751 3260 2808 Opem.

333 2822 519 2888 Quam
539 2824 699 2881 dulce
727 2830 783 2880 et
799 2831 1025 2896 gratum
1041 2830 1144 2891 est,
1167 2824 1369 2879 fratres
1388 2824 1717 2896 ΡΘΓΡθηάίιθ
1728 2825 1933 2892 Cumas
2171 2839 2423 2896 XCVIII.
2455 2869 2519 2881 --
2550 2841 2618 2895 In
2646 2857 2804 2896 cruce
2834 2842 3196 2898 Gundramm’
3221 2845 3454 2899 comitis.

407 2915 571 2970 Stare
600 2915 788 2981 choro,
822 2919 879 2969 et
904 2913 1138 2986 placidis
1169 2914 1416 2969 coelestia
1447 2915 1684 2986 psallere
1712 2914 1893 2970 verbis
1919 2916 1932 2969 !
2016 2947 2563 3020 mequoquecem
2589 2949 2742 3003 salus
2763 2949 2960 3004 mundi
2973 2951 3612 3026 etconmorezniat,

418 3042 711 3099 LXXXIX.
739 3071 802 3082 —
818 3042 954 3096 Item
992 3043 1057 3096 in
1087 3041 1272 3096 eadem
1303 3043 1511 3110 capella
1537 3043 1601 3095 de
1629 3043 1846 3110 ﬁguris.
1954 3063 2000 3126 ο
2089 3037 2429 3110 Perpetuam
2453 3037 2628 3093 vitam
2657 3037 2908 3093 conferet
2932 3037 3056 3111 ipsa
3082 3039 3210 3111 piis.

330 3150 534 3206 Gratia
561 3150 713 3204 clave
749 3148 932 3220 aperit
960 3165 1081 3220 qua:
1111 3148 1301 3204 clausa
1330 3147 1626 3220 prophetia
1655 3147 1862 3216 condit,

2025 3127 2162 3182 Nam
2182 3127 2362 3183 crucis
2381 3127 2487 3183 hoc
2506 3127 2731 3199 signum
2761 3127 3163 3184 Gundramnus
3189 3130 3440 3202 jusserat
3469 3145 3612 3190 esse.

403 3240 538 3306 Quae
569 3240 656 3294 lex
685 3217 995 3310 significat,
1020 3245 1077 3293 et
1105 3256 1227 3309 quae
1255 3217 1643 3310 hagiographa
1671 3239 1895 3308 ﬁgurat,

1868 3254 1895 3305 ὅ
2088 3217 2192 3272 Cui
2218 3217 2368 3272 Deus
2397 3218 2752 3290 omnipotens
2774 3219 3008 3291 praemia
3036 3219 3167 3275 laeta
3193 3227 3372 3292 paret.
3441 3235 3455 3248 ‘

329 3325 562 3384 Psallite
588 3345 705 3394 vos,
733 3327 893 3399 pueri
921 3326 1052 3392 laeti,
1087 3332 1145 3381 et
1172 3325 1484 3382 benedicite
1509 3325 1752 3390 Christo,
2110 3324 2304 3380 XCIX.
2322 3327 2474 3380 —De
2503 3329 2760 3394 reliquiis
2792 3327 2856 3380 in
2885 3329 3128 3396 quadam
3156 3343 3293 3383 arca
3311 3331 3526 3398 pos-itis.

401 3418 529 3491 Ipse
557 3417 714 3473 dabit
738 3416 893 3472 vobis
922 3416 1152 3488 praemia
1185 3415 1312 3470 laeta
1342 3416 1489 3486 polo.
2013 3430 2294 3500 Angelicis
2323 3432 2428 3486 alis
2454 3432 2568 3486 hzec
2598 3447 2727 3485 arca
2756 3436 2982 3501 tegatur
3011 3431 3236 3504 ubique,

866 3524 980 3579 XC.
1011 3553 1075 3564 —
1107 3524 1180 3578 De
1208 3538 1385 3577 cruce.
2012 3518 2153 3578 Ecce
2174 3518 2343 3576 beata
2367 3520 2566 3576 cohors
2593 3522 2818 3592 Agnum
2847 3520 3157 3576 circumdat
3182 3523 3440 3584 honeste.

329 3629 610 3689 Vexillum
639 3631 862 3687 Domini
893 3631 988 3702 qui
1018 3629 1153 3686 vicit
1178 3634 1394 3684 tartara
1421 3627 1650 3696 Christi,
2089 3610 2160 3666 Et
2186 3625 2386 3682 Ρωοον
2409 3615 2467 3666 et
2493 3615 2692 3676 mater,
2726 3627 2848 3665 801‘s
2867 3615 2925 3666 et
2946 3611 3272 3683 8P08t01ica-

403 3722 486 3779 En
513 3723 680 3778 rubet
708 3723 799 3777 hic
827 3721 1042 3793 pictum
1070 3720 1193 3774 luce
1217 3717 1478 3774 micando
1504 3732 1666 3773 nova.
2781 3719 2846 3773 C.

328 3811 599 3885 Quisquis
628 3811 774 3866 hanc
801 3809 1003 3878 cernis,
1033 3809 1197 3865 laetus
1221 3813 1284 3864 tu
1313 3807 1484 3864 dicito
1512 3807 1734 3864 Christo
1771 3823 1786 3864 :
2015 3817 2168 3884 Quos
2193 3820 2355 3874 vetus
2383 3821 2552 3889 atqiie
2579 3828 2722 3871 nova
2750 3813 2952 3871 habuit
2977 3815 3065 3871 lex
3083 3831 3211 3872 ecce
3234 3816 3479 3890 piorum,

403 3902 640 3975 semper
666 3901 726 3956 in
751 3903 1025 3957 aeternum
1056 3899 1238 3968 gloria
1262 3914 1470 3970 magna
1498 3899 1632 3954 Πθο·
2014 3907 2118 3964 Hic
2135 3914 2363 3983 patrum
2389 3905 2570 3980 spolia
2595 3911 2790 3962 nostra
2817 3905 2908 3979 pie
2935 3905 3146 3963 viscera
3176 3907 3446 3970 condunt.

923 4005 1066 4061 XCI.
1097 4037 1161 4048 —
1191 4006 1348 4060 Item.
2759 4013 2849 4069 CI.
3403 4083 3409 4090 .

328 4116 484 4173 Crux
508 4113 829 4169 veneranda
857 4112 959 4169 Dei
990 4114 1122 4168 solis
1151 4115 1267 4170 haec
1291 4113 1468 4184 fulget
1494 4112 1564 4168 ab
1594 4116 1740 4180 ortu,
2011 4112 2278 4186 Martyris
2305 4111 2396 4168 hic
2421 4112 2554 4168 almi
2586 4111 2677 4184 pie
2704 4111 2930 4168 condita
2959 4113 3212 4169 membra
3233 4113 3548 4188 quiescunt,

327 4203 553 4277 Mitigat
573 4203 690 4258 haec
721 4203 913 4259 Austri
943 4203 1266 4259 minitantia
1291 4203 1469 4259 ﬂabra
1494 4203 1786 4276 procellas.
2083 4203 2219 4268 Quae
2247 4203 2505 4258 Christus
2533 4202 2708 4274 signis
2735 4202 3049 4273 gloriﬁcare
3079 4203 3252 4276 cupit,

330 4293 464 4351 Haec
490 4293 726 4367 Zephyri
755 4294 975 4350 nimbos
1005 4299 1061 4349 et
1089 4294 1326 4350 flumina
1353 4294 1511 4366 pellit
1539 4293 1608 4348 ab
1637 4294 1774 4362 aede,
2014 4291 2117 4348 Hic
2145 4293 2360 4348 claudis
2386 4308 2634 4364 gressus,
2659 4293 2850 4348 lumen
2870 4293 2960 4347 hic
2987 4293 3247 4348 redditur
3269 4292 3407 4351 orbo
3430 4312 3451 4350 t-

330 4383 463 4440 Hee
493 4384 684 4439 Boreae
709 4385 923 4455 gelidos
953 4385 1258 4457 compescit
1283 4384 1493 4455 frigora
1521 4384 1712 4439 ﬂatus.
2080 4383 2346 4439 Infirmus
2373 4399 2588 4450 curam,
2620 4397 2752 4438 sons
2771 4381 2922 4454 capit
2940 4388 2997 4438 et
3026 4381 3264 4442 veniam.

327 4471 555 4529 Christe
579 4473 707 4547 pius
735 4475 1006 4531 Dominus
1034 4476 1216 4532 visum
1245 4492 1340 4529 cor
1365 4474 1545 4544 dirige
1575 4474 1788 4543 dextra,

1700 4490 1788 4543 ira,
1940 4508 1994 4570 Β
2331 4489 2448 4546 CII.
2482 4519 2546 4530 —
2575 4487 2664 4546 Ad
2694 4492 2874 4544 altare
2909 4492 3090 4544 sancti
3117 4492 3287 4546 Petri.

398 4560 586 4620 verba
614 4563 764 4620 Deus
795 4564 1004 4621 famulo
1033 4565 1204 4621 redde
1236 4564 1472 4636 Pmbata
1501 4569 1617 4619 tuo‘
1933 4560 1989 4640 ι-
2007 4598 2198 4656 Castus
2216 4597 2554 4669 apostolicus
2581 4596 2795 4668 pariter
2823 4611 2950 4652 cum
2977 4596 3230 4670 principe
3253 4577 3443 4657 Petro.

566 4707 738 4764 XCII.
764 4736 828 4751 -
859 4710 928 4764 In
950 4725 1055 4763 ara
1085 4710 1277 4764 Mauri
1295 4711 1376 4763 vel
1406 4710 1469 4762 in
1497 4723 1678 4778 capsa.
2076 4689 2153 4744 HC

1625 4724 1678 4762 α,
2076 4689 2195 4744 Hoc
2223 4688 2402 4742 altare
2421 4692 2619 4741 tenens
2647 4685 2938 4741 ecclesiam
2974 4685 3212 4744 dedicat.

1069 4833 1084 4852 ι
1102 4851 1112 4852 7
1133 4849 1146 4852 _
1377 4849 1407 4852 __
1644 4832 1672 4852 1
2010 4778 2137 4852 Ipse
2165 4777 2272 4833 sibi
2301 4776 2663 4832 commissum
2699 4781 2893 4849 pastor
2919 4782 3107 4836 servat
3133 4777 3296 4845 ovile,

296 4829 458 4941 '5???
487 4831 657 4941 {’7‘}?
678 4831 1351 4941 Ῥὲἷθδῖίδυξέίθφνδίυῖ
1375 4849 1622 4941 ηεπξει.υθ
1639 4832 1844 4941 Ρθθίίδν
2014 4829 2358 4941 "isan
2373 4829 2558 4940 at;
2573 4829 3032 4938 ’ἑθεὶιῖιέὀίιόὲἑιθ
3047 4829 3403 4941 Siqui—How.

326 4920 461 4979 Haec
487 4922 870 4980 eonfessorum
899 4922 1090 4996 spoliis
1114 4939 1245 4996 pars
1283 4924 1390 4979 rite
1418 4923 1678 4996 refulget.

325 5009 459 5069 Haec
488 5030 668 5087 praeco
700 5019 758 5070 et
783 4992 962 5070 sancti
1007 4992 1380 5072 numerantur
1422 4992 1592 5087 parte
1621 5012 1912 5090 prophetae.

2023 4995 2158 5052 CIII.
2191 5024 2255 5037 —
2294 4995 2484 5050 Versus
2502 4995 2672 5064 juxta
2699 5007 2894 5065 corpus
2923 4993 2950 5034 ι’
2987 4995 3271 5050 Permem'i
3310 4992 3610 5057 scribendi.

323 5100 650 5174 Virginibus
677 5103 852 5161 sacris
880 5104 970 5161 hic
991 5109 1220 5178 praestat
1247 5104 1404 5177 virgo
1433 5105 1630 5161 Maria.
2012 5103 2344 5162 Permenius
2365 5101 2570 5176 praesul
2599 5100 2829 5172 Christi,
2861 5101 3145 5161 confessor
3168 5106 3227 5158 et
3253 5099 3392 5174 ipse,

1315 5311 1625 5368 SCHOLIA
1667 5307 2206 5370 CHRISTOPHORI
2228 5303 2607 5365 'BROWERI.

401 5493 428 5530 ι
455 5487 530 5562 At
549 5487 717 5562 quod,
747 5489 817 5562 _In
845 5491 1069 5562 ecclesia,
1103 5487 1401 5554 Vodilhohi,
1436 5491 1732 5562 scriptum,
1770 5491 1928 5547 inve-
2010 5490 2200 5548 densis
2227 5506 2301 5545 an
2342 5489 2628 5562 Metensis,
2653 5489 2730 5562 de,
2751 5503 2862 5562 quo
2891 5489 3178 5544 certamen
3203 5483 3401 5562 est,_in
3416 5481 3604 5562 me

328 5557 631 5631 stigatione
655 5560 761 5614 loci
788 5577 900 5617 non
931 5561 1095 5629 obvii,
1126 5561 1324 5630 fateor,
1358 5557 1585 5619 aliunde
1615 5557 1817 5619 merito
1840 5580 1928 5619 ex-
2010 5562 2310 5618 matricum
2359 5561 2602 5616 ecclesiae
2658 5557 2899 5626 tabulis,
2958 5558 3252 5631 metropoli
3300 5557 3608 5631 Treveriea

328 5627 570 5714 8Ρᾷοῇξὶ
592 5632 886 5714 judiciugn-
1051 5627 1089 5714 _'
1196 5705 1235 5714 _
1314 5627 1319 5630 ’
1372 5706 1384 5714 _
1433 5707 1445 5714 μ
1609 5705 1646 5714 η
2010 5632 3013 5714 annexis,_inquirimus_..Meldensem
3050 5627 3603 5714 sive..Metens_em‘t‘a-

402 5703 430 5780 κέ
459 5698 764 5780 Priminus,
809 5703 1154 5780 Permenius,
1195 5705 1536 5780 Pyrminius,
1575 5705 1799 5780 aliaque
1827 5723 1924 5780 va-
2007 5712 2147 5780 tear,
2163 5698 2526 5780 antiquorum
2546 5703 2796 5780 indicum
2821 5704 2931 5780 ﬁde
2951 5718 3062 5780 non
3083 5698 3607 5780 obtinebis.!‘_l'ithe-

402 5723 429 5742 ¹³
459 5723 764 5770 nummus,
809 5723 1154 5771 rermemus,
1195 5723 1536 5777 t'yrmmius,
1575 5723 1799 5780 aliaque
1827 5723 1924 5762 νει-
2007 5723 2281 5773 tear,ann
2323 5723 2526 5764 uorum
2546 5723 2793 5759 Indicum
2821 5723 2931 5758 nae
2951 5723 3062 5757 non
3083 5723 3601 5757 OD'I'JIIBOIB.1'I'IUIUI

331 5773 536 5831 rietate
578 5775 750 5846 hujus
777 5775 1022 5847 episcopi
1051 5792 1259 5837 nomen
1286 5779 1483 5854 legunt
1519 5785 1756 5839 veteres.
1785 5779 1926 5840 Mel-
2007 5777 2156 5841 mins
2171 5723 2516 5839 Melaensem
2535 5775 2864 5849 pronuntiat
2886 5775 3008 5834 sine
3025 5773 3234 5844 dubio:
3261 5770 3601 5831 nos‘lletenr
