4018 6160
348 158 476 218 1641

416 286 551 351 Qua:
578 287 884 341 Salvatoris
906 288 1079 358 pollet
1098 288 1310 342 honore
1330 288 1441 359 pio.

346 375 592 447 Virginis
613 375 704 430 hic
722 376 921 430 matris
939 377 1259 431 conduntur
1278 394 1515 445 munera
1533 395 1709 436 sacra.

419 465 556 530 Quae
586 465 885 519 Dominum
910 466 1105 520 mundi
1126 466 1303 520 edidit
1320 483 1385 520 ex
1414 474 1596 522 utero.

347 554 626 609 Martinus
650 554 876 626 pnesul,
901 554 1069 609 simul
1090 555 1178 609 hic
1200 554 1459 626 Sabaque
1479 556 1731 619 eremita,

422 643 693 714 Princeps
703 647 760 696 et
772 643 991 707 Petrus,
998 644 1212 713 pariter
1221 650 1548 716 martyrque
1560 646 1945 699 Emeramnus.

352 733 434 787 En
450 732 585 803 Jesu
608 729 816 785 Christi
841 731 991 802 picto
1013 730 1270 785 consistit
1290 731 1494 803 imago,

424 822 488 876 In
509 836 690 892 capsae
710 820 930 890 gremio
950 826 1217 891 quattuor
1235 826 1292 875 et
1310 838 1627 891 procerum.

352 911 554 965 Petrus
572 926 700 964 cum
720 909 897 963 Paulo
916 909 1266 963 sanctissima
1284 910 1438 981 virgo
1459 911 1654 975 Maria,

423 1000 493 1055 Et
519 998 758 1053 Michael
779 998 1038 1069 princeps
1053 1004 1204 1052 recte
1224 1005 1420 1053 tenent
1441 1000 1639 1054 latera.

356 1089 475 1143 Hoc
496 1105 655 1160 opus,
692 1088 798 1142 hoc
816 1088 1025 1143 etenim
1045 1088 1207 1157 jussu
1229 1088 1465 1143 confecit
1483 1088 1756 1153 Isanbert,

426 1178 544 1232 Hoc
566 1176 824 1249 Rodulph
846 1177 1029 1248 pictor
1041 1183 1164 1231 arte
1184 1194 1467 1248 manuque
1485 1178 1658 1233 dedit.

353 1264 642 1320 Ambobus
665 1265 922 1320 Christus
943 1282 1118 1337 regna
1132 1271 1196 1321 tu
1214 1267 1387 1321 redde
1415 1267 1690 1338 polorum.

427 1355 564 1422 Hoc,
588 1370 784 1409 omnes
802 1354 1000 1421 sancti,
1026 1354 1237 1426 poscite
1253 1372 1349 1409 vos
1367 1354 1643 1427 precibus.

507 1481 620 1534 CX.
646 1510 711 1520 -—
744 1481 933 1535 Versus
958 1482 1019 1534 in
1044 1482 1195 1535 theca
1222 1482 1513 1549 Evangelii
1530 1482 1846 1548 corner-{pta

357 1587 518 1644 Hanc
533 1587 752 1642 thecam
773 1588 844 1641 ad
862 1587 1086 1642 laudem
1114 1587 1319 1642 Christi
1335 1588 1414 1642 sic
1433 1588 1672 1642 condere
1681 1585 1870 1657 jussit,

432 1676 696 1731 Rabanus
713 1677 937 1747 praesul,
963 1693 1155 1732 servus
1175 1682 1233 1730 et
1248 1677 1369 1748 ipse
1388 1677 1510 1731 Dei.

359 1764 425 1821 In
451 1781 562 1836 quo
582 1771 641 1819 et
657 1766 1021 1837 Evangelium
1038 1770 1298 1820 sanctum
1318 1771 1573 1835 gestetur
1592 1766 1839 1828 honeste,

436 1854 673 1919 Quando
693 1854 941 1909 lecturus
964 1855 1070 1909 hoc
1084 1854 1353 1909 diaconus
1373 1854 1499 1910 erit.

1089 1981 1231 2036 CXI.

365 2087 667 2160 Presbyter
688 2093 746 2141 et
764 2093 981 2159 martyr
1001 2087 1229 2153 Christi,
1252 2087 1558 2153 Theodule,
1574 2102 1889 2159 precamur,

437 2176 544 2242 Qui
566 2177 624 2231 in
644 2177 799 2232 ccelis
815 2177 1027 2248 gaudes
1046 2194 1175 2232 cum
1198 2176 1361 2232 sociis
1380 2177 1608 2248 pariter,

364 2265 579 2321 Artiﬁci
602 2271 667 2321 ut
685 2266 906 2321 veniam
925 2282 1122 2337 poscas
1142 2272 1199 2321 et
1218 2267 1367 2321 dona
1381 2266 1599 2332 salutis,

437 2355 635 2410 Gratia
655 2355 802 2427 quod
825 2355 1034 2410 Christi
1048 2356 1226 2410 salvet
1245 2372 1374 2411 eum
1395 2372 1521 2410 arce
1535 2354 1667 2428 poli.

367 2479 636 2536 CXII.—'
659 2481 724 2534 In
751 2481 989 2535 Evclcsia
1012 2483 1338 2535 monasterii
1363 2482 1508 2550 quod
1533 2482 1745 2534 dicitur
1770 2480 1967 2546 Clinga

454 2552 514 2605 hi
537 2564 724 2605 versus
751 2556 881 2605 sunt
912 2554 1209 2620 conscripti
1222 2556 1391 2621 juxta
1410 2554 1661 2620 primum
1682 2554 1881 2605 altare.

370 2658 525 2713 Hanc
539 2658 727 2713 aulam
748 2658 1021 2713 Dominus
1051 2658 1307 2713 Salvator
1327 2663 1618 2713 consecrat
1637 2658 1776 2729 ipse,

441 2748 616 2817 Cujus
638 2747 756 2802 hzec
773 2763 873 2801 ara
892 2747 1129 2818 pignora
1145 2763 1306 2801 sacra
1325 2752 1500 2802 tenet.

369 2835 610 2891 Sanctus
628 2837 944 2890 Alexander
971 2852 1115 2907 papa
1140 2837 1247 2901 hic,
1272 2836 1532 2891 Urbanus
1549 2841 1609 2891 et
1628 2835 1830 2896 almus,

442 2925 752 2991 Cornelius,
778 2925 964 2981 Sixtus
983 2942 1143 2980 sacra
1157 2925 1344 2981 locant
1361 2926 1557 2997 spolia.

371 3013 506 3081 Hos,
533 3014 819 3069 Theodule
833 3031 993 3069 sacer
1003 3020 1220 3087 martyr
1240 3021 1298 3070 et
1318 3014 1611 3087 presbyter
1632 3014 1798 3079 alme,

440 3104 609 3159 Juxta
625 3110 789 3159 tuum
804 3120 1006 3175 corpus
1029 3104 1118 3159 hic
1138 3104 1345 3160 habeas
1367 3105 1566 3159 socios.

379 3191 486 3257 Qui
526 3193 794 3265 populum
826 3194 1026 3263 juvent
1072 3194 1348 3265 precibus,
1391 3195 1724 3266 placentque
1758 3192 1978 3247 Tonan-

443 3283 516 3337 Ut
535 3282 773 3337 famulos
793 3300 1017 3354 semper
1037 3288 1297 3353 protegat
1318 3284 1437 3354 ipse
1456 3300 1605 3337 suos.
1810 3280 1972 3353 [tem,

728 3408 924 3462 CXIII.
958 3438 1023 3448 —
1055 3409 1120 3460 In
1149 3409 1383 3461 secundo
1420 3411 1617 3462 altare.

377 3530 631 3602 Principe
651 3548 778 3586 cum
802 3532 969 3585 Petro
989 3531 1134 3584 hanc
1155 3547 1312 3584 aram
1329 3531 1615 3602 Pauloque
1635 3530 1924 3599 magistro,

445 3614 671 3675 Andrea
692 3626 749 3675 et
770 3619 940 3675 Jacob
960 3624 1137 3674 cmtus
1157 3618 1495 3690 apostolicus

378 3709 575 3775 Ornat,
601 3716 753 3763 amat
774 3709 1015 3764 multum
1035 3707 1252 3762 meritis
1272 3712 1565 3761 conservat
1580 3710 1636 3760 et
1655 3706 1836 3769 almis,

449 3798 787 3869 Devotisque
805 3803 956 3852 astat
976 3796 1065 3850 hic
1081 3796 1336 3869 precibus
1356 3796 1567 3868 populi.

769 3922 959 3976 CXIV.
994 3952 1059 3962 -—-
1096 3924 1161 3976 In
1194 3925 1354 3975 tertio
1385 3926 1580 3975 altare.

378 4032 545 4084 Alma
562 4028 665 4083 Dei
682 4028 941 4099 genitrix,
958 4027 1311 4083 sanctissima
1339 4028 1493 4098 virgo
1512 4027 1707 4091 Maria,

1123 163 1471 218 CARMINA.
1512 194 1576 205 -
1621 163 1873 219 SEC’I‘IO
1911 163 1956 217 I.
1992 161 2333 217 POEMATA
2370 162 2464 217 DE
2501 163 2851 219 DIVERSIS.
2936 212 2939 217 ,

1938 288 2019 347 ,Α
2102 288 2219 341 Hoc
2237 286 2416 341 altare
2434 292 2565 342 tene
2584 292 2755 358 atque
2766 287 2963 358 juvato
2983 305 3166 359 prece.

2028 374 2185 440 Quod
2214 375 2315 430 tibi
2347 376 2767 447 virginibusque
2817 377 2991 431 sacris
3024 383 3272 432 erectum
3314 384 3535 434 constat
3569 384 3627 433 et

3487 158 3625 219 1642

2101 466 2336 536 Semper
2351 471 2415 519 ut
2424 464 2621 519 adsitis
2644 466 2735 520 hic
2751 465 3006 536 precibus
3025 467 3235 538 populi.
3421 469 3622 539 [optat,

2032 553 2236 607 Cecilia
2257 554 2348 608 hic
2366 559 2610 619 maneat,
2632 553 2788 625 virgo
2807 557 3012 626 Agnes,
3032 562 3247 628 martyr
3266 557 3504 627 Agathe.

2102 642 2277 697 Lioba
2295 648 2353 697 et
2372 644 2672 698 Anastasia
2690 660 2756 698 ac
2770 645 2991 699 Juliana
3012 646 3197 701 simul.

2426 768 2588 822 CXV.
2619 799 2685 809 —
2717 771 2782 823 In
2811 776 3010 839 quarto
3038 774 3235 825 altare.

2036 875 2351 929 Przecursor
2370 875 2611 941 Domini,
2642 894 2799 931 sacer
2813 884 2869 932 et
2886 877 3140 949 Baptista
3156 878 3419 943 Joannes,

2108 966 2346 1019 Sanctus
2361 965 2646 1031 Callistus,
2668 971 2726 1021 et
2743 966 3043 1033 Fabianus,
3068 974 3255 1022 ovant.

2038 1051 2191 1116 Quos
2211 1059 2294 1119 tu,
2325 1054 2544 1108 Christe
2564 1056 2733 1121 Deus,
2756 1055 2927 1110 facias
2947 1072 3048 1111 nos
3065 1057 3173 1111 rite
3186 1058 3384 1127 juvare

2094 1142 2250 1197 Cum
2272 1142 2527 1214 precibus
2547 1144 2722 1198 sacris
2742 1149 2911 1216 atque
2932 1145 3090 1201 bonis
3108 1146 3345 1201 meritis.

2419 1268 2608 1323 CXVI.
2643 1299 2708 1309 —
2740 1272 2807 1325 In
2837 1274 3031 1340 quinto
3058 1276 3255 1327 altare.

2042 1394 2319 1450 Martinus
2338 1396 2559 1467 praesul,
2584 1396 2795 1455 Britius
2813 1397 3095 1453 confessor
3111 1404 3169 1453 et
3185 1399 3388 1464 almds,

2111 1484 2349 1539 Sanctus
2368 1484 2687 1539 Germanus
2704 1485 3105 1558 Remigiusque
3125 1488 3270 1558 pius.

1976 1555 2025 1615 Β
2042 1572 2348 1643 Gregorius
2367 1590 2513 1645 papa
2531 1574 2640 1638 hic,
2667 1555 2895 1630 sanctus
2914 1555 3246 1630 Benedictus
3260 1580 3317 1631 et
3340 1574 3531 1639 abbas,

2113 1661 2334 1717 Ornant
2351 1662 2494 1716 hanc
2513 1680 2671 1718 aram
2692 1671 2862 1735 atque
2875 1665 3078 1735 juvant
3090 1665 3369 1736 precibus.

2045 1787 2408 1842 CXVII.—In
2434 1791 2551 1843 alia
2574 1792 2792 1843 ecclesia
2815 1791 2909 1843 isti
2928 1807 3133 1844 rcrsus.
3158 1792 3225 1844 In
3237 1793 3422 1860 primo
3441 1793 3639 1844 altare.

2046 1913 2205 1967 Hanc
2223 1912 2399 1966 aedem
2419 1929 2637 1967 sacram
2657 1913 2894 1968 Michael
2918 1915 3287 1984 archangelus
3308 1920 3490 1973 ornat.

2118 2002 2370 2074 Protegit
2389 2007 2447 2056 et
2460 2007 2664 2068 servat,
2688 2003 2917 2074 adjuvat
2936 2009 3107 2074 atque
3126 2003 3262 2074 piat.

2049 2091 2154 2147 Hic
2173 2091 2285 2147 Leo
2309 2109 2454 2164 papa
2484 2098 2692 2157 manet,
2717 2092 2807 2147 hic
2832 2092 3190 2148 Marcellinus
3211 2097 3269 2146 et
3298 2091 3502 2155 almus,

2122 2181 2317 2237 Praxis
2334 2188 2391 2235 et
2413 2182 2665 2252 Eugenia
2685 2182 2775 2236 hic
2794 2183 3037 2237 aderunt
3055 2181 3330 2254 precibus.

2386 2307 2610 2363 CXVIII
2620 2347 2631 2361 .
2658 2339 2722 2348 —
2760 2310 2825 2363 In
2853 2310 3086 2362 secundo
3112 2310 3310 2363 altare.

2049 2415 2189 2469 Ecce
2217 2414 2537 2486 Dionysius,
2564 2419 2782 2487 martyr
2805 2414 3143 2470 Laurentius
3159 2419 3347 2488 atque,

2120 2502 2284 2558 Vitus
2302 2508 2359 2559 et
2376 2503 2624 2558 Albanus
2644 2504 2795 2559 hunc
2813 2504 3041 2559 titulum
3063 2505 3327 2560 retinent.

2050 2593 2212 2648 Hunc
2234 2598 2398 2648 ornat
2420 2593 2637 2647 meritis
2657 2599 2876 2666 martyr
2895 2593 3213 2650 Bonifacius
3232 2595 3437 2657 almus,

2122 2684 2263 2738 Cum
2285 2682 2542 2754 precibus
2561 2683 2735 2737 sacris
2756 2684 3016 2755 hancque
3038 2683 3421 2739 Sebastianus.

2450 2791 2641 2845 CXIX.
2668 2821 2732 2832 —
2764 2792 2831 2845 In
2861 2794 3020 2844 tertio
3048 2794 3246 2846 altare.

2055 2914 2335 2980 Quattuor
2355 2931 2488 2986 ergo
2507 2914 2611 2969 viri
2632 2915 2931 2987 scriptores
2947 2915 3054 2969 rite
3072 2915 3313 2988 probati,

2127 3004 2317 3059 Sancti
2337 3002 2621 3075 Evangelii
2643 3004 2760 3058 haec
2781 3004 2904 3059 loca
2922 3011 3117 3061 sancta
3136 3011 3349 3060 tenent.

2056 3131 2218 3186 CXX.
2263 3161 2328 3172 —
2358 3129 2384 3169 ιι
2427 3133 2490 3185 In
2533 3134 2781 3200 sepulcro
2821 3133 3003 3185 sancti
3056 3131 3317 3186 Thcoduti
3360 3134 3651 3201 martyris.

2057 3232 2305 3305 Corpora
2325 3239 2648 3288 sanctorum
2670 3250 2771 3303 pro
2790 3232 2998 3287 Christi
3019 3232 3248 3288 nomine
3267 3232 3438 3304 passi,

2128 3322 2236 3386 Qui
2257 3323 2451 3377 luxum
2474 3322 2672 3376 mundi
2694 3338 2959 3392 spernere
2981 3329 3405 3376 consueverant.

2056 3410 2315 3464 Pluribus
2331 3427 2458 3463 ecce
2482 3410 2615 3464 locis
2636 3414 2975 3463 venerantur
2988 3409 3096 3463 rite
3113 3410 3353 3480 sepulta.

2126 3498 2237 3568 Ipsi
2269 3498 2509 3552 aderunt
2529 3496 2676 3569 parti
2704 3503 2793 3550 sat
2811 3488 3067 3568 precibus
3088 3496 3299 3569 populi.

2055 3586 2304 3651 Quorum
2325 3585 2638 3659 praecipuus
2656 3585 2978 3640 Theodulus
2996 3591 3213 3657 martyr
3224 3592 3281 3641 et
3307 3586 3507 3651 almus.

2126 3677 2279 3747 Papa
2297 3692 2427 3729 cum
2447 3674 2762 3729 Alexandro
2783 3691 2979 3745 passus
2998 3674 3055 3728 in
3077 3674 3259 3729 Italia.

2056 3765 2177 3820 Huc
2198 3764 2382 3819 Caroli
2399 3763 2607 3818 ascitus
2626 3763 2813 3817 studio
2833 3769 3004 3835 atque
3021 3763 3297 3819 adductus
3316 3763 3388 3818 ab
3409 3764 3545 3821 urbe

2126 3853 2398 3919 Romana,
2422 3853 2512 3906 hic
2532 3853 2724 3907 multis
2746 3858 2947 3925 pausat
2966 3853 3037 3907 ad
3057 3851 3345 3908 auxilium.

2059 3942 2167 3997 Sed
2188 3942 2341 3996 vario
2361 3946 2564 3995 eventu
2584 3940 2934 4012 consumpsit
2954 3942 3181 3994 ﬂamma
3199 3941 3439 3997 nefanda

2128 4033 2368 4086 Domata
2390 4031 2507 4084 haec
2525 4036 2747 4096 cuncta,
2768 4035 2993 4100 tegmen
3014 4035 3072 4085 et
3092 4029 3347 4086 Ecclesiae
3369 4049 3382 4085 :

1358 4181 1669 4237 SCHOLIA
1705 4181 2242 4240 CHRISTOPHORI
2282 4181 2643 4249 BROWERI.

445 4338 468 4363 ι
512 4324 773 4396 Quinque
819 4325 1229 4451 epigrammata
1273 4325 1442 4395 hujus
1488 4324 1732 4379 ecclesiae
1773 4325 2253 4389 honoriDrennat
2277 4328 2333 4381 in
2367 4325 2612 4383 Ecclesia
2635 4325 2818 4379 cultus
2846 4331 2903 4378 et
2923 4326 3208 4380 veneratio
3239 4344 3271 4377 v
3310 4329 3453 4382 Non.
3491 4329 3643 4384 Maii.

445 4400 525 4451 ita.
558 4401 727 4451 atoue
754 4397 812 4451 in
890 4398 1120 4451 *emetcs
1148 4397 1481 4451 transmissa
1510 4402 1659 4450 sunt.
1696 4397 1792 4451 Est
1818 4399 1967 4451 enim
2051 4398 2261 4451 Narrat
2283 4398 2391 4451 hic.
2412 4414 2525 4451 non
2544 4395 2766 4449 obvium
2787 4396 2920 4449 alibi
2952 4396 3129 4451 facile.
3163 4397 3427 4451 Rabanus
3464 4400 3643 4451 Theo-

371 4396 525 4459 data,
558 4401 727 4467 atque
754 4397 812 4451 in
858 4396 1120 4451 Nemetes
1148 4397 1481 4451 transmissa
1510 4402 1659 4450 sunt.
1696 4397 1792 4451 Est
1818 4399 1967 4451 enim

371 4467 431 4520 in
462 4467 712 4538 Spirensi
743 4468 966 4522 dioecesi
994 4468 1166 4522 situm
1207 4468 1504 4537 Clingense
1540 4469 1963 4535 monasterium,

369 4538 468 4611 sed
490 4538 728 4611 pristino
746 4545 965 4611 mutato
984 4540 1169 4593 colore
1182 4540 1405 4611 aliaque
1426 4538 1584 4611 facie.
1596 4540 1962 4611 Trithemius,

373 4609 760 4679 Hirsaugiensi
774 4610 1069 4670 Chronico,
1088 4611 1156 4663 ad
1179 4608 1391 4664 annum
1407 4608 1511 4665 98:3
1532 4610 1967 4664 miriﬁcelaudat

369 4678 442 4733 ob
468 4678 695 4734 virtutis
717 4687 775 4733 et
803 4681 1091 4750 sapientia).
1114 4681 1339 4743 famam,
1376 4697 1488 4750 qua
1514 4688 1635 4734 tota
1664 4682 1968 4735 Germania

371 4750 592 4815 claruit,
614 4751 979 4804 Adelbeitum
1002 4750 1260 4805 abbatem
1276 4753 1590 4821 Clingensis
1614 4753 1961 4817 monasterii,

368 4837 434 4874 ex
468 4822 780 4894 Hirsaugiae
805 4822 1146 4876 monasterio
1165 4822 1312 4876 istud
1337 4830 1623 4879 evocatum
1671 4824 1739 4877 Et
1757 4824 1967 4894 Clingve

369 4893 778 4947 monasterium
838 4894 1309 4960 (Utingcmi-inster
1344 4894 1469 4963 ipse,
1499 4894 1684 4962 vocat)
1722 4893 1968 4949 celebrat

367 4963 614 5031 aliquam
643 4962 835 5017 multis
864 4963 999 5017 locis
1031 4982 1042 5016 :
1078 4964 1147 5017 ad
1179 4962 1389 5018 annum
1413 4962 1573 5027 1041,
1600 4981 1696 5019 seu
1718 4965 1966 5019 fraterno

368 5034 577 5089 findere
600 5034 983 5104 Hirsaugiensi
1005 5035 1313 5089 adunatum
1338 5054 1350 5098 ;
1385 5035 1588 5089 iterum
1618 5036 1687 5089 ad
1716 5036 1875 5099 1'237,
1909 5042 1968 5091 et

369 5106 798 5176 Spanheimensi
821 5105 1127 5171 Chronico;
1152 5104 1393 5176 denique
1417 5112 1612 5160 narrat
1633 5122 1781 5160 anno
1812 5108 1959 5169 1491,

369 5192 401 5230 a
428 5176 679 5247 primaevi
720 5177 964 5231 instituti
1005 5176 1200 5247 regula
1235 5177 1292 5231 S.
1345 5176 1626 5230 Benedicti
1666 5178 1963 5232 descivisse

369 5194 401 5230 a
469 5194 679 5235 rimam
720 5194 964 5231 instituti
1005 5194 1200 5247 regula
1235 5194 1292 5231 δ.
1346 5194 1626 5230 βεηθαιοιι
1666 5194 1961 5232 uescmsse

365 5194 781 5304 adeanonioos
807 5248 1122 5305 saeculares.
1157 5263 1362 5317 magno
1399 5247 1546 5301 malo
1591 5247 1825 5311 abbatis,
1867 5248 1961 5317 qui

368 5323 531 5444 anet;
582 5319 875 5374 severioris
924 5318 1229 5391 disciplinae
1272 5318 1566 5373 Canonicis
1615 5334 1815 5375 manus
1860 5318 1962 5373 de-

368 5406 470 5444 ter
536 5429 551 5442 .

366 5395 551 5445 derat.

438 5460 467 5502 δ
490 5461 816 5529 Alexandri,
846 5459 1063 5519 Eventii
1097 5467 1158 5517 et
1188 5460 1463 5519 Theoduli
1508 5465 1822 5532 martyrum
1862 5475 1960 5533 pe-

744 5562 1013 5625 ΡΑτιιοιι.
1041 5560 1221 5627 CXII.

2051 4398 2261 4453 Narrat
2283 4398 2391 4455 hic.
2412 4414 2525 4451 non
2544 4395 2766 4449 obvium
2787 4396 2920 4449 alibi
2952 4396 3129 4459 facile,
3163 4397 3427 4452 Rabanus
3464 4400 3646 4455 Theo-

2050 4470 2166 4524 duli
2195 4485 2396 4540 corpus
2409 4485 2450 4540 a7
2472 4468 2672 4540 Carolo
2696 4468 2898 4540 Magno
2916 4468 3253 4540 translatum
3277 4469 3452 4524 Roma
3472 4487 3537 4525 ex
3559 4470 3649 4526 via

2047 4538 2409 4611 Numentana
2440 4539 2496 4611 in
2532 4538 2911 4611 Germaniam,
2952 4554 3023 4591 an
3065 4544 3122 4611 et
3159 4539 3216 4593 in
3255 4541 3645 4611 Moguntinam

2047 4612 2348 4665 dimcesim.
2392 4610 2499 4663 Sed
2546 4609 2811 4679 martyris
2836 4610 3203 4679 memoriam.
3255 4618 3311 4666 et
3353 4609 3643 4668 ecclesiam

2047 4683 2289 4754 desuper
2301 4681 2607 4754 conditam,
2635 4678 2876 4733 ﬂammis
2897 4680 3268 4754 incendioque
3286 4682 3640 4745 labefactata,

2048 4753 2118 4807 ab
2149 4751 2208 4807 se
2228 4752 2505 4827 restituta.
2529 4756 2587 4804 et
2606 4766 2806 4827 novam
2836 4751 3071 4822 martyri
3091 4751 3283 4827 sedem
3305 4771 3433 4827 cum
3461 4755 3643 4827 elogio

2049 4823 2685 4899 versuumAcollocatam.
2717 4822 2792 4875 Ex
2822 4824 3317 4899 martyrurnActis
3346 4824 3404 4879 in
3433 4822 3643 4899 marty-

2050 4895 2261 4965 rologio
2282 4893 2514 4966 Notheri
2538 4892 2593 4945 id
2607 4892 3312 4966 excerptumhnotabiliter,
3351 4897 3499 4966 quod
3539 4892 3641 4953 Sé-

2046 4963 2256 5029 verina,
2308 4964 2568 5089 religiosa
2596 4963 2824 5027 femina,
2848 4963 3114 5034 colligens
3143 4963 3639 5023 beatum—Alexan-

2047 5037 2209 5089 drum
2232 5042 2401 5089 atoue
2442 5033 2711 5088 ‘ventium
2732 5034 2789 5088 in
2810 5051 2922 5089 uno
2940 5036 3214 5089 sepulcro.
3233 5045 3488 5089 sanctum
3510 5056 3639 5089 vero

2047 5037 2209 5091 drum
2232 5042 2401 5107 atque
2422 5033 2711 5107 Eventium
2725 5034 2789 5107 in
2810 5051 2922 5107 uno
2940 5033 3214 5107 sepulcro,
3233 5045 3488 5093 sanctum
3510 5056 3639 5095 vero

2045 5105 2395 5162 Theodulum
2407 5105 2707 5178 separatim
2720 5105 2779 5178 in
2796 5106 2974 5178 altero
2985 5105 3239 5178 diligenti
3260 5110 3635 5175 accuratione,

2044 5175 2486 5260 commendavitf
2502 5175 2725 5260 Utinam
2758 5176 2926 5245 hujus
2957 5175 3220 5260 martyris
3240 5180 3556 5260 abstru_sa_m
3585 5191 3643 5238 et

2044 5250 2332 5311 latentem,
2357 5256 2424 5303 ut
2440 5254 2693 5320 apparet,
2717 5264 2866 5320 nunc
2888 5250 3233 5320 memoriam,
3260 5268 3389 5307 cum
3410 5252 3640 5309 Rabano

2044 5336 2313 5376 renovare
2342 5318 2530 5375 liceat.
2554 5324 2613 5372 et
2640 5318 2848 5372 sanctis
2865 5319 2947 5373 eis
2974 5319 3278 5389 liminibus,
3310 5330 3412 5378 aut
3437 5325 3633 5381 saltem

2046 5391 2309 5463 vestigiis.
2343 5389 2584 5445 advolvi!

3243 5568 3321 5631 32
