4018 6160
459 277 592 335 164ἷ
1063 270 1123 321 Β.
1168 262 1438 320 RABANI
1477 258 1707 314 MAURI
1753 255 2090 311 ARCHIEP.
2133 254 2457 310 MOGUNT.
2499 253 2794 309 OPERUM
2833 253 3016 308 PARS
3053 254 3147 308 Ν.
3587 252 3732 308 1648

452 400 773 460 Theodulus
802 403 1034 465 martyr,
1070 387 1410 444 Humbertus
1442 382 1644 458 praesul
1659 386 1718 436 et
1739 380 1940 446 almus,
2070 387 2120 446 Α
2469 379 2785 435 CXXXVII.
2809 411 2878 421 -—
2909 382 2974 434 In
2993 383 3182 435 dextro
3195 384 3391 436 auare.

528 493 667 546 Cum
696 488 844 542 almo
863 481 1154 554 Wigberm
1175 479 1263 532 hic
1289 482 1417 530 ονῖη
1446 482 1500 530 et
1524 473 1692 528 SOCiO-
2134 486 2227 540 Bis
2258 487 2626 542 senicomites
2653 493 2994 542 venerantur
3019 494 3170 542 sorte
3187 487 3369 552 beata,

460 581 627 651 Virgo
641 578 813 648 digna
833 589 992 628 sacra
1018 572 1133 624 haec
1157 568 1368 640 pariter
1382 573 1438 620 et
1459 563 1701 618 Emerita
1731 561 1946 630 fulgent
2205 575 2308 629 Hic
2335 576 2466 630 δεδι]
2498 576 2722 639 Christi,
2751 593 2961 648 nosque
2981 577 3185 647 juvant
3200 575 3476 648 precibus.

530 667 790 740 Equales
809 661 1024 718 meritis
1045 666 1214 730 atque
1243 655 1414 711 sacris
1435 651 1711 726 precibus.
2419 684 2764 739 CXXXVIII.
2795 715 2867 724 _
2901 686 2968 739 In
2997 686 3226 738 sim-“ro
3243 687 3442 738 alia”.

458 811 700 870 CXXXI.
732 839 802 850 —
834 811 901 864 In
951 805 1168 860 ecclesia
1227 801 1420 857 Sancti
1451 797 1666 852 Justini
1711 794 2050 870 confessoris,
2137 789 2240 844 Hic
2264 789 2508 861 genitrix
2537 791 2746 846 Christi
2774 795 3077 846 veneratur
3095 796 3290 846 sancta
3317 790 3516 856 Maria,

529 887 624 939 isti
651 897 837 936 versus
865 877 1062 946 scripti
1080 877 1230 939 sunt,
1267 872 1362 925 hoc
1387 875 1462 924 est
1485 872 1547 922 in
1567 870 1751 937 primo
1781 869 1978 919 altare.
2206 877 2532 950 Virginibus
2549 880 2722 935 sacris
2737 880 3014 935 associata
3041 886 3251 936 manet

462 1011 581 1066 Hoc
605 1007 782 1061 altare
810 1003 960 1058 dicat
989 998 1197 1056 Christi
1223 1011 1351 1050 vere
1383 1010 1508 1049 ecce
1529 991 1848 1063 sepulcrum
2137 968 2449 1066 HiEAglws
2466 975 2700 1066 lita-Ityn
2730 969 2958 1024 Iuliana
3221 973 3281 1066 et
3303 969 3445 1066 ipsa.

805 1057 863 1148 et
889 1089 1088 1145 matris
1119 1086 1502 1158 relliquiaeque
1525 1057 1742 1154 juvant.
2207 1057 2414 1121 CQCilia
2433 1063 2490 1112 et
2505 1058 2698 1124 Lioba,
2721 1066 2938 1130 martyr
2956 1058 3177 1130 Agatha
3188 1058 3377 1112 simul,

462 1164 714 1258 Scriptor
732 1178 1272 1252 EvangeliiMarcus,
1287 1179 1504 1244 martyr
1531 1169 1850 1225 Bonifacius
1861 1173 2051 1237 atque,
2137 1164 2427 1219 CXXXIX.
2462 1196 2527 1208 -
2555 1167 2622 1220 In
2641 1169 3061 1258 echesia'sancli
3087 1165 3410 1230 Saturnini,
3445 1167 3734 1219 insummo

532 1241 750 1346 Martyr
767 1278 825 1328 et
851 1241 1100 1325 Aibanus
1127 1241 1548 1336 suscipiuntque
1577 1275 1791 1333 preces.
2147 1343 2192 1346 η
2428 1343 2441 1346 Α
2560 1342 2596 1346 _
2823 1241 3024 1294 altare.

2145 1343 2545 1415 Hoctemplum
2560 1342 2784 1397 Domini
2806 1348 3089 1399 sacratum
3118 1351 3207 1399 est
3235 1343 3464 1400 nomine
3507 1342 3730 1407 Christi,

720 1417 939 1474 CXXII.
992 1443 1055 1456 —
1087 1413 1154 1466 In
1185 1408 1498 1479 aquilonali
1524 1409 1702 1459 altare
1731 1404 1811 1458 hi.
2223 1433 2302 1487 Cu

1731 1404 1811 1458 Ῑιί·
2223 1404 2408 1504 Cujus.
2424 1432 2514 1486 hic
2533 1433 2680 1486 dona
2700 1433 2925 1487 condita
2948 1434 3056 1489 rite
3080 1433 3308 1489 micant.

477 1567 580 1623 Hic
600 1562 918 1634 Stephanus
940 1561 1174 1627 martyr,
1207 1557 1426 1622 martyr
1453 1545 1788 1604 Laurentius
1807 1560 1964 1616 aeque
2152 1521 2422 1634 Ρτῗθδθρίδ
2453 1523 2697 1588 Domini,
2711 1539 2926 1634 We“???
2949 1523 3119 1578 είίιιυι
3140 1530 3330 1634 διεμιιῖ
3339 1523 3579 1595 sepulcri

548 1614 927 1710 locant
940 1614 1117 1718 spolia
1137 1614 1306 1713 atque
1334 1614 1491 1694 aram
1520 1637 1784 1692 retinent.
1873 1614 1892 1616 —
2086 1711 2127 1718 _

1772 1675 1784 1688 O
1873 1614 1892 1616 ⁷
2222 1614 2610 1684 Ascensusque
2639 1614 2726 1667 sui
2755 1614 2937 1684 portio
2963 1630 3120 1667 sacra
3142 1619 3351 1668 manet.

479 1701 719 1800 Sanctus
731 1701 1066 1796 Xlesand‘er,
1089 1701 1350 1789 Urbanus
1379 1745 1526 1802 papa
1551 1726 1769 1791 beatus,

2085 1711 2133 1770 Β
2152 1701 2419 1774 Princeps
2446 1701 2536 1756 hic
2549 1703 2749 1757 Petrus
2777 1703 2968 1774 pollet.
3000 1703 3324 1774 Paulusque
3350 1701 3637 1774 magister.

2225 1791 2590 1863 lnsignesque
2621 1791 2723 1846 viri
2745 1792 3017 1864 martyrio
3037 1792 3296 1847 rutilant.

551 1831 790 1887 Severus
809 1825 1014 1900 praesul
1043 1821 1420 1878 mixtalocant
1444 1817 1641 1890 spolia.

2155 1879 2291 1936 Ecce
2320 1879 2571 1936 Albanus
2599 1881 2777 1947 adest,
2813 1887 3033 1954 martyr
3054 1881 3374 1936 Bonifacius
3394 1885 3584 1952 atque.

639 2033 670 2043 ⁵
745 1967 1040 2026 CXXXIII.
1072 1995 1141 2009 —
1171 1963 1497 2018 [naustrali
1524 1976 1649 2014 vero
1679 1959 1793 2012 isti.
2223 1970 2464 2026 Nomine
2482 1987 2582 2042 pro
2604 1971 2812 2026 Christi
2843 1971 2940 2042 qui
2960 1987 3218 2026 mel-uere
3231 1969 3395 2024 mori,

480 2099 639 2154 Hanc
666 2110 823 2150 aram
853 2092 1133 2148 Fabianus
1160 2087 1332 2143 habet
1359 2084 1744 2141 sanctissimus
1763 2097 1895 2136 ecce

1807 2097 1895 2136 cce
2155 2060 2454 2115 Pontifices
2464 2061 2669 2115 summi
2683 2059 2960 2116 Martinus
2978 2060 3394 2132 Remigiusque,

709 2149 1048 2240 imm-celum
1069 2186 1239 2249 atque
1263 2177 1432 2232 petra
1449 2174 1635 2230 sociis,
2227 2151 2634 2222 Confessorque
2657 2149 2824 2204 simul
2854 2150 2962 2205 rite
2999 2149 3291 2222 Philippus
3317 2153 3502 2204 ovant.

479 2277 584 2333 Hic
611 2279 742 2331 ovat
765 2271 1058 2344 Agapitus,
1081 2273 1299 2338 martyr
1326 2263 1702 2320 Felicissimus
1729 2266 1897 2332 atque
2570 2257 2728 2312 CXL.
2761 2289 2818 2299 —
2853 2259 2920 2331 In
2942 2259 3136 2313 dextro
3153 2261 3353 2312 altare.

551 2367 759 2422 Sancta
783 2360 1042 2417 Felicitas
1063 2363 1281 2428 martyr
1290 2361 1348 2410 et
1375 2354 1497 2426 ipsa
1515 2368 1691 2408 sacra.

2161 2365 2244 2420 En
2272 2363 2504 2420 comites
2533 2364 2744 2420 Christi
2773 2363 2858 2418 bis
2881 2381 3016 2419 seno
3043 2381 3276 2420 munere
3303 2362 3440 2419 clari

2230 2456 2404 2509 Aram
2434 2454 2578 2509 hanc
2599 2455 2730 2526 jure
2758 2454 2950 2509 dicant
2976 2460 3147 2527 atriue
3184 2453 3343 2526 piant
3368 2451 3649 2524 precibus.

2539 2561 2724 2616 CXLI.
2754 2592 2818 2606 -
2846 2563 2916 2616 In
2931 2564 3164 2616 sinistro
3181 2565 3380 2615 auaro.

833 2501 1125 2560 CXXXIV.
1163 2533 1214 2543 υ-
1248 2500 1330 2554 Ad
1354 2514 1569 2552 crucem
1605 2497 1717 2548 isti.

481 2633 648 2688 Alma
669 2629 848 2686 crucis
874 2629 904 2683 J
908 2645 1009 2683 esu
1027 2626 1118 2681 hic
1143 2625 1324 2698 portio
1353 2623 1578 2678 condita
1601 2618 1808 2676 Christi
1829 2625 1931 2680 est,

550 2721 673 2787 Quo
695 2717 948 2775 ascendit
965 2717 1188 2782 caelum,
1223 2730 1354 2786 pars
1381 2711 1549 2768 simul
1571 2716 1741 2782 atque
1761 2707 1888 2763 loci.

481 2809 754 2882 Principis
780 2808 870 2862 hic
896 2807 1070 2868 Petri,
1101 2803 1339 2860 Andreas
1367 2801 1557 2856 fratris
1587 2805 1645 2853 et
1676 2798 1846 2868 hujus

550 2899 860 2955 Multorum
887 2897 959 2952 ad
983 2896 1154 2951 vitam
1169 2894 1405 2966 pignora
1424 2907 1585 2946 sacra
1611 2894 1859 2943 manent.

483 2988 621 3043 Ecce
637 2987 926 3043 Tiburtius
954 2985 1044 3039 hic
1072 2983 1244 3038 fratre
1267 2988 1354 3037 est
1365 2999 1491 3036 cum
1515 2977 1834 3043 Valeriano,

551 3077 717 3132 Astat
741 3077 1020 3131 Martinus
1031 3080 1088 3128 et
1105 3071 1438 3127 Benedictus
1457 3085 1646 3123 ovans.

481 3164 689 3220 Cecilia
715 3164 808 3219 hic
834 3168 1068 3234 martyr,
1102 3160 1273 3216 Lioba
1297 3165 1355 3213 et
1383 3157 1736 3214 sanctissima
1765 3156 1935 3226 virgo.

2160 2667 2331 2739 Virgo
2359 2667 2556 2734 Maria,
2576 2667 2678 2723 Dei
2705 2667 2969 2739 genitrix,
2993 2668 3098 2723 hoc
3109 2667 3234 2739 ipsa
3259 2666 3443 2722 dicato

2227 2759 2438 2823 Altare,
2471 2774 2717 2830 praesens
2746 2762 2915 2829 atque
2938 2757 3135 2828 juvato
3160 2773 3322 2830 prece
3355 2774 3367 2809 :

2157 2847 2568 2920 Virgineusque
2582 2847 2785 2903 chorus
2812 2847 3029 2920 pariter
3052 2846 3272 2902 laetetur
3299 2852 3358 2902 et
3383 2846 3588 2908 almus,

2229 2935 2332 2991 Hic
2350 2942 2534 2992 tecum
2551 2935 2807 3007 gaudens
2822 2936 3051 3008 adjuvet
3077 2940 3136 2990 et
3162 2935 3398 2991 meritis.

2093 3043 2137 3102 ο
2161 3024 2368 3080 Cecilia
2383 3025 2540 3096 virgo
2559 3025 2667 3090 hic,
2698 3026 2886 3096 Agnes
2906 3031 2966 3080 et
2993 3030 3213 3097 martyr
3229 3025 3468 3097 Agatha,

2233 3114 2405 3170 Lucia
2427 3130 2554 3170 cum
2575 3112 2750 3170 Lioba
2782 3120 2842 3169 et
2863 3113 3090 3170 Iuliana
3110 3119 3363 3170 manent.

550 3254 696 3309 Vota
712 3253 808 3326 pia
833 3221 1118 3323 accipiunt
1143 3253 1312 3320 atque
1341 3249 1458 3304 Deo
1487 3247 1754 3301 referunt.
1847 3221 1875 3226 ⁷
2339 3221 2554 3278 CXLII.
2587 3251 2656 3263 —
2685 3223 2769 3277 Ad
2796 3237 3014 3277 crucem
3043 3223 3108 3276 in
3127 3223 3304 3276 medio
3331 3223 3585 3277 ecclesia.

1351 3394 1360 3404 ,
1432 3389 1462 3404 ,,
1579 3393 1618 3404 η
1655 3388 1705 3404 ,η
1879 3389 1887 3399 ,
2161 3331 2299 3386 Pars
2317 3329 2498 3385 crucis
2519 3329 2610 3384 hic
2636 3329 2860 3385 Domini
2878 3333 2982 3390 est,
3015 3327 3112 3402 qui
3142 3345 3393 3384 summus
3439 3335 3646 3400 regnat
3697 3329 3756 3384 in

642 3395 906 3452 CXXXV.
941 3425 1003 3436 —
1029 3404 1055 3434 ι
1085 3395 1152 3449 In
1178 3394 1396 3447 ecclesia
1423 3389 1618 3445 Sancti
1642 3388 1905 3457 Philippi.
2231 3419 2517 3492 sanguine
2545 3418 2642 3491 qui
2671 3419 2795 3474 fuso
2820 3388 2984 3474 sack,
3004 3388 3189 3473 b'eavit
3214 3434 3402 3473 malm
3502 3388 3540 3400 ’⁷
3611 3417 3760 3490 [αι-α

482 3521 600 3578 Hoc
624 3521 802 3576 altare
813 3524 970 3575 tenet
987 3519 1046 3573 in
1065 3518 1291 3573 domate
1320 3516 1426 3570 rite
1445 3513 1709 3586 Philippi,
2160 3508 2262 3562 Hic
2290 3508 2528 3563 Michael
2550 3507 2778 3579 gaudet,
2807 3507 2978 3562 simul
2998 3514 3057 3563 et
3071 3507 3329 3579 Baptista
3346 3507 3614 3572 Joannes,

549 3608 859 3681 Relliquias
888 3624 1094 3672 sacras,
1117 3607 1293 3661 lector
1307 3606 1559 3669 honeste,
1577 3604 1719 3674 lege.
2229 3597 2597 3670 Insignesque
2622 3597 2726 3651 viri
2755 3595 3028 3668 martyrio
3045 3596 3256 3668 placiti.

480 3699 586 3755 Hic
612 3715 820 3754 mensae
847 3696 1092 3763 Domini,
1126 3696 1216 3750 hic
1235 3694 1417 3768 portio
1434 3710 1592 3748 sacra
1607 3691 1845 3763 sepulcri
1863 3697 1966 3745 est.
2159 3686 2262 3742 Hic
2290 3692 2520 3742 sanctus
2545 3687 2883 3758 Stephanus,
2917 3684 3201 3741 Fabianus
3220 3702 3352 3740 cum
3378 3686 3617 3756 Cyriaco

553 3785 659 3842 Hic
686 3785 894 3842 Christi
913 3801 1176 3840 ascensus
1191 3801 1320 3856 pars
1348 3781 1668 3836 veneranda
1705 3780 1862 3835 satis.
2230 3777 2415 3847 Atque
2443 3775 2775 3831 Sebastiano
2805 3775 3078 3848 martyrio
3107 3775 3362 3830 rutilant.

483 3875 589 3933 Hic
615 3875 851 3932 Michael
871 3874 1129 3947 princeps
1153 3879 1352 3928 turmae
1372 3871 1611 3926 caelestis
1630 3869 1922 3924 honorem.
2161 3863 2264 3920 Hic
2282 3865 2616 3921 Benedictus
2631 3871 2775 3931 ovat,
2800 3865 2890 3920 hic
2907 3881 3052 3938 papa
3069 3863 3372 3936 Gregorius
3398 3870 3550 3920 astat

551 3964 800 4023 Sortitur
817 3964 996 4020 sancti
1033 3969 1204 4034 atque
1232 3961 1336 4015 viri
1361 3960 1592 4032 pariter.
2232 3952 2556 4024 Suscipiunt
2571 3959 2704 4009 vota
2729 3959 2900 4026 atque
2926 3953 3043 4010 Deo
3064 3953 3333 4010 referunt.

481 4054 732 4111 Albanus
762 4058 996 4125 martyr,
1019 4051 1339 4107 Bonifacius
1366 4050 1551 4104 almus
1579 4053 1636 4103 et
1655 4046 1792 4120 ipse,
2837 4079 3083 4136 CXLIII.

553 4145 696 4198 Cum
723 4141 1047 4198 Marcellino
1076 4140 1167 4194 hic
1187 4145 1316 4194 ovat
1344 4145 1515 4210 atque
1537 4139 1722 4193 Petro.

483 4230 762 4288 Martinus
789 4230 1014 4302 praesul,
1054 4228 1391 4284 Benedictus
1404 4226 1608 4282 nobilis
1636 4225 1829 4290 abbas,

557 4319 821 4376 Gaudent
837 4323 1066 4374 orantes
1093 4315 1518 4389 suscipiuntque
1547 4333 1759 4388 preces.

491 4409 592 4465 llic
619 4408 939 4481 quicunque
952 4407 1088 4463 velis
1106 4412 1272 4478 grata
1291 4405 1606 4478 persolvere
1627 4411 1775 4461 vota.

561 4499 678 4556 Hoc
706 4497 872 4553 corde
892 4497 1102 4553 mundo
1131 4502 1229 4552 tuo
1257 4495 1441 4567 rogito
1463 4494 1650 4550 facias.

2162 4183 2334 4256 Virgo
2361 4185 2541 4242 Maria
2567 4185 2672 4243 Dei
2699 4185 2948 4260 genitrix
2967 4186 3183 4243 intacta
3207 4185 3480 4242 Tonantis

2235 4273 2378 4330 Cum
2407 4276 2554 4332 Nato
2572 4275 2720 4332 hanc
2747 4276 2936 4332 aulam
2949 4275 3198 4332 continet
3222 4280 3393 4347 atque
3409 4273 3582 4329 dicat.

2098 4406 2149 4464 D
2165 4362 2367 4464 Petrus
2384 4370 2443 4420 et
2462 4365 2719 4421 Andreas
2743 4365 2968 4434 fratres,
2988 4365 3078 4420 hic
3095 4365 3305 4420 Paulus
3315 4368 3374 4419 et
3401 4363 3588 4420 almus

2236 4453 2490 4525 Scriptor
2515 4454 2800 4526 Evangelii
2828 4460 3002 4526 atque
3024 4455 3269 4510 Joannes
3298 4458 3450 4512 ovat.

2165 4540 2269 4597 Hic
2293 4559 2475 4614 prazco
2499 4543 2737 4616 insignis
2760 4543 2929 4598 simul
2947 4550 3004 4600 et
3031 4543 3284 4615 Baptista
3294 4543 3564 4608 Joannes,

652 4637 945 4692 CXXXVI.
976 4667 1040 4680 —-
1069 4633 1158 4692 Ad
1177 4637 1356 4690 altare
1386 4636 1449 4689 in
1473 4635 1650 4688 medio
1679 4637 1922 4688 ecclesiae.
2237 4632 2513 4689 Martinus
2539 4633 2742 4705 praesul
2766 4639 2824 4688 et
2859 4631 3176 4688 Bonifacius
3205 4636 3312 4688 est.

2167 4721 2361 4776 Levita
2374 4722 2466 4777 hic
2502 4722 2840 4793 Stephanus,
2871 4721 3208 4777 Laurentius
3244 4727 3304 4776 et
3329 4719 3624 4792 Cyliacus,

493 4760 757 4817 Continet
784 4760 903 4815 haec
931 4775 1030 4814 ara
1052 4764 1374 4815 sanctorum
1403 4758 1642 4831 pignora
1665 4775 1843 4824 sacra,
2167 4758 2361 4866 “1‘5"
2375 4758 2466 4777 ""'
2502 4758 2840 4793 ⁹⁶⁹¹¹““³⁸“⁰’
2871 4758 3208 4821 ⁸⁸⁵⁸⁸⁸⁶⁸⁸¹¹¹Ῐ⁸⁵³
3244 4758 3312 4821 “⁴“’.
3331 4758 3372 4776 ν

566 4849 632 4884 π,
662 4848 869 4884 Νη,ίῶ
893 4847 1113 4884 nam“;
1151 4863 1382 4884 mnmm
1402 4847 1561 4884 mm“
1591 4845 1678 4884 περ
2327 4817 2462 4866 sunt
2485 4828 2613 4867 cum
2640 4811 2860 4866 Albano
2889 4817 3061 4884 atque
3085 4811 3372 4884 Dionysio.

566 4849 638 4905 Et
662 4848 872 4904 Christi
893 4847 1118 4904 Domini
1151 4863 1387 4902 munera
1402 4847 1561 4902 valde
1590 4845 1701 4918 pia.

496 4939 642 4995 Nam
659 4937 839 4994 crucis
857 4937 948 4992 hic
976 4953 1107 5007 pars
1136 4942 1239 5001 est,
1271 4952 1382 5006 qua
1411 4917 1668 4990 Christus
1700 4935 1864 4991 saecla
1883 4934 2086 5001 beavit,
2855 4917 3094 4974 CXLIV.

567 5027 691 5093 Quo
717 5027 1014 5082 cruciﬁxus
1031 5031 1155 5081 erat
1173 5024 1734 5096 Calvariaequelocus.
2173 5025 2412 5081 Sanctus
2438 5024 2795 5091 Maximinus,
2825 5027 3163 5092 Germanus,
3194 5023 3641 5095 Gregoriusque,

497 5117 818 5174 Prtecursor
850 5114 1080 5174 Domini
1102 5119 1294 5169 manet
1319 5113 1427 5182 hic,
1459 5113 1726 5186 Cyriacus
1766 5119 1824 5170 et
1848 5115 2048 5184 almus,
2244 5115 2541 5171 Pontiﬁces
2568 5115 2723 5181 clari,
2766 5115 2857 5170 hic
2871 5113 3272 5185 Ferrutiusque
3291 5117 3548 5168 manent.

570 5206 786 5280 Martyr
801 5203 1102 5272 Fabianus,
1134 5208 1192 5259 et
1219 5203 1534 5276 Cyprianus
1553 5203 1732 5259 adest.
2174 5205 2277 5260 Hic
2301 5205 2491 5277 Agnes
2517 5204 2672 5276 virgo
2693 5204 2906 5277 pariter
2916 5210 2975 5260 et
2987 5208 3206 5276 martyr
3229 5201 3474 5272 Agatha.

1489 5391 1800 5449 SCHOLIA
1837 5391 2372 5450 CHRISTOPHORI
2410 5389 2776 5450 BROWERI.

579 5563 602 5594 ι
641 5554 800 5611 Hanc
823 5553 884 5611 in
903 5554 1131 5611 diceeesi
1148 5553 1480 5628 Moguntina
1501 5553 1688 5611 adhuc
1698 5551 2058 5626 inquirimus.
