4018 6160
355 376 494 432 1649
1421 382 1770 439 CARMINA.
1798 417 1862 428 —
1903 388 2154 444 SECTIO
2195 391 2266 446 ll.
2299 391 2554 447 HYMNI.
3485 396 3626 456 1650

421 500 710 557 Assistunt
735 500 877 555 votis
905 507 1074 572 atque
1102 503 1211 574 piis
1237 505 1513 576 precibus.
1959 516 2010 575 Α
2692 518 2954 575 CXLVII.

351 591 468 647 Hos
495 591 645 646 inter
661 595 887 646 sanctos
916 591 1130 646 Cosme
1157 593 1328 648 simul
1357 611 1424 650 ac
1451 597 1728 667 Damiani,

421 681 674 745 Quorum
692 679 856 735 hodie
869 685 955 734 est
971 680 1196 743 festum.
1214 699 1376 740 sacra
1392 694 1624 743 manent
1635 689 1814 760 spolia
1831 691 1940 748 hic.

343 771 451 826 Ast
475 769 621 825 tales
648 769 846 834 socios,
881 769 974 824 hic
1001 787 1240 842 quarum
1265 774 1516 830 membra
1537 778 1853 849 quiescunt,

415 860 632 931 Nempe
659 863 857 914 tenent
883 859 1061 914 sancti
1089 861 1362 934 martyrio
1376 864 1588 935 placiti.

2025 639 2214 710 Agnes
2244 657 2376 694 nam
2402 640 2557 712 virgo
2588 642 2733 697 hanc
2765 659 2923 698 aram
2951 644 3174 702 dedicat
3201 648 3370 714 alma,

2096 730 2320 800 Agnum
2346 747 2468 802 que
2489 731 2776 788 Christum
2803 751 3010 805 sponsa
3033 736 3133 790 Dei
3163 739 3438 810 sequitur.

2024 818 2167 874 Cum
2195 835 2307 890 qua
2336 819 2544 875 Cecilia
2579 829 2798 893 martyr
2822 828 2879 877 et
2905 829 3102 879 sancta
3127 825 3317 898 virago
3427 885 3434 892 ,

1275 907 1684 1024 ἦξθτῧῐῶἠοε
2093 907 2322 964 Assistit
2350 909 2608 980 precibus
2638 911 2744 966 rite
2768 912 3017 981 juvando
3049 913 3188 985 pios.

413 1037 522 1103 Qui
551 1036 706 1092 vobis
733 1037 1014 1110 placidum
1046 1039 1215 1094 vultis
1243 1040 1450 1097 habere
1471 1043 1668 1100 Deum.
2677 1055 2966 1111 CXLVIII.

735 1233 747 1245 .
865 1238 876 1248 Α
1471 1240 1517 1248 _
1676 1242 1708 1248 γ’
2023 1175 2104 1230 En
2131 1175 2310 1230 altare
2336 1183 2492 1232 tenet
2512 1179 2615 1232 hoc
2643 1179 3000 1236 Marcellinus
3029 1181 3263 1238 honeste

339 1234 457 1328 “of
487 1232 665 1289 altare
694 1233 1141 1328 dica’lt_c°mites
1159 1241 1443 1328 “’3qu
1471 1240 1740 1298 Τοηαηιίε
2091 1265 2232 1320 Cum
2262 1265 2429 1321 Petro
2457 1267 2606 1321 socio

409 1323 689 1380 Ornantes
721 1322 938 1378 meritis
965 1330 1137 1396 atque
1166 1327 1340 1382 sacris
1369 1329 1646 1400 precibus.

2044 1354 2167 1418 Quos
2197 1354 2411 1426 pariter
2431 1356 2688 1411 Christus
3289 1379 3475 1419 arcem

337 1412 636 1469 Mattheus
663 1417 721 1468 et
749 1412 962 1480 Simon,
993 1414 1237 1471 Thomas
1265 1433 1330 1472 ac
1357 1417 1821 1486 Bartholomeus,

2044 1412 2060 1418 -
2085 1412 2280 1498 Claros
2308 1445 2579 1517 martyrio
2599 1446 2814 1502 actibus

407 1501 720 1568 Cornelius,
745 1501 950 1570 Sixtus,
979 1503 1210 1576 Sergius
1241 1513 1409 1578 atque
1427 1509 1664 1564 Bachus.

2044 1533 2150 1586 Ecce
2175 1533 2359 1588 locum
2390 1501 2669 1605 insignem
2697 1501 2904 1591 retinet
3365 1543 3606 1613 Agathe.

1013 1611 1246 1668 CXLVI.
2083 1622 2563 1694 Commendatque
2592 1625 2709 1680 suis
2726 1625 2846 1696 ipsa
2875 1625 2984 1698 piis
3013 1628 3250 1684 meritis.

331 1698 491 1790 Hanc
517 1698 863 1754 confessores
891 1716 1070 1790 aram.
1102 1707 1268 1757 caste
1300 1709 1356 1757 et
1381 1705 1645 1761 mulieres
1944 1757 1990 1790 η
2011 1711 2185 1766 Lucia
2203 1728 2372 1783 quem
2392 1713 2570 1784 virgo,
2603 1714 2811 1769 Christi
2843 1720 2901 1770 et
2923 1715 3246 1772 dulcissima
3274 1734 3498 1790 sponsa,

1943 1757 1990 1818 B

401 1787 748 1844 Consecrant
774 1789 1035 1860 precibus
1063 1796 1234 1862 atque
1251 1790 1410 1846 bonis
1439 1794 1672 1850 meritis.

328 1876 435 1932 Hic
462 1877 830 1956 Augustinus,
858 1879 1236 1951 Hieronymus
1257 1881 1616 1954 Hilariusque
1633 1891 1736 1952 est,

397 1965 594 2021 Praxis
623 1967 956 2038 [Praxedis],
989 1969 1215 2036 Cecilla,
1244 1971 1416 2026 Lucia
1443 1979 1500 2026 et
1528 1973 1796 2044 Eugenia.

2082 1800 2209 1855 Rite
2236 1801 2370 1856 colit
2396 1802 2659 1857 habitans
2678 1804 2908 1874 adjuvat
2932 1811 2989 1860 et
3017 1805 3294 1876 precibus.

2044 1943 2280 1999 CXLIX.
2299 1973 2370 1987 —
2403 1947 2590 2000 tersus
2618 1949 2716 2001 isti
2741 1954 2872 2001 sunt
2901 1952 3098 2018 scripti
3122 1953 3186 2004 in
3213 1966 3320 2006 ara
3342 1955 3577 2022 capellas.

326 2054 432 2110 Hic
456 2055 737 2112 Fabianus
753 2057 932 2124 adest,
967 2064 1024 2113 et
1051 2076 1154 2113 sua
1177 2060 1414 2131 pignora
1433 2069 1636 2130 servat,
2009 2069 2279 2140 Expansis
2309 2069 2571 2125 manibus
2601 2071 2685 2125 sic
2703 2077 2884 2126 totum
2913 2073 3276 2144 amplectitur
3302 2075 3496 2132 orbem

395 2145 645 2200 Antistes
673 2163 928 2202 summus
958 2155 1178 2221 martyr
1206 2156 1262 2203 et
1281 2150 1399 2222 ipse
1426 2167 1600 2205 sacer.
2076 2157 2140 2218 In
2171 2175 2332 2213 cruce
2361 2160 2608 2214 conﬁxus
2629 2161 2884 2216 Christus
2906 2161 2964 2216 in
2993 2179 3119 2216 arce
3144 2163 3312 2219 Deus.

324 2235 468 2324 Cum
496 2251 606 2307 quo
626 2243 852 2292 sanctus
871 2244 1016 2304 ovat,
1041 2239 1331 2310 spoliaque
1353 2239 1441 2294 hic
1459 2241 1610 2295 alma
1644 2243 1916 2311 recondit,
2003 2245 2281 2301 Exstinxit
2305 2254 2565 2315 mortem,
2599 2251 2874 2322 confregit
2901 2256 3121 2323 sceptra
3144 2255 3371 2324 tyranni

394 2323 494 2378 Vir
520 2324 724 2380 virtute
743 2331 942 2398 potens
966 2327 1086 2400 ipse
1106 2327 1492 2395 Sebastianus,
2076 2336 2368 2392 {Eternam
2395 2339 2648 2410 requiem
2671 2340 2916 2395 reddidit
2945 2341 3065 2413 ipse
3095 2323 3230 2396 suis.

345 2457 3580 2488 ._.__._____..._____________________________________

1051 2581 1476 2656 SECTIO
1549 2584 2128 2660 SECUNDA.
2207 2628 2302 2638 —
2384 2587 2770 2662 HYMNI
2831 2595 2880 2662 ³.

312 2865 360 2926 l.
401 2894 481 2912 -
529 2879 772 2926 annos
827 2879 906 2924 ne
955 2881 1300 2927 CHARITATE
1351 2867 1578 2944 (uerno
1623 2883 1911 2930 sarrmco
2065 2866 2141 2922 Ut
2163 2865 2471 2922 salutarem
2501 2868 2592 2940 pie
2621 2868 2988 2940 praedicarent

562 2960 790 3007 uerus
817 2961 1222 3008 PENTAMBTBO
1252 2947 1641 3027 DACTYLICO).
2347 2956 2622 3026 Dogmate
2653 2957 2960 3013 Christum.

382 3051 620 3118 Altares,
644 3065 1024 3122 magnumque
1042 3050 1272 3121 bonum,
1287 3051 1510 3110 salubre
2063 3042 2302 3115 Haecque
2329 3044 2440 3100 huc
2467 3045 2804 3101 descendere
2827 3047 2959 3102 fecit
2985 3047 3170 3119 ipsum

382 3140 585 3195 Munus
612 3155 678 3194 ex
704 3140 817 3194 alto
846 3141 1094 3208 veniens,
1121 3159 1429 3214 supernum
1927 3149 1972 3209 ί]
2060 3136 2265 3192 Filium
2289 3139 2496 3194 summi
2527 3141 2710 3194 Patris
2738 3141 2809 3195 ad
2829 3142 3127 3209 medelam,

381 3232 700 3288 Conditoris
727 3232 966 3288 maxime
981 3236 1077 3306 jus
1097 3237 1341 3306 potentis
2056 3227 2131 3282 Ut
2149 3244 2451 3300 supernam
2487 3231 2929 3303 terriginamque
2946 3231 3165 3303 plebem

664 3322 781 3378 Lux
812 3323 906 3394 pia
935 3324 1150 3378 mundi.
2338 3319 2611 3390 Jungeret
2637 3326 2848 3374 auctor.

379 3411 637 3466 Charitas
665 3411 932 3483 praeclara
957 3411 1246 3479 Tonantis,
1279 3419 1448 3485 atque
2057 3406 2199 3462 Hec.
2215 3406 2331 3478 pati
2361 3408 2647 3463 Christum
2676 3425 2860 3475 cruce,
2892 3411 3008 3464 hec
3038 3409 3278 3480 ﬂagella,

378 3500 562 3556 Ardor
587 3505 646 3555 et
673 3501 994 3556 communio
1020 3501 1311 3556 Trinitatis
2057 3495 2253 3565 Sputa,
2287 3495 2498 3567 spinas,
2531 3496 2678 3549 ferre
2705 3495 2862 3549 dedit
2888 3497 3208 3567 sepulcrum

381 3590 596 3646 Cuncta
625 3588 800 3644 virtus
829 3589 937 3644 rite
966 3605 1168 3660 regens
1195 3595 1396 3663 potens
1425 3590 1508 3645 lex
2055 3585 2238 3654 Atque
2268 3585 2532 3638 victorem
2561 3585 2699 3648 fore,
2729 3585 2910 3656 deque
2937 3591 3118 3640 morte

651 3679 896 3751 Agmina
921 3679 1067 3733 celi.
2343 3673 2586 3744 Surgere
2615 3673 2762 3728 fecit.

378 3771 509 3826 Hec
547 3775 820 3824 creature
848 3767 956 3823 fuit
979 3766 1128 3822 alma
1148 3767 1324 3838 origo,
2053 3761 2184 3816 Hec
2211 3760 2370 3814 Pauli
2407 3778 2644 3833 regnum
2675 3761 2830 3817 dedit
2859 3779 2980 3817 esse
3005 3768 3285 3834 apertum,

375 3860 520 3914 Nam
551 3875 652 3931 per
682 3858 829 3912 hanc
849 3857 1098 3912 coelestia
1124 3855 1350 3910 condita
1377 3862 1616 3915 exstant.
2052 3850 2312 3905 Christus
2341 3867 2406 3904 ex
2436 3867 2546 3922 quo
2576 3851 2727 3906 celsa
2743 3852 2904 3924 petit,
2931 3859 3250 3924 sequentes,

375 3949 443 4003 Et
468 3948 643 4002 maris
665 3953 940 4016 terreque
968 3945 1138 4000 simul
1163 3950 1388 4018 reperta
2051 3939 2185 4010 Ejus
2215 3946 2273 3994 et
2301 3940 2536 4010 vestigia
2562 3940 2693 3995 fecit
2717 3958 2911 3996 omnes

657 4035 925 4089 Germina
962 4039 1239 4088 constant.
2334 4028 2612 4084 Scandere
2639 4031 2860 4085 celum.

373 4125 504 4180 Hec
533 4123 713 4178 Adam
742 4121 988 4194 primum
1011 4121 1168 4176 dedit
1187 4121 1245 4176 in
1274 4137 1332 4175 se
1354 4120 1578 4185 habere,
2051 4117 2323 4190 Spiritum
2345 4124 2600 4174 sanctum
2626 4120 2781 4174 dedit
2810 4121 2926 4175 haec
2949 4120 3018 4174 ab
3038 4138 3165 4177 arce

375 4215 458 4269 En
481 4213 586 4268 Dei
615 4211 918 4283 exemplar,
937 4211 1209 4281 ﬁeretque
1239 4209 1425 4280 imago
2050 4207 2426 4273 Pentecostes,
2459 4208 2648 4281 sicque
2677 4211 2918 4264 sacravit

373 4302 710 4368 Conditoris,
736 4298 1148 4372 preposuitque
1172 4304 1290 4354 toto
1320 4298 1470 4354 hunc
2049 4295 2420 4363 Primitivum,
2453 4313 2581 4352 cum
2611 4299 2934 4354 Paracletus
2961 4316 3185 4369 agmen.

485 4448 490 4456 ,
659 4390 896 4446 Condito
921 4387 1060 4442 orbi.
1912 4432 1960 4456 η
2333 4386 2536 4440 Visitat
2556 4386 2708 4441 orbe.

375 4448 506 4536 Hec
520 4432 837 4566 prophetas.
855 4485 913 4533 et
937 4475 1084 4550 patri
1113 4474 1244 4530 fecit
1261 4474 1459 4530 archas
1912 4432 1960 4490 D
2050 4473 2180 4529 Hec
2205 4474 2486 4529 salubrem
2505 4475 2699 4545 dirigit
2721 4480 2779 4529 et
2799 4475 3107 4542 cohortem,

375 4562 704 4626 Cumvsacro
727 4567 1045 4645 Spiramine
1074 4582 1170 4621 eos
1194 4564 1445 4638 replevit,
2047 4562 2315 4618 Primitus
2336 4564 2544 4620 Christi
2572 4564 2805 4618 comites
2831 4564 3143 4635 dehincque

1291 4695 1603 4750 SCHOLIA
1639 4694 2176 4750 CHRISTOPHORI
2215 4693 2577 4750 BRO\VERI.

371 4800 540 4875 Libro
566 4818 604 4856 ιι
625 4801 1087 4875 _de_In_stitutione
1115 4803 1466 4875 clericorum,
1511 4821 1557 4875 c.
1602 4802 1692 4869 49,
1735 4803 1895 4875 hym-
1975 4802 2144 4875 dium
2164 4807 2508 4875 quantopere
2531 4800 2802 4875 Rabanus
2837 4801 2896 4855 in
2912 4815 3143 4856 suorum
3168 4802 3571 4875 discipulorum

300 4887 402 4946 nos
416 4871 534 4946 dici
553 4873 671 4926 vult
699 4872 1412 4946 Rabanusquecunquein
1426 4873 1650 4928 laudem
1663 4874 1764 4929 Dei
1774 4871 1896 4928 car»
1976 4871 2197 4946 animis
2204 4871 2480 4946 excita—rit,
2510 4879 2565 4928 et
2587 4873 2645 4926 in
2669 4879 2872 4946 cetera
2892 4873 3234 4946 monasteria
3252 4871 3570 4946 exemplum

299 4942 456 4998 mina
482 4942 777 5016 dicuntur;
806 4961 974 5000 usum
990 4942 1190 5000 corum
1209 4942 1419 5000 Christi
1440 4951 1502 5000 et
1513 4946 1896 5016 apostolorum
1977 4945 2261 5016 derivarit,
2277 4945 2686 5016 docenthymni
2703 4943 3075 5016 antiquorum,
3091 4942 3452 5016 Patrum,qtii
3472 4961 3572 5016 nu-

301 5015 555 5087 exemplo
582 5016 1035 5087 commendatum
1061 5034 1076 5087 _;
1107 5023 1166 5070 et
1195 5017 1380 5070 valere
1409 5014 1638 5087 quidem
1667 5016 1738 5069 ad
1780 5032 1897 5070 mo-
1978 5032 2078 5086 per
2097 5032 2172 5087 ex
2199 5015 2552 5087 Sangallensi
2583 5014 2916 5079 bibliotheca
2945 5015 3292 5087 prodierunt,
3335 5014 3472 5069 tom.
3522 5015 3572 5069 V

299 5085 543 5159 vendum
572 5085 664 5159 pie
684 5086 957 5159 animum,
981 5085 1746 5159 etinﬂammandumdivine
1763 5087 1897 5141 dile-
1977 5085 2167 5159 Antiq.
2193 5086 2371 5159 _Lect._‘
2391 5087 2830 5159 Porrohymnos
2877 5086 3176 5159 nonnullos
3214 5086 3305 5159 hic
3350 5087 3572 5159 repiriri

297 5155 501 5230 ctionis
525 5155 812 5230 allectum:
836 5157 976 5212 alios
989 5157 1182 5230 afﬂatu
1204 5174 1466 5230 superno,
1486 5157 1628 5230 alios
1648 5158 1896 5230 humano
1978 5158 2075 5230 qui
2100 5155 2461 5230 scriptoribus
2490 5157 2616 5210 aliis
2635 5155 2926 5230 ’vindicari
2966 5157 3201 5229 possint,
3234 5157 3383 5212 haud
3407 5155 3576 5230 idim-

298 5226 526 5300 ingenio
537 5229 1005 5300 iactos.Auctores
1015 5226 1679 5300 hymmorumEcclesiam
1691 5227 1895 5284 habere
1977 5226 2101 5283 tear
2113 5269 2126 5296 ,
2160 5226 2227 5282 et
2236 5228 2370 5300 quia
2381 5235 2610 5300 vetuste
2623 5226 3151 5300 membrane'manu
3173 5245 3286 5284 non
3299 5229 3573 5300 antiquis-

298 5299 644 5369 precipuos:
677 5299 736 5355 in
757 5299 1063 5355 occidentis
1079 5300 1342 5364 Ecclesia,
1367 5305 1588 5354 sanctos
1619 5299 1894 5354 Hilarium
1976 5299 2121 5354 sima
2149 5299 2697 5354 nonnullosinsertos
2717 5299 3150 5364 observavimus,
3175 5316 3272 5355 eos
3291 5300 3362 5354 ad
3381 5299 3574 5356 discri-

297 5373 358 5424 et
381 5369 1069 5444 AmbrosiumrHactenus
1098 5388 1164 5426 ex
1192 5370 1441 5434 Rabano,
1464 5370 1560 5442 qui
1591 5369 1693 5425 hos
1723 5370 1893 5425 alios-
1975 5387 2104 5425 men
2132 5370 2444 5444 iaciendum
2461 5370 3175 5444 asteriscisinsignivimus:
3201 5371 3448 5444 reliquos
3460 5371 3574 5444 ple-

299 5456 410 5511 que
423 5442 738 5507 emulatus,
766 5443 1131 5516 hymnodiam
1151 5449 1445 5516 contexere
1468 5441 1766 5516 aggressus
1783 5447 1890 5516 est,
1975 5458 2197 5516 resque,
2230 5441 2362 5513 quia
2389 5442 2584 5516 eodem
2632 5441 2953 5516 chalacterc
2999 5448 3056 5496 et
3102 5442 3268 5516 titulo
3306 5441 3570 5516 versuum

298 5527 365 5565 ex
395 5527 510 5593 qua
523 5529 650 5593 non
683 5511 860 5584 pauca
887 5515 1140 5570 carmina
1168 5513 1227 5568 in
1273 5511 1601 5593 hancndiem
1647 5513 1894 5567 Ecclesia
1975 5511 2192 5593 Rabani
2222 5511 2528 5593 praescripti
2551 5511 2918 5593 sunt:_eidem
2960 5529 3058 5567 seu
3107 5514 3279 5584 prolis
3307 5513 3571 5584 legitime

298 5583 427 5655 usui
443 5583 664 5654 publico
685 5583 1032 5652 consecrare,
1055 5593 1204 5641 auta
1227 5583 1537 5655 majoribus
1559 5589 1788 5655 accepta
1809 5600 1896 5639 re-
1974 5583 2614 5654 parenti,’transcribere
2645 5584 2724 5640 nil
2753 5599 3028 5638 veremur.

298 5653 482 5710 tinere
509 5656 704 5711 voluit.
719 5657 788 5711 Et
807 5657 1164 5728 hymmorum
1184 5653 1334 5714 certe
1363 5653 1745 5711 canendoruin
1773 5661 1895 5710 stu-
