4018 6160
391 419 526 478 1651

455 544 854 600 Praedicatores
881 543 1012 598 ﬁdei
1043 548 1108 596 ut
1133 541 1376 596 salutem

746 633 988 698 Mundus
1020 630 1271 696 haberet.

462 725 746 796 Martyres
773 739 902 788 cum
923 719 1234 792 virginibus
1261 719 1480 792 paravit

459 815 547 868 Ad
577 813 850 876 honorem
870 811 1040 881 Regis
1067 809 1128 874 in
1145 825 1276 866 arce
1300 809 1513 880 magni.

461 901 837 958 Christianam
867 899 1022 964 ducit
1047 899 1121 954 ad
1149 904 1304 965 astra
1328 897 1549 970 plebem
1577 897 1648 954 ad

748 988 968 1044 Gaudia
989 987 1136 1042 vitae.

463 1083 678 1152 Corpus
695 1079 813 1132 haec
843 1076 1052 1131 Christi
1081 1075 1352 1148 copulans
1379 1074 1610 1140 adunat,

463 1169 713 1224 Membra
749 1184 875 1222 cum
911 1164 1176 1222 membris
1203 1165 1382 1224 sociat
1401 1164 1668 1223 valenter.

464 1257 714 1312 Membra
734 1255 1000 1328 supponit
1027 1253 1214 1325 capiti,
1248 1259 1415 1325 caput
1445 1269 1572 1308 cum

748 1347 995 1416 Corpore
1018 1343 1228 1414 jungit.

465 1436 604 1492 Ecce
632 1435 749 1490 haec
776 1433 1018 1498 dilectio,
1041 1447 1174 1487 vera
1201 1447 1319 1496 arx,

464 1526 701 1590 Summa
728 1523 1019 1588 virtutum,
1056 1525 1227 1591 caput
1248 1526 1306 1575 et
1333 1519 1528 1593 regina

465 1613 761 1669 Plenitudo
799 1612 916 1668 haec
939 1609 1081 1682 legis
1111 1614 1170 1664 et
1197 1607 1492 1680 utriusque

748 1701 895 1756 Fons
914 1697 1202 1756 bonitatis.

466 1791 648 1846 Nemo
675 1789 960 1844 viventum
989 1787 1110 1842 sine
1139 1787 1244 1842 hac
1265 1785 1478 1846 videbit

464 1879 636 1950 Regis
666 1877 861 1932 aeterni
888 1877 1108 1942 faciem,
1138 1876 1236 1930 sed
1261 1880 1387 1928 atra

467 1966 730 2023 Introibit
749 1972 966 2021 tartara
992 1971 1176 2020 torret
1200 1965 1350 2019 hunc
1381 1978 1491 2036 quo

752 2053 970 2114 Inferna
997 2055 1223 2114 ardens.

341 2176 351 2184 ο
469 2145 738 2216 Hancque
767 2143 1099 2202 mandatum
1128 2142 1335 2202 vocitat
1362 2157 1569 2204 novum
1596 2145 1811 2205 auctor,

471 2235 631 2289 Hanc
656 2232 864 2292 habere
891 2234 1015 2306 ejus
1041 2232 1274 2290 comites
1298 2229 1534 2308 iubebat

470 2323 663 2388 Valde,
694 2323 826 2377 hinc
853 2338 954 2380 nos
981 2322 1126 2379 hanc
1153 2319 1462 2386 habeamus
1489 2333 1684 2382 omnes

754 2413 988 2466 Pectore
1015 2427 1178 2484 puro.

612 2547 657 2606 ll
669 2590 685 2607 .
719 2579 796 2589 -—
829 2553 854 2579 ⁸
883 2559 1130 2605 aramus
1159 2558 1234 2603 ns
1265 2557 1505 2614 manu:
1531 2555 1773 2606 nouum.

606 2662 820 2715 Lumen
849 2659 1066 2713 clarum
1090 2657 1198 2712 rite
1225 2655 1399 2728 fulget

677 2749 816 2803 Orto
841 2763 1044 2818 magno
1082 2746 1272 2800 sidere

673 2837 834 2903 Quod
865 2853 967 2908 per
991 2839 1175 2898 totum
1205 2835 1464 2910 splendet
1501 2831 1712 2894 orbem,

673 2925 913 2982 Umbras
940 2925 1121 2982 noctis
1139 2925 1438 2997 aufugans,

675 3015 900 3075 Christo
924 3021 1058 3080 nato
1087 3013 1240 3086 Rege
1267 3030 1491 3085 magno.

673 3103 847 3156 Totus
876 3099 1028 3158 orbis
1055 3099 1320 3172 gaudeat.

606 3191 729 3246 Dux
757 3191 828 3245 de
847 3192 876 3246 ,Ι
883 3190 1011 3257 uda,
1047 3205 1214 3268 quem
1239 3188 1513 3265 proPheta

679 3278 827 3334 Olim
852 3279 976 3349 jam
1003 3275 1354 3348 praedixerat,

676 3367 863 3427 Laetus
892 3365 1052 3422 nobis
1081 3382 1204 3421 esse
1228 3365 1398 3433 venit,

673 3453 931 3510 Bethlem
974 3471 1210 3510 nascens
1237 3451 1465 3528 inclyta.

675 3545 899 3600 Christo
929 3549 1063 3602 nato
1092 3543 1246 3616 Rege
1269 3559 1492 3616 magno.

673 3635 848 3689 Totus
871 3633 1021 3688 orbis
1051 3631 1316 3704 gaudeat.

606 3723 766 3778 Hunc
795 3721 1000 3794 regalis
1024 3721 1182 3793 virgo
1206 3726 1407 3784 mater,

675 3811 848 3866 Partu
873 3810 1129 3882 gaudens
1156 3804 1350 3866 edidit.

675 3902 856 3967 Quem
883 3899 1108 3955 Gabriel
1135 3897 1434 3965 nuntiavit,

675 3991 1025 4046 Salvatorem
1051 3988 1328 4060 gentium.

677 4078 898 4132 Christo
929 4083 1080 4143 nato,
1115 4083 1221 4132 etc.

606 4169 749 4223 Cum
779 4172 1031 4238 pastores
1062 4163 1398 4220 excubantes

677 4255 828 4308 Cura
852 4255 1072 4308 mordet
1099 4270 1233 4313 nam
1258 4255 1468 4328 gregis,

678 4345 875 4399 Clarus
907 4347 1057 4415 ipsos
1079 4343 1148 4397 ad
1179 4343 1503 4409 laetandum,

678 4435 1018 4490 Exhortatur
1046 4434 1296 4489 nuntius.

677 4525 902 4580 Christo
923 4531 1077 4592 nato,
1119 4530 1224 4588 etc.

608 4613 952 4670 Concinebat
979 4615 1327 4686 angelorum,

676 4704 866 4760 Turba
888 4706 1018 4760 laeta
1043 4704 1322 4760 laudibus.
1371 4737 1378 4742 -

677 4795 862 4855 Τεντεθ
889 4811 1082 4865 Pacem
1109 4795 1492 4866 Pmdioantes.

679 4884 832 4940 Caio
857 4883 1103 4938 reddunt
1125 4884 1384 4954 gloriam.

677 4971 902 5030 Christo
932 4977 1086 5039 nato,
1111 4979 1216 5028 etc.

607 5064 658 5122 0.
682 5062 1024 5136 stupendum
1052 5062 1484 5134 mirandumque

679 5154 1106 5215 Sacramequ
1135 5151 1349 5222 gloriae-

679 5243 842 5310 Quod
861 5243 1176 5298 Tonantem
1203 5257 1386 5313 supra.
1405 5247 1624 5308 cuncta,

1997 541 2048 598 Α

977 419 1040 472 Β.
1083 417 1354 472 RABANI
1399 382 1634 469 imum
1672 408 2009 468 nomen.
2053 407 2378 465 uocum.
2421 403 2719 462 armum
2756 404 2938 458 PARS
2977 403 3070 458 1v.

2352 532 2526 602 Virgo
2551 533 2738 600 gestat
2754 525 3005 600 parvula.

2353 621 2577 676 Christo
2605 624 2760 684 nato,
2793 622 2899 672 etc.

2281 711 2481 766 Factor
2498 708 2642 774 cceli,
2674 713 2840 762 terra
2865 706 3044 761 iactor

2352 801 2530 855 Vulva
2558 801 2646 852 est
2670 799 2895 852 clausus
2912 795 3152 850 feminas.

2351 892 2562 946 Auctor
2590 901 2847 943 summus
2874 885 3224 956 angelorum,

2353 979 2446 1034 Fit
2472 991 2722 1050 pmepe
2749 973 3028 1031 conditus.

2354 1069 2578 1124 Christo
2606 1073 2761 1132 nato,
2794 1071 2900 1120 etc.

2287 1159 2476 1212 l’nlmo
2501 1157 2702 1212 cmlum
2742 1157 2838 1227 qui
2877 1155 3129 1221 metitur,

2354 1248 2584 1307 Terram
2612 1246 2826 1310 claudit
2845 1244 3018 1317 pugili
3040 1241 3317 1316 [pugillo].

2355 1337 2564 1398 Pennis
2591 1337 2784 1409 paucis
2809 1335 3123 1400 obvolutus,

2357 1428 2548 1486 Infans
2564 1427 2718 1498 vagit
2743 1426 3028 1499 parvulus.

2356 1517 2580 1572 Christo
2613 1521 2764 1582 nato,
2799 1521 2912 1572 etc.

2285 1608 2418 1672 Quae
2446 1607 2633 1662 divisit
2653 1608 2838 1662 lucem
2873 1605 2945 1661 ab
2971 1603 3204 1669 umbris,

2357 1698 2577 1754 Summi
2605 1696 2853 1770 primum
2891 1695 3142 1760 dextera,

2355 1786 2552 1842 Matris
2575 1803 2851 1841 mammas
2861 1801 2988 1842 ecce
3015 1787 3242 1840 tractat.

2356 1877 2540 1932 Iactis
2569 1881 2766 1951 potum
2789 1874 3113 1946 quaesitans.

2356 1961 2579 2016 Christo
2607 1965 2760 2024 nato,
2792 1965 2899 2016 etc.

2287 2051 2364 2105 0s
2382 2049 2714 2121 praeclarum
2743 2047 3081 2112 Conditoris,

2358 2140 2519 2206 Quod
2539 2139 2799 2204 formavit
2827 2138 3110 2203 saeculum,

2358 2231 2442 2288 En
2460 2231 2755 2289 admotum
2783 2244 2933 2286 nunc
2958 2227 3198 2285 libenter

2361 2319 2527 2390 Sugit
2551 2319 2750 2376 matris
2777 2317 2970 2373 ubera.

2359 2407 2583 2462 Christo
2603 2413 2758 2472 nato,
2791 2412 2897 2460 etc.

2290 2496 2336 2551 Ο
2364 2495 2530 2552 beata
2546 2502 2729 2551 mater
2755 2495 2985 2560 Christi,

2359 2584 2535 2643 David
2561 2583 2753 2656 stirpis
2780 2583 3006 2650 femina.

2359 2673 2443 2728 Tu
2471 2675 2595 2728 laus
2625 2671 2774 2728 orbis
2803 2677 2863 2726 et
2889 2672 3103 2742 regina,

2361 2764 2516 2817 Lata
2544 2761 2699 2832 virgo
2725 2761 2924 2816 Maria.

2361 2852 2586 2910 Christo
2615 2859 2768 2920 nato,
2795 2855 2903 2906 etc.

2291 2941 2448 2998 Votis
2476 2941 2628 2998 adsis
2655 2947 2720 2997 tu
2747 2941 2992 3014 piorum,

2362 3033 2542 3088 Omne
2571 3047 2800 3090 servans
2823 3028 3094 3094 seculum.

2360 3119 2702 3175 Patriamhis
2732 3123 2789 3173 et
2814 3113 3102 3200 prophetis

2360 3210 2508 3264 Laus
2532 3225 2742 3270 corona
2767 3205 2979 3283 gloriae.

2361 3294 2585 3350 Christo
2613 3297 2766 3358 nato,
2809 3291 2916 3347 etc.

2291 3383 2430 3438 Ecce
2457 3389 2688 3455 sperant
2713 3377 3050 3444 laetabunda,

2359 3472 2705 3544 Angelorum
2732 3471 2981 3545 agmina.

2361 3560 2570 3618 Christi
2588 3559 2808 3634 plebem
2837 3557 2988 3635 quod
3011 3553 3315 3630 gubernes.

2359 3653 2709 3708 Arcanorum
2737 3651 2978 3706 conscia.

2360 3739 2581 3796 Christo
2619 3745 2772 3807 nato,
2804 3746 2910 3795 etc.

2288 3827 2435 3887 Nam
2458 3833 2536 3895 te,
2558 3827 2730 3900 Virgo
2757 3825 2958 3890 caelebs
2975 3832 3174 3900 nupta,

2361 3919 2537 3974 Sexus
2553 3915 2737 3974 omnis
2764 3915 3004 3992 appetit.

2359 4009 2442 4064 Tu
2472 4013 2736 4080 parentes
2767 4013 2938 4080 atque
2963 4010 3126 4062 natos

2360 4098 2723 4171 Deprecando
2749 4102 3002 4170 protege.

2362 4189 2584 4244 Christo
2613 4192 2766 4254 nato,
2799 4194 2905 4242 etc.

2291 4278 2514 4334 Gaudet
2535 4277 2737 4334 coelum
2767 4295 2896 4332 cum
2918 4276 3177 4350 supernis

2359 4367 2704 4438 Angelorum
2733 4364 2999 4420 millibus.

2361 4457 2559 4512 Omnis
2578 4461 2743 4512 terra:
2769 4453 3078 4528 plenitudo,

2362 4547 2596 4612 Pontus,
2625 4551 2796 4612 astra,
2831 4541 3085 4600 ﬂumina.

2363 4636 2586 4691 Christo
2614 4641 2748 4690 nato
2766 4633 2919 4704 Rege
2938 4649 3163 4704 magno,

2361 4724 2535 4781 Totus
2561 4721 2712 4779 orbis
2737 4723 3002 4795 gaudeat.

2227 4849 2326 4916 ΙΙΙ.
2360 4884 2438 4898 -
2469 4865 2716 4914 ausus
2741 4861 2818 4910 ne
2849 4863 3087 4910 NATALE
3115 4861 3541 4912 maocsurux.

2291 4976 2558 5032 Carmina
2586 4974 2824 5046 psallere
2851 4987 2982 5028 voce
2999 4973 3142 5045 lyra,

2365 5059 2541 5119 Edere
2567 5067 2703 5118 tunc
2724 5057 2887 5134 juvat
2913 5065 3034 5116 arte
3062 5061 3263 5130 melos,

2364 5151 2654 5220 Quomodo
2681 5149 2862 5207 lactea
2882 5146 3051 5206 turba
3077 5153 3247 5224 perit,

2363 5241 2639 5313 Principis
2661 5239 2835 5312 impie
2855 5255 3000 5301 caesa
3025 5239 3175 5305 dolo.

1399 5365 1712 5430 SCHOLIA
1748 5365 2288 5434 CHRISTOPHORI
2324 5363 2689 5424 BROWERI.

495 5472 532 5502 ι
547 5461 988 5544 lyr-ifconsultus
1035 5465 1222 5544 clarus
1252 5463 1530 5544 ljlem'icus
1569 5463 1830 5524 Canisius
1862 5478 1993 5544 cum
2075 5464 2261 5544 Natali
2281 5463 2525 5544 Domini,
2545 5471 2727 5544 metro
2737 5465 3020 5544 trochaica
3033 5469 3366 5544 tetrametro
3375 5463 3676 5544 scriptum,

401 5529 696 5608 'I‘heod'ollf
737 5535 1156 5608 {inrelianensis
1202 5535 1444 5608 episc0pi
1485 5549 1684 5608 poema
1717 5541 1991 5608 iecenset,
2075 5541 2135 5591 et
2158 5535 2400 5608 ingenue
2428 5535 2641 5608 fatetur
2666 5535 2729 5608 in
2746 5536 2896 5608 libro
2925 5553 3034 5607 quo
3066 5551 3231 5608 usus
3255 5529 3680 5608 estauctorem

401 5603 549 5674 quod
567 5609 717 5680 _to_m.
751 5605 799 5657 V
843 5606 1038 5680 Antiq.
1083 5603 1364 5680 Lectionis
1388 5603 1720 5680 'evulgarat,
1740 5612 1878 5680 item
1918 5607 1992 5680 Ἦ
2075 5603 2295 5680 nullum
2313 5605 2495 5677 prodi,
2509 5612 2574 5660 ut
2597 5607 2916 5671 conditione
2930 5603 3338 5680 possidentium
3357 5606 3450 5664 hic
3465 5607 3678 5664 utime-

400 5673 611 5745 promit
637 5674 786 5730 inter
807 5675 920 5728 alia
943 5673 1016 5728 et‘
1025 5677 1174 5730 hunc
1193 5677 1468 5749 hymnum
1495 5673 1632 5734 sane
1659 5677 1902 5747 dulcem,
1923 5678 1995 5734 de
2075 5676 2218 5734 liora
2243 5673 2428 5735 liceat.
