3974 6180
256 349 395 403 ωδε

471 475 716 545 Ipsaque
739 475 1011 542 sanguine
1029 477 1204 532 tincta
1233 496 1334 534 suo
1357 487 1462 535 est.

405 565 509 617 Ast
539 563 633 617 ubi
663 580 724 617 se
761 563 968 618 furiata
997 566 1118 619 lues

472 653 705 716 Excitat,
739 653 910 723 inque
941 671 1138 709 necem
1167 657 1393 712 Domini

472 743 746 795 Provocat
771 741 960 796 invida
998 745 1168 797 corda
1197 746 1354 800 ducis

476 831 704 884 Concite
730 831 957 885 mittere
986 833 1136 902 cogit
1159 851 1288 889 eum

477 919 738 976 Sternere
766 926 826 974 et
851 921 1081 998 agmina
1103 923 1268 992 plura
1288 937 1441 979 new.

409 1008 525 1061 Ceu
551 1008 640 1062 leo
662 1025 796 1062 nam
821 1009 1014 1064 fremit
1039 1010 1100 1064 in
1125 1011 1358 1079 facinus,

476 1098 650 1165 Cujus
677 1097 748 1151 ab
776 1115 872 1153 ore
900 1105 1066 1152 tener
1090 1101 1272 1154 subito

476 1187 682 1256 Effugit
699 1204 879 1257 agnus
908 1189 966 1242 in
998 1205 1134 1243 arva
1161 1191 1354 1260 procul
1388 1211 1398 1244 :

476 1275 660 1330 Vertit
677 1276 736 1330 in
764 1277 1066 1332 innocuum
1096 1295 1254 1332 arma
1280 1297 1527 1350 gregem,

477 1365 704 1432 Atterit,
728 1366 1029 1434 excruciat,
1061 1368 1273 1422 lacerat
1299 1388 1310 1421 :

407 1454 497 1508 Sic
528 1454 794 1521 Herodes,
835 1457 1164 1511 stimulante
1192 1457 1351 1522 chao,

475 1544 630 1598 More
659 1544 776 1616 lupi
805 1545 1161 1613 furibundus,
1178 1563 1392 1613 amens,

475 1634 714 1688 Parvula
751 1635 930 1689 millia
957 1641 1146 1707 strage
1167 1637 1342 1691 dedit.

471 1722 772 1793 Turgidus,
805 1725 1068 1778 horridus
1091 1732 1260 1796 atque
1287 1726 1475 1792 ferox;

473 1812 729 1866 Christus
760 1818 819 1866 et
846 1829 1006 1867 arma
1033 1814 1277 1868 nefanda
1305 1815 1461 1869 vitat.

413 1901 548 1965 Quis
575 1901 676 1955 tibi
706 1907 842 1956 tunc
871 1903 1022 1956 lanio
1051 1904 1222 1958 ardor
1250 1912 1390 1970 erat,

471 1990 630 2044 Talia
660 2007 786 2046 cum
809 2008 1032 2062 quoque
1061 1993 1423 2064 prospiceres,

472 2080 702 2134 Pectore
732 2097 955 2151 quoque
985 2081 1158 2136 dabat
1190 2083 1453 2152 gemitus,

472 2170 612 2224 Cum
642 2170 882 2241 puerilia
911 2170 1163 2224 membra
1181 2188 1396 2238 secans,

470 2259 742 2313 Matribus
770 2260 892 2330 ipse
925 2261 1119 2330 lugere
1152 2260 1326 2315 dabas
1350 2261 1374 2313 ?

403 2347 526 2403 Dux
553 2347 751 2411 bonus,
784 2348 995 2402 arbiter
1011 2349 1290 2420 egregius,

469 2437 754 2506 Sanguine
786 2438 1034 2508 pasceris
1065 2438 1323 2493 innocuo.

467 2525 805 2596 Corporibus
835 2526 1083 2581 minimis
1111 2527 1356 2586 inhians,

465 2615 693 2668 Viscera
712 2614 896 2668 sobria
923 2615 1212 2669 dilaceras.

467 2704 687 2758 Gaudia
716 2721 867 2758 mors
897 2705 1083 2759 aliena
1111 2703 1286 2758 dabit.

399 2794 542 2863 Ergo
573 2810 696 2864 age,
728 2798 926 2861 tortor,
959 2794 1152 2861 adure,
1176 2811 1324 2848 seca.

473 2883 669 2938 Divide
699 2882 954 2937 membra
983 2889 1175 2937 coacta
1204 2883 1343 2950 luto,

469 2971 694 3025 Solvere
723 2989 842 3024 rem
872 2971 1127 3043 fragilem
1149 2970 1310 3025 facile
1339 2976 1443 3025 est.

469 3061 592 3114 Non
626 3065 885 3130 penetrat
913 3060 1072 3114 dolor
1101 3059 1338 3115 interius

463 3148 671 3203 Mentis
690 3149 747 3202 in
774 3166 900 3203 arce
929 3154 1120 3204 manet
1139 3147 1434 3204 Dominus.

395 3237 500 3291 Hic
529 3237 741 3291 funeris
772 3238 904 3308 quia
933 3254 1101 3292 causa
1128 3237 1254 3304 fuit,

461 3327 702 3380 Praemia
724 3327 812 3380 his
841 3344 1009 3398 super
1038 3332 1191 3381 astra
1209 3323 1384 3381 dabit.

453 3417 538 3470 Tu
565 3432 785 3487 quoque
820 3416 1017 3470 mortis
1049 3422 1270 3471 amator
1289 3433 1504 3482 amens,

457 3504 654 3558 Mortis
690 3505 750 3558 in
774 3505 980 3559 extima
1005 3506 1136 3577 jure
1161 3507 1330 3570 cadis,

463 3593 532 3646 Et
557 3593 983 3663 gemituni'sme
1012 3595 1122 3649 fine
1153 3587 1332 3649 dabis.

394 3682 570 3736 Cedat
594 3699 754 3736 amor
783 3682 1196 3755 lacrymantum
1223 3683 1535 3739 hominum.

458 3771 563 3835 Qui
595 3771 875 3826 celebrare
907 3789 1170 3844 suprema
1197 3773 1397 3838 solent,

460 3860 670 3916 Flebile
696 3861 858 3916 cedat
886 3867 944 3915 et
971 3860 1219 3917 ofﬁcium
1247 3882 1257 3916 :

459 3950 796 4023 Martyribus
817 3949 950 4022 quia
967 3967 1143 4022 regna
1170 3957 1383 4022 patent.

455 4039 676 4094 Gaudia
703 4045 1083 4111 perpetuoque
1109 4045 1357 4094 manent.

387 4128 433 4181 Ο
464 4128 596 4182 socii
621 4129 739 4183 sine
767 4130 878 4182 ﬁne
907 4127 1088 4183 Deum

457 4217 719 4271 Carmine
740 4218 860 4287 jam
876 4233 1230 4283 resonemus,
1256 4233 1381 4270 eum

460 4306 566 4370 Qui
590 4323 694 4360 sua
722 4323 958 4360 munera
985 4306 1093 4360 rite
1123 4305 1311 4373 dedit;

456 4395 662 4449 Nostra
689 4394 928 4448 libenter
955 4398 1013 4447 et
1040 4393 1158 4464 ipse
1180 4391 1331 4448 canit
1365 4413 1374 4445 :

455 4484 710 4538 Christus
741 4489 798 4536 et
826 4482 1072 4554 optimus
1097 4483 1246 4536 Deus
1273 4487 1377 4537 est.

523 4619 624 4677 IV.
661 4651 736 4660 —
765 4626 791 4656 ⁸
821 4631 1066 4678 annos
1090 4633 1166 4676 ns
1197 4633 1559 4678 summa.

314 4752 397 4805 En
421 4750 545 4804 cceli
572 4749 808 4804 rutilant
835 4746 1046 4803 lumine
1066 4747 1378 4822 splendida,

382 4839 684 4892 Testantur
713 4839 1015 4893 Dominum
1043 4855 1272 4893 nascere
1293 4837 1605 4910 parvulum.

383 4927 492 4992 Qui
519 4928 724 4981 format
748 4928 982 4982 minima
1008 4934 1066 4983 et
1093 4933 1248 4981 creat
1266 4928 1461 4994 ardua,

1315 354 1664 409 CARMINA.

1706 386 1766 395 -—
1811 355 2062 410 SEC'I‘IO
2105 355 2174 409 II.
2233 353 2486 406 HYMNI.

1876 486 1921 542 Α

1874 1801 1921 1859 Β

382 5015 562 5089 Regni
594 5023 814 5088 sceptra
840 5021 1057 5083 tenens,
1089 5023 1176 5071 est
1200 5017 1350 5071 Deus
1377 5021 1548 5089 atque
1577 5015 1763 5071 homo.

311 5106 482 5162 Duxit
499 5107 662 5162 stella
683 5108 877 5178 Magos
906 5106 1143 5178 mystica
1170 5123 1437 5180 quaerere,

384 5195 555 5266 Regis
578 5196 798 5268 paciﬁci
827 5196 937 5250 rite
956 5195 1254 5252 cunabula.

2087 484 2263 546 Quem
2292 481 2485 534 Judaea
2512 489 2709 534 tenens
2741 479 2891 532 orbis
2921 481 2978 534 in
3008 480 3226 548 ultima,

2084 571 2314 626 Dillusis
2343 570 2518 623 radiis
2540 569 2765 623 nuntiat
2793 569 3024 640 inclyta,

2014 661 2264 714 Herodes
2299 659 2526 731 capiens
2555 657 2761 728 impius
2792 657 3044 723 auribus,

2086 749 2243 813 Quod
2275 749 2390 802 Rex
2411 747 2501 801 hic
2527 747 2712 801 fuerat
2736 751 2901 800 natus
2939 747 2999 800 in
3021 745 3256 801 urbibus

2053 916 2061 917 η
2083 838 2287 892 Judaeae
2308 837 2479 904 ,hunc
2510 837 2675 890 citius
2703 851 2954 907 quaerere
2973 833 3226 907 pmcipit

2080 926 2298 993 Tristis,
2333 940 2573 997 moxque
2591 925 2712 979 neci
2731 925 2958 980 tradere
2985 924 3251 979 destinat.

2013 1015 2277 1069 Inventus
2307 1015 2580 1070 Dominus
2607 1013 2790 1069 indice
2816 1013 3001 1068 sidere
3027 1018 3132 1079 est,

2083 1104 2146 1158 In
2179 1104 2466 1157 Bethleem
2494 1104 2706 1174 pariter
2732 1118 2973 1174 cumque
3000 1099 3346 1174 parentibus,

2084 1192 2187 1246 Cui
2215 1209 2342 1246 mox
2366 1209 2500 1262 ergo
2524 1193 2677 1262 Magi
2698 1205 2937 1246 munera
2964 1191 3244 1257 deferunt,

3407 353 3426 410 1
3436 349 3536 406 654

2081 1281 2255 1346 Thus,
2272 1281 2581 1352 myrrham,
2597 1295 2800 1335 aurum
2820 1281 2891 1334 ab
2919 1280 3116 1352 Ophir,
3132 1281 3274 1351 regi,
3300 1281 3536 1344 homini,

2013 1371 2169 1424 Hanc
2196 1376 2325 1424 trux
2355 1370 2476 1441 ipse
2497 1370 2630 1424 licet
2656 1370 2848 1424 saeviat
2873 1369 3120 1436 horride,

2079 1460 2328 1514 Herodes
2347 1458 2548 1529 jubeat
2571 1459 2784 1513 euadere
2803 1459 3081 1530 parvulos,

2079 1550 2336 1619 Regnum
2366 1549 2476 1603 rite
2505 1565 2673 1604 suum
2704 1548 2943 1602 ﬁrmiter
2971 1548 3241 1618 undique,

2081 1637 2363 1702 Servatur,
2397 1638 2638 1692 Domino
2667 1636 2880 1691 corruit
2908 1635 3146 1691 invidus.

2011 1724 2092 1777 En
2121 1729 2208 1776 est
2235 1724 2344 1778 ista
2372 1724 2493 1778 dies
2523 1740 2758 1778 munere
2788 1723 3009 1788 nobilis,

2079 1812 2366 1883 Baptismo
2393 1813 2511 1865 haec
2535 1811 2759 1865 Domini
2789 1809 2992 1865 nobilis
3022 1809 3251 1868 exstitit.

2079 1900 2238 1965 Quod
2263 1901 2454 1955 vinum
2487 1899 2762 1955 Dominus
2789 1897 2998 1953 fecerat
3017 1915 3083 1953 ex
3112 1916 3277 1971 aqua,

2081 1990 2450 2045 Commendat
2480 1989 2696 2062 placide
2723 1988 2841 2042 haec
2865 2004 3025 2042 sacra
3055 1987 3340 2058 dogmata.

2012 2079 2335 2134 Gaudemus
2365 2080 2578 2150 pariter
2596 2076 2880 2133 mentibus
2911 2093 2981 2131 en
3010 2093 3227 2148 precor.

2079 2169 2237 2232 Quod
2265 2168 2425 2224 nobis
2445 2167 2719 2223 Dominus
2748 2167 2840 2221 hic
2863 2167 2989 2239 pius
3008 2164 3249 2220 advenit.

2079 2258 2239 2321 Quod
2269 2262 2463 2312 nostra
2487 2257 2666 2312 voluit
2691 2272 2931 2310 munera
2957 2271 3198 2318 sumere,

2078 2348 2238 2412 Quod
2263 2347 2544 2419 baptisma
2570 2345 2745 2412 dedit,
2769 2346 2968 2419 pocula
2995 2342 3250 2398 contulit.

2007 2439 2149 2491 Nam
2180 2454 2275 2490 rex
2307 2436 2562 2491 Christus
2594 2436 2772 2500 adest,
2804 2431 2953 2488 orbis
2983 2437 3040 2486 et
3063 2429 3292 2498 arbiter,

2074 2528 2194 2580 Lux
2215 2526 2284 2579 de
2309 2527 2432 2579 luce
2455 2524 2567 2596 pia,
2591 2532 2649 2578 et
2672 2525 2840 2580 Pater
2867 2521 3142 2576 omnium.

2077 2615 2184 2680 Qui
2214 2631 2315 2669 nos
2341 2615 2412 2668 ad
2442 2614 2684 2686 patriam
2713 2613 2883 2666 ducat
2910 2617 2967 2665 et
2990 2610 3282 2683 optimam,

2077 2705 2145 2758 Et
2162 2705 2288 2759 vitae
2317 2701 2484 2758 faciat
2509 2702 2720 2774 gaudia
2739 2707 2970 2756 metere.

2212 2839 2285 2898 V.
2317 2870 2395 2882 —-
2433 2851 2684 2899 anuus
2726 2851 2791 2899 ιιι
2838 2848 3196 2898 smmum.

2215 2971 2384 3026 Venit
2409 2971 2563 3026 Deus
2590 2967 2770 3025 factus
2793 2969 2985 3036 homo,

2286 3061 2538 3116 Exsultet
2566 3060 2750 3116 omnis
2778 3059 2933 3114 natio

2283 3149 2500 3203 Caelum
2521 3147 2676 3204 dedit
2701 3149 2857 3203 sidus
2875 3163 3104 3212 novum,

2283 3241 2533 3311 Apparet
2562 3244 2759 3293 auctor
2782 3236 3054 3291 omnium.

2213 3327 2362 3396 Magi
2391 3326 2647 3382 ferebant
2673 3341 2931 3389 munera,

2283 3415 2457 3469 Primi
2487 3415 2659 3484 legati
2680 3412 2959 3484 gentium.

2284 3504 2417 3568 Quae
2447 3519 2573 3557 cum
2597 3518 2754 3555 sacro
2780 3499 3069 3572 mysterio.

2279 3591 2515 3662 Signant
2541 3589 2768 3644 latentis
2797 3588 3054 3660 gloriam.

2209 3683 2423 3736 Aurum
2452 3679 2698 3752 potentis
2728 3677 3005 3748 regmina,

2281 3771 2505 3824 Numen
2527 3783 2746 3822 sacrum
2774 3766 2906 3820 thus
2931 3761 3158 3828 indicat,

2281 3859 2633 3928 Carnemque
2662 3854 2893 3927 myrrha
2915 3858 3216 3916 mortuam,

2279 3947 2474 4002 Mundi
2504 3947 2753 4017 piantem
2779 3942 3117 3998 machinam.

2209 4037 2477 4102 Herodes,
2513 4033 2688 4088 hostis
2714 4031 2954 4099 invidus,

2271 4127 2498 4194 Ignorat
2522 4124 2638 4177 hac
2662 4121 3032 4188 trucissimus,

2276 4213 2535 4268 Christus
2569 4213 2737 4266 saluti
2765 4211 3043 4282 gentium,

2277 4304 2410 4367 Quaz
2439 4303 2520 4356 sic
2543 4300 2829 4355 ministrat
2853 4299 3133 4369 providus.

2203 4393 2228 4445 J
2235 4408 2362 4445 esus
2391 4406 2688 4461 precamur
2716 4388 2944 4460 optime,

2276 4481 2360 4534 Tu
2381 4496 2482 4541 nos
2505 4476 2783 4547 benignus
2811 4474 3009 4545 dirige.

2277 4567 2530 4640 Prompti
2558 4567 2806 4622 feramus
2836 4563 2987 4636 quod
3012 4559 3114 4618 tibi

2279 4655 2486 4712 Laudis
2515 4660 2734 4712 sacrata
2762 4669 3014 4708 munera.

2319 4792 2420 4852 VI.
2463 4824 2534 4836 —
2560 4806 2711 4851 rrau
2753 4804 2957 4850 ALIUS.

2202 4923 2459 4978 Christus
2483 4919 2824 4993 Redemptor
2848 4920 3097 4994 plebium

2276 5012 2563 5084 Baptisma
2589 5015 2878 5066 consecrat
2905 5025 3128 5066 novum.

2278 5102 2478 5158 Venite
2508 5101 2689 5164 cuncti
2711 5100 3032 5165 criminum,

2276 5194 2487 5248 Laure
2510 5188 2703 5244 sordes
2730 5187 3005 5245 omnium.

1230 5317 1543 5374 SCHOLIA
1581 5313 2118 5374 CHRISTOPHORI
2156 5316 2518 5372 BROWERI.

311 5429 338 5455 ³
367 5417 557 5494 ThusL
573 5417 880 5494 myrrham,
902 5433 1116 5494 aurum
1142 5416 1211 5470 ab
1250 5416 1442 5487 Ophir.
1477 5417 1593 5470 Hoc
1630 5423 1840 5494 postre-
1925 5413 2737 5494 Scriptura:_interpretes._Adi
2765 5411 2828 5468 Β.
2858 5411 3228 5494 ᾼιξξρωοιαιιξ
3247 5410 3521 5494 priuati?-

237 5505 399 5543 mum
427 5481 838 5572 adSalo‘monis
867 5481 1530 5572 classetm,.quee-aurum.
1568 5481 1841 5572 ex:‘0phir
1925 5481 2063 5572 nvem—
2091 5487 2149 5541 in
2179 5481 2426 5572 _Pha'l\eg';
2449 5485 2674 5572 ,loseph.
2691 5482 3036 5572 Δᾼςξξκςιζμὲι).
3059 5501 3097 5552 i,
3123 5497 3172 5539 c.
3197 5481 3265 5552 3;
3286 5487 3416 5548 etc.,
3447 5481 3520 5538 de

230 5560 577 5686 apportavi,
612 5560 834 5631 aliaque
865 5561 989 5613 loca
1035 5555 1334 5640 Scriptum
1360 5558 1566 5640 veteris
1591 5555 1799 5640 alludel

235 5650 290 5686 v1
337 5637 485 5687 etur.
505 5633 586 5687 De
604 5632 717 5686 situ
736 5638 794 5687 et
803 5631 1092 5688 notatione
1103 5631 1280 5705 Oplnr
1293 5631 1533 5686 multum
1547 5646 1799 5704 inquirui

1434 5558 1566 5613 teris
1591 5555 1843 5615 alludere
1925 5559 2080 5613 Novo
2111 5558 2264 5616 orbe.
2301 5555 2654 5613 Bo'chium'in
2688 5555 2828 5629 psal.
2861 5565 3003 5610 ora.

1434 5646 1533 5686 um
1547 5630 1843 5704 inquirunt

3377 1369 3536 1441 [Deo,
