4018 6160
292 418 434 475 1657

545 541 748 595 Grates
776 538 898 611 pias
920 538 1027 592 rite
1053 545 1119 592 ut
1143 537 1246 592 tibi

541 630 865 686 Reddamus
891 626 1047 683 omni
1076 631 1349 701 tempore.

485 768 589 829 IX.
622 798 706 811 —
729 786 753 813 ι
779 781 931 826 ιτωι
963 780 1027 827 η(
1056 779 1435 825 Αεοειηειοη
1466 778 1706 825 βοιιαι.

292 902 525 957 Festum
554 914 704 954 nunc
731 897 948 953 celebre
979 912 1295 969 magnaque
1322 896 1534 968 gaudia

293 989 652 1062 Compellunt
677 986 898 1042 animos
933 986 1188 1041 carmina
1214 1002 1491 1057 promere,

292 1081 435 1135 Cum
465 1078 722 1134 Christus
750 1077 953 1132 solium
977 1076 1195 1131 scandit
1222 1076 1293 1130 ad
1322 1076 1584 1131 arduum.

363 1169 647 1223 Ccelorum
679 1166 805 1238 pius
832 1165 1063 1222 arbiter.

291 1257 629 1314 Conscendit
650 1256 901 1328 jubilans
930 1255 1089 1310 laetus
1108 1256 1181 1310 ad
1209 1256 1438 1321 aethera,

290 1349 624 1403 Sanctorum
649 1346 887 1418 populus
917 1344 1182 1417 praedicat
1208 1345 1500 1417 inclytum,

291 1436 554 1492 Concinit
578 1435 789 1507 pariter
815 1434 1100 1506 angelicus
1129 1434 1331 1490 chorus

364 1526 606 1581 Victoris
644 1524 776 1579 boni
808 1523 1069 1595 gloriam.

292 1615 401 1681 Qui
432 1614 706 1670 scandens
734 1629 967 1685 superos
995 1612 1217 1668 vincula
1246 1613 1501 1667 vinxerat

290 1705 518 1761 Donans
544 1703 845 1774 terrigenis
868 1719 1104 1757 munera
1134 1701 1396 1774 plurima,

288 1793 590 1850 Districtus
616 1792 843 1847 rediens
871 1791 1085 1846 arbiter
1112 1790 1363 1846 omnium

363 1882 471 1947 Qui
500 1882 653 1937 mitis
682 1881 849 1936 modo
874 1880 1120 1935 transiit.

292 1972 552 2038 Oramus,
576 1969 831 2037 Domine,
846 1968 1107 2025 ’conditor
1130 1969 1354 2042 inclyte,

289 2063 532 2117 Devotos
558 2061 796 2116 famulos
822 2060 1057 2131 respice,
1088 2065 1338 2131 protege,

292 2152 377 2206 Ne
406 2167 509 2205 nos
534 2150 675 2204 livor
700 2149 841 2203 edax
865 2148 1136 2204 daemonis
1163 2148 1367 2203 obruat

361 2240 667 2309 Demergat
694 2239 779 2292 vel
808 2239 866 2293 in
896 2238 1123 2293 inferos.

292 2328 369 2389 Ut
397 2345 526 2384 cum
556 2328 937 2383 ﬂammivoma
966 2326 1115 2382 nube
1142 2324 1458 2391 reverteris,

292 2419 525 2474 Occulta
550 2416 841 2472 hominum
877 2416 1123 2489 pandere
1144 2415 1425 2486 judicans,

291 2508 377 2565 Ne
405 2508 505 2563 des
534 2506 808 2579 supplicia
833 2505 1062 2560 horrida
1087 2505 1268 2559 noxiis

366 2597 476 2652 Sed
500 2596 669 2667 justis
694 2595 843 2650 bona
859 2595 1111 2668 praemia.

293 2686 509 2743 Praesta
534 2687 656 2752 hoc,
692 2685 917 2756 genitor
939 2684 1171 2756 optime,
1201 2685 1468 2759 maxime,

295 2776 416 2832 Hoc
441 2781 524 2842 tu,
557 2775 702 2831 Nate
730 2774 833 2830 Dei
870 2779 928 2829 et
954 2773 1099 2827 bone
1129 2772 1390 2845 Spiritus,

292 2864 559 2936 Regnans
586 2870 857 2937 perpetuo
879 2863 1095 2934 fulgida
1118 2862 1365 2918 Trinitas

366 2953 477 3009 Per
492 2959 693 3009 cuncta
710 2953 801 3025 pie
819 2954 1041 3008 saecula.

577 3082 652 3142 Χ.
686 3114 766 3125 -
795 3095 1044 3141 aramus
1072 3095 1135 3140 IN
1166 3093 1605 3142 renrscos'reu.

515 3213 673 3279 Veni,
706 3220 925 3268 creator
953 3213 1215 3286 Spiritus,

582 3302 798 3358 Mentes
822 3309 1051 3358 tuorum
1076 3302 1259 3356 visita.

584 3392 759 3464 Imple
797 3408 1043 3464 superna
1081 3391 1267 3461 gratia

581 3481 717 3545 Quae
734 3487 798 3536 tu
824 3480 1027 3536 creasti
1053 3487 1298 3551 pectora.

511 3570 620 3635 Qui
640 3570 966 3625 Paracletus
987 3568 1204 3631 diceris,

582 3660 804 3715 Donum
829 3658 929 3713 Dei
958 3655 1236 3711 altissimi.

583 3749 732 3804 Fons
752 3747 928 3813 vivus,
951 3745 1119 3818 ignis,
1142 3744 1404 3807 charitas,

590 3838 660 3893 Et
687 3836 957 3909 spiritalis
987 3834 1195 3890 unctio.

511 3926 598 3982 Tu
618 3925 959 3998 septiformis
986 3940 1238 3990 munere,

585 4016 807 4070 Dextra:
838 4014 939 4069 Dei
964 4019 1025 4068 tu
1054 4013 1286 4084 digitus.

585 4104 669 4158 Tu
690 4104 797 4157 rite
822 4103 1160 4174 promissum
1180 4102 1383 4168 Patris,

589 4192 859 4248 Sermone
878 4193 1065 4247 ditans
1085 4198 1338 4262 guttura.

521 4283 775 4338 Accende
802 4283 994 4338 lumen
1032 4281 1307 4347 sensibus,

590 4371 828 4427 Infunde
858 4388 1111 4427 amorem
1148 4370 1426 4425 cordibus.

592 4456 824 4511 Inﬁrma
850 4456 1028 4512 nostri
1072 4455 1336 4527 corporis,

590 4544 808 4601 Virtute
829 4548 1061 4602 ﬁrmans
1089 4546 1384 4618 perpetim.

517 4632 746 4693 Hystem
777 4636 1017 4706 repellas
1042 4633 1282 4704 longius,

583 4722 898 4794 Pacemque
927 4722 1101 4777 dones
1131 4722 1404 4793 protinus.

584 4812 827 4867 Ductore
846 4812 927 4865 sic
943 4817 1001 4865 te
1020 4811 1244 4881 praevio,

583 4901 839 4955 Vitemus
867 4917 1034 4955 omne
1053 4899 1285 4955 noxium

514 4992 622 5046 Per
649 4998 705 5046 te
735 4990 977 5045 sciamus
1018 4990 1091 5043 da
1120 4990 1365 5054 Patrem,

580 5082 891 5136 Noscamus
920 5085 1089 5151 atque
1115 5078 1336 5143 Filium,

578 5171 657 5225 Te
685 5170 979 5241 utriusque
1003 5166 1297 5238 Spiritum,

580 5260 889 5315 Credamus
908 5255 1061 5313 omni
1088 5260 1341 5327 tempore

511 5350 723 5407 Prasta
750 5350 874 5417 hoc,
906 5349 1077 5404 Pater
1105 5343 1373 5416 piissime,

1349 412 1698 468 CARMINA.
1745 443 1807 454 --
1851 412 2104 470 SECTIO
2143 417 2215 472 Il.
2260 417 2515 473 HYMNI.

1906 540 1958 600 Α

1906 3059 1950 3118 C

1926 4370 1975 4428 D

3431 410 3603 469 1658.

2226 541 2491 613 Patrique
2518 557 2748 614 compar
2776 540 2958 605 unice.

2228 631 2368 686 Cum
2398 631 2611 704 Spiritu
2640 631 2950 695 Paracleto,

2222 720 2485 792 Regnans
2514 737 2615 792 per
2643 736 2809 776 omne
2830 722 3116 775 saeculum.

2094 857 2207 919 XI.
2247 887 2315 900 -—
2363 872 2609 917 urunus
2652 872 2731 918 nn
2770 870 3009 916 sum:
3053 869 3326 916 CHRISTI.

2183 990 2513 1046 Gratuletur
2538 991 2722 1045 omnis
2748 1006 2903 1056 caro,

2253 1080 2399 1134 Nato
2425 1080 2649 1134 Christo
2675 1079 2934 1134 Domino.

2254 1169 2396 1233 Quia
2426 1170 2592 1241 culpa
2618 1170 2969 1241 protoplasti,

2256 1260 2493 1313 Carnem
2521 1264 2771 1313 nostram
2801 1257 3006 1314 induit.

2259 1347 2333 1401 Ut
2356 1346 2597 1401 salvaret
2624 1363 2764 1418 quos
2792 1347 3089 1418 plasmavit

2251 1436 2402 1492 Deus
2430 1435 2739 1507 sapientiae.

2182 1526 2443 1596 Magnam
2465 1525 2624 1580 valde
2644 1526 3058 1581 commendavit

2254 1615 2360 1669 Per
2386 1615 2660 1668 Joannem
2696 1614 2959 1685 gratiam.

2252 1703 2575 1775 Baptizatus
2602 1704 2661 1759 in
2683 1704 2947 1769 Jordane,

2252 1790 2413 1847 Lavit
2437 1793 2636 1847 mundi
2666 1792 2919 1858 crimina,

2253 1878 2329 1936 Ut
2354 1880 2702 1936 credentium
2739 1888 3010 1953 purgaret

2252 1968 2519 2024 Gentium
2547 1970 2786 2041 piacula.

2181 2055 2429 2112 Verbum
2447 2056 2633 2112 Patris
2658 2072 2788 2111 caro
2812 2053 3041 2120 factum,

2254 2145 2520 2200 Nascitur
2547 2161 2613 2199 ex
2650 2144 2900 2215 Virgine.

2254 2235 2379 2289 Non
2408 2234 2597 2290 amisit
2623 2235 2913 2301 deitatem,

2254 2323 2516 2378 Formam
2552 2324 2697 2378 servi
2734 2323 2967 2394 accepit,

2256 2412 2332 2467 Ut
2367 2420 2660 2485 peccatum
2688 2413 2758 2467 de
2781 2416 3029 2484 peccato,

2254 2502 2563 2556 Damnaret
2585 2501 2971 2573 Omnipotens.

2185 2589 2363 2653 Quem
2387 2606 2490 2644 vox
2509 2595 2747 2662 paterna
2767 2589 3008 2645 vocavit:

2257 2679 2396 2734 Ecce
2441 2695 2601 2734 meus
2637 2679 2833 2745 Filius,

2258 2768 2322 2823 In
2352 2784 2464 2839 quo
2497 2767 2602 2823 sibi
2629 2768 2985 2840 complacuit,

2260 2858 2419 2925 lei,
2445 2866 2610 2914 terra:
2636 2859 2927 2925 Dominus,

2260 2949 2392 3020 Ipsi,
2424 2955 2642 3021 gentes,
2666 2950 2907 3015 obedite,

2259 3039 2574 3112 Regesque,
2599 3039 2928 3095 subdimini.

1985 3144 2121 3208 XII.
2159 3181 2224 3191 —
2252 3164 2499 3209 nvmaus
2519 3163 2580 3211 IN
2606 3161 3071 3209 PURIFICATIONE
3098 3162 3342 3208 suam
3355 3160 3581 3206 IAIIIE.

2164 3261 2322 3326 Quod
2357 3263 2561 3317 r'mrus
2590 3268 2779 3316 vatum
2808 3261 3159 3316 venerandus
3189 3260 3344 3319 olim.

2162 3350 2374 3421 Spiritu
2404 3358 2597 3406 sancto
2626 3354 2831 3408 cecinit
2870 3354 3119 3423 repletus

2162 3437 2227 3493 In
2256 3438 2357 3493 Dei
2386 3439 2592 3494 factum
2623 3442 2897 3511 genitrice
2921 3447 3141 3495 constat

2456 3527 2588 3582 Esse
2621 3528 2878 3582 Mariam.

2164 3610 2294 3664 Haec
2319 3610 2499 3665 Deum
2529 3612 2653 3666 caeli
2695 3613 3110 3683 Dominumque
3138 3618 3302 3666 terra:

2164 3698 2337 3769 Virgo
2366 3701 2621 3771 concepit
2647 3700 2974 3772 peperitque
3001 3702 3177 3771 virgo,

2160 3789 2344 3859 Atque
2366 3794 2494 3860 post
2511 3797 2737 3860 partum
2765 3789 2973 3844 meruit
2999 3806 3229 3844 manere

2451 3875 2744 3930 Inviolata.

2167 3963 2347 4029 Quem
2372 3980 2540 4019 senex
2563 3966 2752 4035 justus
2780 3964 3007 4019 Simeon
3035 3964 3095 4018 in
3126 3963 3275 4020 ulnis

2170 4054 2234 4108 In
2264 4053 2430 4108 domo
2460 4054 2703 4125 sumpsit
2730 4054 2955 4109 Domini
2982 4053 3228 4124 gavisus,

2170 4140 2254 4198 Ob
2274 4142 2422 4213 quod
2450 4149 2703 4214 optatum
2732 4143 2959 4214 proprio
2984 4142 3197 4197 videret

2456 4233 2693 4287 Lumine
2712 4233 3018 4287 Christum.

2168 4321 2252 4377 Tu
2279 4320 2458 4376 libens
2496 4322 2659 4387 votis,
2689 4322 2949 4393 petimus,
2983 4326 3331 4393 precantum.

2169 4410 2337 4481 Regis
2374 4411 2569 4464 aeterni
2596 4410 2858 4481 genitrix,
2879 4410 3088 4475 faveto;

2169 4500 2334 4555 Clara
2362 4516 2485 4571 quae
2514 4499 2646 4553 celsi
2674 4498 2923 4553 retinens
2950 4498 3175 4569 Olympi

2452 4588 2649 4658 Regna
2679 4586 2889 4658 petisti.

2169 4677 2255 4732 Sit
2278 4677 2393 4731 Deo
2422 4682 2614 4730 nostro
2642 4675 2811 4731 decus
2839 4682 2898 4729 et
2924 4678 3190 4745 potestas,

2168 4766 2254 4822 Sit
2290 4766 2442 4820 salus
2471 4782 2692 4837 perpes,
2728 4764 2802 4819 sit
2830 4765 3010 4818 honor
3036 4763 3318 4835 perennis.

2168 4856 2275 4920 Qui
2310 4856 2424 4928 poli
2454 4871 2676 4909 summa
2712 4853 2920 4908 residet
2948 4852 3006 4906 in
3036 4868 3163 4908 arce

2450 4944 2655 4999 Trinus
2696 4949 2753 4997 et
2782 4958 2946 4997 unus.

1989 5054 2327 5114 ΧΙΙΙ--ιτει
2349 5069 2594 5113 aramus
2607 5069 2665 5113 IN
2683 5066 3097 5112 sensurum
3112 5064 3362 5111 samera
3379 5062 3588 5109 unum

2167 5167 2259 5223 Fit
2284 5173 2447 5238 porta
2473 5167 2682 5221 Christi
2707 5165 2917 5237 pervia,

2272 5256 2498 5312 Referte
2526 5256 2691 5327 plena
2717 5254 2904 5326 gratia
2934 5272 2949 5321 ;

2269 5344 2608 5416 Transitque
2642 5344 2774 5408 Rex,
2808 5349 2868 5397 et
2893 5348 3187 5414 permanet

1278 5448 1589 5503 SCHOLIA
1629 5448 2169 5506 CHRISTOPHORI
2210 5449 2571 5505 BROWERI.

361 5558 385 5584 ι
416 5544 477 5600 Si
497 5544 769 5616 queritur
789 5554 983 5601 utrum
1011 5545 1275 5601 Rabanus
1305 5545 1570 5600 carminis
1600 5552 1802 5601 auctor
1830 5547 1907 5603 sit
1987 5553 2179 5603 tamen
2204 5546 2398 5609 Italiae,
2429 5545 2664 5617 Angliae,
2692 5553 2799 5600 etc.
2829 5546 2886 5599 in
2923 5544 3211 5599 hodiernis
3241 5543 3498 5598 Ecclesiae
3524 5544 3587 5596 li-

288 5632 488 5689 necne,
517 5617 623 5689 hoc
648 5633 784 5689 sane
813 5624 1131 5689 memoratu
1164 5618 1401 5689 dignum
1436 5630 1541 5682 est,
1591 5623 1815 5673 exstare
1844 5619 1904 5674 in
1990 5620 2107 5673 bris
2131 5619 2326 5674 deesse
2353 5618 2539 5673 sciunt
2575 5634 2785 5672 omnes.
2820 5617 3054 5672 DANIEL.

290 5686 552 5743 omnibus
589 5687 705 5740 fere
736 5688 1026 5742 breviariis
1071 5686 1304 5745 vetustis
1345 5688 1682 5757 Germania,
1718 5705 1904 5761 neque
