4018 6160
297 386 435 442 l0“

368 513 954 584 Exsultatgenerosus
981 514 1536 588 calirsgnapotens
1561 522 1782 573 tenens.

291 605 472 675 Cujus
503 611 810 676 perpetuus
834 608 1018 658 exstat
1038 611 1104 660 ut
1123 605 1390 676 inclytus.

367 694 578 748 Paulus
605 709 739 758 nam
769 693 980 759 socius,
1007 695 1204 749 doctor
1234 699 1292 750 et
1317 695 1582 767 optimus,

367 781 578 836 Christi
607 798 702 835 vas
732 781 1041 852 pretiosum
1071 788 1128 837 et
1155 789 1339 838 rector
1356 784 1548 856 populi
1575 783 1699 840 Dei.

293 871 379 926 En
401 887 541 942 quos
569 871 675 925 iste
703 876 879 936 vocat,
910 870 1004 925 ille
1034 889 1206 944 supra
1243 873 1428 939 locat;

365 960 521 1026 Quos
548 960 760 1014 Paulus
786 959 1034 1027 adhibet,
1067 961 1173 1016 hos
1195 962 1394 1016 Petrus
1421 961 1622 1018 inserit
1653 981 1665 1016 ε

367 1048 578 1104 Christi
607 1048 772 1116 testis
806 1054 1048 1120 uterque
1073 1053 1178 1116 est,
1201 1051 1326 1104 celi
1345 1051 1479 1105 civis
1508 1058 1568 1106 et
1591 1051 1792 1107 incda.

295 1137 590 1194 Christum
615 1143 795 1192 morte
819 1139 998 1192 crucis
1019 1156 1150 1192 nam
1185 1139 1440 1210 sequitur
1469 1141 1686 1206 Petrus,

369 1228 513 1282 Cum
542 1243 716 1282 caesus
745 1227 928 1298 capite
954 1227 1162 1282 Paulus
1193 1235 1250 1282 et
1279 1229 1506 1284 horride
1533 1236 1638 1295 est,

368 1315 621 1370 Victores
648 1321 818 1386 caput
846 1333 1024 1370 unum
1054 1315 1221 1371 ambo
1249 1317 1360 1371 rite
1377 1323 1576 1372 tenent
1603 1319 1803 1374 Deum.

293 1407 414 1461 Nos
437 1403 640 1459 horum
669 1403 948 1476 precibus,
983 1405 1222 1472 Christe,
1249 1405 1515 1477 piissimis

367 1495 446 1550 Te
475 1494 650 1549 dones
669 1493 834 1548 citius
861 1510 1088 1566 poscere
1116 1495 1370 1559 caelitus;

369 1583 533 1638 Absit
553 1583 704 1655 quod
727 1584 908 1638 scelus
930 1600 1097 1638 omne
1117 1589 1177 1640 et
1192 1589 1397 1639 cuncta
1423 1585 1653 1641 veniant
1667 1583 1828 1641 bme.

295 1671 585 1727 Immunes
613 1671 876 1727 manibus
904 1672 1082 1728 simus
1109 1677 1170 1727 et
1193 1673 1432 1738 actibus,

371 1762 610 1818 Sensum
637 1761 804 1816 corde
825 1762 979 1833 pium
1007 1762 1202 1816 confer
1229 1767 1288 1816 et
1319 1763 1616 1834 optimum,

1359 387 1708 448 GWA.
1741 415 1806 430 --
1845 388 2100 448 saeuo
2136 387 2210 444 ll.
2243 386 2502 444 HYMHI.

1915 519 1967 576 Α
2057 517 2167 570 Pro
2197 515 2424 570 Christo
2449 519 2657 570 cuncta
2680 513 2779 585 qui
2797 512 3037 568 meliora
3062 511 3245 568 daret.

3454 382 3592 446 160!

1987 605 2485 676 Centuplicemque
2501 609 2718 658 metens
2728 602 2974 657 fructum
2987 602 3078 656 hic
3096 601 3300 674 accipit
3317 601 3589 675 amplum,

2059 695 2296 765 Insuper
2322 699 2592 748 aeternam
2620 692 2868 764 possidet
2887 698 2946 746 et
2975 691 3248 762 requiem.

1985 783 2201 854 Dignus
2221 782 2449 854 quidem
2468 782 2634 836 laude
2660 797 2739 847 es,
2760 781 2934 836 vitam
2957 781 3078 836 sine
3105 781 3339 836 crimine
3359 783 3586 850 ducens,

2051 871 2161 946 Qui
2187 871 2288 928 aevi
2316 871 2396 927 sic
2422 876 2603 926 metas
2623 871 2904 944 clauserat
2931 875 2990 924 et
3015 886 3302 928 numeros.

1987 961 2188 1016 Accola
2210 962 2331 1032 jam
2360 959 2586 1018 Domini
2609 976 2818 1016 saevum
2845 960 2968 1030 jam
2998 959 3210 1016 vicerat
3235 961 3476 1039 hostem.

2058 1052 2198 1105 Cum
2230 1050 2451 1106 Christo
2484 1055 2685 1121 regnat
2722 1049 2911 1105 accola
2938 1065 3086 1106 nunc
3118 1049 3362 1115 Domini.

1987 1140 2204 1194 Gaudia
2233 1156 2440 1210 magna
2464 1138 2565 1196 Dei
2589 1141 2709 1210 jam
2741 1138 2969 1194 intravit
2999 1138 3178 1204 laetus,
3213 1144 3273 1193 et
3299 1139 3392 1204 ille

2057 1229 2264 1283 Invitat
2290 1246 2386 1282 vos
2420 1228 2488 1282 ad
2516 1227 2722 1298 gaudia
2750 1233 2957 1299 magna
2987 1227 3109 1290 Dei.

1989 1317 2274 1388 Sanguine
2292 1333 2496 1390 nempe
2521 1333 2622 1370 suo
2645 1316 2898 1387 requiem
2919 1316 3025 1372 sibi
3045 1321 3337 1389 comparat
3356 1317 3588 1382 almum,

2059 1407 2307 1478 Imperat
2340 1407 2485 1460 hanc
2512 1404 2671 1460 nobis
2701 1405 2976 1474 sanguine
3000 1422 3202 1478 nempe
3226 1421 3353 1465 suo.

1987 1495 2257 1566 Martyrio
2285 1495 2514 1548 decorat
2541 1493 2814 1564 quidquid
2842 1493 3147 1550 Germania
3173 1481 3373 1560 nutrit.

2060 1583 2130 1638 Et
2159 1583 2388 1655 proprio
2417 1583 2667 1637 sobolem
2689 1582 2962 1654 martyrio
2987 1583 3233 1641 decorat.

1986 1674 2032 1730 Ο
2058 1673 2261 1744 patria,
2295 1689 2326 1726 o
2350 1673 2591 1744 populus
2617 1676 2776 1728 tanto
2805 1671 2985 1726 ditata
3011 1671 3268 1743 patrono.

2057 1763 2166 1817 Per
2191 1779 2359 1833 quem
2381 1761 2495 1814 vita
2524 1761 2693 1826 venit,
2717 1777 2751 1815 o
2780 1761 2984 1832 patria,
3020 1777 3052 1814 o
3079 1762 3349 1833 populus!

368 1851 446 1906 Ut
471 1856 529 1905 te
556 1852 668 1906 rite
694 1851 940 1906 colentes
968 1868 1267 1906 cernamus
1289 1851 1594 1906 Dominum
1622 1865 1842 1922 greges.
1919 1835 1967 1895 Β
1985 1847 2279 1922 Dignaque
2309 1867 2432 1927 quae
2459 1851 2664 1916 fueras,
2698 1867 2731 1903 o
2752 1855 2950 1922 terque
2981 1856 3290 1926 quaterque
3313 1850 3497 1917 beata,

296 1939 477 2012 Cujus
507 1939 660 1994 orbis
681 1940 880 2004 honor,
910 1940 1071 2010 cujus
1101 1946 1160 1995 et
1186 1941 1417 2002 zethera,

372 2029 548 2100 Cujus
573 2028 689 2083 vita
717 2029 889 2096 salus,
912 2034 972 2084 et
989 2028 1139 2084 bona
1167 2029 1432 2096 maxima,

373 2117 471 2173 Est
481 2117 572 2172 cui
582 2129 790 2173 nomen
805 2118 864 2172 in
881 2135 1080 2184 aevum,
1098 2135 1338 2190 regnum
1358 2123 1696 2191 perpetuum
1715 2117 1903 2178 simul.

300 2207 391 2262 Sit
422 2206 570 2279 patri
595 2206 848 2277 ingenito
878 2207 1060 2276 gloria
1087 2208 1334 2262 maxima

373 2296 459 2351 Sit
481 2295 630 2352 Nato
656 2295 871 2367 pariter
895 2311 1142 2352 consona
1165 2297 1367 2366 gloria,

374 2386 518 2442 Cum
539 2385 706 2441 Flatu
729 2385 899 2441 simul
927 2385 1076 2441 almo
1103 2401 1206 2456 per
1231 2390 1436 2442 cuncta
1463 2384 1556 2456 pie
1583 2383 1808 2444 Baecula.

298 2519 520 2582 XX.-—-
545 2535 793 2581 BYMNUS
809 2535 870 2580 IN
892 2535 1136 2580 uersu
1159 2536 1208 2582 s.
1235 2535 1544 2582 nomnen
1575 2513 1902 2596 narrans.

305 2652 528 2725 Inclyta
549 2659 875 2708 sanctorum
905 2668 1034 2708 cum
1060 2653 1243 2723 gloria
1269 2653 1472 2710 crescit
1498 2652 1725 2724 ubique.

344 2777 356 2783 κ
377 2741 446 2795 Et
474 2739 738 2796 meritum
756 2741 1022 2812 splendor
1048 2741 1228 2812 fulget
1258 2741 1318 2798 in
1347 2741 1480 2799 orbe
1509 2740 1634 2800 soli.

296 2829 438 2885 Asia
464 2830 789 2902 magniﬁcat
813 2829 1100 2897 Jacobum,
1119 2831 1372 2885 Ausonia
1393 2845 1616 2902 quoque
1649 2830 1904 2897 Petrum,

375 2919 764 2991 Joannemque
792 2919 1062 2991 Ephesus,
1083 2919 1274 2976 Africa
1299 2919 1664 2992 Cyprianum.

298 3009 432 3063 Non
459 3007 648 3063 minus
677 3008 927 3062 exaltans
953 3007 1202 3063 celebrat
1229 3008 1536 3062 Germania
1562 3007 1756 3064 laudes

376 3097 446 3152 Et
471 3093 739 3152 Bonifacii
767 3110 908 3168 opus
935 3097 1203 3170 martyris
1232 3097 1554 3151 almiﬁcum.

299 3185 544 3242 Ordinat
573 3186 723 3241 hunc
749 3184 947 3252 Roma,
971 3185 1232 3258 mittique
1252 3185 1547 3242 Britannia
1566 3192 1750 3242 mater

376 3275 673 3331 Doctorem
703 3275 926 3350 populis
949 3275 1055 3330 hoc
1075 3275 1245 3330 decus
1273 3275 1554 3332 Ecclesiae.

300 3364 634 3421 Pontiﬁcem
663 3378 947 3420 summum
978 3365 1266 3435 signorum
1291 3363 1524 3420 lulmine
1553 3365 1786 3430 clarum,

377 3453 610 3525 Eloquio
639 3451 904 3519 nitidum,
940 3453 1192 3508 moribus
1222 3453 1532 3526 egregium.

299 3542 487 3598 Tanta
510 3541 856 3614 prophetalis
877 3557 1046 3612 quem
1063 3541 1251 3612 gratia
1280 3540 1438 3596 fulcit
1465 3540 1714 3604 honoris,

379 3630 627 3686 Ventura
652 3636 715 3685 ut
737 3630 919 3684 multa
948 3629 1168 3683 rettulit
1198 3629 1280 3683 uti
1310 3645 1471 3683 nova.

303 3719 486 3784 Quem
517 3719 760 3774 Francos
789 3717 1070 3789 Fresoque
1095 3717 1266 3772 simul
1302 3719 1558 3789 Saxoque
1588 3717 1909 3773 ministrum

235 3797 246 3804 ’
381 3808 623 3864 Eternaa
651 3808 778 3863 vite
809 3806 1078 3878 praedicet
1103 3821 1226 3860 esse
1260 3804 1386 3859 sibi.

314 3897 651 3968 Quanquam
679 3896 990 3951 Fresonum
1016 3909 1158 3966 gens
1192 3893 1445 3950 moribus
1493 3893 1663 3949 effers
1688 3904 1914 3966 semper

381 3985 647 4058 Martyris
675 3999 810 4054 ergo
839 3997 1041 4038 manus
1067 3983 1340 4053 sanguine
1384 3978 1652 4054 polluerit
1685 4001 1698 4038 :

304 4073 576 4130 Praedixit
601 4071 812 4128 Christi
833 4073 930 4128 sed
957 4087 1061 4128 vox
1089 4071 1382 4128 verissima
1409 4071 1558 4143 quod
1585 4081 1736 4128 nunc

383 4161 652 4217 Cernitur
673 4160 969 4232 impletum
997 4160 1254 4232 pluribus
1285 4175 1409 4215 ecce
1433 4160 1590 4215 locis.

307 4249 472 4316 Quod
498 4255 655 4304 terra
679 4248 939 4314 moritur,
970 4250 1317 4306 frumentum
1341 4249 1588 4321 plurima
1614 4247 1829 4306 confert

383 4321 631 4403 Semina,
660 4338 1020 4410 fructumque
1059 4337 1433 4409 multiplicare
1461 4337 1652 4394 studet
1685 4358 1696 4391 :

308 4426 512 4501 Sicque
533 4427 838 4482 sacerdotis
864 4425 1090 4481 Domini
1119 4427 1409 4482 laetissima
1433 4426 1631 4480 crescit

380 4513 580 4572 Paucis
606 4533 672 4572 ex
699 4515 890 4588 granis
911 4515 1280 4587 gloriﬁcanda
1307 4532 1488 4586 seges.

309 4604 566 4666 Mortuus
595 4621 722 4662 ecce
747 4605 932 4670 modo,
961 4605 1261 4675 vivensque
1285 4603 1502 4663 solebat
1526 4609 1591 4662 ut
1617 4610 1769 4670 ante,

378 4693 655 4750 [moratur
683 4693 908 4748 Christo
937 4695 1164 4764 agmina
1193 4693 1519 4764 multivaga.

309 4781 483 4854 Signa
505 4787 732 4840 movent
758 4781 1014 4854 populos,
1047 4787 1280 4837 cel-nent
1307 4783 1592 4854 magnalia
1618 4784 1766 4849 caeci,

381 4869 775 4947 Spdorumque
803 4887 976 4926 sonus
1003 4870 1234 4927 auribus
1253 4871 1374 4943 ipse
1404 4875 1581 4927 tonat.

305 4959 632 5018 Morborum
659 4960 886 5032 fugiunt
911 4958 1085 5026 labes,
1117 4959 1276 5016 furor
1299 4960 1508 5031 impius
1526 4961 1635 5019 atri

378 5048 658 5105 Damonis
680 5048 902 5104 absistit
927 5047 1197 5119 martyris
1217 5063 1284 5104 ex
1312 5048 1586 5121 precibus.

307 5137 512 5208 Sicque
540 5143 703 5192 tuum
727 5135 1004 5192 famulum
1025 5137 1281 5193 Christus
1309 5136 1511 5192 ditavit
1537 5137 1766 5204 honore,

379 5225 454 5298 Ut
474 5231 675 5297 regnet
703 5227 861 5292 coelo,
897 5225 1136 5296 imperet
1164 5230 1335 5297 atque
1363 5225 1501 5280 solo.

310 5314 616 5370 Multorum
641 5321 880 5371 aeternas
910 5314 1184 5370 Dominus
1219 5315 1318 5370 dat
1348 5330 1600 5368 crescere
1628 5315 1840 5382 laudes,

383 5404 534 5468 Quos
564 5405 694 5459 ﬁdei
718 5405 986 5459 meritum
1005 5403 1214 5458 fecerat
1243 5420 1364 5457 esse
1391 5419 1598 5456 sacros.

310 5489 421 5548 Sed
448 5493 650 5547 merito
680 5493 936 5548 Ecclesiae
963 5493 1267 5551 laudantur
1295 5493 1352 5546 in
1377 5491 1510 5546 orbe
1529 5491 1806 5562 magistri,

383 5583 535 5646 Quos
563 5599 703 5653 Opus
732 5588 788 5636 et
811 5583 1040 5638 verbum
1064 5587 1344 5656 pmparat
1369 5586 1540 5653 atque
1560 5579 1720 5660 fides.

310 5670 458 5743 Ergo
487 5670 573 5724 vir
605 5671 712 5726 iste
741 5671 842 5726 Dei
869 5689 1141 5745 spernens
1167 5671 1457 5729 mundana
1483 5669 1732 5743 reliquit,

2062 1941 2307 1995 Praesule
2336 1940 2552 2010 hocque
2576 1937 2694 2010 regi
2723 1937 3004 2010 dignaque
3037 1955 3158 2010 quae
3183 1939 3370 1996 fueras
3395 1941 3406 1994 !

1989 2029 2184 2084 Gloria
2209 2029 2380 2099 digna
2407 2028 2543 2095 Deo,
2575 2028 2747 2095 talem
2777 2026 2874 2098 qui
2899 2025 3059 2082 illum
3087 2027 3244 2084 dedit
3267 2045 3408 2098 esse,

2061 2117 2281 2189 Quique
2307 2117 2462 2172 dedit
2481 2115 2661 2184 nobis,
2691 2115 2874 2187 gloria
2900 2132 3109 2188 magna
3130 2117 3264 2186 Deo.
3335 2132 3342 2142 '

1990 2206 2183 2261 Gloria
2207 2222 2413 2277 magna
2442 2207 2559 2261 Deo
2587 2221 2828 2278 semper,
2851 2221 2954 2278 per
2975 2205 3178 2270 saecula
3204 2212 3402 2264 cuncta

2061 2295 2324 2350 Dicamus
2345 2311 2542 2350 omnes
2575 2313 2585 2347 :
2621 2295 2814 2349 Gloria
2842 2310 3047 2367 magna
3069 2294 3203 2348 Deo.

2029 2429 2194 2490 XXI.
2237 2463 2314 2472 —
2345 2445 2406 2488 IN
2438 2443 2676 2490 sum;
2703 2443 2920 2490 ξηαπ
2947 2440 3207 2490 suosua
3239 2439 3542 2492 Aros'rou.
3641 2469 3649 2476 -

2132 2559 2306 2616 Nobis
2332 2577 2459 2615 ecce
2487 2559 2607 2616 dies
2635 2559 2829 2616 ordine
2857 2577 3122 2634 congruo,

2131 2649 2299 2706 Venit
2320 2666 2469 2705 nunc
2495 2648 2749 2716 celebris,
2777 2651 2960 2705 clarus
2988 2651 3264 2717 amabilis,

2273 2739 2396 2804 Quo
2428 2739 2601 2793 victor
2620 2755 2793 2810 supra
2824 2739 2939 2794 alta

2273 2826 2506 2884 Scandit
2530 2841 2768 2900 propere
2796 2827 2984 2883 sidera

2128 2917 2382 2973 Andreas
2409 2917 2634 2972 Domini
2663 2921 2891 2972 sanctus
2921 2918 3206 2991 apostolus

2131 3006 2558 3078 Germanusque
2586 3005 2738 3060 Petri
2767 3005 3034 3079 principis
3055 3005 3270 3079 inclyti,

2275 3093 2544 3168 Princeps
2572 3094 2692 3168 ipse
2720 3095 2914 3163 virilis,

2279 3185 2524 3240 Consors
2553 3184 2826 3256 martyrio
2855 3185 2982 3240 fuit.

2130 3275 2277 3330 Dum
2305 3274 2591 3330 Christum
2619 3274 2851 3329 comites
2877 3272 3162 3344 gressibus
3191 3279 3249 3329 et
3276 3291 3440 3346 pares

2135 3361 2439 3434 Exsequant
2483 3363 2711 3434 pariter,
2744 3363 3013 3433 dogmata
3039 3361 3310 3432 colligunt

2281 3452 2434 3522 Ejus,
2462 3457 2644 3506 morte
2673 3454 2989 3520 sequuntur

2277 3537 2347 3593 Et
2375 3537 2613 3610 vestigia
2639 3555 2742 3610 per
2775 3554 3018 3592 crucem.

2136 3628 2390 3682 Piscator
2415 3627 2600 3680 fuerat
2617 3628 2819 3682 Petrus
2847 3633 2905 3681 et
2931 3625 3204 3694 Andreas,

2135 3715 2269 3770 Post
2295 3715 2460 3770 ambo
2489 3715 2719 3786 rapiunt
2747 3715 2896 3770 orbis
2923 3721 2981 3770 et
3003 3713 3246 3786 agmina.

2277 3803 2518 3859 Vastant
2537 3817 2764 3874 aequora
2785 3799 3002 3869 mundi,

2276 3895 2363 3949 Ad
2390 3907 2566 3964 regna
2584 3898 2754 3964 atque
2778 3892 3015 3948 trahunt
3041 3893 3176 3966 poli.

2137 3981 2386 4038 Laudem
2415 3983 2524 4037 rite
2549 3982 2730 4037 crucis
2758 3981 2979 4038 fortiter
2997 3983 3284 4056 expetunt,

2139 4072 2282 4128 Dum
2309 4072 2518 4128 Christi
2546 4071 2824 4144 crepitant
2850 4071 2920 4126 de
2947 4088 3113 4128 cruce
3129 4071 3394 4144 gloriam,

2280 4161 2418 4217 Coali
2447 4175 2623 4231 regna
2651 4166 2971 4233 capessunt,

2281 4250 2470 4307 Vitam
2495 4250 2565 4304 de
2587 4265 2750 4306 cruce
2777 4250 3070 4320 colligunt.

2137 4339 2390 4395 Andreas
2414 4338 2630 4410 utique,
2661 4339 3006 4412 conspiciens
3032 4350 3274 4400 crucem,

2137 4427 2427 4485 Exclamat
2447 4427 2634 4482 subito
2664 4425 2854 4482 taliter
2876 4427 3145 4486 intonans
3180 4447 3190 4481 :

2287 4517 2467 4583 Salve,
2501 4521 2694 4572 sancte
2725 4515 3068 4587 triumphus,

2283 4605 2492 4661 Christi
2523 4609 2827 4677 perpetuus
2855 4605 3058 4660 honor.

2139 4694 2227 4748 Me
2255 4708 2406 4748 nunc
2429 4699 2492 4748 tu
2520 4693 2794 4748 famulum
2823 4693 3044 4766 suscipe
3071 4706 3361 4760 cernuum,

2137 4783 2272 4848 Quae
2301 4784 2515 4838 dudum
2542 4781 2846 4838 Dominum
2871 4783 3150 4842 extuleras
3176 4783 3352 4855 pium.

2280 4873 2366 4928 Tu
2393 4889 2542 4927 nunc
2571 4871 2740 4927 redde
2767 4873 3057 4943 magistro,

2259 4961 2394 5026 Quae
2420 4978 2512 5016 me
2541 4961 2885 5033 exquisieras
2914 4963 3049 5017 Deo.

2141 5051 2324 5122 Hujus
2351 5067 2454 5106 nos
2482 5050 2762 5122 precibus,
2795 5051 3034 5118 Christe,
3067 5051 3334 5124 piissimis

2139 5137 2394 5207 Absolve,
2429 5141 2694 5212 petimus,
2727 5140 2845 5213 ipse
2875 5140 3122 5196 reatibus

2290 5229 2424 5302 Luci
2458 5229 2618 5284 trade
2645 5229 2989 5302 redemptos,

2285 5319 2540 5390 Purgans
2569 5318 2843 5389 sanguine
2869 5319 3084 5373 noxios.

2140 5408 2224 5462 Da
2248 5413 2497 5463 mentem
2524 5407 2788 5475 sobriam,
2819 5407 2899 5462 sic
2927 5409 3076 5477 regis
3105 5407 3395 5475 advenam,

2139 5499 2224 5554 Da
2251 5505 2468 5553 stamen
2499 5497 2682 5570 operis
2707 5497 2776 5551 de
2805 5495 2922 5551 fece
2945 5496 3212 5569 corporis,

2283 5588 2461 5654 Intus,
2495 5587 2649 5652 foris,
2685 5585 2892 5656 ubique

2278 5676 2363 5733 Tu
2391 5692 2515 5743 nos,
2539 5675 2770 5748 inclyte,
2800 5679 3049 5747 protege.
