  <div class='ocr_page' id='page_1' title='image "/cluster/home/n/w/nwhite01/storage/ocr_20150623/112/hvd.32044054759774/838.png"; bbox 0 0 3974 6180; ppageno 0'>
   <div class='ocr_carea' id='block_1_1' title="bbox 325 250 1894 327">
    <p class='ocr_par' dir='ltr' id='par_1_1' title="bbox 325 253 1894 312">
     <span class='ocr_line' id='line_1_1' title="bbox 325 253 1894 312; baseline -0.003 0"><span class='ocrx_word' id='word_1_1' title='bbox 325 254 464 312; x_wconf 71' lang='grc'><strong>1065</strong></span> <span class='ocrx_word' id='word_1_2' title='bbox 1389 255 1741 312; x_wconf 77' lang='lat' dir='ltr'><strong>CARMINA.</strong></span> <span class='ocrx_word' id='word_1_3' title='bbox 1770 283 1834 296; x_wconf 90' lang='lat'><strong>--</strong></span> <span class='ocrx_word' id='word_1_4' title='bbox 1875 253 1894 307; x_wconf 78' lang='grc' dir='ltr'><strong>ξ</strong></span> 
     </span>
    </p>
   </div>
   <div class='ocr_carea' id='block_1_2' title="bbox 2022 250 3591 327">
    <p class='ocr_par' dir='ltr' id='par_1_2' title="bbox 2022 250 3591 327">
     <span class='ocr_line' id='line_1_2' title="bbox 2022 250 3591 327; baseline 0.003 -20"><span class='ocrx_word' id='word_1_5' title='bbox 2022 250 2128 308; x_wconf 74' lang='grc' dir='ltr'><strong>ιιιο</strong></span> <span class='ocrx_word' id='word_1_6' title='bbox 2166 251 2240 308; x_wconf 88' lang='lat' dir='ltr'><strong>n.</strong></span> <span class='ocrx_word' id='word_1_7' title='bbox 2271 253 2528 310; x_wconf 66' lang='lat' dir='ltr'><strong>arum.</strong></span> <span class='ocrx_word' id='word_1_8' title='bbox 3453 265 3591 327; x_wconf 61' lang='lat' dir='ltr'><strong>me</strong></span> 
     </span>
    </p>
   </div>
   <div class='ocr_carea' id='block_1_3' title="bbox 390 369 3190 451">
    <p class='ocr_par' dir='ltr' id='par_1_3' title="bbox 390 369 3190 451">
     <span class='ocr_line' id='line_1_3' title="bbox 390 369 3190 451; baseline 0.006 -19"><span class='ocrx_word' id='word_1_9' title='bbox 390 380 539 432; x_wconf 85' lang='lat' dir='ltr'><strong>Ante</strong></span> <span class='ocrx_word' id='word_1_10' title='bbox 565 377 769 430; x_wconf 80' lang='lat' dir='ltr'><strong>saecula</strong></span> <span class='ocrx_word' id='word_1_11' title='bbox 793 383 852 430; x_wconf 88' lang='lat' dir='ltr'><strong>et</strong></span> <span class='ocrx_word' id='word_1_12' title='bbox 879 377 1078 431; x_wconf 88' lang='lat' dir='ltr'><strong>mundi</strong></span> <span class='ocrx_word' id='word_1_13' title='bbox 1105 378 1442 450; x_wconf 81' lang='lat' dir='ltr'><strong>principium</strong></span> <span class='ocrx_word' id='word_1_14' title='bbox 1469 369 1476 374; x_wconf 61' lang='grc'>’</span> <span class='ocrx_word' id='word_1_15' title='bbox 1925 377 1976 437; x_wconf 86' lang='lat' dir='ltr'><strong>A</strong></span> <span class='ocrx_word' id='word_1_16' title='bbox 2283 375 2464 434; x_wconf 81' lang='lat' dir='ltr'><strong>Natus</strong></span> <span class='ocrx_word' id='word_1_17' title='bbox 2493 385 2581 434; x_wconf 86' lang='lat' dir='ltr'><strong>est</strong></span> <span class='ocrx_word' id='word_1_18' title='bbox 2607 379 2776 438; x_wconf 87' lang='lat' dir='ltr'><strong>homo</strong></span> <span class='ocrx_word' id='word_1_19' title='bbox 2805 385 2865 439; x_wconf 92' lang='lat' dir='ltr'><strong>in</strong></span> <span class='ocrx_word' id='word_1_20' title='bbox 2897 390 3190 451; x_wconf 87' lang='lat' dir='ltr'><strong>mundum.</strong></span> 
     </span>
    </p>
   </div>
   <div class='ocr_carea' id='block_1_4' title="bbox 461 465 3000 544">
    <p class='ocr_par' dir='ltr' id='par_1_4' title="bbox 461 465 3000 544">
     <span class='ocr_line' id='line_1_4' title="bbox 461 465 3000 544; baseline 0.004 -24"><span class='ocrx_word' id='word_1_21' title='bbox 461 466 566 531; x_wconf 89' lang='lat' dir='ltr'><strong>Tu,</strong></span> <span class='ocrx_word' id='word_1_22' title='bbox 599 465 768 519; x_wconf 89' lang='lat' dir='ltr'><strong>Pater</strong></span> <span class='ocrx_word' id='word_1_23' title='bbox 791 471 1001 521; x_wconf 79' lang='lat' dir='ltr'><strong>sancte.</strong></span> <span class='ocrx_word' id='word_1_24' title='bbox 1030 466 1276 536; x_wconf 83' lang='lat' dir='ltr'><strong>genuisti</strong></span> <span class='ocrx_word' id='word_1_25' title='bbox 1304 467 1527 544; x_wconf 84' lang='lat' dir='ltr'><strong>Filium.</strong></span> <span class='ocrx_word' id='word_1_26' title='bbox 2427 467 2750 526; x_wconf 89' lang='lat' dir='ltr'><strong>Patriarcha</strong></span> <span class='ocrx_word' id='word_1_27' title='bbox 2780 473 3000 544; x_wconf 84' lang='lat' dir='ltr'><strong>nobilis,</strong></span> 
     </span>
    </p>
   </div>
   <div class='ocr_carea' id='block_1_5' title="bbox 463 541 3084 628">
    <p class='ocr_par' dir='ltr' id='par_1_5' title="bbox 463 541 3084 628">
     <span class='ocr_line' id='line_1_5' title="bbox 463 541 3084 628; baseline 0.004 -18"><span class='ocrx_word' id='word_1_28' title='bbox 463 555 571 620; x_wconf 87' lang='lat' dir='ltr'><strong>Qui</strong></span> <span class='ocrx_word' id='word_1_29' title='bbox 597 559 786 608; x_wconf 84' lang='lat' dir='ltr'><strong>tecum</strong></span> <span class='ocrx_word' id='word_1_30' title='bbox 813 559 1012 626; x_wconf 78' lang='lat' dir='ltr'><strong>regnat</strong></span> <span class='ocrx_word' id='word_1_31' title='bbox 1034 571 1161 610; x_wconf 91' lang='lat' dir='ltr'><strong>cum</strong></span> <span class='ocrx_word' id='word_1_32' title='bbox 1181 541 1376 611; x_wconf 77' lang='lat' dir='ltr'><strong>sancto</strong></span> <span class='ocrx_word' id='word_1_33' title='bbox 1414 557 1626 628; x_wconf 82' lang='lat' dir='ltr'><strong>Spiritu</strong></span> <span class='ocrx_word' id='word_1_34' title='bbox 1650 575 1661 622; x_wconf 84' lang='lat'><strong>;</strong></span> <span class='ocrx_word' id='word_1_35' title='bbox 2426 556 2708 614; x_wconf 81' lang='lat' dir='ltr'><strong>Abraham</strong></span> <span class='ocrx_word' id='word_1_36' title='bbox 2731 561 2830 617; x_wconf 87' lang='lat' dir='ltr'><strong>Dei</strong></span> <span class='ocrx_word' id='word_1_37' title='bbox 2853 541 3084 620; x_wconf 88' lang='lat' dir='ltr'><strong>amicus.</strong></span> 
     </span>
    </p>
   </div>
   <div class='ocr_carea' id='block_1_6' title="bbox 463 643 2982 718">
    <p class='ocr_par' dir='ltr' id='par_1_6' title="bbox 463 643 2982 718">
     <span class='ocr_line' id='line_1_6' title="bbox 463 643 2982 718; baseline 0.004 -19"><span class='ocrx_word' id='word_1_38' title='bbox 463 645 673 699; x_wconf 81' lang='lat' dir='ltr'><strong>Novem</strong></span> <span class='ocrx_word' id='word_1_39' title='bbox 693 643 870 698; x_wconf 80' lang='lat' dir='ltr'><strong>fecisti</strong></span> <span class='ocrx_word' id='word_1_40' title='bbox 900 644 1124 699; x_wconf 85' lang='lat' dir='ltr'><strong>ordines</strong></span> <span class='ocrx_word' id='word_1_41' title='bbox 1153 646 1453 716; x_wconf 83' lang='lat' dir='ltr'><strong>angelicas.</strong></span> <span class='ocrx_word' id='word_1_42' title='bbox 2426 645 2576 700; x_wconf 83' lang='lat' dir='ltr'><strong>Puer</strong></span> <span class='ocrx_word' id='word_1_43' title='bbox 2605 649 2982 718; x_wconf 80' lang='lat' dir='ltr'><strong>ﬁdelissimus,</strong></span> 
     </span>
    </p>
   </div>
   <div class='ocr_carea' id='block_1_7' title="bbox 391 733 3170 817">
    <p class='ocr_par' dir='ltr' id='par_1_7' title="bbox 391 733 3170 817">
     <span class='ocr_line' id='line_1_7' title="bbox 391 733 3170 817; baseline 0.005 -31"><span class='ocrx_word' id='word_1_44' title='bbox 391 733 610 805; x_wconf 78' lang='lat' dir='ltr'><strong>Aspice,</strong></span> <span class='ocrx_word' id='word_1_45' title='bbox 638 733 809 798; x_wconf 86' lang='lat' dir='ltr'><strong>Deus,</strong></span> <span class='ocrx_word' id='word_1_46' title='bbox 841 733 912 788; x_wconf 91' lang='lat' dir='ltr'><strong>de</strong></span> <span class='ocrx_word' id='word_1_47' title='bbox 939 734 1197 805; x_wconf 88' lang='lat' dir='ltr'><strong>supernis</strong></span> <span class='ocrx_word' id='word_1_48' title='bbox 1226 734 1470 800; x_wconf 87' lang='lat' dir='ltr'><strong>sedibus,</strong></span> <span class='ocrx_word' id='word_1_49' title='bbox 2424 735 2660 792; x_wconf 71' lang='lat' dir='ltr'><strong>Hebraea</strong></span> <span class='ocrx_word' id='word_1_50' title='bbox 2681 755 2855 795; x_wconf 82' lang='lat' dir='ltr'><strong>aurea</strong></span> <span class='ocrx_word' id='word_1_51' title='bbox 2881 742 2950 796; x_wconf 89' lang='lat' dir='ltr'><strong>de</strong></span> <span class='ocrx_word' id='word_1_52' title='bbox 2977 744 3170 817; x_wconf 84' lang='lat' dir='ltr'><strong>stirpe.</strong></span> 
     </span>
    </p>
   </div>
   <div class='ocr_carea' id='block_1_8' title="bbox 461 821 2968 896">
    <p class='ocr_par' dir='ltr' id='par_1_8' title="bbox 461 821 2968 896">
     <span class='ocr_line' id='line_1_8' title="bbox 461 821 2968 896; baseline 0.004 -19"><span class='ocrx_word' id='word_1_53' title='bbox 461 821 613 887; x_wconf 89' lang='lat' dir='ltr'><strong>Quos</strong></span> <span class='ocrx_word' id='word_1_54' title='bbox 637 821 1022 878; x_wconf 83' lang='lat' dir='ltr'><strong>Deudofredus</strong></span> <span class='ocrx_word' id='word_1_55' title='bbox 1050 823 1299 878; x_wconf 89' lang='lat' dir='ltr'><strong>condidit</strong></span> <span class='ocrx_word' id='word_1_56' title='bbox 1321 834 1367 890; x_wconf 79' lang='grc' dir='ltr'><strong>ι,</strong></span> <span class='ocrx_word' id='word_1_57' title='bbox 1384 823 1685 879; x_wconf 79' lang='lat' dir='ltr'><strong>versiculos</strong></span> <span class='ocrx_word' id='word_1_58' title='bbox 2424 823 2710 882; x_wconf 90' lang='lat' dir='ltr'><strong>Oriundus</strong></span> <span class='ocrx_word' id='word_1_59' title='bbox 2738 830 2968 896; x_wconf 75' lang='lat' dir='ltr'><strong>exstitit,</strong></span> 
     </span>
    </p>
   </div>
   <div class='ocr_carea' id='block_1_9' title="bbox 461 910 3206 988">
    <p class='ocr_par' dir='ltr' id='par_1_9' title="bbox 461 910 3206 988">
     <span class='ocr_line' id='line_1_9' title="bbox 461 910 3206 988; baseline 0.005 -23"><span class='ocrx_word' id='word_1_60' title='bbox 461 914 510 965; x_wconf 85' lang='lat' dir='ltr'><strong>A</strong></span> <span class='ocrx_word' id='word_1_61' title='bbox 535 911 734 967; x_wconf 90' lang='lat' dir='ltr'><strong>mundi</strong></span> <span class='ocrx_word' id='word_1_62' title='bbox 761 910 1034 983; x_wconf 87' lang='lat' dir='ltr'><strong>principio</strong></span> <span class='ocrx_word' id='word_1_63' title='bbox 1056 913 1452 984; x_wconf 85' lang='lat' dir='ltr'><strong>aprotoplasto</strong></span> <span class='ocrx_word' id='word_1_64' title='bbox 2421 914 2471 968; x_wconf 86' lang='lat' dir='ltr'><strong>A</strong></span> <span class='ocrx_word' id='word_1_65' title='bbox 2494 930 2606 984; x_wconf 87' lang='lat' dir='ltr'><strong>quo</strong></span> <span class='ocrx_word' id='word_1_66' title='bbox 2632 917 2803 988; x_wconf 73' lang='lat' dir='ltr'><strong>coepit</strong></span> <span class='ocrx_word' id='word_1_67' title='bbox 2827 919 3206 979; x_wconf 67' lang='lat' dir='ltr'><strong>Hebraeorum.</strong></span> 
     </span>
    </p>
   </div>
   <div class='ocr_carea' id='block_1_10' title="bbox 461 1000 2998 1079">
    <p class='ocr_par' dir='ltr' id='par_1_10' title="bbox 461 1000 2998 1079">
     <span class='ocr_line' id='line_1_10' title="bbox 461 1000 2998 1079; baseline 0.004 -24"><span class='ocrx_word' id='word_1_68' title='bbox 461 1000 648 1072; x_wconf 88' lang='lat' dir='ltr'><strong>Usque</strong></span> <span class='ocrx_word' id='word_1_69' title='bbox 675 1000 735 1056; x_wconf 90' lang='lat' dir='ltr'><strong>in</strong></span> <span class='ocrx_word' id='word_1_70' title='bbox 765 1000 1085 1056; x_wconf 88' lang='lat' dir='ltr'><strong>novissimo.</strong></span> <span class='ocrx_word' id='word_1_71' title='bbox 2361 1035 2392 1050; x_wconf 74' lang='grc' dir='ltr'><strong>-ι</strong></span> <span class='ocrx_word' id='word_1_72' title='bbox 2421 1002 2710 1060; x_wconf 78' lang='lat' dir='ltr'><strong>Diﬂ‘amari</strong></span> <span class='ocrx_word' id='word_1_73' title='bbox 2739 1009 2998 1079; x_wconf 88' lang='lat' dir='ltr'><strong>populus.</strong></span> 
     </span>
    </p>
   </div>
   <div class='ocr_carea' id='block_1_11' title="bbox 387 1089 3016 1162">
    <p class='ocr_par' dir='ltr' id='par_1_11' title="bbox 387 1089 3016 1162">
     <span class='ocr_line' id='line_1_11' title="bbox 387 1089 3016 1162; baseline 0.004 -18"><span class='ocrx_word' id='word_1_74' title='bbox 387 1089 568 1144; x_wconf 84' lang='lat' dir='ltr'><strong>Adam</strong></span> <span class='ocrx_word' id='word_1_75' title='bbox 597 1090 906 1162; x_wconf 88' lang='lat' dir='ltr'><strong>plasmatus</strong></span> <span class='ocrx_word' id='word_1_76' title='bbox 932 1090 1114 1161; x_wconf 87' lang='lat' dir='ltr'><strong>prima</strong></span> <span class='ocrx_word' id='word_1_77' title='bbox 1143 1095 1279 1145; x_wconf 77' lang='lat' dir='ltr'><strong>aetas</strong></span> <span class='ocrx_word' id='word_1_78' title='bbox 1306 1089 1521 1162; x_wconf 84' lang='lat' dir='ltr'><strong>incipit,</strong></span> <span class='ocrx_word' id='word_1_79' title='bbox 2279 1091 2530 1148; x_wconf 80' lang='lat' dir='ltr'><strong>Gloriam</strong></span> <span class='ocrx_word' id='word_1_80' title='bbox 2559 1094 2811 1152; x_wconf 83' lang='lat' dir='ltr'><strong>dicamus</strong></span> <span class='ocrx_word' id='word_1_81' title='bbox 2831 1101 3016 1156; x_wconf 87' lang='lat' dir='ltr'><strong>cuncti</strong></span> 
     </span>
    </p>
   </div>
   <div class='ocr_carea' id='block_1_12' title="bbox 461 1179 3060 1254">
    <p class='ocr_par' dir='ltr' id='par_1_12' title="bbox 461 1179 3060 1254">
     <span class='ocr_line' id='line_1_12' title="bbox 461 1179 3060 1254; baseline 0.004 -20"><span class='ocrx_word' id='word_1_82' title='bbox 461 1179 638 1243; x_wconf 86' lang='lat' dir='ltr'><strong>Quem</strong></span> <span class='ocrx_word' id='word_1_83' title='bbox 665 1179 836 1234; x_wconf 84' lang='lat' dir='ltr'><strong>draco</strong></span> <span class='ocrx_word' id='word_1_84' title='bbox 863 1180 958 1234; x_wconf 87' lang='lat' dir='ltr'><strong>ille</strong></span> <span class='ocrx_word' id='word_1_85' title='bbox 986 1179 1374 1234; x_wconf 81' lang='lat' dir='ltr'><strong>fraudulenter</strong></span> <span class='ocrx_word' id='word_1_86' title='bbox 1399 1180 1636 1252; x_wconf 89' lang='lat' dir='ltr'><strong>decepit.</strong></span> <span class='ocrx_word' id='word_1_87' title='bbox 2420 1181 2771 1254; x_wconf 89' lang='lat' dir='ltr'><strong>Sempiterno</strong></span> <span class='ocrx_word' id='word_1_88' title='bbox 2801 1187 3060 1246; x_wconf 89' lang='lat' dir='ltr'><strong>Domino.</strong></span> 
     </span>
    </p>
   </div>
   <div class='ocr_carea' id='block_1_13' title="bbox 459 1268 3050 1350">
    <p class='ocr_par' dir='ltr' id='par_1_13' title="bbox 459 1268 3050 1350">
     <span class='ocr_line' id='line_1_13' title="bbox 459 1268 3050 1350; baseline 0.002 -28"><span class='ocrx_word' id='word_1_89' title='bbox 459 1268 569 1322; x_wconf 88' lang='lat' dir='ltr'><strong>Per</strong></span> <span class='ocrx_word' id='word_1_90' title='bbox 597 1269 720 1324; x_wconf 74' lang='lat' dir='ltr'><strong>Eva:</strong></span> <span class='ocrx_word' id='word_1_91' title='bbox 745 1273 977 1350; x_wconf 83' lang='lat' dir='ltr'><strong>gustum</strong></span> <span class='ocrx_word' id='word_1_92' title='bbox 1005 1269 1075 1323; x_wconf 91' lang='lat' dir='ltr'><strong>de</strong></span> <span class='ocrx_word' id='word_1_93' title='bbox 1101 1268 1256 1339; x_wconf 90' lang='lat' dir='ltr'><strong>ligno</strong></span> <span class='ocrx_word' id='word_1_94' title='bbox 1285 1268 1498 1335; x_wconf 76' lang='lat' dir='ltr'><strong>illicito,</strong></span> <span class='ocrx_word' id='word_1_95' title='bbox 2421 1271 2528 1334; x_wconf 85' lang='lat' dir='ltr'><strong>Qui</strong></span> <span class='ocrx_word' id='word_1_96' title='bbox 2558 1289 2660 1327; x_wconf 91' lang='lat' dir='ltr'><strong>nos</strong></span> <span class='ocrx_word' id='word_1_97' title='bbox 2685 1291 2789 1330; x_wconf 85' lang='lat' dir='ltr'><strong>sua</strong></span> <span class='ocrx_word' id='word_1_98' title='bbox 2811 1276 3050 1348; x_wconf 80' lang='lat' dir='ltr'><strong>pietate,</strong></span> 
     </span>
    </p>
   </div>
   <div class='ocr_carea' id='block_1_14' title="bbox 461 1353 3012 1430">
    <p class='ocr_par' dir='ltr' id='par_1_14' title="bbox 461 1353 3012 1430">
     <span class='ocr_line' id='line_1_14' title="bbox 461 1353 3012 1430; baseline 0.003 -18"><span class='ocrx_word' id='word_1_99' title='bbox 461 1357 531 1412; x_wconf 89' lang='lat' dir='ltr'><strong>Et</strong></span> <span class='ocrx_word' id='word_1_100' title='bbox 557 1359 913 1430; x_wconf 80' lang='lat' dir='ltr'><strong>expelluntur</strong></span> <span class='ocrx_word' id='word_1_101' title='bbox 934 1358 1101 1414; x_wconf 90' lang='lat' dir='ltr'><strong>ambo</strong></span> <span class='ocrx_word' id='word_1_102' title='bbox 1125 1359 1195 1413; x_wconf 90' lang='lat' dir='ltr'><strong>de</strong></span> <span class='ocrx_word' id='word_1_103' title='bbox 1227 1359 1504 1430; x_wconf 87' lang='lat' dir='ltr'><strong>paradiso.</strong></span> <span class='ocrx_word' id='word_1_104' title='bbox 1963 1353 1970 1366; x_wconf 81' lang='grc'><em>“</em></span> <span class='ocrx_word' id='word_1_105' title='bbox 2419 1359 2576 1414; x_wconf 82' lang='lat' dir='ltr'><strong>Fecit</strong></span> <span class='ocrx_word' id='word_1_106' title='bbox 2599 1379 2723 1418; x_wconf 88' lang='lat' dir='ltr'><strong>esse</strong></span> <span class='ocrx_word' id='word_1_107' title='bbox 2750 1365 2970 1422; x_wconf 64' lang='lat' dir='ltr'><strong>celibes</strong></span> <span class='ocrx_word' id='word_1_108' title='bbox 3002 1386 3012 1420; x_wconf 92' lang='lat'>:</span> 
     </span>
    </p>
   </div>
   <div class='ocr_carea' id='block_1_15' title="bbox 388 1445 3200 1526">
    <p class='ocr_par' dir='ltr' id='par_1_15' title="bbox 388 1445 3200 1526">
     <span class='ocr_line' id='line_1_15' title="bbox 388 1445 3200 1526; baseline 0.005 -24"><span class='ocrx_word' id='word_1_109' title='bbox 388 1445 605 1502; x_wconf 89' lang='lat' dir='ltr'><strong>Bellum</strong></span> <span class='ocrx_word' id='word_1_110' title='bbox 636 1448 862 1502; x_wconf 85' lang='lat' dir='ltr'><strong>crudele</strong></span> <span class='ocrx_word' id='word_1_111' title='bbox 893 1448 1043 1503; x_wconf 91' lang='lat' dir='ltr'><strong>inter</strong></span> <span class='ocrx_word' id='word_1_112' title='bbox 1067 1448 1208 1504; x_wconf 92' lang='lat' dir='ltr'><strong>duos</strong></span> <span class='ocrx_word' id='word_1_113' title='bbox 1243 1447 1481 1520; x_wconf 90' lang='lat' dir='ltr'><strong>geritur,</strong></span> <span class='ocrx_word' id='word_1_114' title='bbox 2421 1447 2598 1503; x_wconf 89' lang='lat' dir='ltr'><strong>Simul</strong></span> <span class='ocrx_word' id='word_1_115' title='bbox 2629 1467 2852 1524; x_wconf 85' lang='lat' dir='ltr'><strong>quoque</strong></span> <span class='ocrx_word' id='word_1_116' title='bbox 2876 1455 3200 1526; x_wconf 83' lang='lat' dir='ltr'><strong>jubilemus.</strong></span> 
     </span>
    </p>
   </div>
   <div class='ocr_carea' id='block_1_16' title="bbox 459 1536 3013 1614">
    <p class='ocr_par' dir='ltr' id='par_1_16' title="bbox 459 1536 3013 1614">
     <span class='ocr_line' id='line_1_16' title="bbox 459 1536 3013 1614; baseline 0.003 -22"><span class='ocrx_word' id='word_1_117' title='bbox 459 1537 599 1592; x_wconf 91' lang='lat' dir='ltr'><strong>Cain</strong></span> <span class='ocrx_word' id='word_1_118' title='bbox 628 1539 832 1592; x_wconf 91' lang='lat' dir='ltr'><strong>occidit</strong></span> <span class='ocrx_word' id='word_1_119' title='bbox 856 1537 994 1593; x_wconf 86' lang='lat' dir='ltr'><strong>Abel</strong></span> <span class='ocrx_word' id='word_1_120' title='bbox 1021 1537 1142 1593; x_wconf 85' lang='lat' dir='ltr'><strong>sine</strong></span> <span class='ocrx_word' id='word_1_121' title='bbox 1169 1538 1376 1609; x_wconf 89' lang='lat' dir='ltr'><strong>gladio,</strong></span> <span class='ocrx_word' id='word_1_122' title='bbox 2420 1536 2670 1594; x_wconf 89' lang='lat' dir='ltr'><strong>Laudem</strong></span> <span class='ocrx_word' id='word_1_123' title='bbox 2695 1541 3013 1614; x_wconf 89' lang='lat' dir='ltr'><strong>Unigenito.</strong></span> 
     </span>
    </p>
   </div>
   <div class='ocr_carea' id='block_1_17' title="bbox 459 1626 3161 1700">
    <p class='ocr_par' dir='ltr' id='par_1_17' title="bbox 459 1626 3161 1700">
     <span class='ocr_line' id='line_1_17' title="bbox 459 1626 3161 1700; baseline 0.003 -19"><span class='ocrx_word' id='word_1_124' title='bbox 459 1627 584 1698; x_wconf 88' lang='lat' dir='ltr'><strong>Ipse</strong></span> <span class='ocrx_word' id='word_1_125' title='bbox 611 1626 892 1681; x_wconf 88' lang='lat' dir='ltr'><strong>commisit</strong></span> <span class='ocrx_word' id='word_1_126' title='bbox 918 1627 1134 1698; x_wconf 90' lang='lat' dir='ltr'><strong>primus</strong></span> <span class='ocrx_word' id='word_1_127' title='bbox 1162 1626 1544 1693; x_wconf 87' lang='lat' dir='ltr'><strong>homicidium,</strong></span> <span class='ocrx_word' id='word_1_128' title='bbox 2420 1626 2604 1698; x_wconf 80' lang='lat' dir='ltr'><strong>Atque</strong></span> <span class='ocrx_word' id='word_1_129' title='bbox 2632 1636 2825 1685; x_wconf 89' lang='lat' dir='ltr'><strong>sancto</strong></span> <span class='ocrx_word' id='word_1_130' title='bbox 2854 1633 3161 1700; x_wconf 86' lang='lat' dir='ltr'><strong>Paracleto,</strong></span> 
     </span>
    </p>
   </div>
   <div class='ocr_carea' id='block_1_18' title="bbox 457 1713 3172 1788">
    <p class='ocr_par' dir='ltr' id='par_1_18' title="bbox 457 1713 3172 1788">
     <span class='ocr_line' id='line_1_18' title="bbox 457 1713 3172 1788; baseline 0.004 -19"><span class='ocrx_word' id='word_1_131' title='bbox 457 1715 632 1787; x_wconf 88' lang='lat' dir='ltr'><strong>Cujus</strong></span> <span class='ocrx_word' id='word_1_132' title='bbox 664 1715 820 1787; x_wconf 83' lang='lat' dir='ltr'><strong>origo</strong></span> <span class='ocrx_word' id='word_1_133' title='bbox 852 1716 1207 1771; x_wconf 86' lang='lat' dir='ltr'><strong>innocentem</strong></span> <span class='ocrx_word' id='word_1_134' title='bbox 1237 1715 1512 1788; x_wconf 88' lang='lat' dir='ltr'><strong>sequitur.</strong></span> <span class='ocrx_word' id='word_1_135' title='bbox 1927 1715 1976 1776; x_wconf 91' lang='lat' dir='ltr'><strong>B</strong></span> <span class='ocrx_word' id='word_1_136' title='bbox 2424 1713 2586 1770; x_wconf 83' lang='lat' dir='ltr'><strong>Nunc</strong></span> <span class='ocrx_word' id='word_1_137' title='bbox 2613 1733 2860 1787; x_wconf 89' lang='lat' dir='ltr'><strong>perenne</strong></span> <span class='ocrx_word' id='word_1_138' title='bbox 2888 1723 3172 1778; x_wconf 68' lang='lat' dir='ltr'><strong>saeculum.</strong></span> 
     </span>
    </p>
   </div>
   <div class='ocr_carea' id='block_1_19' title="bbox 2277 1801 2718 1873">
    <p class='ocr_par' dir='ltr' id='par_1_19' title="bbox 2277 1801 2718 1873">
     <span class='ocr_line' id='line_1_19' title="bbox 2277 1801 2718 1873; baseline 0.009 -17"><span class='ocrx_word' id='word_1_139' title='bbox 2277 1801 2487 1873; x_wconf 88' lang='lat' dir='ltr'><strong>Sophia</strong></span> <span class='ocrx_word' id='word_1_140' title='bbox 2514 1804 2718 1873; x_wconf 85' lang='lat' dir='ltr'><strong>Patris,</strong></span> 
     </span>
    </p>
   </div>
   <div class='ocr_carea' id='block_1_20' title="bbox 2245 1883 2957 1966">
    <p class='ocr_par' dir='ltr' id='par_1_20' title="bbox 2245 1883 2957 1966">
     <span class='ocr_line' id='line_1_20' title="bbox 2245 1883 2957 1966; baseline 0.01 -22"><span class='ocrx_word' id='word_1_141' title='bbox 2245 1883 2258 1895; x_wconf 80' lang='grc'><strong>’</strong></span> <span class='ocrx_word' id='word_1_142' title='bbox 2421 1891 2647 1948; x_wconf 89' lang='lat' dir='ltr'><strong>Christe</strong></span> <span class='ocrx_word' id='word_1_143' title='bbox 2671 1895 2957 1966; x_wconf 84' lang='lat' dir='ltr'><strong>magister,</strong></span> 
     </span>
    </p>
   </div>
   <div class='ocr_carea' id='block_1_21' title="bbox 2419 1980 2893 2054">
    <p class='ocr_par' dir='ltr' id='par_1_21' title="bbox 2419 1980 2893 2054">
     <span class='ocr_line' id='line_1_21' title="bbox 2419 1980 2893 2054; baseline 0.011 -20"><span class='ocrx_word' id='word_1_144' title='bbox 2419 1980 2656 2036; x_wconf 85' lang='lat' dir='ltr'><strong>Munera</strong></span> <span class='ocrx_word' id='word_1_145' title='bbox 2686 1982 2893 2054; x_wconf 79' lang='lat' dir='ltr'><strong>linguae</strong></span> 
     </span>
    </p>
   </div>
   <div class='ocr_carea' id='block_1_22' title="bbox 2425 2069 2868 2138">
    <p class='ocr_par' dir='ltr' id='par_1_22' title="bbox 2425 2069 2868 2138">
     <span class='ocr_line' id='line_1_22' title="bbox 2425 2069 2868 2138; baseline 0.011 -15"><span class='ocrx_word' id='word_1_146' title='bbox 2425 2069 2624 2126; x_wconf 84' lang='lat' dir='ltr'><strong>Dulcia</strong></span> <span class='ocrx_word' id='word_1_147' title='bbox 2645 2078 2868 2138; x_wconf 73' lang='lat' dir='ltr'><strong>nostrae,</strong></span> 
     </span>
    </p>
   </div>
   <div class='ocr_carea' id='block_1_23' title="bbox 2419 2159 2932 2224">
    <p class='ocr_par' dir='ltr' id='par_1_23' title="bbox 2419 2159 2932 2224">
     <span class='ocr_line' id='line_1_23' title="bbox 2419 2159 2932 2224; baseline 0.01 -12"><span class='ocrx_word' id='word_1_148' title='bbox 2419 2159 2520 2224; x_wconf 90' lang='lat' dir='ltr'><strong>Da,</strong></span> <span class='ocrx_word' id='word_1_149' title='bbox 2556 2160 2706 2215; x_wconf 88' lang='lat' dir='ltr'><strong>Deus</strong></span> <span class='ocrx_word' id='word_1_150' title='bbox 2735 2168 2932 2217; x_wconf 84' lang='lat' dir='ltr'><strong>auctor</strong></span> 
     </span>
    </p>
   </div>
   <div class='ocr_carea' id='block_1_24' title="bbox 2421 2251 3036 2326">
    <p class='ocr_par' dir='ltr' id='par_1_24' title="bbox 2421 2251 3036 2326">
     <span class='ocr_line' id='line_1_24' title="bbox 2421 2251 3036 2326; baseline 0.008 -22"><span class='ocrx_word' id='word_1_151' title='bbox 2421 2251 2646 2322; x_wconf 84' lang='lat' dir='ltr'><strong>Rexque</strong></span> <span class='ocrx_word' id='word_1_152' title='bbox 2676 2252 3036 2326; x_wconf 87' lang='lat' dir='ltr'><strong>Redemptor.</strong></span> 
     </span>
    </p>
   </div>
   <div class='ocr_carea' id='block_1_25' title="bbox 2279 2337 2685 2394">
    <p class='ocr_par' dir='ltr' id='par_1_25' title="bbox 2279 2337 2685 2394">
     <span class='ocr_line' id='line_1_25' title="bbox 2279 2337 2685 2394; baseline 0.005 -2"><span class='ocrx_word' id='word_1_153' title='bbox 2279 2337 2507 2394; x_wconf 87' lang='lat' dir='ltr'><strong>Semina</strong></span> <span class='ocrx_word' id='word_1_154' title='bbox 2533 2339 2685 2394; x_wconf 82' lang='lat' dir='ltr'><strong>verbi</strong></span> 
     </span>
    </p>
   </div>
   <div class='ocr_carea' id='block_1_26' title="bbox 2423 2427 2995 2502">
    <p class='ocr_par' dir='ltr' id='par_1_26' title="bbox 2423 2427 2995 2502">
     <span class='ocr_line' id='line_1_26' title="bbox 2423 2427 2995 2502; baseline 0.01 -20"><span class='ocrx_word' id='word_1_155' title='bbox 2423 2427 2636 2500; x_wconf 83' lang='lat' dir='ltr'><strong>Sparge</strong></span> <span class='ocrx_word' id='word_1_156' title='bbox 2674 2446 2777 2502; x_wconf 90' lang='lat' dir='ltr'><strong>per</strong></span> <span class='ocrx_word' id='word_1_157' title='bbox 2803 2431 2995 2488; x_wconf 86' lang='lat' dir='ltr'><strong>orbem</strong></span> 
     </span>
    </p>
   </div>
   <div class='ocr_carea' id='block_1_27' title="bbox 2419 2516 2877 2584">
    <p class='ocr_par' dir='ltr' id='par_1_27' title="bbox 2419 2516 2877 2584">
     <span class='ocr_line' id='line_1_27' title="bbox 2419 2516 2877 2584; baseline 0.009 -13"><span class='ocrx_word' id='word_1_158' title='bbox 2419 2516 2712 2584; x_wconf 88' lang='lat' dir='ltr'><strong>Gentibus,</strong></span> <span class='ocrx_word' id='word_1_159' title='bbox 2737 2525 2804 2574; x_wconf 91' lang='lat' dir='ltr'><strong>ut</strong></span> <span class='ocrx_word' id='word_1_160' title='bbox 2821 2525 2877 2574; x_wconf 91' lang='lat' dir='ltr'><strong>te</strong></span> 
     </span>
    </p>
   </div>
   <div class='ocr_carea' id='block_1_28' title="bbox 2419 2605 2830 2663">
    <p class='ocr_par' dir='ltr' id='par_1_28' title="bbox 2419 2605 2830 2663">
     <span class='ocr_line' id='line_1_28' title="bbox 2419 2605 2830 2663; baseline 0.01 -3"><span class='ocrx_word' id='word_1_161' title='bbox 2419 2605 2546 2660; x_wconf 87' lang='lat' dir='ltr'><strong>Rite</strong></span> <span class='ocrx_word' id='word_1_162' title='bbox 2563 2613 2830 2663; x_wconf 89' lang='lat' dir='ltr'><strong>canentes</strong></span> 
     </span>
    </p>
   </div>
   <div class='ocr_carea' id='block_1_29' title="bbox 2418 2695 2954 2763">
    <p class='ocr_par' dir='ltr' id='par_1_29' title="bbox 2418 2695 2954 2763">
     <span class='ocr_line' id='line_1_29' title="bbox 2418 2695 2954 2763; baseline 0.007 -13"><span class='ocrx_word' id='word_1_163' title='bbox 2418 2695 2704 2753; x_wconf 86' lang='lat' dir='ltr'><strong>Laudibus</strong></span> <span class='ocrx_word' id='word_1_164' title='bbox 2733 2707 2954 2763; x_wconf 86' lang='lat' dir='ltr'><strong>ornent,</strong></span> 
     </span>
    </p>
   </div>
   <div class='ocr_carea' id='block_1_30' title="bbox 395 1826 1827 1896">
    <p class='ocr_par' dir='ltr' id='par_1_30' title="bbox 395 1826 1827 1896">
     <span class='ocr_line' id='line_1_30' title="bbox 395 1826 1827 1896; baseline 0.001 -3"><span class='ocrx_word' id='word_1_165' title='bbox 395 1831 588 1894; x_wconf 77' lang='lat' dir='ltr'><strong>XXV.</strong></span> <span class='ocrx_word' id='word_1_166' title='bbox 605 1865 688 1878; x_wconf 84' lang='lat'><strong>-—</strong></span> <span class='ocrx_word' id='word_1_167' title='bbox 710 1849 934 1895; x_wconf 72' lang='lat' dir='ltr'><strong>VERSUS</strong></span> <span class='ocrx_word' id='word_1_168' title='bbox 963 1849 1040 1895; x_wconf 80' lang='lat' dir='ltr'><strong>DE</strong></span> <span class='ocrx_word' id='word_1_169' title='bbox 1069 1849 1573 1896; x_wconf 74' lang='lat' dir='ltr'><strong>ANNUNTIATIONE</strong></span> <span class='ocrx_word' id='word_1_170' title='bbox 1600 1826 1827 1894; x_wconf 58' lang='grc' dir='ltr'><strong>ΠΔΙΠὲ.</strong></span> 
     </span>
    </p>
   </div>
   <div class='ocr_carea' id='block_1_31' title="bbox 455 1947 1573 2020">
    <p class='ocr_par' dir='ltr' id='par_1_31' title="bbox 455 1947 1573 2020">
     <span class='ocr_line' id='line_1_31' title="bbox 455 1947 1573 2020; baseline 0 -18"><span class='ocrx_word' id='word_1_171' title='bbox 455 1947 703 2018; x_wconf 83' lang='lat' dir='ltr'><strong>Angelus</strong></span> <span class='ocrx_word' id='word_1_172' title='bbox 727 1947 949 2003; x_wconf 89' lang='lat' dir='ltr'><strong>Domini</strong></span> <span class='ocrx_word' id='word_1_173' title='bbox 986 1947 1139 2002; x_wconf 89' lang='lat' dir='ltr'><strong>venit</strong></span> <span class='ocrx_word' id='word_1_174' title='bbox 1161 1947 1232 2002; x_wconf 87' lang='lat' dir='ltr'><strong>ad</strong></span> <span class='ocrx_word' id='word_1_175' title='bbox 1262 1949 1573 2020; x_wconf 82' lang='lat' dir='ltr'><strong>Virginem,</strong></span> 
     </span>
    </p>
   </div>
   <div class='ocr_carea' id='block_1_32' title="bbox 453 2036 1470 2103">
    <p class='ocr_par' dir='ltr' id='par_1_32' title="bbox 453 2036 1470 2103">
     <span class='ocr_line' id='line_1_32' title="bbox 453 2036 1470 2103; baseline 0.002 -13"><span class='ocrx_word' id='word_1_176' title='bbox 453 2036 590 2102; x_wconf 88' lang='lat' dir='ltr'><strong>Ave,</strong></span> <span class='ocrx_word' id='word_1_177' title='bbox 620 2036 818 2103; x_wconf 83' lang='lat' dir='ltr'><strong>Maria,</strong></span> <span class='ocrx_word' id='word_1_178' title='bbox 850 2036 1123 2092; x_wconf 89' lang='lat' dir='ltr'><strong>Dominus</strong></span> <span class='ocrx_word' id='word_1_179' title='bbox 1150 2042 1338 2092; x_wconf 84' lang='lat' dir='ltr'><strong>tecum</strong></span> <span class='ocrx_word' id='word_1_180' title='bbox 1366 2043 1470 2103; x_wconf 91' lang='lat' dir='ltr'><strong>est,</strong></span> 
     </span>
    </p>
   </div>
   <div class='ocr_carea' id='block_1_33' title="bbox 452 2124 1359 2198">
    <p class='ocr_par' dir='ltr' id='par_1_33' title="bbox 452 2124 1359 2198">
     <span class='ocr_line' id='line_1_33' title="bbox 452 2124 1359 2198; baseline 0.002 -18"><span class='ocrx_word' id='word_1_181' title='bbox 452 2124 627 2180; x_wconf 84' lang='lat' dir='ltr'><strong>Beata</strong></span> <span class='ocrx_word' id='word_1_182' title='bbox 653 2125 844 2197; x_wconf 85' lang='lat' dir='ltr'><strong>Virgo,</strong></span> <span class='ocrx_word' id='word_1_183' title='bbox 881 2133 938 2181; x_wconf 90' lang='lat' dir='ltr'><strong>et</strong></span> <span class='ocrx_word' id='word_1_184' title='bbox 966 2127 1068 2182; x_wconf 90' lang='lat' dir='ltr'><strong>Dei</strong></span> <span class='ocrx_word' id='word_1_185' title='bbox 1092 2127 1359 2198; x_wconf 82' lang='lat' dir='ltr'><strong>genitrix.</strong></span> 
     </span>
    </p>
   </div>
   <div class='ocr_carea' id='block_1_34' title="bbox 451 2214 1329 2288">
    <p class='ocr_par' dir='ltr' id='par_1_34' title="bbox 451 2214 1329 2288">
     <span class='ocr_line' id='line_1_34' title="bbox 451 2214 1329 2288; baseline 0.003 -19"><span class='ocrx_word' id='word_1_186' title='bbox 451 2214 628 2270; x_wconf 87' lang='lat' dir='ltr'><strong>Beata</strong></span> <span class='ocrx_word' id='word_1_187' title='bbox 650 2215 822 2286; x_wconf 81' lang='lat' dir='ltr'><strong>Virgo</strong></span> <span class='ocrx_word' id='word_1_188' title='bbox 851 2221 908 2271; x_wconf 90' lang='lat' dir='ltr'><strong>et</strong></span> <span class='ocrx_word' id='word_1_189' title='bbox 935 2216 1036 2271; x_wconf 91' lang='lat' dir='ltr'><strong>Dei</strong></span> <span class='ocrx_word' id='word_1_190' title='bbox 1063 2216 1329 2288; x_wconf 80' lang='lat' dir='ltr'><strong>genitrix,</strong></span> 
     </span>
    </p>
   </div>
   <div class='ocr_carea' id='block_1_35' title="bbox 451 2304 1477 2378">
    <p class='ocr_par' dir='ltr' id='par_1_35' title="bbox 451 2304 1477 2378">
     <span class='ocr_line' id='line_1_35' title="bbox 451 2304 1477 2378; baseline -0.001 -19"><span class='ocrx_word' id='word_1_191' title='bbox 451 2304 586 2369; x_wconf 68' lang='lat' dir='ltr'><strong>Quae</strong></span> <span class='ocrx_word' id='word_1_192' title='bbox 615 2305 869 2360; x_wconf 87' lang='lat' dir='ltr'><strong>meruisti</strong></span> <span class='ocrx_word' id='word_1_193' title='bbox 899 2311 1125 2378; x_wconf 88' lang='lat' dir='ltr'><strong>portare</strong></span> <span class='ocrx_word' id='word_1_194' title='bbox 1155 2305 1477 2362; x_wconf 90' lang='lat' dir='ltr'><strong>Dominum.</strong></span> 
     </span>
    </p>
   </div>
   <div class='ocr_carea' id='block_1_36' title="bbox 452 2393 776 2461">
    <p class='ocr_par' dir='ltr' id='par_1_36' title="bbox 452 2393 776 2461">
     <span class='ocr_line' id='line_1_36' title="bbox 452 2393 776 2461; baseline -0.003 -12"><span class='ocrx_word' id='word_1_195' title='bbox 452 2393 644 2461; x_wconf 89' lang='lat' dir='ltr'><strong>Beata,</strong></span> <span class='ocrx_word' id='word_1_196' title='bbox 670 2400 776 2450; x_wconf 86' lang='lat' dir='ltr'><strong>etc.</strong></span> 
     </span>
    </p>
   </div>
   <div class='ocr_carea' id='block_1_37' title="bbox 452 2483 1494 2556">
    <p class='ocr_par' dir='ltr' id='par_1_37' title="bbox 452 2483 1494 2556">
     <span class='ocr_line' id='line_1_37' title="bbox 452 2483 1494 2556; baseline 0.002 -18"><span class='ocrx_word' id='word_1_197' title='bbox 452 2483 620 2538; x_wconf 89' lang='lat' dir='ltr'><strong>Casta</strong></span> <span class='ocrx_word' id='word_1_198' title='bbox 646 2489 734 2538; x_wconf 85' lang='lat' dir='ltr'><strong>est</strong></span> <span class='ocrx_word' id='word_1_199' title='bbox 751 2483 903 2538; x_wconf 91' lang='lat' dir='ltr'><strong>enim</strong></span> <span class='ocrx_word' id='word_1_200' title='bbox 929 2500 1152 2556; x_wconf 90' lang='lat' dir='ltr'><strong>semper</strong></span> <span class='ocrx_word' id='word_1_201' title='bbox 1180 2483 1494 2555; x_wconf 83' lang='lat' dir='ltr'><strong>virginitas,</strong></span> 
     </span>
    </p>
   </div>
   <div class='ocr_carea' id='block_1_38' title="bbox 451 2570 1480 2644">
    <p class='ocr_par' dir='ltr' id='par_1_38' title="bbox 451 2570 1480 2644">
     <span class='ocr_line' id='line_1_38' title="bbox 451 2570 1480 2644; baseline 0 -18"><span class='ocrx_word' id='word_1_202' title='bbox 451 2570 633 2636; x_wconf 90' lang='lat' dir='ltr'><strong>Quam</strong></span> <span class='ocrx_word' id='word_1_203' title='bbox 662 2573 986 2644; x_wconf 87' lang='lat' dir='ltr'><strong>supervenit</strong></span> <span class='ocrx_word' id='word_1_204' title='bbox 1014 2572 1256 2628; x_wconf 66' lang='lat' dir='ltr'><strong>caelestis</strong></span> <span class='ocrx_word' id='word_1_205' title='bbox 1273 2572 1480 2644; x_wconf 89' lang='lat' dir='ltr'><strong>gratia.</strong></span> 
     </span>
    </p>
   </div>
   <div class='ocr_carea' id='block_1_39' title="bbox 449 2660 1972 2734">
    <p class='ocr_par' dir='ltr' id='par_1_39' title="bbox 449 2660 1972 2734">
     <span class='ocr_line' id='line_1_39' title="bbox 449 2660 1972 2734; baseline 0.005 -20"><span class='ocrx_word' id='word_1_206' title='bbox 449 2660 640 2727; x_wconf 81' lang='lat' dir='ltr'><strong>Beata,</strong></span> <span class='ocrx_word' id='word_1_207' title='bbox 667 2667 776 2716; x_wconf 89' lang='lat' dir='ltr'><strong>etc.</strong></span> <span class='ocrx_word' id='word_1_208' title='bbox 1927 2675 1972 2734; x_wconf 70' lang='grc' dir='ltr'>α</span> 
     </span>
    </p>
   </div>
   <div class='ocr_carea' id='block_1_40' title="bbox 375 2766 2841 2844">
    <p class='ocr_par' dir='ltr' id='par_1_40' title="bbox 375 2766 2841 2844">
     <span class='ocr_line' id='line_1_40' title="bbox 375 2766 2841 2844; baseline -0.002 -22"><span class='ocrx_word' id='word_1_209' title='bbox 375 2767 528 2823; x_wconf 90' lang='lat' dir='ltr'><strong>Deus</strong></span> <span class='ocrx_word' id='word_1_210' title='bbox 553 2766 703 2823; x_wconf 87' lang='lat' dir='ltr'><strong>orbis</strong></span> <span class='ocrx_word' id='word_1_211' title='bbox 739 2773 1052 2840; x_wconf 84' lang='lat' dir='ltr'><strong>reparator,</strong></span> <span class='ocrx_word' id='word_1_212' title='bbox 1085 2768 1178 2822; x_wconf 84' lang='lat' dir='ltr'><strong>lux</strong></span> <span class='ocrx_word' id='word_1_213' title='bbox 1207 2773 1430 2824; x_wconf 68' lang='lat' dir='ltr'><strong>aeternae</strong></span> <span class='ocrx_word' id='word_1_214' title='bbox 1454 2769 1665 2844; x_wconf 59' lang='lat' dir='ltr'><strong>glorias,</strong></span> <span class='ocrx_word' id='word_1_215' title='bbox 2418 2783 2581 2840; x_wconf 70' lang='lat' dir='ltr'><strong>Lucis</strong></span> <span class='ocrx_word' id='word_1_216' title='bbox 2604 2793 2841 2844; x_wconf 43' lang='lat' dir='ltr'><strong>amator.</strong></span> 
     </span>
    </p>
   </div>
   <div class='ocr_carea' id='block_1_41' title="bbox 375 2842 2780 2938">
    <p class='ocr_par' dir='ltr' id='par_1_41' title="bbox 375 2842 2780 2938">
     <span class='ocr_line' id='line_1_41' title="bbox 375 2842 2780 2938; baseline 0.009 -29"><span class='ocrx_word' id='word_1_217' title='bbox 375 2855 534 2922; x_wconf 84' lang='lat' dir='ltr'><strong>Mihi,</strong></span> <span class='ocrx_word' id='word_1_218' title='bbox 569 2874 776 2929; x_wconf 64' lang='lat' dir='ltr'><strong>quaeso,</strong></span> <span class='ocrx_word' id='word_1_219' title='bbox 800 2857 1093 2929; x_wconf 63' lang='lat' dir='ltr'><strong>paenitenti</strong></span> <span class='ocrx_word' id='word_1_220' title='bbox 1120 2857 1304 2930; x_wconf 64' lang='lat' dir='ltr'><strong>priebe</strong></span> <span class='ocrx_word' id='word_1_221' title='bbox 1334 2842 1460 2930; x_wconf 80' lang='lat' dir='ltr'><strong>pius</strong></span> <span class='ocrx_word' id='word_1_222' title='bbox 1487 2859 1728 2925; x_wconf 84' lang='lat' dir='ltr'><strong>veniam,</strong></span> <span class='ocrx_word' id='word_1_223' title='bbox 2279 2869 2510 2926; x_wconf 89' lang='lat' dir='ltr'><strong>Psallite</strong></span> <span class='ocrx_word' id='word_1_224' title='bbox 2539 2889 2780 2938; x_wconf 91' lang='lat' dir='ltr'><strong>summo,</strong></span> 
     </span>
    </p>
   </div>
   <div class='ocr_carea' id='block_1_42' title="bbox 375 2944 2833 3035">
    <p class='ocr_par' dir='ltr' id='par_1_42' title="bbox 375 2944 2833 3035">
     <span class='ocr_line' id='line_1_42' title="bbox 375 2944 2833 3035; baseline 0.008 -36"><span class='ocrx_word' id='word_1_225' title='bbox 375 2944 452 3035; x_wconf 73' lang='lat' dir='ltr'><strong>Ut</strong></span> <span class='ocrx_word' id='word_1_226' title='bbox 480 2945 708 3002; x_wconf 78' lang='lat' dir='ltr'><strong>admissi</strong></span> <span class='ocrx_word' id='word_1_227' title='bbox 732 2945 1063 3002; x_wconf 82' lang='lat' dir='ltr'><strong>delitescant</strong></span> <span class='ocrx_word' id='word_1_228' title='bbox 1092 2947 1353 3003; x_wconf 73' lang='lat' dir='ltr'><strong>facinoris</strong></span> <span class='ocrx_word' id='word_1_229' title='bbox 1383 2947 1613 3014; x_wconf 92' lang='lat' dir='ltr'><strong>cumuli,</strong></span> <span class='ocrx_word' id='word_1_230' title='bbox 2415 2961 2644 3017; x_wconf 90' lang='lat' dir='ltr'><strong>Psallite</strong></span> <span class='ocrx_word' id='word_1_231' title='bbox 2674 2963 2833 3035; x_wconf 86' lang='lat' dir='ltr'><strong>Regi,</strong></span> 
     </span>
    </p>
   </div>
   <div class='ocr_carea' id='block_1_43' title="bbox 375 3034 2824 3119">
    <p class='ocr_par' dir='ltr' id='par_1_43' title="bbox 375 3034 2824 3119">
     <span class='ocr_line' id='line_1_43' title="bbox 375 3034 2824 3119; baseline 0.008 -30"><span class='ocrx_word' id='word_1_232' title='bbox 375 3034 626 3100; x_wconf 89' lang='lat' dir='ltr'><strong>Quorum</strong></span> <span class='ocrx_word' id='word_1_233' title='bbox 652 3037 808 3107; x_wconf 88' lang='lat' dir='ltr'><strong>gravi</strong></span> <span class='ocrx_word' id='word_1_234' title='bbox 838 3035 986 3091; x_wconf 92' lang='lat' dir='ltr'><strong>mole</strong></span> <span class='ocrx_word' id='word_1_235' title='bbox 1009 3051 1179 3108; x_wconf 90' lang='lat' dir='ltr'><strong>cogor</strong></span> <span class='ocrx_word' id='word_1_236' title='bbox 1206 3036 1423 3091; x_wconf 85' lang='lat' dir='ltr'><strong>anxiari</strong></span> <span class='ocrx_word' id='word_1_237' title='bbox 1447 3037 1668 3110; x_wconf 89' lang='lat' dir='ltr'><strong>spiritu,</strong></span> <span class='ocrx_word' id='word_1_238' title='bbox 2416 3049 2643 3106; x_wconf 90' lang='lat' dir='ltr'><strong>Psallite</strong></span> <span class='ocrx_word' id='word_1_239' title='bbox 2670 3034 2824 3119; x_wconf 82' lang='lat' dir='ltr'><strong>Jesu,</strong></span> 
     </span>
    </p>
   </div>
   <div class='ocr_carea' id='block_1_44' title="bbox 377 3121 2929 3198">
    <p class='ocr_par' dir='ltr' id='par_1_44' title="bbox 377 3121 2929 3198">
     <span class='ocr_line' id='line_1_44' title="bbox 377 3121 2929 3198; baseline 0.005 -21"><span class='ocrx_word' id='word_1_240' title='bbox 377 3121 460 3176; x_wconf 90' lang='lat' dir='ltr'><strong>En</strong></span> <span class='ocrx_word' id='word_1_241' title='bbox 491 3123 561 3178; x_wconf 89' lang='lat' dir='ltr'><strong>ad</strong></span> <span class='ocrx_word' id='word_1_242' title='bbox 591 3123 791 3178; x_wconf 90' lang='lat' dir='ltr'><strong>ultima</strong></span> <span class='ocrx_word' id='word_1_243' title='bbox 817 3125 1086 3179; x_wconf 70' lang='lat' dir='ltr'><strong>caalorum</strong></span> <span class='ocrx_word' id='word_1_244' title='bbox 1113 3141 1224 3179; x_wconf 91' lang='lat' dir='ltr'><strong>non</strong></span> <span class='ocrx_word' id='word_1_245' title='bbox 1245 3141 1369 3180; x_wconf 91' lang='lat' dir='ltr'><strong>sum</strong></span> <span class='ocrx_word' id='word_1_246' title='bbox 1405 3125 1610 3196; x_wconf 74' lang='lat' dir='ltr'><strong>dignus</strong></span> <span class='ocrx_word' id='word_1_247' title='bbox 1639 3125 1822 3182; x_wconf 85' lang='lat' dir='ltr'><strong>sidera</strong></span> <span class='ocrx_word' id='word_1_248' title='bbox 2418 3138 2648 3195; x_wconf 69' lang='lat' dir='ltr'><strong>Psallite</strong></span> <span class='ocrx_word' id='word_1_249' title='bbox 2687 3139 2929 3198; x_wconf 71' lang='lat' dir='ltr'><strong>Christo.</strong></span> 
     </span>
    </p>
   </div>
   <div class='ocr_carea' id='block_1_45' title="bbox 377 3211 2826 3297">
    <p class='ocr_par' dir='ltr' id='par_1_45' title="bbox 377 3211 2826 3297">
     <span class='ocr_line' id='line_1_45' title="bbox 377 3211 2826 3297; baseline 0.009 -32"><span class='ocrx_word' id='word_1_250' title='bbox 377 3211 632 3267; x_wconf 85' lang='lat' dir='ltr'><strong>Infelices</strong></span> <span class='ocrx_word' id='word_1_251' title='bbox 659 3229 760 3285; x_wconf 89' lang='lat' dir='ltr'><strong>pro</strong></span> <span class='ocrx_word' id='word_1_252' title='bbox 785 3213 1004 3268; x_wconf 88' lang='lat' dir='ltr'><strong>delictis</strong></span> <span class='ocrx_word' id='word_1_253' title='bbox 1032 3213 1321 3269; x_wconf 91' lang='lat' dir='ltr'><strong>sublevare</strong></span> <span class='ocrx_word' id='word_1_254' title='bbox 1349 3215 1558 3282; x_wconf 92' lang='lat' dir='ltr'><strong>oculos,</strong></span> <span class='ocrx_word' id='word_1_255' title='bbox 1955 3277 1960 3284; x_wconf 95' lang='lat'><em>_</em></span> <span class='ocrx_word' id='word_1_256' title='bbox 2419 3228 2648 3285; x_wconf 90' lang='lat' dir='ltr'><strong>Psallite</strong></span> <span class='ocrx_word' id='word_1_257' title='bbox 2685 3229 2826 3297; x_wconf 91' lang='lat' dir='ltr'><strong>vivo,</strong></span> 
     </span>
    </p>
   </div>
   <div class='ocr_carea' id='block_1_46' title="bbox 376 3301 2825 3384">
    <p class='ocr_par' dir='ltr' id='par_1_46' title="bbox 376 3301 2825 3384">
     <span class='ocr_line' id='line_1_46' title="bbox 376 3301 2825 3384; baseline 0.004 -28"><span class='ocrx_word' id='word_1_258' title='bbox 376 3301 497 3357; x_wconf 81' lang='lat' dir='ltr'><strong>Nisi</strong></span> <span class='ocrx_word' id='word_1_259' title='bbox 521 3308 585 3356; x_wconf 91' lang='lat' dir='ltr'><strong>tu</strong></span> <span class='ocrx_word' id='word_1_260' title='bbox 611 3303 856 3358; x_wconf 84' lang='lat' dir='ltr'><strong>clemens</strong></span> <span class='ocrx_word' id='word_1_261' title='bbox 885 3320 1138 3358; x_wconf 85' lang='lat' dir='ltr'><strong>mearum</strong></span> <span class='ocrx_word' id='word_1_262' title='bbox 1168 3303 1546 3375; x_wconf 86' lang='lat' dir='ltr'><strong>lacrymarum</strong></span> <span class='ocrx_word' id='word_1_263' title='bbox 1573 3303 1796 3365; x_wconf 87' lang='lat' dir='ltr'><strong>rivulos,</strong></span> <span class='ocrx_word' id='word_1_264' title='bbox 2419 3317 2646 3373; x_wconf 67' lang='lat' dir='ltr'><strong>Psallite</strong></span> <span class='ocrx_word' id='word_1_265' title='bbox 2677 3336 2825 3384; x_wconf 72' lang='lat' dir='ltr'><strong>vero,</strong></span> 
     </span>
    </p>
   </div>
   <div class='ocr_carea' id='block_1_47' title="bbox 379 3391 2819 3465">
    <p class='ocr_par' dir='ltr' id='par_1_47' title="bbox 379 3391 2819 3465">
     <span class='ocr_line' id='line_1_47' title="bbox 379 3391 2819 3465; baseline 0.006 -20"><span class='ocrx_word' id='word_1_266' title='bbox 379 3391 498 3463; x_wconf 87' lang='lat' dir='ltr'><strong>Ope</strong></span> <span class='ocrx_word' id='word_1_267' title='bbox 522 3398 634 3446; x_wconf 69' lang='lat' dir='ltr'><strong>tuae</strong></span> <span class='ocrx_word' id='word_1_268' title='bbox 662 3392 888 3464; x_wconf 90' lang='lat' dir='ltr'><strong>pietatis</strong></span> <span class='ocrx_word' id='word_1_269' title='bbox 916 3393 1165 3464; x_wconf 88' lang='lat' dir='ltr'><strong>digneris</strong></span> <span class='ocrx_word' id='word_1_270' title='bbox 1191 3393 1486 3465; x_wconf 87' lang='lat' dir='ltr'><strong>respicere,</strong></span> <span class='ocrx_word' id='word_1_271' title='bbox 2282 3403 2549 3461; x_wconf 82' lang='lat' dir='ltr'><strong>Hosanna</strong></span> <span class='ocrx_word' id='word_1_272' title='bbox 2580 3407 2640 3461; x_wconf 90' lang='lat' dir='ltr'><strong>in</strong></span> <span class='ocrx_word' id='word_1_273' title='bbox 2669 3408 2819 3462; x_wconf 77' lang='lat' dir='ltr'><strong>altis.</strong></span> 
     </span>
    </p>
   </div>
   <div class='ocr_carea' id='block_1_48' title="bbox 381 3481 2980 3554">
    <p class='ocr_par' dir='ltr' id='par_1_48' title="bbox 381 3481 2980 3554">
     <span class='ocr_line' id='line_1_48' title="bbox 381 3481 2980 3554; baseline 0.004 -19"><span class='ocrx_word' id='word_1_274' title='bbox 381 3481 637 3536; x_wconf 81' lang='lat' dir='ltr'><strong>Surrexit</strong></span> <span class='ocrx_word' id='word_1_275' title='bbox 663 3482 919 3537; x_wconf 88' lang='lat' dir='ltr'><strong>Christus</strong></span> <span class='ocrx_word' id='word_1_276' title='bbox 947 3499 982 3537; x_wconf 90' lang='lat' dir='ltr'><strong>a</strong></span> <span class='ocrx_word' id='word_1_277' title='bbox 1008 3499 1206 3554; x_wconf 80' lang='lat' dir='ltr'><strong>sapore</strong></span> <span class='ocrx_word' id='word_1_278' title='bbox 1235 3482 1538 3547; x_wconf 89' lang='lat' dir='ltr'><strong>dormiens,</strong></span> <span class='ocrx_word' id='word_1_279' title='bbox 2417 3493 2685 3548; x_wconf 79' lang='lat' dir='ltr'><strong>llosanna</strong></span> <span class='ocrx_word' id='word_1_280' title='bbox 2710 3495 2769 3549; x_wconf 88' lang='lat' dir='ltr'><strong>in</strong></span> <span class='ocrx_word' id='word_1_281' title='bbox 2794 3496 2980 3550; x_wconf 80' lang='lat' dir='ltr'><strong>astris.</strong></span> 
     </span>
    </p>
   </div>
   <div class='ocr_carea' id='block_1_49' title="bbox 453 3569 2969 3647">
    <p class='ocr_par' dir='ltr' id='par_1_49' title="bbox 453 3569 2969 3647">
     <span class='ocr_line' id='line_1_49' title="bbox 453 3569 2969 3647; baseline 0.004 -23"><span class='ocrx_word' id='word_1_282' title='bbox 453 3569 672 3625; x_wconf 87' lang='lat' dir='ltr'><strong>Pronus</strong></span> <span class='ocrx_word' id='word_1_283' title='bbox 701 3571 900 3626; x_wconf 78' lang='lat' dir='ltr'><strong>afﬁxus</strong></span> <span class='ocrx_word' id='word_1_284' title='bbox 928 3571 1219 3626; x_wconf 77' lang='lat' dir='ltr'><strong>suscitavit</strong></span> <span class='ocrx_word' id='word_1_285' title='bbox 1245 3577 1516 3626; x_wconf 90' lang='lat' dir='ltr'><strong>mortuos.</strong></span> <span class='ocrx_word' id='word_1_286' title='bbox 2419 3582 2688 3638; x_wconf 83' lang='lat' dir='ltr'><strong>Hosanna</strong></span> <span class='ocrx_word' id='word_1_287' title='bbox 2711 3583 2772 3638; x_wconf 90' lang='lat' dir='ltr'><strong>in</strong></span> <span class='ocrx_word' id='word_1_288' title='bbox 2802 3584 2969 3647; x_wconf 77' lang='lat' dir='ltr'><strong>arvis,</strong></span> 
     </span>
    </p>
   </div>
   <div class='ocr_carea' id='block_1_50' title="bbox 454 3659 2990 3734">
    <p class='ocr_par' dir='ltr' id='par_1_50' title="bbox 454 3659 2990 3734">
     <span class='ocr_line' id='line_1_50' title="bbox 454 3659 2990 3734; baseline 0.003 -21"><span class='ocrx_word' id='word_1_289' title='bbox 454 3659 634 3714; x_wconf 82' lang='lat' dir='ltr'><strong>Morte</strong></span> <span class='ocrx_word' id='word_1_290' title='bbox 659 3660 899 3715; x_wconf 90' lang='lat' dir='ltr'><strong>redemit</strong></span> <span class='ocrx_word' id='word_1_291' title='bbox 921 3660 1228 3727; x_wconf 89' lang='lat' dir='ltr'><strong>hominem,</strong></span> <span class='ocrx_word' id='word_1_292' title='bbox 1263 3677 1430 3734; x_wconf 90' lang='lat' dir='ltr'><strong>quem</strong></span> <span class='ocrx_word' id='word_1_293' title='bbox 1458 3660 1742 3728; x_wconf 87' lang='lat' dir='ltr'><strong>condidit;</strong></span> <span class='ocrx_word' id='word_1_294' title='bbox 2417 3669 2684 3726; x_wconf 77' lang='lat' dir='ltr'><strong>Hosanna</strong></span> <span class='ocrx_word' id='word_1_295' title='bbox 2706 3671 2766 3726; x_wconf 87' lang='lat' dir='ltr'><strong>in</strong></span> <span class='ocrx_word' id='word_1_296' title='bbox 2797 3671 2990 3730; x_wconf 82' lang='lat' dir='ltr'><strong>undis.</strong></span> 
     </span>
    </p>
   </div>
   <div class='ocr_carea' id='block_1_51' title="bbox 381 3747 2940 3825">
    <p class='ocr_par' dir='ltr' id='par_1_51' title="bbox 381 3747 2940 3825">
     <span class='ocr_line' id='line_1_51' title="bbox 381 3747 2940 3825; baseline 0.005 -23"><span class='ocrx_word' id='word_1_297' title='bbox 381 3747 556 3803; x_wconf 87' lang='lat' dir='ltr'><strong>Judas</strong></span> <span class='ocrx_word' id='word_1_298' title='bbox 579 3749 814 3805; x_wconf 87' lang='lat' dir='ltr'><strong>tradidit</strong></span> <span class='ocrx_word' id='word_1_299' title='bbox 840 3750 1273 3822; x_wconf 88' lang='lat' dir='ltr'><strong>Redemptorem</strong></span> <span class='ocrx_word' id='word_1_300' title='bbox 1304 3750 1510 3817; x_wconf 71' lang='lat' dir='ltr'><strong>saeculi,</strong></span> <span class='ocrx_word' id='word_1_301' title='bbox 2417 3759 2684 3816; x_wconf 86' lang='lat' dir='ltr'><strong>Hosanna</strong></span> <span class='ocrx_word' id='word_1_302' title='bbox 2707 3760 2765 3815; x_wconf 93' lang='lat' dir='ltr'><strong>in</strong></span> <span class='ocrx_word' id='word_1_303' title='bbox 2793 3761 2940 3825; x_wconf 89' lang='lat' dir='ltr'><strong>istis,</strong></span> 
     </span>
    </p>
   </div>
   <div class='ocr_carea' id='block_1_52' title="bbox 454 3837 2855 3914">
    <p class='ocr_par' dir='ltr' id='par_1_52' title="bbox 454 3837 2855 3914">
     <span class='ocr_line' id='line_1_52' title="bbox 454 3837 2855 3914; baseline 0.004 -21"><span class='ocrx_word' id='word_1_304' title='bbox 454 3837 590 3893; x_wconf 89' lang='lat' dir='ltr'><strong>Inde</strong></span> <span class='ocrx_word' id='word_1_305' title='bbox 619 3839 835 3910; x_wconf 86' lang='lat' dir='ltr'><strong>accepit</strong></span> <span class='ocrx_word' id='word_1_306' title='bbox 855 3839 1115 3894; x_wconf 76' lang='lat' dir='ltr'><strong>falsitatis</strong></span> <span class='ocrx_word' id='word_1_307' title='bbox 1134 3841 1400 3912; x_wconf 89' lang='lat' dir='ltr'><strong>pretium,</strong></span> <span class='ocrx_word' id='word_1_308' title='bbox 2415 3848 2464 3904; x_wconf 90' lang='grc' dir='ltr'>Ο</span> <span class='ocrx_word' id='word_1_309' title='bbox 2501 3849 2674 3914; x_wconf 88' lang='lat' dir='ltr'><strong>Deus,</strong></span> <span class='ocrx_word' id='word_1_310' title='bbox 2713 3849 2855 3904; x_wconf 87' lang='lat' dir='ltr'><strong>odis.</strong></span> 
     </span>
    </p>
   </div>
   <div class='ocr_carea' id='block_1_53' title="bbox 453 3917 2668 4004">
    <p class='ocr_par' dir='ltr' id='par_1_53' title="bbox 453 3917 2668 4004">
     <span class='ocr_line' id='line_1_53' title="bbox 453 3917 2668 4004; baseline 0.005 -22"><span class='ocrx_word' id='word_1_311' title='bbox 453 3917 644 3998; x_wconf 75' lang='lat' dir='ltr'><strong>Ipsum</strong></span> <span class='ocrx_word' id='word_1_312' title='bbox 669 3928 884 3998; x_wconf 85' lang='lat' dir='ltr'><strong>rejecit,</strong></span> <span class='ocrx_word' id='word_1_313' title='bbox 918 3946 980 3984; x_wconf 89' lang='lat' dir='ltr'><strong>se</strong></span> <span class='ocrx_word' id='word_1_314' title='bbox 1007 3929 1302 4000; x_wconf 89' lang='lat' dir='ltr'><strong>suspendit</strong></span> <span class='ocrx_word' id='word_1_315' title='bbox 1328 3930 1548 4000; x_wconf 88' lang='lat' dir='ltr'><strong>laqueo.</strong></span> <span class='ocrx_word' id='word_1_316' title='bbox 2273 3934 2467 3993; x_wconf 81' lang='lat' dir='ltr'><strong>Gloria</strong></span> <span class='ocrx_word' id='word_1_317' title='bbox 2489 3937 2668 4004; x_wconf 88' lang='lat' dir='ltr'><strong>Patri,</strong></span> 
     </span>
    </p>
   </div>
   <div class='ocr_carea' id='block_1_54' title="bbox 378 4015 2790 4095">
    <p class='ocr_par' dir='ltr' id='par_1_54' title="bbox 378 4015 2790 4095">
     <span class='ocr_line' id='line_1_54' title="bbox 378 4015 2790 4095; baseline 0.005 -25"><span class='ocrx_word' id='word_1_318' title='bbox 378 4015 556 4071; x_wconf 62' lang='lat' dir='ltr'><strong>Judaei</strong></span> <span class='ocrx_word' id='word_1_319' title='bbox 581 4033 714 4089; x_wconf 89' lang='lat' dir='ltr'><strong>ergo</strong></span> <span class='ocrx_word' id='word_1_320' title='bbox 741 4018 1289 4090; x_wconf 89' lang='lat' dir='ltr'><strong>comprehenderunt</strong></span> <span class='ocrx_word' id='word_1_321' title='bbox 1313 4018 1637 4086; x_wconf 89' lang='lat' dir='ltr'><strong>Dominum,</strong></span> <span class='ocrx_word' id='word_1_322' title='bbox 1925 4034 1973 4092; x_wconf 84' lang='lat'><strong>1)</strong></span> <span class='ocrx_word' id='word_1_323' title='bbox 2417 4026 2611 4082; x_wconf 87' lang='lat' dir='ltr'><strong>Gloria</strong></span> <span class='ocrx_word' id='word_1_324' title='bbox 2637 4034 2790 4095; x_wconf 73' lang='lat' dir='ltr'><strong>nam,</strong></span> 
     </span>
    </p>
   </div>
   <div class='ocr_carea' id='block_1_55' title="bbox 452 4105 2831 4178">
    <p class='ocr_par' dir='ltr' id='par_1_55' title="bbox 452 4105 2831 4178">
     <span class='ocr_line' id='line_1_55' title="bbox 452 4105 2831 4178; baseline 0.006 -18"><span class='ocrx_word' id='word_1_325' title='bbox 452 4105 522 4160; x_wconf 88' lang='lat' dir='ltr'><strong>Et</strong></span> <span class='ocrx_word' id='word_1_326' title='bbox 551 4105 897 4177; x_wconf 84' lang='lat' dir='ltr'><strong>ﬂagellatum</strong></span> <span class='ocrx_word' id='word_1_327' title='bbox 925 4107 1206 4162; x_wconf 84' lang='lat' dir='ltr'><strong>duxerunt</strong></span> <span class='ocrx_word' id='word_1_328' title='bbox 1230 4107 1289 4161; x_wconf 92' lang='lat' dir='ltr'><strong>in</strong></span> <span class='ocrx_word' id='word_1_329' title='bbox 1328 4109 1672 4178; x_wconf 60' lang='lat' dir='ltr'><strong>prastorium,</strong></span> <span class='ocrx_word' id='word_1_330' title='bbox 2420 4116 2620 4172; x_wconf 86' lang='lat' dir='ltr'><strong>Gloria</strong></span> <span class='ocrx_word' id='word_1_331' title='bbox 2637 4124 2831 4173; x_wconf 87' lang='lat' dir='ltr'><strong>sancto</strong></span> 
     </span>
    </p>
   </div>
   <div class='ocr_carea' id='block_1_56' title="bbox 451 4194 2897 4279">
    <p class='ocr_par' dir='ltr' id='par_1_56' title="bbox 451 4194 2897 4279">
     <span class='ocr_line' id='line_1_56' title="bbox 451 4194 2897 4279; baseline 0.005 -30"><span class='ocrx_word' id='word_1_332' title='bbox 451 4194 521 4249; x_wconf 87' lang='lat' dir='ltr'><strong>Et</strong></span> <span class='ocrx_word' id='word_1_333' title='bbox 547 4201 876 4251; x_wconf 87' lang='lat' dir='ltr'><strong>coronatum</strong></span> <span class='ocrx_word' id='word_1_334' title='bbox 907 4197 1190 4252; x_wconf 80' lang='lat' dir='ltr'><strong>duxerunt</strong></span> <span class='ocrx_word' id='word_1_335' title='bbox 1215 4202 1348 4251; x_wconf 89' lang='lat' dir='ltr'><strong>ante</strong></span> <span class='ocrx_word' id='word_1_336' title='bbox 1377 4196 1692 4268; x_wconf 64' lang='lat' dir='ltr'><strong>praesidem,</strong></span> <span class='ocrx_word' id='word_1_337' title='bbox 2419 4205 2678 4277; x_wconf 89' lang='lat' dir='ltr'><strong>Spiritui,</strong></span> <span class='ocrx_word' id='word_1_338' title='bbox 2711 4206 2808 4279; x_wconf 88' lang='lat' dir='ltr'><strong>qui</strong></span> <span class='ocrx_word' id='word_1_339' title='bbox 2837 4226 2897 4261; x_wconf 87' lang='lat' dir='ltr'><strong>es</strong></span> 
     </span>
    </p>
   </div>
   <div class='ocr_carea' id='block_1_57' title="bbox 378 4282 2931 4368">
    <p class='ocr_par' dir='ltr' id='par_1_57' title="bbox 378 4282 2931 4368">
     <span class='ocr_line' id='line_1_57' title="bbox 378 4282 2931 4368; baseline 0.006 -30"><span class='ocrx_word' id='word_1_340' title='bbox 378 4282 594 4339; x_wconf 88' lang='lat' dir='ltr'><strong>Pilatus</strong></span> <span class='ocrx_word' id='word_1_341' title='bbox 623 4301 828 4356; x_wconf 77' lang='lat' dir='ltr'><strong>praeses</strong></span> <span class='ocrx_word' id='word_1_342' title='bbox 855 4285 1175 4357; x_wconf 87' lang='lat' dir='ltr'><strong>inquirebat</strong></span> <span class='ocrx_word' id='word_1_343' title='bbox 1202 4285 1460 4352; x_wconf 90' lang='lat' dir='ltr'><strong>crimina,</strong></span> <span class='ocrx_word' id='word_1_344' title='bbox 2417 4297 2652 4351; x_wconf 89' lang='lat' dir='ltr'><strong>Summa</strong></span> <span class='ocrx_word' id='word_1_345' title='bbox 2681 4302 2931 4368; x_wconf 79' lang='lat' dir='ltr'><strong>potestas</strong></span> 
     </span>
    </p>
   </div>
   <div class='ocr_carea' id='block_1_58' title="bbox 450 4372 2959 4456">
    <p class='ocr_par' dir='ltr' id='par_1_58' title="bbox 450 4372 2959 4456">
     <span class='ocr_line' id='line_1_58' title="bbox 450 4372 2959 4456; baseline 0.005 -29"><span class='ocrx_word' id='word_1_346' title='bbox 450 4372 606 4427; x_wconf 81' lang='lat' dir='ltr'><strong>Nihil</strong></span> <span class='ocrx_word' id='word_1_347' title='bbox 643 4373 855 4430; x_wconf 86' lang='lat' dir='ltr'><strong>invenit</strong></span> <span class='ocrx_word' id='word_1_348' title='bbox 876 4375 936 4430; x_wconf 92' lang='lat' dir='ltr'><strong>in</strong></span> <span class='ocrx_word' id='word_1_349' title='bbox 958 4392 1025 4430; x_wconf 90' lang='lat' dir='ltr'><strong>eo</strong></span> <span class='ocrx_word' id='word_1_350' title='bbox 1050 4374 1334 4442; x_wconf 74' lang='lat' dir='ltr'><strong>facinoris,</strong></span> <span class='ocrx_word' id='word_1_351' title='bbox 2419 4385 2735 4456; x_wconf 87' lang='lat' dir='ltr'><strong>Sanctaque</strong></span> <span class='ocrx_word' id='word_1_352' title='bbox 2764 4385 2959 4441; x_wconf 86' lang='lat' dir='ltr'><strong>virtus.</strong></span> 
     </span>
    </p>
   </div>
   <div class='ocr_carea' id='block_1_59' title="bbox 453 4461 1786 4520">
    <p class='ocr_par' dir='ltr' id='par_1_59' title="bbox 453 4461 1786 4520">
     <span class='ocr_line' id='line_1_59' title="bbox 453 4461 1786 4520; baseline 0.002 -4"><span class='ocrx_word' id='word_1_353' title='bbox 453 4461 712 4518; x_wconf 86' lang='lat' dir='ltr'><strong>Christus</strong></span> <span class='ocrx_word' id='word_1_354' title='bbox 735 4464 972 4518; x_wconf 87' lang='lat' dir='ltr'><strong>tacendo</strong></span> <span class='ocrx_word' id='word_1_355' title='bbox 998 4463 1179 4518; x_wconf 86' lang='lat' dir='ltr'><strong>Adam</strong></span> <span class='ocrx_word' id='word_1_356' title='bbox 1203 4463 1275 4518; x_wconf 91' lang='lat' dir='ltr'><strong>de</strong></span> <span class='ocrx_word' id='word_1_357' title='bbox 1303 4468 1485 4520; x_wconf 89' lang='lat' dir='ltr'><strong>morte</strong></span> <span class='ocrx_word' id='word_1_358' title='bbox 1523 4462 1786 4519; x_wconf 85' lang='lat' dir='ltr'><strong>liberans.</strong></span> 
     </span>
    </p>
   </div>
   <div class='ocr_carea' id='block_1_60' title="bbox 662 4519 3388 4626">
    <p class='ocr_par' dir='ltr' id='par_1_60' title="bbox 662 4519 3388 4626">
     <span class='ocr_line' id='line_1_60' title="bbox 799 4519 3388 4585; baseline 0.001 -3"><span class='ocrx_word' id='word_1_359' title='bbox 799 4571 810 4582; x_wconf 94' lang='lat'><strong>.</strong></span> <span class='ocrx_word' id='word_1_360' title='bbox 879 4570 890 4582; x_wconf 94' lang='lat'><strong>.</strong></span> <span class='ocrx_word' id='word_1_361' title='bbox 1442 4519 1448 4520; x_wconf 52' lang='grc'><strong>“</strong></span> <span class='ocrx_word' id='word_1_362' title='bbox 2189 4519 2404 4581; x_wconf 85' lang='lat' dir='ltr'><strong>XXVI.</strong></span> <span class='ocrx_word' id='word_1_363' title='bbox 2439 4553 2514 4563; x_wconf 95' lang='lat'><strong>—</strong></span> <span class='ocrx_word' id='word_1_364' title='bbox 2559 4519 2588 4558; x_wconf 75' lang='grc' dir='ltr'>δ</span> <span class='ocrx_word' id='word_1_365' title='bbox 2631 4536 2878 4581; x_wconf 63' lang='lat' dir='ltr'><strong>aramus</strong></span> <span class='ocrx_word' id='word_1_366' title='bbox 2908 4536 2984 4580; x_wconf 79' lang='lat' dir='ltr'><strong>na</strong></span> <span class='ocrx_word' id='word_1_367' title='bbox 3015 4536 3388 4585; x_wconf 59' lang='lat' dir='ltr'><strong>cusanus.</strong></span> 
     </span>
     <span class='ocr_line' id='line_1_61' title="bbox 662 4570 1405 4626; baseline 0.001 -2"><span class='ocrx_word' id='word_1_368' title='bbox 662 4570 850 4625; x_wconf 80' lang='lat' dir='ltr'><strong>Tertio</strong></span> <span class='ocrx_word' id='word_1_369' title='bbox 875 4587 935 4624; x_wconf 78' lang='lat' dir='ltr'><strong>in</strong></span> <span class='ocrx_word' id='word_1_370' title='bbox 965 4571 1102 4626; x_wconf 82' lang='lat' dir='ltr'><strong>ﬂore</strong></span> <span class='ocrx_word' id='word_1_371' title='bbox 1139 4570 1405 4626; x_wconf 90' lang='lat' dir='ltr'><strong>mundus.</strong></span> 
     </span>
    </p>
   </div>
   <div class='ocr_carea' id='block_1_61' title="bbox 1389 4609 1405 4637">
    <p class='ocr_par' dir='ltr' id='par_1_61' title="bbox 1389 4609 1405 4637">
     <span class='ocr_line' id='line_1_62' title="bbox 1389 4609 1405 4637; baseline 0 0"><span class='ocrx_word' id='word_1_372' title='bbox 1389 4609 1405 4637; x_wconf 73' lang='grc'><strong>9</strong></span> 
     </span>
    </p>
   </div>
   <div class='ocr_carea' id='block_1_62' title="bbox 731 4651 3280 4730">
    <p class='ocr_par' dir='ltr' id='par_1_62' title="bbox 731 4651 3280 4730">
     <span class='ocr_line' id='line_1_63' title="bbox 731 4651 3280 4730; baseline 0.001 -23"><span class='ocrx_word' id='word_1_373' title='bbox 731 4659 930 4714; x_wconf 81' lang='lat' dir='ltr'><strong>Adhuc</strong></span> <span class='ocrx_word' id='word_1_374' title='bbox 959 4659 1093 4714; x_wconf 85' lang='lat' dir='ltr'><strong>dum</strong></span> <span class='ocrx_word' id='word_1_375' title='bbox 1121 4659 1471 4730; x_wconf 75' lang='lat' dir='ltr'><strong>pubesceret,</strong></span> <span class='ocrx_word' id='word_1_376' title='bbox 1988 4651 2170 4717; x_wconf 86' lang='lat' dir='ltr'><strong>Alma,</strong></span> <span class='ocrx_word' id='word_1_377' title='bbox 2201 4667 2332 4705; x_wconf 87' lang='lat' dir='ltr'><strong>vera</strong></span> <span class='ocrx_word' id='word_1_378' title='bbox 2359 4665 2424 4705; x_wconf 86' lang='lat' dir='ltr'><strong>ac</strong></span> <span class='ocrx_word' id='word_1_379' title='bbox 2453 4651 2721 4722; x_wconf 73' lang='lat' dir='ltr'><strong>przeclara</strong></span> <span class='ocrx_word' id='word_1_380' title='bbox 2751 4652 2990 4707; x_wconf 88' lang='lat' dir='ltr'><strong>indivisa</strong></span> <span class='ocrx_word' id='word_1_381' title='bbox 3017 4653 3280 4720; x_wconf 85' lang='lat' dir='ltr'><strong>charitas,</strong></span> 
     </span>
    </p>
   </div>
   <div class='ocr_carea' id='block_1_63' title="bbox 734 4739 3582 4819">
    <p class='ocr_par' dir='ltr' id='par_1_63' title="bbox 734 4739 3582 4819">
     <span class='ocr_line' id='line_1_64' title="bbox 734 4739 3582 4819; baseline 0 -22"><span class='ocrx_word' id='word_1_382' title='bbox 734 4747 796 4801; x_wconf 88' lang='lat' dir='ltr'><strong>In</strong></span> <span class='ocrx_word' id='word_1_383' title='bbox 817 4749 1018 4802; x_wconf 78' lang='lat' dir='ltr'><strong>decore</strong></span> <span class='ocrx_word' id='word_1_384' title='bbox 1040 4748 1373 4819; x_wconf 77' lang='lat' dir='ltr'><strong>juventutis,</strong></span> <span class='ocrx_word' id='word_1_385' title='bbox 2059 4740 2241 4805; x_wconf 84' lang='lat' dir='ltr'><strong>Quam</strong></span> <span class='ocrx_word' id='word_1_386' title='bbox 2261 4739 2354 4812; x_wconf 91' lang='lat' dir='ltr'><strong>qui</strong></span> <span class='ocrx_word' id='word_1_387' title='bbox 2375 4739 2564 4805; x_wconf 88' lang='lat' dir='ltr'><strong>habet,</strong></span> <span class='ocrx_word' id='word_1_388' title='bbox 2579 4741 2758 4796; x_wconf 89' lang='lat' dir='ltr'><strong>Deum</strong></span> <span class='ocrx_word' id='word_1_389' title='bbox 2772 4747 2926 4795; x_wconf 89' lang='lat' dir='ltr'><strong>amat</strong></span> <span class='ocrx_word' id='word_1_390' title='bbox 2935 4741 3228 4813; x_wconf 88' lang='lat' dir='ltr'><strong>diligitque</strong></span> <span class='ocrx_word' id='word_1_391' title='bbox 3244 4742 3582 4814; x_wconf 81' lang='lat' dir='ltr'><strong>proximum,</strong></span> 
     </span>
    </p>
   </div>
   <div class='ocr_carea' id='block_1_64' title="bbox 735 4828 3583 4907">
    <p class='ocr_par' dir='ltr' id='par_1_64' title="bbox 735 4828 3583 4907">
     <span class='ocr_line' id='line_1_65' title="bbox 735 4828 3583 4907; baseline -0.002 -17"><span class='ocrx_word' id='word_1_392' title='bbox 735 4836 1010 4890; x_wconf 83' lang='lat' dir='ltr'><strong>Saeculum</strong></span> <span class='ocrx_word' id='word_1_393' title='bbox 1039 4836 1474 4907; x_wconf 77' lang='lat' dir='ltr'><strong>pulchresceret.</strong></span> <span class='ocrx_word' id='word_1_394' title='bbox 2058 4830 2167 4895; x_wconf 89' lang='lat' dir='ltr'><strong>Qui</strong></span> <span class='ocrx_word' id='word_1_395' title='bbox 2191 4847 2304 4884; x_wconf 90' lang='lat' dir='ltr'><strong>non</strong></span> <span class='ocrx_word' id='word_1_396' title='bbox 2324 4828 2513 4896; x_wconf 86' lang='lat' dir='ltr'><strong>habet,</strong></span> <span class='ocrx_word' id='word_1_397' title='bbox 2533 4830 2751 4884; x_wconf 91' lang='lat' dir='ltr'><strong>nullum</strong></span> <span class='ocrx_word' id='word_1_398' title='bbox 2771 4835 2940 4901; x_wconf 86' lang='lat' dir='ltr'><strong>auget</strong></span> <span class='ocrx_word' id='word_1_399' title='bbox 2959 4830 3370 4886; x_wconf 88' lang='lat' dir='ltr'><strong>incrementum</strong></span> <span class='ocrx_word' id='word_1_400' title='bbox 3389 4831 3583 4886; x_wconf 65' lang='lat' dir='ltr'><strong>veniae.</strong></span> 
     </span>
    </p>
   </div>
   <div class='ocr_carea' id='block_1_65' title="bbox 732 4923 3237 4996">
    <p class='ocr_par' dir='ltr' id='par_1_65' title="bbox 732 4923 3237 4996">
     <span class='ocr_line' id='line_1_66' title="bbox 732 4923 3237 4996; baseline -0 -18"><span class='ocrx_word' id='word_1_401' title='bbox 732 4924 915 4996; x_wconf 85' lang='lat' dir='ltr'><strong>Atque</strong></span> <span class='ocrx_word' id='word_1_402' title='bbox 943 4925 1156 4995; x_wconf 90' lang='lat' dir='ltr'><strong>prolem</strong></span> <span class='ocrx_word' id='word_1_403' title='bbox 1189 4925 1382 4980; x_wconf 89' lang='lat' dir='ltr'><strong>subter</strong></span> <span class='ocrx_word' id='word_1_404' title='bbox 1400 4943 1613 4991; x_wconf 79' lang='lat' dir='ltr'><strong>omnes,</strong></span> <span class='ocrx_word' id='word_1_405' title='bbox 1987 4923 2184 4978; x_wconf 89' lang='lat' dir='ltr'><strong>Bellua</strong></span> <span class='ocrx_word' id='word_1_406' title='bbox 2210 4940 2373 4988; x_wconf 64' lang='grc' dir='ltr'>θωνα,</span> <span class='ocrx_word' id='word_1_407' title='bbox 2407 4923 2725 4978; x_wconf 84' lang='lat' dir='ltr'><strong>truculenta</strong></span> <span class='ocrx_word' id='word_1_408' title='bbox 2754 4940 2953 4995; x_wconf 86' lang='lat' dir='ltr'><strong>nempe</strong></span> <span class='ocrx_word' id='word_1_409' title='bbox 2983 4923 3237 4991; x_wconf 88' lang='lat' dir='ltr'><strong>avaritia,</strong></span> 
     </span>
    </p>
   </div>
   <div class='ocr_carea' id='block_1_66' title="bbox 734 5011 3495 5079">
    <p class='ocr_par' dir='ltr' id='par_1_66' title="bbox 734 5011 3495 5079">
     <span class='ocr_line' id='line_1_67' title="bbox 734 5011 3495 5079; baseline 0 -13"><span class='ocrx_word' id='word_1_410' title='bbox 734 5011 872 5067; x_wconf 90' lang='lat' dir='ltr'><strong>Late</strong></span> <span class='ocrx_word' id='word_1_411' title='bbox 896 5013 1020 5067; x_wconf 71' lang='lat' dir='ltr'><strong>caeli</strong></span> <span class='ocrx_word' id='word_1_412' title='bbox 1043 5013 1320 5069; x_wconf 89' lang='lat' dir='ltr'><strong>cardines.</strong></span> <span class='ocrx_word' id='word_1_413' title='bbox 2061 5013 2196 5077; x_wconf 60' lang='lat' dir='ltr'><strong>Quas</strong></span> <span class='ocrx_word' id='word_1_414' title='bbox 2224 5012 2282 5068; x_wconf 91' lang='lat' dir='ltr'><strong>in</strong></span> <span class='ocrx_word' id='word_1_415' title='bbox 2311 5030 2489 5068; x_wconf 67' lang='lat' dir='ltr'><strong>aevum</strong></span> <span class='ocrx_word' id='word_1_416' title='bbox 2515 5030 2701 5068; x_wconf 84' lang='lat' dir='ltr'><strong>secum</strong></span> <span class='ocrx_word' id='word_1_417' title='bbox 2733 5013 2908 5068; x_wconf 88' lang='lat' dir='ltr'><strong>trahit</strong></span> <span class='ocrx_word' id='word_1_418' title='bbox 2933 5013 3040 5068; x_wconf 91' lang='lat' dir='ltr'><strong>sibi</strong></span> <span class='ocrx_word' id='word_1_419' title='bbox 3069 5019 3495 5079; x_wconf 81' lang='lat' dir='ltr'><strong>consentaneas,</strong></span> 
     </span>
    </p>
   </div>
   <div class='ocr_carea' id='block_1_67' title="bbox 734 5101 3388 5174">
    <p class='ocr_par' dir='ltr' id='par_1_67' title="bbox 734 5101 3388 5174">
     <span class='ocr_line' id='line_1_68' title="bbox 734 5101 3388 5174; baseline 0 -18"><span class='ocrx_word' id='word_1_420' title='bbox 734 5101 1116 5156; x_wconf 87' lang='lat' dir='ltr'><strong>Germinando</strong></span> <span class='ocrx_word' id='word_1_421' title='bbox 1145 5103 1466 5174; x_wconf 88' lang='lat' dir='ltr'><strong>pullularet,</strong></span> <span class='ocrx_word' id='word_1_422' title='bbox 2061 5103 2145 5157; x_wconf 88' lang='lat' dir='ltr'><strong>Ad</strong></span> <span class='ocrx_word' id='word_1_423' title='bbox 2173 5102 2394 5157; x_wconf 87' lang='lat' dir='ltr'><strong>inferna</strong></span> <span class='ocrx_word' id='word_1_424' title='bbox 2417 5102 2732 5168; x_wconf 81' lang='lat' dir='ltr'><strong>tenebrosa,</strong></span> <span class='ocrx_word' id='word_1_425' title='bbox 2767 5101 2861 5158; x_wconf 90' lang='lat' dir='ltr'><strong>ubi</strong></span> <span class='ocrx_word' id='word_1_426' title='bbox 2901 5119 3095 5174; x_wconf 85' lang='lat' dir='ltr'><strong>poenas</strong></span> <span class='ocrx_word' id='word_1_427' title='bbox 3122 5101 3388 5157; x_wconf 84' lang='lat' dir='ltr'><strong>sentiant.</strong></span> 
     </span>
    </p>
   </div>
   <div class='ocr_carea' id='block_1_68' title="bbox 739 5190 3219 5264">
    <p class='ocr_par' dir='ltr' id='par_1_68' title="bbox 739 5190 3219 5264">
     <span class='ocr_line' id='line_1_69' title="bbox 739 5190 3219 5264; baseline 0 -18"><span class='ocrx_word' id='word_1_428' title='bbox 739 5190 1004 5246; x_wconf 82' lang='lat' dir='ltr'><strong>Humana</strong></span> <span class='ocrx_word' id='word_1_429' title='bbox 1028 5190 1281 5247; x_wconf 81' lang='lat' dir='ltr'><strong>feliciter.</strong></span> <span class='ocrx_word' id='word_1_430' title='bbox 1992 5192 2338 5248; x_wconf 83' lang='lat' dir='ltr'><strong>Charitatem</strong></span> <span class='ocrx_word' id='word_1_431' title='bbox 2368 5191 2570 5247; x_wconf 69' lang='lat' dir='ltr'><strong>vocitav</strong></span> <span class='ocrx_word' id='word_1_432' title='bbox 2581 5191 2628 5246; x_wconf 90' lang='lat' dir='ltr'><strong>it</strong></span> <span class='ocrx_word' id='word_1_433' title='bbox 2653 5192 2890 5248; x_wconf 88' lang='lat' dir='ltr'><strong>dilectus</strong></span> <span class='ocrx_word' id='word_1_434' title='bbox 2916 5191 3219 5264; x_wconf 87' lang='lat' dir='ltr'><strong>Apostolus</strong></span> 
     </span>
    </p>
   </div>
   <div class='ocr_carea' id='block_1_69' title="bbox 1304 5289 2592 5350">
    <p class='ocr_par' dir='ltr' id='par_1_69' title="bbox 1304 5289 2592 5350">
     <span class='ocr_line' id='line_1_70' title="bbox 1304 5289 2592 5350; baseline -0.003 -4"><span class='ocrx_word' id='word_1_435' title='bbox 1304 5289 1616 5347; x_wconf 84' lang='lat' dir='ltr'><strong>SCHOLIA</strong></span> <span class='ocrx_word' id='word_1_436' title='bbox 1652 5290 2193 5350; x_wconf 80' lang='lat' dir='ltr'><strong>CHRISTOPHORI</strong></span> <span class='ocrx_word' id='word_1_437' title='bbox 2231 5289 2592 5347; x_wconf 83' lang='lat' dir='ltr'><strong>BROWERI.</strong></span> 
     </span>
    </p>
   </div>
   <div class='ocr_carea' id='block_1_70' title="bbox 381 5385 3595 5460">
    <p class='ocr_par' dir='ltr' id='par_1_70' title="bbox 381 5385 3595 5460">
     <span class='ocr_line' id='line_1_71' title="bbox 381 5385 3595 5460; baseline 0 -18"><span class='ocrx_word' id='word_1_438' title='bbox 381 5396 409 5460; x_wconf 46' lang='grc' dir='ltr'>ἑ</span> <span class='ocrx_word' id='word_1_439' title='bbox 438 5387 520 5460; x_wconf 82' lang='lat' dir='ltr'><strong>De</strong></span> <span class='ocrx_word' id='word_1_440' title='bbox 557 5403 654 5443; x_wconf 81' lang='lat' dir='ltr'><strong>sex</strong></span> <span class='ocrx_word' id='word_1_441' title='bbox 691 5387 972 5444; x_wconf 66' lang='lat' dir='ltr'><strong>atatibus.</strong></span> <span class='ocrx_word' id='word_1_442' title='bbox 1235 5454 1246 5460; x_wconf 28' lang='grc' dir='ltr'><strong>Α</strong></span> <span class='ocrx_word' id='word_1_443' title='bbox 1283 5455 1299 5460; x_wconf 92' lang='lat'>_</span> <span class='ocrx_word' id='word_1_444' title='bbox 1329 5455 1340 5460; x_wconf 30' lang='grc' dir='ltr'><strong>Α</strong></span> <span class='ocrx_word' id='word_1_445' title='bbox 1543 5458 1555 5460; x_wconf 25' lang='grc' dir='ltr'><strong>Α</strong></span> <span class='ocrx_word' id='word_1_446' title='bbox 1602 5458 1614 5460; x_wconf 96' lang='lat'><em>_</em></span> <span class='ocrx_word' id='word_1_447' title='bbox 1675 5457 1690 5460; x_wconf 97' lang='lat'><em>_</em></span> <span class='ocrx_word' id='word_1_448' title='bbox 1774 5458 1782 5460; x_wconf 82' lang='lat'><strong><em>_</em></strong></span> <span class='ocrx_word' id='word_1_449' title='bbox 1993 5388 2185 5445; x_wconf 89' lang='lat' dir='ltr'><strong>oculos</strong></span> <span class='ocrx_word' id='word_1_450' title='bbox 2213 5403 2454 5460; x_wconf 80' lang='lat' dir='ltr'><strong>ponens;</strong></span> <span class='ocrx_word' id='word_1_451' title='bbox 2484 5386 2702 5460; x_wconf 79' lang='lat' dir='ltr'><strong>mendis</strong></span> <span class='ocrx_word' id='word_1_452' title='bbox 2731 5385 2997 5460; x_wconf 70' lang='lat' dir='ltr'><strong>scatebat,</strong></span> <span class='ocrx_word' id='word_1_453' title='bbox 3016 5393 3084 5460; x_wconf 78' lang='lat' dir='ltr'><strong>et</strong></span> <span class='ocrx_word' id='word_1_454' title='bbox 3115 5386 3282 5444; x_wconf 85' lang='lat' dir='ltr'><strong>metri</strong></span> <span class='ocrx_word' id='word_1_455' title='bbox 3302 5386 3595 5460; x_wconf 80' lang='lat' dir='ltr'><strong>inconcin-</strong></span> 
     </span>
    </p>
   </div>
   <div class='ocr_carea' id='block_1_71' title="bbox 385 5454 3591 5540">
    <p class='ocr_par' dir='ltr' id='par_1_71' title="bbox 385 5454 3591 5540">
     <span class='ocr_line' id='line_1_72' title="bbox 385 5454 3591 5540; baseline 0.001 -26"><span class='ocrx_word' id='word_1_456' title='bbox 385 5458 413 5500; x_wconf 72' lang='grc' dir='ltr'>δ</span> <span class='ocrx_word' id='word_1_457' title='bbox 441 5457 951 5540; x_wconf 42' lang='grc' dir='ltr'><strong>Οᾳνωειιτᾶμιτρον</strong></span> <span class='ocrx_word' id='word_1_458' title='bbox 970 5464 1030 5540; x_wconf 78' lang='lat' dir='ltr'><strong>et</strong></span> <span class='ocrx_word' id='word_1_459' title='bbox 1045 5454 1374 5514; x_wconf 75' lang='lat' dir='ltr'><strong>acroatichis</strong></span> <span class='ocrx_word' id='word_1_460' title='bbox 1395 5463 1486 5540; x_wconf 85' lang='lat' dir='ltr'><strong>est</strong></span> <span class='ocrx_word' id='word_1_461' title='bbox 1506 5457 1789 5540; x_wconf 79' lang='lat' dir='ltr'><strong>alphabeti</strong></span> <span class='ocrx_word' id='word_1_462' title='bbox 1828 5475 1912 5540; x_wconf 81' lang='lat' dir='ltr'><strong>se-</strong></span> <span class='ocrx_word' id='word_1_463' title='bbox 1993 5460 2142 5540; x_wconf 64' lang='lat' dir='ltr'><strong>nitas</strong></span> <span class='ocrx_word' id='word_1_464' title='bbox 2169 5454 2555 5540; x_wconf 66' lang='lat' dir='ltr'><strong>sermonisque</strong></span> <span class='ocrx_word' id='word_1_465' title='bbox 2585 5456 2870 5540; x_wconf 65' lang='lat' dir='ltr'><strong>barbaries</strong></span> <span class='ocrx_word' id='word_1_466' title='bbox 2895 5457 3155 5540; x_wconf 82' lang='lat' dir='ltr'><strong>dubitare</strong></span> <span class='ocrx_word' id='word_1_467' title='bbox 3179 5458 3422 5517; x_wconf 78' lang='lat' dir='ltr'><strong>suadent</strong></span> <span class='ocrx_word' id='word_1_468' title='bbox 3443 5459 3591 5519; x_wconf 73' lang='lat' dir='ltr'><strong>enin</strong></span> 
     </span>
    </p>
   </div>
   <div class='ocr_carea' id='block_1_72' title="bbox 309 5527 2951 5613">
    <p class='ocr_par' dir='ltr' id='par_1_72' title="bbox 309 5527 2951 5613">
     <span class='ocr_line' id='line_1_73' title="bbox 309 5527 2951 5613; baseline -0.004 -17"><span class='ocrx_word' id='word_1_469' title='bbox 309 5539 422 5596; x_wconf 79' lang='lat' dir='ltr'><strong>ris.</strong></span> <span class='ocrx_word' id='word_1_470' title='bbox 445 5527 946 5613; x_wconf 53' lang='lat' dir='ltr'><strong>Charitatis&#39;eq&#39;ne</strong></span> <span class='ocrx_word' id='word_1_471' title='bbox 969 5538 1118 5596; x_wconf 81' lang='lat' dir='ltr'><strong>bona</strong></span> <span class='ocrx_word' id='word_1_472' title='bbox 1141 5541 1316 5608; x_wconf 82' lang='lat' dir='ltr'><strong>atque</strong></span> <span class='ocrx_word' id='word_1_473' title='bbox 1340 5527 1590 5598; x_wconf 57' lang='lat' dir='ltr'><strong>avaritia:</strong></span> <span class='ocrx_word' id='word_1_474' title='bbox 1621 5539 1816 5596; x_wconf 88' lang='lat' dir='ltr'><strong>sordes</strong></span> <span class='ocrx_word' id='word_1_475' title='bbox 1839 5537 1913 5596; x_wconf 89' lang='lat' dir='ltr'><strong>ob</strong></span> <span class='ocrx_word' id='word_1_476' title='bbox 1993 5530 2212 5588; x_wconf 70' lang='lat' dir='ltr'><strong>Rabani</strong></span> <span class='ocrx_word' id='word_1_477' title='bbox 2234 5536 2402 5602; x_wconf 84' lang='lat' dir='ltr'><strong>partu</strong></span> <span class='ocrx_word' id='word_1_478' title='bbox 2421 5527 2706 5586; x_wconf 76' lang='lat' dir='ltr'><strong>numerari</strong></span> <span class='ocrx_word' id='word_1_479' title='bbox 2731 5527 2951 5586; x_wconf 86' lang='lat' dir='ltr'><strong>debeat.</strong></span> 
     </span>
    </p>
   </div>
  </div>
