4018 6160
439 205 584 266 ίωῖ
1051 203 1113 259 Β.
1159 197 1432 259 RABANI
1468 195 1703 259 MAURI
1739 199 2076 262 ARCHIEP.
2118 202 2445 266 MOGENI‘.
2487 203 2784 264 OPERUM
2821 207 3004 261 PARS
3044 203 3134 261 IV.
3595 204 3741 263 1668

515 331 698 386 Deum
726 345 942 395 verum,
967 345 1275 394 summum,
1304 329 1545 399 justum,
1576 329 1767 384 omnia
1795 329 1891 400 qui
1920 335 2111 392 con-A
2198 333 2357 388 Unde
2401 349 2578 404 regna
2618 347 2842 403 semper
2889 330 3015 384 laeta
3057 345 3349 402 capessere
3399 331 3740 401 tpossedem)

1860 418 2045 489 [didit,
3421 419 3664 490 [patria

515 508 694 572 Quem
724 507 819 579 qui
851 507 1034 574 timet,
1061 507 1181 579 ipse
1207 506 1378 561 habet
1416 506 1708 560 charitatis
1741 507 2048 562 vinculum.
2131 510 2338 576 Xriste,
2373 511 2496 564 fave
2535 508 2696 575 votis,
2729 511 2860 563 Jesu
2892 523 3090 579 regum
3121 509 3236 564 Rex
3267 512 3325 560 et
3360 508 3616 562 Domine.

443 597 580 652 Dira
606 597 800 663 fames,
833 597 1066 667 duplum
1098 597 1312 652 malum
1341 601 1427 650 est
1451 596 1655 668 cupido
1681 595 1941 666 pessima,
2204 599 2388 654 Trahe
2417 599 2488 653 ad
2515 604 2573 653 te
2602 598 2698 670 qui
2727 603 2784 652 te
2811 597 3006 652 volunt
3029 597 3304 651 charitate
3336 597 3578 668 sequier.

514 685 847 741 Dimittendi
872 691 931 740 et
959 685 1202 756 augendi
1232 702 1456 756 semper
1483 684 1590 739 erit
1617 685 1782 739 anxia
1805 704 1816 752 ;
2205 689 2350 752 Quia
2376 698 2440 743 tu
2459 705 2517 742 es
2546 688 2661 742 vita
2689 687 2892 758 luxque
2914 686 3114 758 viaque
3145 691 3437 758 perpetua.

516 776 645 847 Ipsa
657 791 900 846 namque
917 780 975 829 ct
991 775 1252 846 gehenna
1266 789 1552 846 nunquam
1576 775 1795 829 dicunt:
1814 774 2048 830 Sufficit.
2133 779 2378 834 Ymnum
2409 777 2513 832 tibi
2551 792 2700 831 nunc
2718 781 3030 838 cantamus,
3063 791 3224 829 sacra
3252 780 3447 829 sancta.
3470 774 3737 830 (maritas.

377 921 386 933 ,
443 863 521 919 Ex
546 865 734 920 radice
761 865 1058 920 charitatis
1089 869 1291 918 cuncta
1322 863 1464 918 bona
1502 851 1804 935 prodeunt,
2205 867 2348 933 Quia
2385 873 2447 921 tu
2475 883 2534 921 es
2563 865 2857 920 benedicta
2884 865 3032 918 celsa
3061 864 3334 918 scandens
3365 863 3595 928 aethera,

515 954 772 1025 Namque
787 954 982 1024 lingua
1002 955 1334 1023 angelorum
1357 953 1526 1008 simul
1547 960 1716 1024 atque
1737 951 2048 1020 hominum,
2205 957 2339 1022 Quae
2368 963 2456 1011 est
2483 972 2650 1010 omen
2677 960 2845 1025 atque
2884 969 3089 1008 nomen
3111 953 3213 1008 Dei
3243 953 3428 1007 Patris
3453 952 3639 1024 gloria
3669 972 3680 1004 :

516 1043 662 1098 Huic
689 1044 809 1098 sola
836 1049 1179 1114 comparata,
1208 1059 1333 1113 quae
1361 1049 1449 1097 est
1475 1049 1659 1097 mater
1687 1042 1960 1096 omnium.
2134 1045 2445 1116 Zmarang
2477 1045 2628 1100 luces
2658 1044 2962 1116 pulchrior,
2992 1043 3145 1097 omni
3170 1059 3400 1113 gemma
3424 1043 3647 1096 clarior.

449 1130 591 1186 Fera
619 1131 804 1197 fallax,
829 1133 974 1187 fetor
1003 1133 1204 1195 malus,
1236 1132 1352 1186 haec
1383 1137 1470 1186 est
1491 1131 1747 1195 avaritia,
2207 1135 2371 1190 Nitor
2397 1133 2717 1207 splendens,
2747 1149 2919 1204 super
2943 1133 3120 1186 aethra
3140 1131 3342 1186 sedens
3365 1132 3482 1186 alto
3505 1131 3664 1186 solio.

516 1221 649 1285 Quae
675 1226 760 1276 est
784 1220 963 1276 tristis
983 1227 1040 1276 et
1067 1237 1276 1291 rugosa
1303 1227 1362 1275 et
1388 1220 1799 1286 intollerabilis,
2206 1225 2317 1280 Fac
2346 1229 2412 1278 ut
2439 1229 2627 1278 tecum
2654 1222 2928 1276 charitate
2965 1237 3266 1292 regnemus
3295 1221 3355 1276 in
3383 1220 3583 1291 gloria.

515 1311 646 1382 Ipsa
673 1310 798 1378 Sibi’
831 1310 972 1364 num
1001 1311 1242 1364 {mrum
1265 1309 1480 1364 c‘mfe"
1509 1309 1868 1364 adminicula"
2137 1331 2383 1394 XXVII.
2439 1364 2501 1375 -
2552 1347 2614 1392 IN
2643 1343 3035 1391 resrnvrrare
3065 1342 3427 1390 sanc'ronun
3457 1343 3728 1389 onmru.

445 1399 797 1498 Grata,nlzet,a
825 1404 882 1454 et
911 1399 1116 1454 alacris
1144 1399 1322 1453 virtus
1349 1398 1460 1453 ista
1486 1399 1749 1498 maxima,
1837 1487 1846 1498 .
2537 1436 2700 1498 (Apud
2730 1433 3057 1493 “omnium,
3085 1438 3200 1481 ιοω,
3226 1433 3312 1491 ιω

517 1488 728 1555 Credit,
743 1495 897 1542 amat
927 1494 1096 1558 atque
1123 1493 1331 1557 sperat,
1367 1488 1668 1558 omniaque
1712 1487 1990 1542 sustinet:
2541 1487 2642 1590 ’οᾙ
2681 1534 2724 1561 .,
3048 1487 3056 1493 ’
3298 1487 3306 1491 ⁷
3341 1532 3353 1542 .

520 1577 809 1604 “MA-JH
840 1584 1034 1604 mn“
1068 1583 1292 1604 “MM”
1347 1578 1492 1604 In“
1523 1584 1710 1604 nn,“
1748 1577 1977 1604 Mm,“
2647 1539 2802 1596 rlste,
2839 1533 3181 1604 Redemptor
3203 1549 3455 1586 omnium

2789 1573 2802 1596 ’
2840 1573 2918 1586 ...νυ
2929 1573 3169 1596 »ινιισγυνι
3204 1573 3478 1586 νιυιιιυιμι

2072 1650 2118 1710 Β
2494 1626 2775 1678 Conserva
2804 1628 2931 1676 tuos
2956 1619 3195 1675 famulos

2495 1715 2680 1769 Beata:
2706 1728 2928 1782 semper
2951 1710 3183 1780 virginis

2493 1803 2753 1858 Placatus
2772 1799 2987 1855 sanctis
3014 1799 3291 1871 precibus.

2560 1893 2733 1949 Beata
2764 1907 2990 1962 quoque
3007 1889 3235 1959 agmina

2485 1981 2810 2037 Coelestium
2831 1978 3156 2050 spirituum.

2492 2069 2805 2134 Praeterita,
2839 2067 3155 2140 praesentia.

2493 2160 2712 2215 Futura
2733 2158 2884 2214 male.
2901 2156 3114 2230 pellite.

2561 2248 2736 2302 Vates
2763 2245 2958 2301 aeterni
2981 2244 3194 2300 Iudicis

2491 2335 2857 2408 Apostolique
2886 2333 3131 2392 Domini.

2491 2425 2829 2496 Suppliciter
2853 2423 3206 2494 exposcimus

2495 2514 2712 2570 Salvari
2742 2513 2942 2567 vestris
2963 2510 3238 2582 pmcibus.

519 1577 809 1632 Patienter
837 1584 1039 1632 cuncta
1064 1583 1313 1646 gestans,
1346 1578 1496 1631 laxat
1521 1584 1714 1631 nostra
1746 1577 1999 1631 crimina.

449 1665 600 1719 Heu!
640 1683 808 1736 quam
835 1666 1078 1720 dolenda
1110 1665 1279 1719 nimis
1302 1666 1419 1721 haec
1443 1672 1529 1720 est
1557 1665 1742 1720 inanis
1771 1665 1998 1737 stipula,

519 1755 754 1826 Semper
774 1755 1017 1810 stridens
1061 1760 1232 1826 atque
1268 1756 1532 1810 mordens
1575 1755 1951 1826 frendensque
1995 1755 2054 1810 in

1755 1843 1942 1914 [labiis
1962 1845 1975 1896 ι

517 1933 652 1997 Quae
677 1947 780 1986 nec
802 1931 908 1986 sibi
934 1931 1258 1999 miseretur,
1291 1949 1394 1988 nec
1421 1932 1696 1988 succurrit
1726 1934 1872 1988 aliis.

447 2021 548 2076 Ille
576 2037 822 2093 namque
843 2021 1136 2076 charitatis
1165 2023 1421 2094 sequitur
1454 2022 1688 2092 vestigia

519 2110 626 2175 Qui
674 2117 732 2166 et
782 2111 986 2165 fratres
1042 2117 1214 2178 amat,
1263 2117 1495 2184 propter
1529 2111 1944 2183 Dominumque
1994 2113 2051 2168 in

1707 2201 1983 2272 [proximo

517 2289 853 2356 Veneratur,
886 2297 951 2344 ut
972 2290 1060 2344 lex
1088 2289 1251 2344 docet
1278 2289 1562 2359 diligendo
1577 2289 1810 2360 jugiter.

450 2376 642 2447 Kalips
671 2375 968 2450 [Chalybs]
1006 2378 1143 2432 item
1189 2377 1480 2433 infernalis
1523 2383 1610 2432 est
1647 2394 1848 2432 avarus
1889 2378 2052 2432 cleri-

1838 2468 1977 2536 [cus,

523 2553 632 2618 Qui
663 2553 917 2624 exempla
946 2556 1365 2628 Scripturarum
1396 2556 1670 2610 convertit
1697 2555 1753 2609 in
1778 2555 1996 2622 vitium,

522 2646 683 2711 Quod
721 2663 824 2701 nec
851 2647 1060 2702 Paulus
1089 2647 1242 2702 inter
1267 2650 1493 2702 sanctos
1513 2647 1793 2701 nominari
1813 2647 2047 2707 censuit:

450 2737 664 2791 Laetum
702 2741 895 2792 tamen
928 2739 1256 2808 largitorem
1280 2739 1465 2809 ipsum
1495 2744 1650 2793 amat
1677 2739 1966 2804 Dominus,

519 2824 628 2888 Qui
651 2824 854 2880 alacris
879 2843 1102 2898 semper
1123 2843 1289 2882 suum
1318 2827 1573 2899 impertit
1599 2826 1941 2898 pauperibus
1963 2847 1976 2893 ;
2075 2891 2113 2908 Η

519 2913 654 2982 Ejus
682 2929 925 2984 namque
948 2892 1184 2985 justitize
1215 2892 1513 2987 permanet
1543 2892 1834 2969 in-szecula
2073 2892 2115 2948 (λ

451 3001 596 3055 Male
615 3018 745 3056 vero
774 3002 1074 3058 distributa
1101 3005 1287 3074 ipsum
1322 3009 1478 3058 amat
1502 3003 1801 3058 Dominum
1837 3019 1851 3056 :

525 3089 762 3153 Quando
791 3107 888 3144 ore
916 3092 1314 3158 murmuranti,
1353 3092 1518 3146 corde
1556 3109 1780 3162 quoque
1817 3092 2050 3159 dolenti,

519 3178 630 3232 Dat
656 3183 868 3246 tamen,
901 3180 997 3234 sed
1024 3180 1144 3250 jam
1170 3195 1282 3234 non
1313 3180 1422 3234 en't
1449 3195 1670 3234 summo
1687 3181 1802 3235 Deo
1824 3181 2050 3252 placita.

454 3263 605 3322 Natu
634 3267 738 3322 Dei
765 3267 895 3322 felix
920 3269 1088 3322 homo
1117 3269 1430 3323 collaetatur
1453 3268 1738 3334 fratribus,

522 3356 815 3412 Misellinis
845 3363 902 3412 et
923 3358 1169 3429 pupillis,
1199 3363 1258 3412 et
1284 3358 1478 3428 egenis
1505 3364 1561 3412 et
1593 3357 1878 3430 orphanis,

519 3445 584 3500 In
613 3445 702 3500 his
731 3453 1100 3518 susceperunt
1129 3446 1234 3501 viri
1263 3447 1396 3502 celsi
1426 3446 1748 3502 Dominum.

445 3531 594 3590 Olim
610 3535 844 3607 jamque
873 3537 1156 3592 exstitisse
1184 3553 1357 3592 sacrae
1383 3537 1574 3592 femnt
1599 3535 1835 3608 paginae,

518 3622 678 3686 Quod
701 3641 804 3680 nec
833 3625 982 3680 ullus
1013 3632 1150 3698 puto
1180 3627 1320 3681 latet
1340 3641 1646 3698 pauperem
1678 3631 1736 3680 et
1763 3625 2012 3680 divitem.

2564 2603 2840 2674 Martyres
2856 2599 2956 2654 Dei
2978 2600 3174 2670 inclyti

2493 2692 2964 2762 Confessoresque
2988 2688 3177 2754 lucidi,

2487 2780 2701 2835 Vestris
2722 2777 3070 2834 orationibus

2491 2871 2605 2927 Nos
2629 2869 2770 2923 ferte
2799 2868 2858 2922 in
2889 2864 3224 2921 caelestibus.

2565 2958 2734 3014 Chori
2764 2963 3088 3011 sanctarum
3117 2955 3397 3025 virginum

2492 3047 3006 3118 Monachorumque
3034 3043 3286 3099 omnium

2491 3137 2666 3192 Simul
2699 3152 2826 3190 cum
2856 3133 3067 3188 sanctis
3097 3131 3355 3188 omnibus

2489 3227 2792 3280 Consortes
2821 3223 3030 3278 Christi
3051 3221 3234 3276 facite.

2555 3315 2794 3371 Gentem
2817 3312 3032 3367 auferte
3063 3310 3333 3383 perfidam

2491 3403 2856 3459 Credentium
2885 3401 2955 3456 de
2983 3399 3204 3463 ﬁnibus,

2490 3493 2566 3550 Ut
2592 3492 2816 3549 Christo
2843 3489 3039 3546 laudes
3066 3489 3281 3544 debitas

2487 3582 2878 3638 Persolvamus
2905 3578 3187 3634 alacriter.

2562 3671 2757 3728 Gloria
2785 3671 2939 3726 Patri
2971 3669 3221 3744 ingenito

2495 3762 2742 3834 Ejusque
2773 3758 3094 3831 Unigeuito,

2492 3848 2616 3907 Una
2645 3866 2772 3906 cum
2802 3855 2996 3904 sancto
3029 3846 3239 3919 Spiritu

2488 3940 2551 3996 In
2581 3939 2928 4012 sempiterna
2967 3935 3186 3992 saecula.

521 3711 674 3775 Quos
703 3713 799 3784 qui
823 3714 946 3768 vult
971 3713 1347 3770 considerare.
1360 3755 1394 3770 ..
1407 3755 1418 3768 .
1431 3755 1442 3769 .
1455 3755 1466 3769 .
1479 3756 1491 3769 .

449 3801 673 3874 Pauper
699 3803 830 3858 felix
855 3805 1158 3858 collocatur
1193 3804 1321 3860 sinu
1351 3821 1576 3859 summo
1603 3804 1842 3861 Abrahae

519 3890 878 3959 Patriarchae,
909 3893 1277 3962 glomeratur,
1303 3893 1471 3948 decor
1494 3893 1704 3948 sanctis
1726 3891 1956 3960 aedibus,

519 3979 686 4034 Dives
713 3998 843 4035 vero
872 3987 1165 4036 catenatus
1190 3981 1550 4054 mancipatur
1574 3982 1816 4052 ignibus.

451 4068 656 4132 Quare,
688 4067 862 4122 frater
889 4071 1226 4137 Christiane,
1249 4072 1362 4124 tale
1381 4027 1520 4142 lpost
1546 4027 1777 4126 exitium
1945 4041 1960 4048 -
2065 4065 2114 4123 D
2450 4134 2638 4142 _______
2671 4135 2691 4142 _
2952 4027 3154 4080 Amen.

520 4156 593 4210 Es
619 4156 917 4211 immemor
946 4164 1314 4229 utrorumque
1339 4160 1601 4214 mternale
1633 4159 1963 4231 praemium?

1717 4159 1963 4215 mnium?
2450 4134 2718 4196 XXVIII.
2751 4166 2829 4179 -
2872 4147 2934 4192 ιη
2966 4145 3170 4194 mea
3199 4145 3415 4194 iure.

519 4244 628 4308 Qui
658 4251 889 4317 propter
915 4246 1088 4300 vitam
1117 4246 1284 4301 istam
1310 4263 1540 4318 parvam
1569 4249 1721 4319 capis
1739 4254 1902 4304 tuum
1927 4266 2047 4303 mc-
2561 4247 2724 4312 Jesu,‘
2747 4245 3004 4300 Salvator
3030 4243 3239 4305 seculi,

1769 4338 1980 4408 [ritum,
2492 4334 2819 4407 Redemptis
2849 4347 2954 4406 ope
2983 4331 3234 4398 subveni,

447 4422 563 4477 Rex
591 4429 854 4491 aeternus,
886 4425 1090 4479 Rector
1118 4441 1317 4496 regum
1346 4426 1649 4498 legumque
1675 4427 2000 4498 dispositor,
2489 4425 2558 4479 Et
2585 4425 2680 4495 pia
2707 4423 2806 4478 Dei
2832 4421 3075 4494 geniti-ix

523 4513 649 4583 Ipse
676 4513 851 4568 reddo
882 4514 1111 4586 [reddit]
1143 4514 1357 4570 cunctis
1398 4532 1623 4587 aequum
1660 4533 1763 4588 pro
1793 4516 1954 4570 factis
1997 4524 2052 4571 et
2489 4514 2741 4570 Salutem
2769 4528 2934 4585 posce
2960 4509 3201 4568 miseris.

1717 4605 1976 4676 [meritis.
2556 4603 2748 4658 Coetus
2775 4617 2971 4657 omnes
2997 4597 3235 4671 angelici

521 4691 658 4754 Quae
676 4696 808 4761 post
820 4691 990 4762 hujus
1009 4693 1157 4747 saecli
1177 4698 1400 4748 noctem
1411 4709 1513 4748 nos
1527 4693 1586 4748 in
1605 4693 1718 4748 imo
1730 4699 2046 4765 penetrant.
2491 4691 2948 4748 Patriarcharum
2976 4688 3140 4745 cunei

447 4779 600 4834 Sana
635 4779 748 4834 ﬁde
773 4789 966 4835 sancte
1007 4782 1236 4852 [sanae
1265 4783 1408 4854 spei]
1433 4783 1620 4851 homo,
1645 4783 1874 4840 intende
1891 4799 2048 4855 saga-
2496 4781 2567 4836 Et
2601 4781 3003 4852 prophetarum
3036 4777 3240 4832 merita

1794 4871 1975 4942 liciter,
2489 4869 2663 4926 Nobis
2690 4873 2992 4942 precentur
3018 4865 3259 4922 veniam.

521 4960 669 5026 Quia
695 4964 917 5014 cessant
947 4959 1084 5014 ﬁdes
1113 4964 1282 5032 atque
1313 4961 1436 5032 ipsa
1462 4978 1589 5032 spes
1618 4962 1674 5017 in
1706 4961 1925 5027 ultimo,
2087 4981 2104 4990 -
2561 4959 2816 5031 Baptista
2843 4956 3054 5014 Christi
3087 4954 3326 5028 pravius

520 5049 676 5104 Laeta
710 5053 903 5103 tamen
927 5048 1048 5104 htec
1071 5049 1129 5102 in
1147 5065 1327 5104 aevum
1347 5050 1501 5104 clara
1519 5055 1719 5122 regnat
1746 5050 2008 5105 charitas.
2488 5049 2558 5104 Et
2583 5048 2827 5118 claviger
2852 5047 3148 5104 aethereus.

447 5138 588 5193 Toto
618 5138 746 5194 nisu
783 5154 818 5192 ο
845 5137 1014 5192 beata
1039 5137 1332 5192 charitatis
1358 5139 1572 5193 viscera
1609 5197 1621 5206 κ
2489 5139 2631 5194 Cum
2659 5137 2875 5193 caeteris
2896 5133 3165 5208 apostolis

519 5227 755 5299 Semper
784 5232 972 5281 mente
1004 5227 1260 5293 retinete,
1303 5243 1528 5299 semper
1554 5243 1650 5282 ore
1677 5227 1938 5298 promite,
2483 5227 2598 5282 Nos
2625 5227 2844 5281 solvant
2869 5241 3015 5280 nexu
3044 5221 3314 5277 criminis.

521 5315 591 5370 Et
611 5321 728 5370 tam
760 5316 914 5372 dictu
935 5322 1104 5388 atque
1129 5315 1278 5371 factu
1307 5316 1574 5388 proximis
1601 5316 1927 5388 impendite.
2557 5311 2775 5370 Chorus
2803 5320 3058 5368 sacratus
3083 5317 3426 5386 martyrum,

448 5399 588 5458 Visa
605 5404 766 5472 tuba,
785 5405 1004 5477 salpinx
1025 5412 1240 5470 saneta,
1271 5411 1333 5460 et
1349 5411 1680 5462 sanctarum
1702 5405 1935 5477 agnitis
2483 5403 2774 5461 Gonﬁmsio
2798 5402 3156 5460 sacerdotum

521 5491 653 5546 Haec
671 5493 939 5565 exemplis
968 5493 1149 5552 verbis
1171 5495 1346 5551 sacris
1363 5495 1692 5552 cecinerunt
1714 5495 1953 5567 populis,
2485 5492 2556 5548 Et
2579 5492 2868 5566 vim
2893 5490 3127 5548 cuit.
