4018 6160
493 233 626 290 1771

493 360 606 412 Rex
636 358 851 427 Regum
871 353 1148 417 Christus,
1179 350 1308 405 huic
1331 351 1493 406 laetus
1517 367 1739 421 semper
1754 349 1970 416 adesto,

566 446 634 499 Et
653 443 813 500 nobis
835 444 1080 496 clemens
1099 441 1175 494 sis
1202 439 1323 494 sine
1352 441 1464 494 ﬁne
1493 440 1661 494 Deus.

705 622 784 632 —-
815 601 1192 646 EPITAPHIUM
1223 589 1241 612 ⁸
1269 599 1493 644 RABANI
1523 597 2001 643 ARCBIEPISCOPI.

491 723 691 777 Lector
717 721 968 783 honeste,
1002 734 1188 772 meam
1220 715 1268 771 si
1287 717 1370 770 vis
1399 731 1734 787 cognoscere
1761 714 1933 768 vitam

559 811 833 882 Tempore
863 807 1105 872 mortali,
1137 805 1351 860 discere
1385 805 1464 859 sic
1493 805 1725 876 poteris.

1079 227 1140 281 Β.
1186 225 1455 280 RABANI
1493 225 1726 282 MAURI
1764 221 2104 280 ARCHIEP.
2145 219 2471 284 MOGUNT.
2513 217 2810 280 OPERUM
2847 216 3032 272 PARS
3067 216 3162 271 ιν.

2098 351 2148 412 Α
2165 347 2519 418 Quapropter
2545 343 2731 416 potius
2751 343 2999 398 animam
3025 329 3240 395 curare.
3248 346 3534 396 memento

3635 210 3780 268 177i

2239 436 2420 500 Quam
2439 449 2686 500 carnem,
2711 431 2976 504 quoniam
2997 431 3111 485 haec
3133 434 3343 489 manet.
3367 429 3468 483 illa
3492 427 3660 500 perit.

2171 525 2286 580 Cur
2311 523 2414 579 tibi
2437 540 2572 578 rura
2599 538 2782 594 paras,
2811 537 2979 592 quem
3016 535 3186 591 parvo
3205 519 3390 574 cernis
3413 517 3472 572 in
3502 523 3668 572 antro

2245 615 2334 670 Me
2361 619 2519 668 tenet
2546 613 2638 666 hic
2666 611 2907 683 requies,
2933 609 3012 665 sic
3030 615 3131 664 tua
3160 625 3330 681 parva
3355 608 3490 662 fiet?

2176 706 2290 760 Cur
2323 703 2494 776 Tyrio
2515 719 2718 774 corpus
2739 700 2923 770 inhias
2943 699 3199 754 vestirier
3220 704 3374 754 ostro

2245 794 2406 859 Quod
2435 809 2563 848 mox
2591 792 2845 846 esuriens
2860 791 3086 862 pulvere
3106 789 3312 843 vermis
3337 787 3450 842 erit
3478 785 3695 857 [edet]!

495 899 640 955 Urbe
671 899 894 970 quidem
915 897 1020 950 hac
1047 895 1273 966 genitus
1303 911 1448 958 sum,
1483 910 1550 948 ac
1575 909 1734 948 sacro
1760 891 1914 946 fonte
1927 906 2092 944 rena-
2174 884 2250 940 Ut
2278 883 2446 939 ﬂores
2475 887 2731 954 pereunt,
2752 886 2917 935 vento
2949 879 3205 933 veniente
3225 877 3449 942 minaci,

567 991 630 1044 In
659 987 838 1044 Fulda
865 992 994 1058 post
1021 985 1138 1039 haec
1159 983 1362 1054 dogma
1393 999 1612 1037 sacrum
1644 981 1833 1036 didici.
1956 979 2091 1051 [tus,

492 1079 614 1143 Quo
636 1076 942 1132 monachus
969 1073 1148 1129 factus
1172 1073 1456 1127 seniorum
1480 1073 1641 1142 jussa
1660 1068 1952 1142 sequebar,

563 1167 776 1222 Norma
804 1165 944 1220 mihi
959 1165 1086 1219 vitae
1105 1163 1303 1233 regula
1330 1167 1526 1216 sancta
1543 1161 1670 1215 fuit.

375 1301 390 1324 ,
499 1257 610 1317 Sed
641 1256 774 1310 licet
791 1255 1015 1310 incaute
1042 1253 1188 1307 hanc
1215 1269 1318 1306 nec
1349 1253 1456 1306 fixe
1481 1266 1703 1320 semper
1721 1248 2007 1313 haberem,

569 1345 724 1399 Cella
742 1350 935 1398 tamen
955 1342 1217 1396 mihimet
1245 1340 1462 1395 mansio
1493 1343 1657 1408 grata
1673 1337 1797 1392 fuit.

495 1435 598 1488 Ast
625 1432 720 1489 ubi
735 1434 854 1504 jam
885 1433 1074 1504 plures
1097 1430 1436 1486 transissent
1462 1427 1733 1499 temporis
1763 1427 1916 1489 anni,

565 1523 888 1577 Convenere
916 1520 1018 1574 viri
1040 1525 1258 1574 vertere
1283 1519 1400 1572 fata
1426 1517 1531 1572 loci
1556 1535 1566 1569 :

493 1613 583 1667 Me
611 1611 934 1665 abstraxere
961 1609 1127 1662 domo
1157 1606 1462 1661 invalidum
1494 1605 1726 1676 regique
1757 1604 1958 1668 tulere,

567 1700 866 1754 Poscentes
893 1695 1050 1766 fungi
1080 1695 1334 1766 praesulis
1355 1694 1559 1759 officio,

497 1790 562 1844 In
590 1804 701 1859 quo
729 1803 832 1840 nec
859 1786 1128 1840 meritum
1159 1784 1285 1838 vitae
1313 1799 1415 1838 nec
1443 1784 1650 1853 dogma
1674 1786 1962 1854 repertum
1991 1786 2094 1847 est,

567 1876 683 1931 Nec
705 1875 946 1947 pastoris
975 1889 1115 1945 opus
1141 1874 1272 1943 jure
1297 1871 1440 1926 bene
1467 1871 1758 1944 placitum.

498 1967 798 2036 Promptus
825 1969 949 2018 erat
970 1963 1210 2028 animus,
1230 1962 1328 2016 sed
1346 1961 1578 2016 tardans
1605 1960 1789 2015 debile
1808 1976 2030 2032 corpus,

574 2053 702 2109 Feci
735 2053 884 2125 quod
912 2058 1192 2124 poteram,
1223 2050 1485 2122 quodque
1511 2051 1663 2104 Deus
1687 2049 1939 2104 dederat.

509 2145 671 2199 Nunc
690 2158 826 2214 rogo
853 2147 912 2196 te
939 2157 1006 2196 ex
1032 2141 1272 2205 tumulo,
1304 2139 1480 2194 frater
1497 2139 1717 2205 dilecte,
1750 2139 1999 2210 juvando

570 2231 943 2287 Commendes
970 2230 1194 2286 Christo
1215 2245 1306 2284 me
1324 2234 1391 2283 ut
1417 2227 1675 2300 precibus
1702 2228 1942 2282 Domino
1973 2244 1986 2279 :

498 2321 710 2378 Judicis
728 2319 922 2376 aeterni
960 2336 1052 2373 me
1080 2325 1146 2374 ut
1168 2317 1354 2390 gratia
1381 2317 1558 2372 salvet
1575 2316 1633 2371 in
1657 2333 1854 2381 aevum,

570 2411 696 2466 Non
725 2409 990 2464 meritum
1017 2407 1313 2480 aspiciens,
1337 2406 1434 2460 sed
1465 2405 1693 2477 pietatis
1721 2421 1882 2476 Opus.

501 2497 696 2553 Raban
717 2513 920 2570 nempe
947 2496 1086 2552 mihi
1107 2512 1334 2560 nomen,
1359 2501 1417 2550 et
1443 2494 1610 2550 lectio
1639 2494 1816 2550 dulcis

567 2587 780 2642 Divina
808 2587 949 2657 legis
977 2601 1201 2658 semper
1228 2584 1434 2656 ubique
1459 2583 1587 2639 fuit.

500 2675 603 2732 Cui
633 2676 784 2732 Deus
813 2675 1169 2746 omnipotens
1195 2673 1412 2729 tribuas
1439 2673 1687 2728 caelestia
1713 2688 1907 2744 regna,

571 2765 640 2820 Et
668 2781 857 2821 veram
881 2764 1132 2836 requiem
1161 2779 1385 2834 semper
1412 2762 1469 2816 in
1497 2778 1624 2817 arce
1643 2761 1774 2834 poli.

809 2873 933 2934 νη.
964 2907 1043 2919 --
1073 2886 1446 2934 ενιτΑιιιιιυκ
1469 2873 1498 2914 δ
1525 2883 1796 2931 ALCUINI.

501 2987 622 3053 Hic,
655 3003 810 3059 rogo,
840 2987 1149 3059 pauxillum
1170 2986 1398 3041 veniens
1424 2990 1485 3038 tu
1507 2985 1662 3049 siste,
1685 2983 1884 3052 viator,

571 3075 642 3132 Et
659 3092 786 3131 mea
814 3081 1065 3132 scrutare
1095 3080 1322 3146 pectore
1349 3073 1501 3127 dicta
1527 3078 1646 3128 tuo.

501 3163 576 3219 Ut
601 3168 702 3220 tua
727 3163 909 3237 deque
939 3163 1079 3216 meis
1107 3178 1376 3234 agnoscas
1399 3161 1547 3216 facta
1573 3161 1788 3233 ﬁguris,

572 3253 840 3308 Vertatur
867 3251 1082 3324 species
1109 3256 1174 3306 ut
1193 3268 1320 3305 mea
1342 3250 1530 3323 sicque
1555 3255 1675 3305 tua.

500 3343 658 3408 Quod
701 3358 850 3398 nunc
873 3358 952 3407 es,
979 3340 1196 3396 fueram
1224 3341 1472 3395 famosus
1496 3337 1554 3394 in
1577 3337 1712 3395 orbe
1739 3337 1937 3406 viator,

571 3432 640 3488 Et
676 3431 827 3504 quod
857 3447 1007 3486 nunc
1035 3447 1138 3502 ego
1159 3447 1281 3486 sum
1303 3435 1475 3502 tuque
1496 3428 1720 3486 futurus
1747 3428 1874 3484 eris.

498 3520 740 3578 Delicias
777 3519 974 3576 mundi
993 3535 1152 3576 casso
1171 3517 1426 3574 sectabar
1453 3532 1663 3584 amore,
1843 3585 1852 3594 .

577 3611 743 3666 Nunc
769 3609 910 3666 cinis
941 3615 999 3664 et
1021 3608 1225 3681 pulvis,
1259 3607 1540 3664 vermibus
1568 3613 1738 3680 atque
1765 3605 1940 3662 cibus.

2249 973 2341 1028 Sic
2365 979 2466 1028 tua
2492 985 2737 1043 namque
2761 985 2890 1024 caro
2917 968 3100 1039 gloria
3118 969 3238 1022 tota
3264 967 3428 1040 perit.

2177 1063 2261 1118 Tu
2285 1062 2424 1116 mihi
2449 1061 2619 1116 redde
2645 1059 2841 1124 vicem,
2872 1059 3069 1120 lector,
3103 1073 3259 1127 rogo,
3289 1054 3556 1110 carminis
3587 1055 3777 1124 hujus.

2253 1151 2322 1206 Et
2339 1151 2448 1218 die,
2477 1151 2553 1206 da
2578 1149 2799 1204 veniam
2825 1147 3068 1214 Christe,
3097 1152 3198 1200 tuo
3225 1145 3456 1202 famulo.

2181 1239 2443 1305 Obsecro,
2474 1239 2629 1294 nulla
2650 1254 2852 1292 manus
2880 1237 3051 1291 violet
3069 1235 3164 1306 pia
3186 1235 3320 1306 jura
3347 1233 3612 1305 sepulcri.

2249 1331 2522 1385 Personat
2548 1327 2802 1400 angelica
2838 1327 3014 1381 donec
3034 1324 3105 1380 ab
3131 1340 3261 1378 arce
3289 1323 3463 1379 tuba:

2179 1419 2287 1483 Qui
2301 1419 2456 1489 jaees
2481 1416 2540 1472 in
2563 1417 2804 1476 tumulo.
2834 1421 3000 1469 terra;
3019 1413 3090 1468 de
3117 1413 3346 1484 pulvere
3374 1427 3562 1481 surge,

2249 1508 2486 1578 Magnus
2515 1505 2676 1561 adest
2691 1505 2865 1577 judex
2893 1503 3139 1558 millibus
3161 1501 3491 1560 innumeris,

2177 1595 2458 1652 Alchuuin
2486 1609 2691 1649 nomen
2715 1598 2854 1657 erat,
2888 1591 3143 1664 sophiam
3158 1590 3298 1644 mihi
3310 1605 3534 1661 semper
3545 1585 3780 1646 amanti.

2109 1669 2157 1728 Β
2249 1683 2360 1740 Pro
2380 1701 2490 1757 quo
2509 1683 2682 1739 funde
2710 1699 2922 1754 preces,
2957 1686 3145 1735 mente
3175 1679 3371 1750 legens
3398 1677 3654 1732 titulum.

2179 1783 2338 1845 VI".
2367 1817 2448 1830 —-
2471 1799 2853 1845 EPITAPHIUH
2882 1792 2906 1819 θ
2936 1795 3298 1842 REGINBALDI
3329 1789 3772 1839 ειιοιιειιιεοορι.

2184 1890 2322 1946 Ecce
2341 1887 2724 1960 Reginbaldus
2752 1891 2955 1960 pausat
2981 1886 3409 1957 chorepiscopus
3436 1883 3622 1946 isthic,

2257 1958 2504 2050 Carpere
2532 1977 2630 2034 sed
2659 1958 2902 2042 tantum,
2936 1976 3168 2048 spiritus
3199 1980 3350 2030 astra
3379 1972 3548 2047 petit:
3650 1958 3659 1969 ’

2187 2067 2299 2124 Ore
2327 2083 2610 2140 manuque
2639 2065 2809 2121 simul
2837 2066 3042 2139 populo
3071 2064 3200 2120 huic
3245 2063 3341 2135 qui
3368 2061 3594 2136 praefuit
3627 2066 3772 2132 apte.

2255 2155 2570 2214 Mercedem
2599 2157 2825 2228 plenam
2851 2155 2940 2209 cui
2967 2153 3125 2208 dabit
3151 2152 3539 2223 Omnipotens.

2374 2256 2478 2318 IX.
2511 2287 2592 2303 —
2621 2269 2990 2317 EPITAPHIUI
3019 2251 3047 2294 ά
3073 2268 3254 2314 ElGlLl
3283 2265 3556 2311 ABBA‘I‘IS.

2181 2353 2508 2425 Ingrediens
2537 2353 2714 2407 lector
2742 2369 2844 2424 per
2868 2351 3026 2423 parvi
3047 2348 3291 2405 domatis
3317 2353 3563 2402 antrum.

2251 2443 2432 2498 Cerne
2459 2441 2651 2514 legens
2675 2441 2905 2497 titulum
2923 2455 3201 2511 nosseque
3226 2437 3344 2493 fata
3365 2436 3493 2490 viri.

2180 2531 2367 2586 Abbas
2386 2531 2493 2587 iste
2517 2531 2628 2587 fuit
2649 2531 2850 2586 famosi
2877 2529 3120 2586 nominis
3149 2527 3314 2600 Eigil,

2251 2620 2360 2686 Qui
2383 2621 2536 2692 jacet
2552 2620 2612 2676 in
2639 2620 2878 2684 tumulo,
2909 2619 3008 2674 sed
3036 2634 3209 2689 super
3233 2623 3387 2671 astra
3413 2617 3625 2668 manet.

2185 2711 2302 2766 Hoc
2318 2727 2543 2783 quoque
2559 2709 2874 2765 camobium
2901 2709 3047 2763 rexit
3063 2706 3300 2762 feliciter
3316 2705 3438 2776 ipse

2251 2800 2541 2872 Multaque
2567 2799 2714 2854 facta
2729 2798 2880 2854 bona
2906 2798 3015 2853 rite
3042 2795 3261 2869 peregit
3278 2810 3476 2852 ovans.

2183 2889 2488 2962 Martyris-
2515 2905 2650 2960 ergo
2677 2905 2838 2944 sacra
2861 2903 2991 2942 cum
3021 2885 3258 2958 presule
3293 2881 3589 2937 transuilit
3630 2895 3771 2934 ossa.

2117 3005 2168 3070 ο
2182 3065 2218 3070 λ
2251 2977 2522 3070 Ac‘binas
2539 2976 2753 3070 pariter
2777 2976 2880 3030 has
2899 2975 3050 3030 dicat
3066 2972 3341 3070 ecclesias.

2182 3065 2318 3122 Post
2343 3065 2461 3121 haec
2486 3067 2601 3121 alta
2631 3065 2790 3138 petit,
2821 3065 3184 3135 animamque
3210 3061 3278 3116 ad
3297 3061 3483 3116 sidera
3508 3057 3683 3119 misit,

2252 3155 2516 3227 Corporis
2545 3154 2754 3210 inﬁrmi
2775 3153 3030 3209 membra
3054 3152 3256 3208 locavit
3279 3157 3340 3206 et
3355 3150 3467 3205 hic.

2183 3244 2327 3300 Huic
2356 3261 2581 3318 quoque
2607 3243 2892 3310 Rabanus,
2923 3243 3048 3299 vilis
3075 3257 3376 3304 successor,
3407 3237 3654 3294 amando

2260 3332 2577 3406 Conscripsi
2596 3333 2746 3389 hunc
2758 3333 3018 3390 titulum:
3035 3331 3294 3388 Christus
3322 3337 3596 3400 utrosque
3607 3327 3776 3398 juvet.

2271 3425 2347 3486 X.
2366 3457 2445 3472 --
2475 3439 2650 3487 ΕΡΙΤΑ
2659 3439 2847 3486 Ριιιυκ
2865 3434 2899 3479 8
2920 3435 3355 3484 νΑιΑεΗΡιιεῡι
3385 3432 3673 3481 ηιμ-ιε.

2193 3521 2436 3578 Nascere
2463 3521 2701 3595 quisque
2729 3520 2866 3576 velit
2889 3519 3109 3577 tinnula
3135 3518 3243 3576 hoc
3266 3516 3398 3590 quis
3412 3512 3671 3574 conditas
3696 3528 3781 3568 ex-

1499 3713 1812 3769 SCHOLIA
1849 3713 2388 3770 CHRISTOPHORI
2429 3714 2791 3770 BROWERI.

578 3821 596 3844 ⁸
628 3815 746 3870 Hoc
773 3813 1137 3886 epitaphium,
1153 3812 1426 3886 verbatim
1456 3829 1628 3886 prope
1653 3827 1956 3886 expensum
1983 3827 2020 3886 _a
2043 3827 2102 3867 se

501 3885 560 3941 in
591 3881 965 3956 Moguntiacis
994 3885 1172 3956 edidit
1199 3881 1771 3949 Nicolaus'Serarius;
1799 3891 1864 3956 et
1891 3881 1960 3936 ab
1980 3883 2102 3954 ipso

2184 3817 2349 3868 aetate
2379 3812 2590 3884 ingenii
2619 3819 2990 3870 monumenta
3018 3813 3078 3868 in
3107 3813 3290 3868 lucem
3334 3807 3558 3884 prolata
3581 3807 3781 3884 επιξυ-

2184 3877 2808 3966 ςιιιωροεξθτίρνθεῃεξη
2839 3884 3044 3966 ferunt,
3069 3901 3193 3966 quae
3212 3877 3353 3936 toni:
3373 3881 3420 3945 I,
3517 3877 3660 3966 etv!

501 3949 802 4029 superstite
821 3957 954 4010 dum
965 3955 1201 4029 Babano
1220 3955 1597 4025 conscriptum
1619 3953 1955 4029 ostendit,e_t
2183 3949 2282 4029 tiq.
2315 3949 2622 4029 Lectionis,
2647 3955 2732 4029 vir
2750 3955 2908 4029 juris
2926 3973 2992 4010 ac
3018 3949 3220 4029 veteris
3241 3951 3525 4029 memoria:
3553 3949 3775 4029 callens.

498 4024 588 4082 ter
615 4027 728 4082 alia
751 4027 1009 4098 coarguit
1038 4042 1260 4098 quoque
1284 4024 1544 4098 versuum
1574 4030 1884 4098 contextus.
1917 4024 2102 4098 Publi-

501 4104 660 4154 carat
671 4099 790 4168 jam
817 4096 948 4152 ante
969 4096 1582 4168 MelchiorHittorpius,
1606 4096 1662 4150 in
1683 4096 2100 4168 Commentario

501 4169 573 4223 de
599 4165 803 4223 divinis
821 4168 1110 4222 catholicae
1131 4168 1389 4223 Ecclesiae
1408 4165 1636 4230 Officiis,
1659 4167 1753 4222 ubi
1783 4165 2000 4222 Rabani
2029 4167 2099 4222 li-

501 4238 617 4322 bris
645 4239 716 4294 de
733 4238 1104 4322 institutione
1124 4238 1804 4322 clericorumpraziigitur,
1837 4255 1965 4293 cum
1996 4237 2100 4293 hac

500 4310 854 4393 epigraphia_:
875 4311 1165 4392 Epicrdion
1194 4311 1408 4365 Italiam"
1431 4311 1621 4364 Mauri
1637 4312 1698 4363 z'n
1717 4313 1895 4390 vita":
1914 4325 2092 4363 suam.

501 4381 741 4436 Jacobus
753 4382 1246 4452 Wimphelmgius,
1262 4386 1395 4452 ante
1404 4387 1632 4434 centum
1641 4381 1884 4452 amplius
1897 4396 2096 4447 annos,

501 4453 572 4507 ad
591 4453 802 4524 calcem
819 4451 1004 4524 operis
1018 4451 1464 4524 Acrostichidum
1477 4451 1556 4524 de
1578 4451 1788 4524 sancta
1813 4468 1978 4524 cruce
2005 4469 2094 4524 re-

496 4523 636 4594 jecit
653 4541 752 4578 seu
777 4522 1168 4578 efruderibus
1185 4522 1514 4594 monasterii
1541 4522 1745 4576 Montis
1781 4523 1820 4578 S
1869 4522 2092 4588 Albani,

502 4593 649 4664 quod
675 4596 795 4664 jam
823 4600 960 4649 tunc
977 4601 1224 4648 cesserat
1241 4593 1558 4656 Canonicis,
1591 4599 1814 4648 erutum
1845 4601 1902 4648 et
1914 4594 2090 4660 addit,

503 4665 562 4719 in
574 4665 988 4735 Moguntinensi
1001 4665 1266 4718 cathedra
1276 4664 1485 4720 sedisse
1494 4665 1658 4718 annis
1667 4664 2094 4721 novem.obiisse

503 4735 742 4790 an.856:
764 4735 1045 4806 sepultum
1075 4735 1134 4790 in
1171 4742 1360 4790 monte
1377 4735 1672 4799 S.Albani,
1707 4735 1835 4790 inde
1858 4735 2091 4790 Fuldam

501 4807 838 4862 translatum
861 4825 878 4875 ;
902 4807 991 4861 cui
1011 4823 1212 4875 parum
1239 4823 1470 4862 concors
1487 4806 1849 4870 Trithemius,
1872 4823 1998 4861 cum
2031 4808 2090 4862 S.

503 4878 802 4934 Maximum
833 4883 893 4932 et
919 4878 958 4932 8
994 4876 1286 4933 Rabanum
1319 4878 1389 4932 ab
1412 4876 1640 4932 Alberto
1670 4877 1954 4932 cardinale
1982 4879 2096 4932 Mo-

500 4949 702 5020 guntia
728 4954 1048 5020 exportatos
1076 4949 1269 5020 scribit
1287 4949 1344 5003 in
1379 4948 1698 5020 Saxoniam,
1729 4949 2094 5020 conditosque

502 5018 560 5075 in
581 5018 832 5076 Hallensi
862 5021 918 5076 S.
957 5020 1205 5076 Mauritii
1253 5019 1498 5083 basilica,
1521 5035 1670 5074 anno
1699 5018 1848 5075 1515.
1875 5018 2094 5074 Sanctis

501 5098 692 5148 autem
719 5092 1080 5148 annumerari
1127 5091 1440 5162 Rabanum.
1473 5090 1580 5144 etsi
1625 5091 1826 5162 privati
1862 5091 2091 5162 quidam

498 5169 733 5236 monent
765 5163 1085 5236 scriptores,
1098 5162 1156 5216 in
1173 5161 1455 5235 publicum
1475 5161 1687 5236 tamen,
1703 5163 1786 5216 vel
1805 5161 1894 5216 hic
1922 5162 2092 5217 etiam

498 5234 710 5318 Fuldfai,
744 5233 924 5318 neque
955 5233 1283 5318 probantur,
1315 5250 1506 5317 neque.
1525 5233 1853 5318 audiuntur.

506 5375 516 5385 .
573 5305 601 5347 δ
629 5303 852 5362 Alcuini
881 5303 981 5385 seu
1008 5305 1196 5362 Albini
1224 5303 1428 5385 Flacci,
1457 5304 1560 5359 viri
1595 5305 1714 5385 suis
1744 5303 2092 5385 temporibus

503 5375 562 5430 in
589 5391 779 5434 rerum
809 5377 1180 5433 maximarum
1211 5377 1446 5432 scientia
1479 5375 1704 5438 summi,
1737 5375 1871 5446 quis
1896 5375 2091 5446 laudes

499 5447 1110 5520 praeconiaquenescit?
1123 5448 1466 5520 Trithemius
1474 5447 1534 5520 in
1549 5445 1851 5520 illustrium
1863 5445 2093 5520 scripto-

501 5530 627 5569 rum
653 5518 824 5574 censu
865 5519 1022 5574 illum
1075 5519 1279 5576 merito
1333 5518 1541 5591 posuit.
1572 5518 1752 5574 Multa
1777 5518 1953 5591 ipsius
1975 5518 2094 5573 hac

2184 4020 2460 4098 Henricus
2488 4020 2771 4098 Canisius;
2815 4026 3014 4098 quiet
3051 4027 3158 4098 hoc
3193 4022 3545 4098 epitaphium
3583 4020 3770 4098 ipsius.

2184 4038 2460 4082 tienricus
2488 4038 2768 4087 Uanisius,
2815 4043 2914 4098 qui
2955 4038 3014 4082 et
3051 4038 3158 4081 hoc
3193 4038 3545 4097 epitapnium
3583 4038 3770 4146 ipsius.

2181 4097 2370 4179 Albini
2396 4097 2724 4179 anJRabani
2749 4097 2977 4179 ingenio
2994 4096 3265 4179 scriptum
3293 4092 3555 4175 intexuit,
3627 4107 3772 4179 εἷςξο

2179 4167 2322 4251 libro
2343 4168 2569 4251 iAnti’q;
2585 4162 2848 4251 ‘Fuldens'.
2863 4162 3274 4251 inquisivimus,
3284 4182 3419 4248 cum
3647 4162 3774 4251 Ρ

2184 4239 2342 4294 danae
2362 4237 2756 4296 Hirsfeldensis
2774 4237 3008 4295 ecclesia
3041 4237 3232 4294 Albini
3249 4237 3468 4293 cineres
3487 4240 3551 4290 et
3578 4250 3774 4289 unam

2119 4293 2168 4354 Β
2182 4293 2291 4367 sibi
2308 4293 2585 4367 cadica;
2598 4293 2885 4368 acrinus
2902 4293 3101 4366 rem;
3123 4293 3273 4364 anno
3297 4307 3428 4376 804,
3447 4315 3508 4362 et
3523 4305 3726 4376 titulus
3744 4319 3780 4358 a

2181 4380 2406 4454 Οξιηὶδίο
2433 4382 2784 4454 proponitur.
2818 4399 2930 4454 quo
2964 4381 3145 4454 beatae
3162 4452 3171 4454 _
3190 4377 3476 4436 memoriae
3511 4375 3776 4454 ίέριῼίιιιξε

2179 4447 2451 4509 Alcuinus
2475 4447 2620 4510 abba
2648 4447 2854 4509 abiisse
2867 4451 3134 4508 scribitur
3158 4452 3217 4508 in
3244 4467 3402 4524 pace,
3415 4463 3510 4524 xiv

2178 4523 2395 4596 Junius.
2423 4524 2694 4596 TomLVi
2717 4524 2909 4596 Antiq.
2938 4525 3089 4596 Lect.
3107 4530 3180 4596 _et
3218 4519 3288 4578 ad
3316 4520 3576 4596 eamdem
3625 4519 3774 4575 diem

2177 4593 2579 4667 Martyrologio
2596 4595 2811 4667 Rabani
2838 4591 2963 4666 ejus
2989 4593 3307 4667 celebratur
3317 4591 3634 4667 depositio.

2217 4735 2228 4746 _
2247 4661 2521 4749 C‘A'bs'que
2532 4665 2811 4749 Rudolphi
2831 4661 3477 4749 οὗτυιρειῐῃιινὶο.ῐιὲξεεεξξ,Δ
3488 4662 3666 4749 hujus

2173 4733 2552 4864 ginbaldijéiam
2576 4733 2736 4820 nulla
2748 4739 3022 4821 memoria
3047 4738 3273 4820 viveret.
3585 4733 3774 4803 itaque

2175 4825 2235 4864 in
2253 4809 2409 4864 Actis
2523 4809 2674 4866 bani.
2699 4811 2916 4866 Otirarii
2945 4809 3348 4866 archiepiscopi
3374 4806 3550 4860 fuisse
3579 4805 3774 4858 suifra-

2381 4827 2409 4863 8
2438 4823 2674 4874 Μοεηι,
2699 4823 2916 4874 υικωηι
2945 4823 3348 4874 arcniepiscopi
3374 4823 3512 4860 “1188

2288 4817 2409 4864 ictis
2438 4817 2674 4892 liabani,
2699 4817 2916 4892 Otgarii
2945 4817 3550 4934 archiegscopiuuisse
3579 4817 3773 4858 suurn-

2288 4897 2550 4952 eus,sive
2569 4881 3016 4952 chorepiscopus,
3034 4886 3123 4952 et”
3185 4877 3405 4952 hanom
3431 4876 3773 4952 transfereuo

2214 4949 2262 5023 is
2281 4951 2698 5023 condendisque
2727 4945 2826 5006 SS.
2870 4945 3152 5023 Venantii,
3184 4948 3396 5023 Urbani
3424 4955 3485 5002 et
3524 4945 3770 5023 Quirini,

2175 5021 2528 5094 aliorumque
2554 5017 2808 5078 divorum
2837 5021 3110 5094 reliquiis,
3138 5021 3400 5076 sedulum
3413 5025 3474 5074 et
3490 5017 3655 5090 pium
3671 5017 3773 5072 ad-

2173 5091 2342 5148 fuisse
2370 5091 2608 5150 constat.

2247 5163 2276 5206 ἀ
2304 5165 2385 5220 De
2410 5165 2590 5235 IEgile
2631 5163 2832 5219 abbate
2866 5163 3151 5232 Fuldeiisi,
3182 5162 3402 5219 Rabani
3439 5159 3768 5222 educatore.

2173 5239 2362 5317 actum
2389 5252 2580 5317 supra.

2244 5318 2270 5351 ο
2299 5305 2489 5362 Sancti
2517 5305 2804 5362 Bonifacii.

2241 5375 2266 5419 ἲ
2289 5377 2348 5434 8.
2381 5377 2684 5434 Salvatoris
2703 5385 2764 5433 et
2780 5377 2838 5434 S.
2867 5377 3174 5434 Michaelis.

2244 5458 2276 5521 ᾳ
2301 5449 2494 5521 Augiie
2511 5448 2699 5521 divitis
2723 5447 2775 5521 is
2784 5448 2982 5514 abbas,
2995 5446 3292 5521 Walafridi
3320 5445 3510 5521 sinsi
3538 5445 3769 5521 nomine

2172 5519 2338 5592 vulgo
2383 5516 2586 5587 notior,
2643 5519 2951 5592 discipulus
2993 5518 3228 5585 Rabani,
3247 5525 3317 5574 et
3353 5517 3416 5574 in
3457 5519 3517 5575 S.
3547 5516 3768 5574 Galliae
