3974 6180
225 297 367 354 1673

299 425 563 496 Perlegat
590 426 738 480 hunc
765 425 1013 489 titulum,
1044 423 1236 479 omnia
1261 424 1451 496 sicque
1481 425 1635 481 sciet.
1837 446 1890 506 Α

225 514 376 584 Ergo
405 514 832 569 Walachfredus
860 515 1173 582 tumulatus
1204 519 1353 568 sorte
1391 514 1646 585 quiescit,

302 603 604 674 Presbyter
632 609 689 658 et
710 603 1036 667 monachus,
1060 602 1286 671 ingenio
1319 602 1408 656 hic
1435 603 1671 658 validus.

225 690 416 746 Abbas
442 691 678 746 coenobii
706 692 894 762 hujus,
926 697 1222 763 custosque
1251 692 1451 757 ﬁdelis,

303 781 406 835 Hic
434 781 618 835 fuerat
636 787 796 835 caute
823 781 1090 850 dogmata
1109 797 1269 834 sacra
1294 781 1504 851 legens.

229 869 375 923 Nam
403 869 593 924 docuit
620 871 846 933 multos,
883 875 1191 924 metrorum
1217 871 1346 939 jure
1373 871 1618 941 peritus;-

301 957 543 1012 Dictavit
569 975 781 1025 versus,
814 975 982 1029 prosa
1007 958 1279 1013 facundus
1309 965 1448 1013 erat.

229 1046 480 1101 Invitans
509 1047 787 1103 instanter
814 1053 942 1102 ov'es
971 1048 1042 1102 ad
1066 1065 1271 1120 pascua
1302 1049 1487 1118 Regis,

301 1135 600 1190 Distribuit
627 1137 846 1192 dulcem
874 1137 1142 1191 fratribus
1169 1154 1265 1191 ore
1293 1139 1488 1192 salem.

229 1224 479 1280 Moribus
508 1225 628 1297 ipse
649 1225 876 1297 probus,
899 1227 1172 1281 virtutum
1197 1227 1452 1298 exempla
1479 1226 1725 1298 reliquit.

302 1314 602 1386 Discipulis
631 1322 840 1382 pastor,
873 1315 1051 1387 plebis
1078 1322 1136 1370 et
1162 1317 1345 1370 almus
1375 1333 1554 1369 amor.

229 1403 382 1458 Mors
403 1406 523 1459 fera
549 1406 647 1459 sed
663 1406 928 1476 juvenem
959 1405 1089 1459 hinc
1117 1404 1324 1476 rapuit,
1349 1405 1731 1475 damnumque
1748 1404 1830 1458 fe-

1585 1493 1765 1564 [rebat

303 1581 512 1646 Multis,
545 1582 642 1636 sed
673 1582 930 1636 Christus
962 1583 1109 1637 hunc
1134 1584 1269 1638 tulit
1294 1584 1365 1638 ad
1397 1583 1658 1655 Superos.

232 1667 498 1740 Quisquis
529 1670 678 1725 hunc
705 1670 935 1725 titulum
958 1671 1293 1743 recitas,pro
1313 1673 1418 1726 hoc
1444 1688 1608 1743 posco
1639 1670 1830 1724 ﬁdeles

304 1757 494 1812 Funde
525 1776 717 1830 preces
746 1759 989 1826 Christo,
1012 1760 1202 1831 sicque
1232 1761 1416 1831 places
1447 1760 1705 1814 Domino.

547 1893 642 1942 XI.
666 1919 732 1929 —
767 1905 1130 1944 EPITAPHIUM
1165 1904 1511 1943 ADALHARDI.

233 1998 335 2054 Hic
359 2000 512 2070 jacet
537 2000 785 2056 inclusus
808 2001 1163 2055 Adalhardus
1192 2001 1430 2076 nomine.
1445 2001 1646 2064 dictus,

306 2090 463 2144 Unus
492 2090 561 2144 de
589 2091 757 2157 clero,
785 2108 936 2146 mors
964 2091 1083 2145 fera
1102 2108 1268 2162 quem
1303 2091 1508 2162 rapuit.

235 2177 597 2233 Hartnandus
624 2179 853 2233 titulum
884 2195 1051 2250 quem
1083 2179 1331 2234 condidit
1353 2180 1472 2252 ipse
1501 2179 1796 2251 precando,

307 2268 409 2322 Cui
442 2268 591 2323 dicat
618 2269 793 2325 lector
824 2288 835 2322 :
872 2271 956 2324 Tu
987 2269 1274 2334 miserere,
1309 2270 1476 2324 Deus.

237 2405 785 2460 XII.—apm\pmum
799 2417 1106 2458 ISAMBBRTI
1123 2417 1473 2458 passuram
1486 2418 1558 2456 ετ
1571 2418 1834 2458 normam

237 2524 476 2579 Noricus
507 2541 572 2578 ex
591 2524 844 2595 patribus
871 2542 975 2595 ego
1001 2541 1127 2578 sum
1157 2523 1522 2579 Germanicus
1551 2525 1725 2589 exsul,

308 2613 606 2667 Wasconia
621 2615 866 2684 genitus,
889 2613 1180 2686 presbyter
1216 2620 1272 2668 et
1304 2614 1631 2679 monachus,

239 2704 456 2758 Nomen
477 2703 635 2775 sique
663 2719 854 2758 meum
875 2704 1079 2774 quaeris
1108 2708 1173 2758 tu
1195 2705 1387 2772 lector,
1410 2705 1662 2771 honeste,

310 2792 564 2847 Isanbert
589 2792 759 2859 dicor,
793 2792 883 2847 cui
913 2793 1201 2860 miserere,
1231 2793 1399 2848 Deus.

763 2925 916 2975 XIII.
945 2951 1004 2963 —
1030 2937 1312 2977 EJUSDEM.

240 3035 478 3092 Noricus
505 3053 569 3090 ex
598 3053 804 3108 genere
832 3039 1049 3092 fueram
1088 3044 1256 3108 atque
1293 3037 1660 3109 Aquitanicus
1688 3043 1836 3104 ortu,

312 3125 548 3180 Francia
570 3143 770 3197 meque
800 3127 958 3194 aluit,
994 3143 1170 3198 quove
1197 3127 1278 3181 fui
1308 3128 1634 3183 monachus.

241 3217 475 3270 Ferrum
496 3232 586 3269 me
617 3215 830 3269 clarum
850 3215 1064 3270 dudum
1095 3215 1283 3270 dixere
1313 3222 1593 3288 parentes,

315 3305 510 3360 Mortis
531 3321 679 3360 nunc
708 3305 928 3359 tumulo
958 3305 1178 3359 vincula
1198 3305 1324 3359 dira
1348 3313 1632 3376 premunt.

775 3436 923 3486 XIV.
950 3463 1012 3472 —
1031 3447 1309 3488 EJUSDEM.

245 3551 448 3608 Norica
475 3552 657 3624 prima
690 3568 893 3623 parens
922 3552 1124 3618 fuerat,
1162 3552 1466 3624 Aquitania
1495 3560 1695 3618 mater,

315 3641 555 3696 Francia
585 3658 675 3695 me
695 3642 902 3713 rapuit,
929 3641 1223 3713 presbyter
1252 3635 1422 3714 atque
1441 3643 1552 3696 fui.‘

246 3731 352 3796 Qui
381 3730 488 3785 vixi
517 3731 823 3785 monachus
855 3731 1111 3786 Isanbert
1145 3731 1372 3786 nomine
1400 3731 1600 3792 dictus,

318 3821 492 3890 Cujus
519 3825 602 3886 tu,
635 3820 828 3886 lector,
853 3825 972 3874 esto
1002 3837 1221 3875 memor
1247 3819 1522 3892 precibus.
1671 3882 1677 3889 .

250 3910 382 3964 Ecce
412 3909 531 3975 tibi,
571 3915 635 3963 ut
661 3915 901 3980 peteras,
938 3909 1240 3980 conscripsi
1271 3914 1565 3980 promptus
1593 3925 1804 3966 amore.

317 3998 522 4052 Versus
553 3997 624 4050 ad
654 3999 956 4064 tumulum,
989 3997 1163 4052 dulcis
1185 3997 1382 4064 amice,
1415 4005 1577 4052 tuum
1611 4016 1626 4052 :

246 4086 560 4157 Tripliciter
579 4086 823 4140 condens
847 4087 1096 4153 titulum,
1126 4087 1473 4157 Trinumque
1508 4087 1805 4157 precando,

243 4203 256 4219 ι
319 4175 476 4238 Quod
507 4181 562 4229 te
589 4182 878 4230 conservet
901 4193 1158 4231 summus
1183 4175 1254 4230 ab
1282 4193 1408 4230 arce
1439 4177 1606 4230 Deus.

245 4263 329 4318 Tu
350 4280 566 4318 memor
584 4269 704 4319 esto
731 4265 843 4320 mei
864 4282 992 4321 cum
1020 4266 1173 4320 vivas
1201 4282 1372 4320 sanus
1391 4264 1450 4318 in
1481 4264 1633 4331 orbe,

319 4353 453 4407 Post
481 4352 648 4409 funus
673 4360 861 4410 tecum
891 4361 956 4410 ut
982 4355 1143 4410 laetus
1171 4355 1243 4409 ad
1273 4360 1426 4409 astra
1453 4360 1662 4426 petam.

1208 298 1557 355 CARMINA.
1582 329 1646 340 -
1679 300 1931 358 SECTIO
1957 303 2070 363 'III.
2111 303 2518 360 EPITAPHIA.

3362 300 3499 359 1674

2230 427 2352 479 XV.
2369 454 2435 466 —
2462 439 2816 480 EPITAPHIUM
2853 437 3187 478 wrormng.

1911 561 2124 617 Nobilis
2155 580 2273 618 esse
2296 565 2449 635 jacet
2475 563 2756 618 tumulata
2782 561 2872 616 hic
2900 561 3111 632 femina
3139 561 3404 633 Wigfrid,

1983 652 2164 716 Quam
2184 654 2326 707 Saxo
2347 659 2516 724 atque
2534 653 2788 723 Thuring
2803 652 3053 723 gaudent
3076 650 3284 706 habere
3300 668 3500 723 genus.

1912 741 2042 795 Haec
2065 759 2288 813 quoque
2306 741 2632 813 conjugium
2650 741 2849 796 sortita
2869 757 2932 795 ac
2953 740 3186 812 pignora
3206 740 3501 813 prompsit,

1979 831 2049 884 Et
2078 837 2204 901 post
2233 831 2394 885 busta
2421 831 2524 884 viri
2545 843 2567 868 ³
2598 847 2788 885 nonna
2814 830 2998 884 dicata
3028 830 3143 884 Deo
3173 836 3277 885 est.

1907 919 2050 973 Nam
2079 919 2308 974 titulum
2337 920 2503 974 scribi
2533 921 2682 974 hunc
2711 921 2832 989 ejus
2863 936 3084 991 quoque
3114 919 3230 974 (ilia
3260 919 3408 982 fecit,

1979 1009 2262 1076 Theofrid,
2294 1027 2415 1080 quae
2435 1009 2602 1064 matri
2625 1011 2864 1081 jungere
2894 1009 3062 1064 funus
3089 1013 3263 1064 amat.

2169 1178 2314 1229 XVI.
2341 1204 2402 1216 —-
2431 1190 2780 1229 EPI’I‘APHIUM
2805 1179 2832 1218 ιι
2851 1189 3257 1231 IRMINGARDIS.

1911 1313 2239 1398 Ingrediens
2269 1311 2521 1384 quisquis
2540 1313 2685 1367 hanc
2713 1312 2890 1368 aedem
2917 1312 3025 1367 rite
3045 1311 3275 1378 revisas,

1984 1405 2224 1458 Noscere
2250 1407 2307 1456 te
2336 1401 2510 1456 libeat
2537 1402 2670 1472 quid
2697 1401 2915 1457 tumulo
2944 1403 3050 1456 hoc
3073 1402 3266 1457 lateat.

1907 1493 2141 1548 Femina
2168 1492 2257 1546 hic
2286 1497 2487 1563 pausat
2515 1491 2770 1562 Augusta
2799 1498 2857 1546 et
2883 1491 3086 1546 nobilis
3117 1498 3264 1558 ortu,

1986 1582 2340 1651 Irmingarda
2364 1581 2454 1636 cui
2483 1597 2690 1635 nomen
2721 1586 2842 1635 erat
2861 1580 3132 1635 deditum.

1913 1671 2046 1734 Quae
2067 1671 2171 1724 hoc
2196 1687 2335 1741 opus
2367 1670 2639 1742 incipiens
2669 1671 2760 1726 hic
2787 1672 2977 1726 aulam
3008 1672 3247 1728 condere
3269 1672 3440 1744 jussit

1982 1758 2068 1812 Ad
2089 1757 2297 1812 Christi
2321 1758 2546 1811 laudem
2577 1764 2747 1829 atque
2771 1760 2858 1814 sui
2879 1760 3154 1831 requiem.

1912 1846 2058 1900 Nam
2092 1846 2184 1917 pia
2213 1844 2500 1915 relliquias
2529 1851 2853 1900 sanctorum
2881 1864 2948 1901 ex
2973 1847 3113 1903 urbe
3143 1854 3436 1920 receptans

1983 1935 2255 1999 Romana,
2285 1934 2394 1987 huc
2421 1934 2572 1988 vexit
2597 1933 2798 2006 hicque
2825 1935 3030 1990 locavit
3058 1953 3172 2002 eas,

1913 2025 2172 2096 Ipsorum
2199 2029 2424 2095 caperet
2451 2023 2667 2078 meritis
2696 2030 2761 2078 ut
2778 2024 2988 2095 gaudia
3012 2025 3159 2090 vitae,

1987 2113 2184 2168 Delicti
2208 2130 2274 2167 ac
2296 2112 2513 2166 veniam
2547 2112 2860 2184 perciperet
2887 2112 3163 2183 precibus.

1917 2204 2083 2258 Caste
2113 2217 2446 2255 conversans
2465 2199 2751 2254 mundana
2781 2200 2897 2254 haec
2921 2199 3132 2270 gaudia
3158 2200 3384 2271 sprevit,

1988 2289 2336 2363 Pauperibus
2367 2290 2525 2360 larga
2553 2288 2815 2351 omnibus
2843 2293 2977 2361 apta
2995 2287 3176 2343 bonis.

1916 2379 2192 2435 Nobiliter
2215 2379 2368 2444 vixit,
2402 2378 2528 2432 aliis
2555 2379 2809 2450 exempla
2836 2377 3067 2449 reliquit

1988 2469 2296 2535 Virtutum,
2325 2468 2555 2523 sibimet
2581 2467 2813 2539 praemia
2841 2468 2969 2521 laeta
2993 2483 3216 2538 parans.

1921 2560 2049 2614 Haec
2079 2576 2300 2630 quoque
2341 2559 2478 2613 dum
2517 2558 2767 2628 expleret
2796 2557 3045 2626 juvenile
3081 2555 3173 2611 hic
3210 2561 3434 2626 tempus
3461 2563 3522 2612 et

1987 2648 2220 2702 Matura:
2241 2648 2425 2702 aetatis
2454 2646 2747 2717 inciperet,
2775 2645 2896 2716 jam
2927 2645 3084 2700 obiit.
3236 2645 3453 2715 [annos,

1916 2735 2200 2806 Linquens
2229 2751 2405 2805 regna
2431 2733 2535 2789 soli
2562 2733 2877 2805 penetravit
2905 2749 3079 2803 regna
3105 2732 3384 2804 polorum,

1990 2824 2132 2877 Cum
2162 2823 2385 2878 Christo
2415 2828 2472 2876 et
2499 2821 2706 2877 sanctis
2725 2821 2938 2892 gaudia
2965 2837 3097 2874 vera
3125 2825 3345 2875 tenens.

1924 2912 2080 2966 Hanc
2109 2929 2245 2982 rogo
2272 2917 2354 2977 tu,
2388 2911 2582 2978 lector,
2613 2911 2947 2966 commenda
2973 2909 3081 2964 rite
3106 2906 3346 2965 Tonanti

1993 3001 2246 3055 Assiduis
2278 3000 2555 3070 precibus,
2585 2999 2844 3056 Christus
2865 3016 2989 3054 eam
3015 3003 3081 3053 ut
3100 2998 3325 3053 habeat.

1924 3091 2065 3144 Cum
2099 3105 2208 3160 quo
2237 3089 2593 3159 congaudens
2620 3088 2769 3142 vivat
2797 3088 3036 3142 feliciter
3061 3087 3186 3158 ipsa

1861 3175 1904 3236 C
1996 3177 2280 3250 Angelicis
2307 3194 2530 3248 semper
2549 3177 2726 3232 mixta
2744 3177 2909 3231 beata
2936 3176 3138 3231 choris.

1925 3269 2040 3323 Has
2070 3285 2174 3340 ego
2204 3267 2468 3322 Rabanus
2498 3267 2708 3322 confeci
2735 3267 2985 3322 versibus
3013 3266 3169 3330 odas,

1996 3359 2073 3413 Ex
2103 3357 2259 3412 obitu
2289 3363 2542 3422 maestus,
2585 3373 2650 3410 ex
2682 3355 2875 3427 requie
2905 3361 2962 3409 et
2987 3355 3298 3426 gratulans.

1925 3495 2076 3563 Obg'it
2109 3496 2290 3563 autem
2312 3493 2676 3563 Iryningarda
2699 3491 3032 3563 imperati-iw
3057 3503 3200 3545 anno
3225 3489 3526 3563 Doming

1985 3557 2404 3626 [usurpationis
2449 3551 2672 3626 qéccm,
2725 3551 3034 3626 ὺῐιζίειίοτιθ
3086 3567 3200 3626 xiv,
3245 3565 3346 3626 ξω
3389 3551 3523 3626 ζει.

1983 3619 2224 3686 Aprilis,
2250 3620 2313 3671 in
2337 3619 2430 3671 die
2454 3620 2778 3674 Parus-ceae.
2805 3618 2944 3672 hora
2966 3617 3132 3684 quasi
3152 3618 3328 3681 sexta,
3359 3616 3412 3669 σι
3435 3627 3523 3668 rc-

1986 3681 2201 3748 qm’cm’t
2225 3681 2288 3734 in
2303 3693 2458 3746 pace.

2269 3860 2447 3912 XVII.
2473 3885 2536 3896 —
2569 3870 2932 3910 BPITAPHIUM
2963 3869 3180 3908 τυτιιςι.

1928 4001 2031 4056 Hic
2051 4003 2206 4072 jacet
2229 4000 2469 4072 insignis
2487 4000 2589 4065 vir,
2609 3999 2837 4054 nomine
2864 3998 3052 4065 Tutin,
3085 3997 3372 4052 humatus.

1999 4091 2299 4162 Complens
2317 4103 2693 4155 communem,
2719 4095 2869 4144 sorte
2886 4093 3137 4155 vocante,
3163 4087 3341 4156 diem;

1927 4181 2058 4236 Alta
2081 4181 2360 4234 clarorum
2387 4179 2483 4250 qui
2505 4184 2671 4233 natus
2693 4178 2866 4250 stirpe
2896 4183 3216 4249 parentum,

2000 4270 2154 4323 More
2182 4255 2336 4323 omni
2373 4284 2630 4340 proceres
2656 4267 3022 4338 aequiparavit
3049 4284 3200 4321 avos.

1929 4357 2180 4427 Ingenio,
2215 4357 2512 4428 probitate,
2543 4355 2650 4409 ﬁde
2677 4355 2943 4426 verbique
2970 4355 3170 4410 decore

1238 4533 1549 4588 SCHOLIA
1587 4533 2125 4590 CHRISTOPHORI
2163 4535 2524 4590 BROWERI.

251 4683 513 4758 Fuld_ensi
542 4684 900 4758 monasteriis
927 4684 1219 4758 educatus.
1235 4685 1316 4758 De
1344 4701 1454 4758 quo
1483 4689 1621 4758 tom.
1646 4685 1719 4740 VI
1739 4687 1914 4758 An-D
1930 4686 2294 4758 rimingardis
2313 4703 2374 4740 re

247 4756 350 4826 tiq.
376 4756 527 4809 Lect.
562 4771 629 4809 ex
657 4754 888 4809 diversis
918 4756 1096 4809 multa
1123 4756 1346 4826 collegit
1360 4754 1641 4811 Henricus
1682 4757 1846 4811 Cani-

247 4828 382 4899 sius,
426 4833 483 4880 et
518 4827 574 4899 in
609 4826 1018 4899 Antiq.AFuld.,
1061 4826 1156 4880 lib.
1189 4844 1224 4892 ι,
1258 4827 1422 4899 laude
1451 4845 1578 4882 eum
1605 4845 1709 4881 sua
1743 4844 1844 4899 pro

245 4898 449 4951 merito
468 4897 974 4951 cohonestavimus.
990 4900 1254 4952 Creatum
1285 4898 1544 4953 abbatem
1563 4897 1761 4953 volunt
1786 4899 1844 4952 in

243 4969 441 5022 ordine
470 4969 882 5036 duodecimum,
899 4985 1047 5023 anno
1075 4970 1282 5024 Christi
1304 4970 1406 5025 842
1427 4970 1630 5024 abiisse
1651 4971 1709 5024 in
1727 4972 1844 5024 Au-

239 5041 356 5110 gia,
393 5057 502 5112 quo
531 5041 636 5112 hoc
670 5040 1018 5112 epitaphium
1053 5042 1450 5095 transmissum
1470 5058 1562 5094 an.
1597 5041 1720 5104 849,
1756 5059 1844 5096 re-

238 5111 474 5182 giminis
504 5111 590 5165 sui
621 5111 845 5179 octavo;
880 5118 943 5166 ut
971 5114 1210 5166 Jodocus
1239 5112 1661 5177 Meztlerus,lib.
1693 5113 1761 5167 de
1783 5113 1846 5166 il-

239 5181 514 5236 lustribus
531 5182 680 5237 Viris
701 5184 757 5237 S.
783 5183 949 5249 Galli,
976 5201 1042 5237 ex
1063 5185 1385 5239 Hermanno
1416 5185 1734 5249 Contracto,
1749 5185 1846 5239 do-

238 5253 377 5308 cuit.

313 5341 338 5362 -
361 5325 776 5399 Repetitu_m_ab
796 5325 998 5399 ultima
1017 5326 1465 5382 Christianorum
1483 5327 1838 5399 antiquitate,

239 5413 445 5450 nonnae
474 5395 801 5486 vocabulum
820 5397 1090 5486 Patribus
1113 5405 1422 5486 usurpatur
1448 5395 1843 5486 pro.rél.ilgiosa

237 5474 298 5522 et
325 5474 649 5540 consecrata
676 5469 791 5523 Deo
819 5467 1056 5540 femina:
1077 5468 1132 5522 id
1163 5467 1313 5540 quod
1340 5467 1497 5524 valde
1525 5467 1842 5540 significan-

239 5544 335 5594 ter
354 5539 410 5593 S.
445 5538 674 5611 Hieron.
711 5556 799 5611 ep.
830 5538 919 5604 ‘22,
955 5540 1024 5593 ad
1056 5538 1417 5611 Eustochium
1452 5558 1463 5592 :
1509 5538 1838 5596 Maritorum

235 5615 484 5680 expertae
540 5610 912 5676 dominatum,
945 5610 1233 5664 viduitatis
1281 5612 1584 5681 praeferunt
1617 5611 1842 5665 liberta-

236 5686 380 5734 tem.
413 5682 591 5735 Castae
619 5688 889 5735 vocantur
918 5688 975 5735 et
1002 5699 1221 5736 nonnae.
1255 5683 1514 5736 Consule.

312 5751 342 5784 ³³
359 5752 527 5806 Plane
547 5752 906 5825 consentiens
919 5753 1049 5806 huic
1059 5753 1344 5824 epitaphio
1354 5753 1659 5825 Reginonis
1671 5755 1843 5808 Chro-

232 5822 429 5879 nicon.
457 5842 482 5876 ‹‹
505 5825 666 5879 Anno
686 5823 991 5881 Dominicze
1011 5822 1421 5882 Incarnationis
1439 5822 1548 5883 851
1583 5825 1722 5883 obiit
1735 5827 1842 5882 He-

484 5924 750 5988 Punon.
783 5924 970 6002 CXII.

2417 4687 2528 4770 ina,
2544 4689 2744 4770 conjux
2760 4687 3010 4770 Loth-arii
3040 4687 3177 4770 imp.
3191 4687 3526 4770 venerabilis

1930 4703 2294 4758 nmmgarais
2313 4703 2528 4811 regina,
2544 4703 2744 4758 conjux
2760 4703 3010 4742 Latinam
3040 4704 3177 4770 imp.
3191 4703 3526 4744 veneramus

1929 4764 1987 4813 et
2012 4759 2128 4812 Deo
2148 4764 2374 4830 accepta
2414 4759 2504 4812 lllS
2529 4765 2805 4812 matrona.
2832 4778 2857 4811 n
2881 4761 2957 4813 At
2981 4759 3178 4830 priscxs
3201 4759 3526 4830 diplomatis

1928 4846 2134 4884 nomen
2170 4831 2343 4885 etiam
2393 4830 3056 4902 imperatricisipraeferre
3085 4830 3519 4902 observavimus.

1929 4902 2102 4955 Porro
2133 4901 2469 4972 Irmingardi
2489 4903 2754 4972 Augustae
2775 4901 2832 4954 in
2855 4901 3142 4972 praenobili
3168 4901 3397 4972 Alsatici
3418 4901 3523 4955 soli

1929 4973 2208 5042 virginum
2227 4971 2596 5044 monasterio,
2605 4973 2751 5044 quod
2763 4971 3519 5044 Ehrinsteiniumappellant,

1928 5044 2216 5114 sepultura
2233 5044 2455 5098 obvenit
2478 5062 2488 5096 ε
2517 5043 2575 5097 id
2597 5042 2726 5097 vero
2749 5044 3153 5098 monasterium
3175 5042 3526 5114 Hirrningar-

1928 5113 2033 5180 dis,
2067 5131 2205 5170 uxor
2252 5114 2515 5168 Ludovici
2552 5115 2658 5178 Pii,
2713 5116 2860 5169 circa
2909 5131 3120 5170 annum
3161 5113 3383 5168 Domini
3417 5114 3520 5169 819

1925 5186 2070 5240 felici
2092 5186 2305 5256 origine
2329 5187 2520 5240 beasse
2537 5205 2548 5254 ;
2565 5187 2863 5241 Lotharius
2885 5193 3074 5240 autem
3100 5191 3158 5238 et
3175 5185 3297 5256 ejus
3317 5186 3523 5256 conjux

1925 5255 2293 5327 Irmingardis
2315 5258 2505 5312 multis
2525 5257 2722 5328 opibus
2731 5259 3047 5312 cumulasse
3067 5255 3345 5328 scribitur.
3362 5257 3522 5328 Unde

1924 5328 2179 5383 Bruschii
2209 5328 2486 5400 placitain
2507 5327 2759 5398 catalogo
2788 5327 3282 5400 Argentinensium
3304 5327 3522 5400 episco-

1963 5417 2124 5454 orum
2155 5398 2267 5455 non
2295 5399 2629 5465 dissimules,
2659 5398 2902 5472 quicum
2931 5398 3181 5454 Lotharii
3199 5398 3406 5471 reginae
3422 5400 3521 5456 tri-

1924 5418 2046 5524 buit
2073 5472 2435 5524 narthenonis
2459 5471 2755 5524 originem.
2790 5471 2934 5524 hanc
2962 5477 3021 5524 et
3061 5470 3236 5524 ﬁliam
3265 5471 3520 5524 eiusdem

1960 5471 2046 5526 uit
2064 5472 2435 5543 parthenonis
2459 5470 2755 5543 originem,
2790 5471 2934 5543 hanc
2962 5477 3029 5543 et
3061 5470 3520 5543 ﬁliamiejusdem

1924 5541 2166 5596 nominis
2194 5541 2272 5597 ibi
2307 5541 2616 5597 tumulatas
2661 5542 2892 5599 accepit.
2927 5542 3037 5599 Sed
3074 5541 3383 5598 auscultem
3429 5543 3521 5599 hic

1924 5560 2166 5596 nominis
2194 5560 2272 5597 ιυι
2307 5560 2616 5597 tumulatas
2661 5560 2788 5598 acce
2831 5560 2892 5597 ιι.
2928 5560 3037 5599 aeu
3074 5560 3383 5598 auscultem
3431 5560 3515 5599 mc

1923 5612 2118 5697 magis
2151 5613 2495 5697 recentipris,
2537 5560 2968 5697 haud‘vufgaris
3021 5619 3175 5697 notae.
3211 5613 3515 5697 scriptoris,

1924 5683 2595 5757 ErancisciGuillimanni
2633 5683 2886 5757 arbitrio,
2911 5702 3078 5757 quem
3108 5685 3278 5738 adeas
3298 5683 3433 5757 licet
3458 5683 3517 5735 in

1925 5755 2171 5810 Hattone
2192 5755 2681 5826 Argentoratensis
2701 5754 2955 5814 Ecclesia:
2978 5755 3238 5830 episcopo
3259 5754 3517 5810 vicesimo

1922 5842 2056 5882 uno.
