2031 3150
382 183 456 215 ﬁ.
538 190 551 194 _
828 189 843 192 Α
1261 186 1583 210 ,__,_____,__
1672 184 1792 210 lg”,

425 318 738 366 innToaUM
784 291 1573 365 pATROLOGnaiunEFATuL‘

210 552 237 590 Α
253 558 392 599 pueritia
407 559 441 589 in
455 558 573 588 iitteris
589 557 689 588 sacris
705 560 736 588 et
753 557 894 596 profanis
910 557 1079 589 institutus
1087 558 1316 590 Constantinus
1329 556 1666 596 Porphyrogennetus,
1685 556 1800 588 Leonis

169 607 336 646 Sapientis
361 607 446 637 ﬁlius
477 610 507 637 et
522 606 686 642 alumnus,
704 605 796 645 plura
827 613 924 645 quam
940 610 1028 645 pater
1042 606 1142 636 edidit
1157 606 1321 637 volumina
1333 628 1341 642 ,
1358 605 1477 646 quibus
1493 612 1620 635 summa
1634 604 1703 644 ejus
1718 613 1796 636 eru-

168 655 252 686 ditio
266 659 297 686 et
317 655 429 694 ingens
458 654 636 686 litterarum
649 662 739 684 amor
752 654 886 684 miriﬁce
916 653 1117 684 elucescunt.
1148 654 1249 694 Major
1277 658 1381 685 tamen
1411 653 1604 692 scriptorum
1629 654 1698 692 ejus
1727 661 1800 691 pars

168 702 252 733 circa
268 706 457 742 argumenta
487 701 617 741 profana
645 700 807 738 versatur;
849 700 955 732 minor
989 709 1059 741 pars
1100 706 1292 741 argumenta
1317 702 1441 733 ordinis
1470 700 1601 732 moralis
1639 699 1688 731 vel
1716 701 1798 746 sacri

170 753 292 780 tractat.

210 797 327 828 Odaria
359 797 547 833 catanuctia,
565 805 638 836 qute
664 796 697 827 in
727 805 821 827 usum
838 797 987 828 Ecclesiae
1005 797 1270 837 composuit,jam
1289 797 1455 828 edidimus
1470 805 1542 828 cum
1560 796 1688 836 scriptis
1706 796 1801 828 litur—

168 845 248 885 gicis
265 846 363 885 patris
378 846 458 886 ejus,
473 846 665 885 Patrologite
696 850 783 876 tomo
801 845 888 883 CVII,
910 851 980 884 pag.
999 841 1068 872 299.

210 893 383 925 Homiliam
397 895 436 925 de
450 894 658 925 translatione
670 894 882 934 reliquiarum
899 893 999 923 sancti
1017 892 1151 924 Joannis
1179 893 1416 933 Chrysostomi,
1431 901 1527 932 quam
1544 896 1670 924 exstare
1684 894 1800 924 asserit

170 942 317 979 Allatius,
335 943 379 972 De
392 943 578 982 Symeonum
591 943 733 981 scriptis,
751 951 782 980 p.
797 943 866 979 111,
881 950 944 980 prae
960 941 1112 972 manibus
1128 949 1192 972 non
1212 941 1381 972 habemus.

157 1007 159 1009 -
208 990 371 1020 Habemus
389 994 495 1020 autem
527 990 693 1020 homiliam
714 989 784 1028 ejus
802 989 844 1018 De
859 988 1068 1019 translatione
1087 989 1237 1028 imaginis
1249 989 1424 1024 Edessemr,
1437 997 1454 1019 a
1474 989 1666 1020 Combeﬁsio
1680 989 1796 1020 editam

169 1036 200 1068 in
216 1037 339 1076 Manip.
354 1046 463 1067 rerum
485 1037 827 1076 Conslantinop.ﬂanc
841 1047 856 1068 a
873 1037 1082 1068 Constantino
1090 1038 1395 1077 Porphyrogenneto
1415 1037 1565 1075 scriptam
1582 1037 1683 1068 fuisse
1699 1037 1797 1068 dubi—

168 1088 276 1115 tarunt
297 1084 460 1121 nonnulli,
480 1085 535 1124 qui
556 1093 625 1115 eam
642 1085 699 1115 uni
715 1094 753 1116 ex
767 1086 995 1116 suet—ssoribus
1015 1085 1216 1116 Constantini
1235 1085 1438 1116 tribuendam
1454 1093 1532 1115 esse
1559 1084 1797 1116 existimarunt.

169 1134 206 1163 At
236 1141 415 1172 perperam.
443 1133 489 1163 Ex
507 1132 643 1162 historia
658 1133 746 1163 enim
785 1132 1145 1173 Constantinopolitana
1160 1137 1283 1164 constat
1301 1133 1475 1172 imaginem
1490 1133 1687 1163 Edessenam
1712 1141 1798 1164 anno

166 1181 299 1211 Domini.
315 1180 372 1210 9th
387 1180 699 1218 Constantinopolim
720 1180 821 1211 fuisse
837 1181 1033 1216 translatam,
1050 1185 1081 1212 et
1097 1182 1263 1212 homiliam
1283 1181 1341 1212 hac
1366 1181 1534 1212 occasione
1561 1181 1724 1212 recitatam
1755 1183 1794 1212 ah

166 1228 364 1266 imperatore
396 1228 456 1257 ΟΡ.
480 1227 580 1258 fuisse
615 1228 837 1266 compositam.
866 1230 963 1259 Porio
1000 1237 1085 1260 anno
1109 1229 1168 1259 9U;
1196 1229 1306 1260 nullus
1340 1230 1515 1268 imperator
1554 1229 1610 1260 CP.
1646 1230 1799 1269 regnabat

167 1280 283 1314 praeter
300 1275 566 1312 Constantinum;
590 1275 660 1315 ipse
678 1275 789 1314 igitur,
816 1280 846 1308 et
869 1285 932 1307 non
952 1277 1046 1314 alius,
1073 1277 1170 1317 hujus
1185 1277 1326 1308 homiliae
1342 1282 1455 1308 auctor
1472 1277 1638 1307 habendus
1657 1281 1717 1308 est.

206 1322 342 1354 Novella
358 1323 606 1354 Constitutiones
622 1324 838 1361 Constantini,
851 1324 918 1356 fere
935 1333 1061 1361 omnes,
1078 1324 1261 1363 argumenti
1280 1325 1361 1355 sacri
1380 1333 1438 1355 seu
1454 1324 1666 1355 ecclesiastici
1697 1330 1770 1356 sunt
1787 1334 1798 1361 ;

165 1378 204 1400 ac
222 1370 353 1409 proinde
370 1370 421 1401 hic
447 1371 628 1410 repetendae
649 1371 792 1403 fuerunt.
814 1373 918 1403 Prima
935 1378 1066 1405 vocatur
1095 1381 1113 1404 a
1135 1373 1252 1404 Graecis
1268 1372 1380 1404 Tomos
1411 1374 1558 1409 Unionis,
1597 1374 1673 1413 quia
1695 1373 1797 1404 ﬁnem
1838 1375 1840 1377 '

169 1419 325 1458 imposuit
352 1419 514 1450 schismati
535 1420 567 1449 in
584 1420 669 1450 clero
697 1420 846 1451 orientali
867 1425 977 1453 exorto
1009 1422 1049 1453 ob
1076 1426 1206 1461 quartas
1235 1422 1366 1461 nuptias
1396 1421 1515 1452 Leonis
1543 1421 1715 1461 Sapientis.
1759 1422 1795 1452 In

167 1474 265 1503 opere
283 1468 324 1496 De
346 1467 524 1497 cerimoniis
551 1467 631 1497 aulw
643 1468 839 1507 Byzantina,
854 1468 909 1500 lib.
928 1479 949 1506 ι,
966 1471 1068 1509 capite
1083 1471 1138 1507 36,
1156 1470 1308 1509 leguntur
1322 1470 1522 1501 Obseruando
1544 1470 1577 1500 in
1595 1471 1797 1509 proventum

165 1515 295 1545 uniom's
310 1514 466 1552 Ecclesiw,
482 1525 538 1546 seu
552 1516 676 1556 quando
696 1517 809 1547 Tomus
827 1519 955 1548 unionis
972 1517 1120 1549 Ecclesia!
1132 1518 1320 1558 prwlegilur
1338 1529 1346 1552 ;
1360 1527 1398 1549 ex
1414 1518 1704 1558 quibuscolligare
1722 1517 1797 1549 licet

165 1562 284 1593 festum
305 1563 564 1594 anniversarium
584 1564 675 1595 illius
691 1566 823 1596 unionis
836 1566 916 1597 olim
951 1567 1010 1598 (ΞΡ.
1026 1566 1128 1598 fuisse
1146 1566 1355 1598 celebratum.

205 1611 295 1650 Opus
309 1611 368 1643 hoc
389 1613 434 1642 De
447 1613 626 1644 cerimoniis
658 1613 739 1643 aulw
756 1613 818 1644 ΟΡ.
837 1615 938 1647 multo
961 1624 1000 1648 ex
1018 1615 1120 1654 capite
1144 1615 1181 1646 ad
1222 1615 1444 1646 elucidandam
1466 1613 1632 1646 historiam
1649 1612 1798 1647 ecclesia-

163 1658 275 1689 sticam
294 1659 483 1691 orientalem
512 1664 543 1692 et
560 1665 678 1692 statum
709 1662 858 1692 Ecclesiae
885 1663 1013 1694 civilem
1027 1664 1059 1694 in
1077 1663 1210 1695 Oriente
1236 1663 1386 1694 inservit.
1404 1664 1534 1694 Constat
1545 1663 1632 1693 enim
1650 1661 1796 1701 antiquis

166 1711 198 1737 et
218 1707 311 1738 novis
326 1708 543 1745 documentis,
561 1710 736 1750 diligenter
759 1711 914 1747 collectis,
931 1712 1051 1752 quibus
1066 1713 1296 1742 describuntur
1317 1711 1490 1750 utriusque
1509 1709 1676 1750 potestatis
1697 1710 1792 1750 jura,

161 1753 266 1785 ofﬁcia
295 1759 324 1786 et
341 1765 485 1787 munera.
514 1759 558 1788 Ex
584 1766 622 1788 eo
640 1763 772 1798 apparet
798 1760 1007 1797 patriarcham
1035 1761 1092 1791 CP.
1117 1760 1258 1800 primum
1281 1759 1592 1798 postimperatorem
1619 1757 1724 1789 locum
1760 1758 1795 1788 in

165 1806 229 1832 toto
254 1802 390 1842 imperio
406 1812 604 1844 occupasse;
622 1814 657 1837 ac
673 1815 757 1846 saepe
774 1807 892 1846 saepius
905 1817 954 1838 res
969 1807 1082 1838 civiles
1098 1807 1352 1843 administrasse,
1375 1815 1440 1837 non
1469 1814 1563 1837 secus
1586 1814 1622 1836 ac
1653 1805 1792 1844 impera-

163 1853 213 1881 tor
235 1859 285 1881 res
311 1852 543 1883 ecclesiasticas
582 1854 740 1885 moderari
760 1857 908 1887 audebat.
941 1857 975 1887 ln
997 1857 1106 1887 multis
1131 1856 1305 1895 imperator
1329 1863 1378 1889 se.
1395 1859 1430 1885 ut
1464 1854 1549 1884 ﬁlius
1569 1853 1719 1885 Ecclesiae
1735 1855 1795 1885 ob-

163 1899 449 1938 sequentissimus,
478 1901 660 1933 auctoritati
690 1903 877 1943 patriarcha:
896 1904 1104 1943 subjiciebat;
1124 1904 1178 1934 sed
1197 1903 1313 1942 pariter
1328 1902 1504 1942 patriarcha
1519 1902 1577 1932 (ΣΡ.
1592 1905 1625 1932 ut
1645 1900 1795 1932 subditus

166 1948 367 1988 imperatoris
379 1950 609 1982 devotissimus
623 1961 693 1984 sese
718 1963 831 1992 gerere
851 1953 984 1984 solebat.
999 1954 1034 1984 In
1045 1952 1182 1993 publicis
1198 1956 1303 1983 tamen
1338 1951 1420 1982 αυιω
1444 1950 1632 1981 cerimoniis
1647 1950 1791 1990 ejusdem

162 1995 228 2028 fere
246 1998 447 2028 auctoritatis
461 2004 492 2029 et
507 1999 674 2038 dignitatis
687 2009 758 2031 esse
776 2001 977 2032 videbantur.

201 2054 348 2084 Attamen
371 2055 533 2086 Romanus
550 2057 707 2090 Pontifex.
725 2057 780 2088 illa
796 2058 899 2089 adhuc
922 2062 1025 2095 astate,
1038 2066 1155 2098 nempe
1165 2062 1237 2097 post
1251 2056 1391 2088 schisma
1403 2055 1608 2092 Photianum,
1621 2058 1657 2086 ut
1671 2055 1793 2093 primus

161 2102 340 2140 patriarcha
365 2105 396 2132 et
423 2106 517 2140 caput
542 2104 640 2134 totius
657 2105 806 2135 Ecclesiae
823 2107 1025 2137 tractabatur.
1043 2107 1115 2144 Ipse
1136 2105 1225 2136 solus
1248 2105 1287 2135 ab
1302 2105 1494 2143 imperatore
1509 2101 1794 2142 Paterspiritualis

161 2150 264 2189 ipsius
288 2150 521 2189 appellabatur,
548 2159 614 2190 quo
629 2152 762 2182 nomine
787 2152 898 2183 nullus
937 2154 1113 2192 patriarcha
1139 2158 1253 2192 praeter
1285 2153 1390 2191 ipsum
1415 2152 1592 2186 colebatur,
1622 2155 1655 2181 ut
1683 2152 1792 2180 videre

160 2202 208 2228 est
241 2198 273 2228 in
300 2198 449 2229 formulis
470 2199 633 2230 scribendi
658 2200 695 2230 ad
729 2200 935 2239 patriarchas,
969 2202 1091 2240 quibus
1104 2201 1501 2240 utebantur-imperatores
1516 2199 1791 2237 ConstantinOpo-

161 2244 265 2280 litani,
279 2249 397 2284 etquas
406 2246 636 2278 Constantinus
652 2248 978 2289 Porphyrogennetus
994 2249 1124 2288 collegit
1140 2248 1174 2279 in
1194 2256 1289 2288 opere
1302 2249 1345 2278 De
1363 2248 1542 2278 cerimoniis
1565 2247 1647 2278 aula
1662 2246 1790 2286 Byzan-

159 2293 245 2330 tinos,
265 2293 321 2324 lib.
347 2303 381 2330 ιι,
413 2303 481 2332 cap.
498 2289 568 2326 48.’

201 2341 322 2372 Ibidem
349 2342 580 2375 describuntur
597 2353 659 2375 non
687 2349 808 2375 tantum
832 2346 1018 2377 cerimonias
1043 2346 1075 2377 in
1107 2349 1270 2386 posterum
1296 2345 1505 2379 adhibendas.
1537 2346 1594 2375 sed
1620 2345 1716 2376 etiam
1746 2353 1792 2376 cm

162 2397 236 2428 quae
258 2389 434 2429 aliquando
450 2391 604 2423 adhibita;
619 2392 764 2429 fuerunt,
798 2395 927 2431 quando
941 2394 1105 2434 principes
1121 2394 1263 2426 extranei
1283 2395 1443 2424 civitatem
1456 2393 1516 2424 (ΞΡ.
1533 2393 1716 2425 visitarunt.
1731 2393 1789 2428 Ita.

164 2437 304 2476 exempli
322 2439 434 2476 gratia,
454 2438 593 2478 legimus
612 2441 732 2471 ibidem
749 2442 870 2480 quibus
887 2443 1004 2473 ritibus
1017 2447 1142 2483 recepta
1159 2447 1207 2474 est
1220 2443 1259 2474 ab
1274 2443 1469 2482 imperatore
1485 2441 1789 2474 celeberrima’Rus-

161 2487 218 2518 sia;
232 2487 426 2527 principissa
438 2488 529 2528 Olga,
543 2498 616 2528 quae
631 2490 725 2520 initio
740 2490 850 2521 steculi
871 2500 891 2521 χ
915 2491 1229 2531 Constantinopolim
1249 2491 1349 2528 venit,
1363 2495 1394 2522 et
1410 2490 1506 2530 paulo
1520 2493 1594 2531 post
1605 2490 1785 2521 Russorum

164 2536 407 2567 conversionem
434 2537 471 2568 ad
489 2538 582 2569 ﬁdem
600 2538 812 2570 Christianam
830 2540 1030 2578 prteparavit.

201 2582 398 2615 Constantini
430 2586 729 2626 Porphyrogenneti
750 2588 843 2626 jussu
875 2588 1089 2626 compositum
1115 2591 1163 2618 est
1195 2588 1289 2621 etiam
1314 2586 1547 2626 Compendium
1576 2587 1681 2625 legum
1706 2584 1788 2616 civi-

160 2629 241 2660 lium
274 2635 304 2662 et
335 2633 625 2666 ecclesiasticarum
645 2658 653 2671 ,
685 2644 722 2666 ex
748 2644 814 2675 quo
835 2636 907 2675 jura
944 2636 1093 2667 Ecclesiae
1132 2640 1163 2667 et
1185 2635 1253 2667 ‘fata
1293 2637 1362 2676 ejus
1395 2636 1428 2666 in
1459 2635 1598 2675 Imperio
1628 2633 1786 2665 Orientali

155 2685 407 2717 cognoscuntur.

196 2726 314 2759 Prmter
341 2728 444 2759 Vitam
478 2731 578 2770 patris
599 2732 660 2762 'sui
693 2731 811 2762 Leonis
827 2736 856 2762 et
880 2732 929 2763 avi
959 2733 1008 2763 sui
1044 2731 1154 2764 Basilii
1181 2733 1377 2770 Macedonis,
1397 2732 1626 2765 Constantinus
1649 2728 1786 2769 scripsit

157 2773 330 2808 Historiam
357 2781 501 2808 veterum
525 2789 712 2819 regnorum,
741 2780 789 2810 vel
809 2781 915 2819 potius
932 2781 1061 2821 collegit
1086 2782 1249 2822 "Excerpta
1265 2782 1416 2815 historica
1429 2781 1621 2819 scriptorum
1637 2778 1786 2818 antiquo-

155 2831 225 2853 rum
252 2833 392 2864 quorum
411 2826 573 2865 specimen
592 2829 722 2859 exhibet
738 2829 774 2859 D.
791 2828 880 2859 Card.
898 2830 935 2860 A.
961 2831 1022 2861 Mai
1042 2831 1074 2861 in
1089 2831 1434 2871 Scriptornmoelcrum
1461 2837 1534 2859 nov.
1568 2826 1690 2858 collect.
1711 2827 1729 2857 Ι.
1749 2834 1784 2862 ιι,

155 2879 223 2911 P88.
239 2881 260 2910 ι,
279 2873 353 2904 etin
372 2874 472 2912 βμετ..
492 2884 631 2915 quisque
654 2876 992 2916 plurima-fragmenta
1008 2879 1210 2918 scriptorum
1237 2878 1480 2917 deperditorum
1499 2885 1608 2915 nuper
1623 2875 1784 2915 suppedi-

312 2927 346 2956 P;
355 2935 447 2957 τηοιη
464 2928 522 2958 (in.
539 2927 631 2958 CVII.

1553 2929 1566 2957 1

990 3058 1242 3120 48654
