2031 3150
262 147 295 181 15
876 149 980 178 JOAN.
1000 149 1064 178 ΑΙ]

1077 173 1080 179 .
1102 150 1269 180 FABRICll
1849 152 1879 184 ιδ

296 203 322 230 ι.
342 202 457 230 Novellw
477 202 680 229 Constitutiones
695 201 772 234 XIII,
785 209 849 230 eum
868 202 994 230 versione
1012 208 1038 229 el
1053 203 1284 238 castigationibus
1300 204 1342 231 Jo.
1364 204 1524 231 Leunxlavii
1554 213 1586 232 ex
1615 207 1675 240 ejus
1691 206 1755 232 lure
1778 207 1880 234 δηΐω-

262 246 391 278 Romano,
407 251 473 274 tom.
492 246 512 277 l,
532 246 580 272 lib.
599 254 626 278 η,
641 253 701 281 pag.
721 245 770 274 105
785 254 838 281 sq.,
852 250 880 273 et
892 250 958 273 tom.
975 246 1007 273 H.
1026 246 1053 273 in
1070 246 1141 274 libro
1157 247 1346 279 Nonllarum,
1363 256 1424 282 pag.
1442 248 1490 275 159
1506 256 1564 284 seq.
1584 249 1710 277 Francol‘.
1727 250 1806 282 1596,
1821 251 1881 279 101.:

263 291 287 318 1.
297 290 334 317 De
346 290 506 318 alienatione
516 289 755 324 fttudorum,cujus
763 289 980 319 constitutionis.
992 290 1118 317 Cedreno
1129 290 1211 317 etiam
1224 296 1391 324 memosatze,
1401 293 1455 318 duo
1463 293 1597 327 exempla,
1608 294 1749 328 paululum
1761 295 1879 325 diversa.

261 342 314 362 una
341 342 403 361 cum
424 332 536 368 synopsi
562 333 632 367 ejus,
647 341 662 359 a
681 333 763 360 Mich.
789 334 918 360 Attaliata
937 334 1100 367 composita,
1122 333 1277 361 ati'eruntur
1292 344 1299 367 ;
1314 335 1341 362 Ξ.
1359 335 1398 361 De
1422 336 1581 370 potentibus,
1608 337 1634 362 in
1660 338 1761 371 prwdia
1778 347 1880 373 paupe-

260 387 321 405 rum
335 378 369 412 (b)
384 377 602 409 succedentibus;
616 378 641 403 5.
662 377 700 403 De
714 377 839 404 militibus
851 385 860 409 ;
872 378 898 404 4.
916 377 953 404 De
970 378 1134 404 restitutione
1148 379 1226 413 pretii
1242 379 1397 406 militarium
1413 380 1572 414 praediorum
1586 389 1594 411 ,'
1607 380 1633 407 5.
1650 380 1687 407 De
1701 381 1763 416 fuga
1780 383 1880 408 manci-

257 423 375 457 piorum,
394 420 531 454 hujusque
549 421 662 447 novelle
677 426 886 455 argumentum:
901 422 927 448 6.
944 420 983 448 De
995 430 1045 448 non
1063 422 1312 458 deserendojudicio
1332 425 1363 450 ab
1376 425 1406 450 iis
1421 425 1465 459 qui
1482 425 1611 451 actionem
1628 425 1783 457 instituunt,
1801 431 1829 453 et
1850 427 1881 452 de

262 465 299 491 Itis
314 465 358 499 qui
371 467 404 491 ad
415 469 468 490 tres
482 472 581 491 menses
592 464 633 491 vel
648 473 748 491 annum
760 465 864 491 absunt.
878 465 905 492 7.
925 465 961 491 De
969 473 999 491 eo
1014 466 1082 498 quod
1089 465 1193 500 judices
1204 467 1290 494 civiles
1304 468 1369 494 nihil
1381 469 1498 502 accipere
1509 468 1638 500 debeant;
1654 469 1680 495 8.
1696 469 1732 495 De
1744 469 1882 505 sportulis,

261 509 324 543 περὶ
341 508 550 541 ὲκταγιατικῶν.
567 508 593 536 9.
613 508 650 535 De
664 509 901 536 consuetudinibus.
919 509 961 537 10.
977 509 1015 536 De
1026 515 1062 537 tes

1077 512 1188 538 amentis
1199 512 1364 547 aperiendis;
1381 513 1421 539 11.
1436 512 1472 539 De
1482 514 1709 540 consuetudinibus
1718 515 1825 546 scribae;
1838 515 1878 541 1‘2.

261 553 298 580 De
311 554 348 581 his
359 554 403 589 qui
416 553 498 580 cwdes
515 555 681 580 committunt
695 554 795 587 gladio,
812 553 852 580 uel
864 556 966 588 magnis
981 555 1103 589 fustibus.
1116 555 1156 582 vel
1173 556 1316 590 lapidibus,
1335 557 1414 591 idque
1423 558 1554 587 consulto.
1575 558 1618 584 15.
1632 557 1671 584 De
1685 558 1818 590 secundis,
1831 563 1882 584 tero

256 598 304 625 riis
319 602 343 624 et
360 598 461 632 quartis
482 599 589 633 nuptiis.
607 597 801 624 Duodecimam
821 598 1050 626 constitutionem
1063 599 1188 626 ediderat
1203 600 1298 630 etiam,
1315 600 1362 627 sed
1387 601 1475 635 capite
1492 601 1627 633 mutilam,
1641 601 1816 629 Enimundus
1830 602 1882 628 Bo-

257 640 379 668 neﬁdius
395 641 421 668 'm
433 640 506 667 Iuris
522 641 659 667 orientalis
675 641 757 668 libro.
773 649 792 670 ι.
810 649 871 676 pag.
885 642 916 668 19
934 642 1030 676 (Paris.
1048 642 1129 674 1575,
1143 644 1183 675 8),
1203 651 1285 678 quem
1301 643 1364 671 vide
1384 644 1466 671 etiam
1479 652 1540 680 pag.
1557 645 1600 677 15,
1629 645 1675 672 ubi
1691 645 1725 672 de
1744 646 1796 673 alia
1808 645 1881 673 Con-

261 684 374 712 stantini
393 684 474 719 hujus
484 684 683 711 constitutione
695 685 759 718 περὶ
773 684 820 710 τοῦ
836 684 1063 719 ἁναῦεματίζεσθι

1079 694 1087 711 ι
1103 686 1166 717 τοὺς
1182 687 1339 718 ἀποστάτας
1352 688 1399 714 καὶ
1425 688 1615 723 μαυλταρίους.
1639 688 1809 716 Constitutio
1838 690 1880 719 13.

260 730 328 765 Περὶ
345 731 522 765 πολυγάμων,
538 730 672 757 adversus
687 734 800 764 quartas
815 731 936 766 nuptias,
952 731 1050 759 eodem

1082 739 1132 759 oco
1161 732 1261 767 legitur
1279 741 1340 769 pag.
1359 734 1392 760 16
1425 741 1468 769 sq.
1497 734 1577 762 FABR.
1594 749 1627 755 -
1649 734 1678 761 in
1711 735 1880 769 quibusdam

259 775 341 803 codd.
362 775 429 802 bibl.
446 775 528 802 Laur.
546 774 615 800 Med.
636 774 760 801 Florent.
774 774 990 802 suntConstant.
1005 775 1140 811 Porphyr.
1162 776 1292 809 Novella,
1311 778 1386 812 leges
1401 782 1484 813 atque
1503 778 1728 811 constitutiones,
1743 786 1811 813 quas
1827 779 1883 805 sin-

259 819 347 854 gulas,
364 819 391 846 in
409 819 463 846 illis
476 818 580 849 obvias,
596 822 740 844 enumerat
756 825 788 845 ac
805 823 935 845 recenset
955 819 1073 846 Bandin.
1089 819 1117 846 in
1134 819 1194 846 Cat.
1212 820 1294 848 codd.
1309 821 1356 848 Gr.
1369 821 1467 849 Medic.
1484 826 1551 849 tom.
1564 822 1585 854 l,
1597 829 1625 857 [ν.
1642 821 1706 854 550,
1718 822 1836 853 cod.'1%,
1853 830 1881 849 n.

259 865 277 890 2
291 868 319 891 et
333 865 359 895 4,
377 864 424 891 ubi
450 866 517 891 sunt
535 862 610 889 illius
623 862 739 890 novellae
756 862 784 889 11
804 863 832 889 in
859 863 1052 898 compendium
1087 865 1216 893 redactae.
1232 881 1267 887 —
1280 866 1348 893 Tom
1364 867 1409 899 lll,
1428 875 1489 902 pag.
1505 867 1565 898 1'82.
1580 867 1640 894 cod.
1655 867 1682 897 6.
1694 875 1723 895 n.
1742 867 1785 900 16,
1812 868 1881 903 plut.

260 907 303 936 80.
320 923 354 929 -—
369 909 433 943 Pag.
448 907 506 940 186,
520 915 547 934 n.
560 915 579 939 I,
602 910 630 933 et
643 905 693 932 188
706 914 747 941 sq.
767 915 793 934 n.
811 906 886 938 11-10,
903 907 965 934 cod.
984 908 1010 938 7,
1029 906 1098 942 plut.
1112 907 1156 939 80,
1170 915 1231 942 pag.
1247 907 1301 935 194
1314 915 1375 943 sqq.
1389 908 1484 943 plures
1505 909 1619 936 novella:
1637 909 1664 936 in
1688 909 1750 936 cod.
1778 909 1811 936 10
1835 909 1883 943 qui

260 953 384 980 continet
398 952 500 979 librum
524 951 627 986 legum.
640 966 674 972 —
686 950 810 977 Venetiis
826 951 853 977 in
867 951 936 978 bibl.
954 951 985 978 D.
1003 951 1085 978 Marci
1109 951 1171 978 eod.
1196 951 1258 984 175,
1278 952 1373 979 Const.
1402 953 1536 989 Porpbyr.
1562 952 1682 980 Novella-
1700 953 1744 983 η,
1768 960 1882 988 quarum

262 995 396 1029 principia
409 995 501 1029 posuit
518 998 614 1022 auctor
633 993 719 1022 Catal.
739 994 820 1021 codd.
836 993 882 1021 Gr.
896 994 964 1021 Ven.
979 1001 1041 1029 pag.
1058 995 1064 1020 1

1080 995 1118 1022 )1.
1134 995 1202 1023 Ibid.
1216 1003 1276 1031 pag.
1297 996 1346 1023 101
1361 995 1396 1024 de
1408 997 1491 1024 codd.
1510 997 1561 1024 180
1574 1002 1603 1024 et
1618 997 1677 1029 181,
1693 1004 1725 1025 ac
1749 1005 1810 1032 pag.
1831 997 1882 1024 505

260 1041 294 1066 ille
311 1040 374 1066 cod.
392 1039 454 1070 579.
480 1039 527 1074 qui
551 1039 696 1066 continent
711 1039 834 1074 eclogam
861 1038 951 1073 legum
966 1038 1070 1070 Basilii,
1098 1039 1196 1066 Leonis
1219 1044 1247 1066 et
1266 1040 1450 1071 Constantini,
1484 1041 1589 1076 impp.;
1610 1041 1700 1076 primo
1720 1040 1784 1068 cod.
1812 1041 1883 1068 inest

259 1083 353 1111 Const.
376 1083 477 1118 Porph.
497 1083 604 1110 novella
617 1083 650 1110 de
661 1082 831 1118 praelatione.
847 1096 882 1102 -—
900 1082 1070 1110 Vindobome
1084 1081 1110 1108 in
1132 1082 1200 1108 bibl.
1223 1082 1347 1110 C;esarea
1363 1084 1426 1111 cod.
1443 1085 1488 1115 5'5,
1503 1093 1530 1111 n.
1550 1085 1596 1114 15.
1624 1084 1719 1112 Const.
1747 1084 1881 1119 Porphyr.

260 1132 453 1163 argumentum
472 1127 537 1155 tomi
563 1126 695 1154 unitionis
722 1126 853 1154 Ecclesia:
874 1126 901 1153 in
919 1133 1001 1153 causa
1018 1131 1176 1161 quartatum
1206 1127 1376 1161 nuptiarum,
1393 1133 1446 1155 etc.
1474 1128 1505 1154 ν.
1535 1127 1661 1155 lambec.
1681 1127 1787 1155 Comm.
1811 1128 1881 1158 Vili,

260 1171 372 1206 p.1009.
389 1171 459 1198 Add.
477 1179 503 1206 p.
522 1170 575 1198 958
588 1178 630 1205 sq.
646 1185 680 1190 —
693 1169 761 1197 Cod.
778 1170 804 1200 ὃ,
818 1170 925 1197 novella
940 1169 975 1196 de.
991 1170 1158 1197 alienatione
1178 1169 1335 1202 feudorum,
1352 1175 1406 1198 etc.
1425 1171 1455 1198 V.
1471 1171 1573 1198 Kollar.
1599 1177 1656 1199 not.
1678 1172 1712 1199 ad
1742 1171 1880 1199 Lamberii

259 1214 366 1243 Comm.
384 1215 428 1246 Vl,
446 1218 516 1250 part.
535 1223 555 1247 ι,
569 1222 597 1250 p.
614 1214 659 1242 55.
677 1214 869 1242 —Alia:ibid.
885 1222 911 1249 p.
929 1214 961 1241 10
974 1222 1016 1248 sq.
1042 1214 1061 1241 ir

1083 1214 1144 1241 cod.
1161 1214 1188 1246 Ξ,
1211 1222 1239 1241 n.
1252 1214 1309 1242 ﬂet
1329 1214 1355 1242 4.
1372 1230 1406 1234 -
1420 1215 1483 1250 Pag.
1502 1215 1546 1242 56.
1573 1215 1601 1242 in
1616 1215 1678 1243 cod.
1704 1216 1832 1248 5.11.11,
1851 1216 1882 1242 19

260 1263 290 1286 et
308 1258 353 1286 25.
368 1274 403 1279 —
414 1259 443 1286 ln
458 1258 520 1286 cod.
535 1258 581 1290 45,
599 1266 627 1286 n.
646 1258 693 1290 25,
712 1258 821 1285 novella
833 1257 851 1284 2
867 1257 901 1284 de
919 1257 953 1285 iis
969 1258 1016 1292 qui
1031 1258 1158 1285 consulto
1178 1258 1267 1285 caedes
1282 1262 1454 1294 perpetrant,
1465 1263 1519 1286 etc.
1536 1259 1569 1287 γ.
1592 1259 1698 1286 Kollar.
1724 1259 1820 1295 Suppl.
1849 1260 1883 1286 ad

262 1302 400 1330 Lambecii
414 1301 534 1334 Comm.,
548 1310 575 1336 p.
588 1302 640 1328 257
651 1309 692 1336 sq.
713 1317 745 1321 —
761 1301 849 1329 Paris.
868 1301 896 1328 in
912 1301 980 1328 bibl.
997 1302 1071 1336 pubi.
1094 1302 1176 1329 codd.
1193 1302 1337 1333 tredecim,
1364 1303 1445 1329 modo
1461 1303 1491 1328 1l
1520 1303 1634 1330 novellae
1658 1303 1802 1335 illarumve
1825 1303 1886 1337 epi-

262 1350 346 1378 tome,
360 1345 441 1373 modo
461 1345 577 1381 aliquot,
595 1345 677 1372 modo
699 1345 809 1375 Leonis,
825 1345 1000 1372 Constantini
1017 1350 1046 1372 et
1061 1345 1153 1373 Basilii
1171 1346 1381 1381 epitomejuris,
1397 1346 1422 1372 iu
1437 1347 1471 1373 10
1483 1347 1580 1373 titulos
1589 1346 1688 1374 divisa.
1704 1346 1766 1374 Vid.
1780 1347 1836 1374 ind.
1848 1346 1884 1373 ad

261 1389 316 1416 vol.
334 1389 356 1417 ll
368 1389 426 1418 Cat.
441 1389 540 1420 Paris,
553 1396 613 1416 voc.
629 1388 770 1416 Constant:
789 1388 1001 1424 Porphyrog.—
1013 1389 1042 1416 ln
1055 1389 1117 1416 cod.
1130 1389 1262 1416 Escorial.
1281 1388 1424 1416 Constant.
1450 1389 1587 1424 Porphyr.
1612 1394 1640 1416 et
1660 1390 1777 1416 aliorum
1799 1390 1884 1424 impp.

262 1433 385 1466 novellm,
404 1437 472 1460 teste
486 1433 586 1460 Pluero
599 1432 626 1459 in
643 1431 745 1458 Itiner.
763 1439 809 1466 per
824 1431 950 1466 Hispan.,
966 1440 993 1467 p.
1011 1432 1070 1460 165.
1093 1447 1127 1452 -—
1142 1432 1253 1459 NOVella
1271 1432 1298 1459 in
1315 1432 1378 1459 cod.
1398 1432 1573 1465 Uﬂ‘cnbacb.,
1597 1440 1672 1460 nunc
1692 1432 1838 1467 Lipsiensi,
1851 1435 1886 1459 dc

261 1484 316 1512 quo
331 1477 409 1512 plura
424 1476 496 1512 leges
507 1477 534 1503 in
549 1475 613 1503 Maii
626 1475 695 1503 Bibl.
716 1475 817 1510 Uﬂ‘enb.
833 1479 912 1506 msta,
928 1480 1000 1510 part.
1015 1483 1045 1508 ιι,
1059 1477 1112 1504 col.
1128 1477 1190 1504 5°27.
1207 1477 1290 1504 HARL.

298 1531 380 1559 Hisce
396 1529 425 1558 in
440 1530 594 1559 Meursiana
610 1529 783 1558 Constantini
797 1529 992 1564 opusculorum
1006 1529 1128 1558 editione
1139 1530 1227 1565 Lugd.
1244 1530 1322 1563 1617,
1336 1530 1362 1562 8,
1377 1530 1448 1565 (post
1459 1538 1484 1564 p.
1498 1530 1560 1564 252)
1573 1531 1768 1557 constitutiones
1777 1528 1886 1556 novella:

261 1580 380 1610 quatuor
405 1574 600 1610 subjiciuntur,
630 1581 699 1609 quas
716 1581 732 1601 θ
761 1573 904 1601 codicibus
927 1574 1009 1608 regiis
1019 1571 1106 1601 edidit
1117 1572 1256 1599 auctiores
1271 1572 1454 1606 melioresque
1467 1571 1582 1598 Carolus
1598 1571 1725 1598 Labheus
1736 1578 1798 1598 cum
1812 1578 1884 1597 nova

261 1616 389 1644 versione
404 1620 432 1643 et
454 1615 680 1650 castigationibus
696 1614 770 1642 inter
792 1621 857 1641 suas
871 1615 955 1649 impp.
977 1614 1060 1641 Novel

1082 1621 1102 1640 IS
1128 1614 1282 1641 constitutt.
1298 1614 1330 1641 Χ.
1348 1615 1434 1641 Paris.
1448 1614 1527 1646 1606,
1544 1614 1559 1640 8
1579 1615 1622 1641 :1.
1637 1614 1705 1649 Περὶ
1725 1622 1884 1648 asperum-tv.-

261 1660 329 1693 κῶν,
345 1660 377 1686 de
391 1658 550 1687 militaribus
570 1658 668 1692 fundis,
689 1666 771 1693 quam
797 1658 905 1684 dictavit
933 1657 1090 1688 Theodorus,
1114 1655 1245 1690 patricius
1262 1660 1289 1682 et
1311 1661 1430 1690 quazstor
1455 1655 1677 1690 decapolitanus;
1693 1656 1720 1681 2.
1748 1654 1784 1681 De
1797 1654 1885 1689 fundis

261 1702 407 1730 Armenicis
422 1700 537 1728 aliorum
551 1705 575 1726 et
586 1700 795 1732 homicidarum;
809 1700 834 1726 5.
853 1699 890 1726 De
903 1699 1040 1734 sportulis,
1051 1698 1082 1724 de
1094 1700 1242 1733 aperiendis
1254 1701 1429 1730 testamentis,
1441 1704 1465 1725 et
1477 1700 1508 1725 de
1523 1707 1562 1731 eo,
1571 1699 1641 1734 quod
1651 1704 1737 1726 certus
1749 1707 1780 1726 ac
1793 1698 1886 1732 deﬁni-

263 1751 304 1773 tus
322 1744 541 1772 consuetudinum
554 1743 645 1782 modiis
661 1751 716 1770 esse
727 1743 818 1769 debeat
833 1742 914 1775 {hanc
930 1741 1043 1769 dictavit
1057 1742 1239 1777 Theophilus,
1250 1743 1382 1777 patricius
1392 1747 1420 1770 et
1432 1747 1568 1777 quatstor;
1585 1743 1611 1769 4.
1628 1742 1665 1769 De
1681 1743 1818 1778 sportulis,
1831 1751 1884 1778 qua

263 1789 406 1824 abrogatur
417 1787 538 1822 superior
554 1787 716 1818 catistitutio,
733 1786 896 1821 permittens
908 1785 1049 1820 judicibus
1064 1790 1091 1812 et
1105 1786 1203 1813 scribae
1215 1786 1352 1820 sportulas
1367 1786 1501 1820 accipere.
1525 1786 1599 1813 Hanc
1622 1786 1737 1813 dictavit
1755 1786 1884 1814 Theodo-

259 1832 320 1869 sius
333 1832 416 1868 tidem
430 1831 477 1867 qui
493 1837 556 1858 ante
569 1830 741 1862 Theodorus),
763 1829 900 1864 patricius
916 1835 944 1856 et
952 1833 1072 1864 quaestor
1087 1829 1304 1864 deeapolitanus.

297 1877 324 1904 5.
352 1877 452 1904 Leonis
473 1876 612 1911 Sapientis
634 1879 662 1903 et
684 1873 858 1903 Constantini
883 1872 931 1900 ﬁlii
950 1874 1020 1908 ejus,
1042 1872 1099 1899 Ἐκ)

1081 1873 1156 1908 (lori;
1181 1873 1235 1900 τῶν
1258 1874 1357 1908 νόμων,
1383 1874 1503 1902 Delectas
1528 1875 1614 1910 legum
1630 1874 1840 1909 compendiarias
1851 1882 1883 1901 ex

263 1929 313 1949 ms.
337 1921 461 1949 Palatino
482 1924 511 1947 et
537 1920 579 1948 Jo.
600 1920 730 1948 Sambuci
749 1918 915 1954 descriptus,
932 1923 1034 1946 etcum
1052 1917 1146 1944 Latina
1159 1918 1318 1945 Leunclavii
1333 1919 1460 1947 versione
1475 1919 1568 1946 editus
1581 1919 1610 1946 in
1622 1920 1678 1954 jam
1696 1919 1808 1946 laudato
1826 1920 1887 1954 ejus

261 1966 326 1992 lure
335 1964 571 1996 Graeco-Romano,
586 1968 651 1991 tom.
665 1963 698 1996 ll,
717 1971 778 1999 pag.
798 1963 911 1990 79-154.
926 1963 1062 1990 Numerus
1074 1962 1148 1994 anni,
1162 1970 1217 1998 quo
1230 1962 1388 1998 publicatus
1399 1963 1445 1990 hic
1457 1963 1582 1990 delectus
1592 1963 1656 1995 fuit,
1673 1969 1820 1998 corruptus
1832 1968 1886 1995 est,

261 2012 288 2036 ct
299 2016 348 2043 pro
358 2009 450 2043 ,gnuC'
465 2007 609 2043 legendum
621 2006 722 2042 gegC',
737 2006 784 2041 qui
800 2006 947 2040 respondet
956 2013 1028 2033 anno
1041 2006 1142 2034 Christi
1162 2006 1223 2039 959,
1238 2001 1504 2042 quo‘Constantinus
1517 2007 1654 2034 delectum
1670 2007 1772 2042 legum,
1783 2015 1797 2034 a
1807 2011 1885 2042 patre

263 2052 354 2080 Leone
368 2051 426 2079 ﬁeri
441 2056 572 2086 emptum,
587 2051 762 2086 promulgare
774 2050 873 2085 potuit.
891 2049 997 2077 FABRIC.
1018 2049 1187 2077 Vindobonte
1199 2051 1225 2077 in
1243 2050 1343 2083 cod.2,
1358 2059 1387 2078 n.
1400 2050 1417 2077 2
1431 2055 1461 2079 et
1475 2051 1556 2078 15.—
1572 2051 1633 2078 cod.
1650 2051 1676 2078 8.
1695 2051 1729 2078 γ.
1745 2051 1885 2079 Lambecii

262 2096 416 2123 Comment.
433 2095 474 2127 Vl,
492 2099 562 2130 part.
579 2103 599 2126 ι,
611 2102 672 2130 pag.
685 2094 730 2126 25,
743 2094 788 2125 5‘2,
807 2093 883 2121 58'ct
899 2094 932 2120 74
948 2101 988 2128 sq.
1014 2109 1048 2114 —-—
1062 2093 1090 2121 In
1109 2094 1170 2122 cod.
1196 2095 1335 2129 quondam
1361 2095 1535 2127 Uﬂ‘enbach.,
1566 2103 1639 2123 nunc
1660 2095 1807 2130 Lipsiensi,
1836 2095 1885 2130 qui

262 2139 400 2174 quondam
416 2138 551 2174 pertinuit
564 2138 598 2165 ad
607 2137 756 2173 Cuperum.
769 2142 798 2164 et
809 2144 891 2172 quem
907 2137 1016 2171 copiose
1030 2138 1170 2165 recensuit
1184 2138 1197 2166 ⁴1
1225 2138 1256 2165 il.
1272 2139 1360 2166 Maius
1374 2140 1400 2166 in
1417 2139 1486 2168 Bibl.
1502 2139 1651 2175 Ulfenbuch.
1672 2148 1746 2172 mss.,
1767 2144 1837 2174 part.
1856 2148 1885 2171 ιι,

262 2191 290 2218 p.
314 2183 366 2210 522
394 2190 454 2217 sqq.
481 2182 528 2217 qui
550 2181 692 2209 titulorum
719 2180 754 2207 40
783 2180 903 2207 indicem
923 2179 1017 2207 Graece
1033 2188 1095 2208 cum
1121 2190 1170 2209 sua
1187 2183 1336 2210 vers..Lat.
1359 2183 1521 2217 publicavit.
1538 2183 1740 2216 Praefationem,
1755 2183 1887 2211 aGotti’r.

269 2227 405 2254 Maseovio
428 2226 524 2254 Latine
549 2233 669 2257 versam,
691 2225 791 2259 adjecit
824 2224 972 2251 Puttmann
997 2223 1134 2253 Memoriae
1157 2225 1244 2253 Gotfr.
1278 2226 1417 2259 Mascovii,
1447 2226 1523 2261 Lips.
1552 2226 1631 2257 1771,
1657 2226 1683 2258 8,
1705 2234 1733 2261 p.
1756 2227 1803 2253 121
1824 2234 1888 2261 sqq.

265 2270 297 2297 Υ.
307 2278 418 2306 quoque
433 2279 495 2306 pag.
507 2271 539 2297 87
555 2277 609 2304 sq.,
619 2275 647 2297 et
656 2269 751 2309 confer
765 2269 796 2295 D.
809 2267 891 2303 Casp.
902 2267 1010 2294 Achatii
1021 2268 1092 2295 Beck
1105 2269 1143 2295 De
1156 2269 1263 2296 novellis
1275 2270 1379 2301 Leonis,
1393 2270 1510 2303 etc.,ed.
1520 2270 1551 2297 Ι).
1564 2270 1626 2298 Car.
1636 2270 1709 2298 Frid.
1722 2270 1886 2305 Zepernick,

264 2314 336 2342 Mala:
356 2315 433 2347 1779,
447 2314 474 2346 8,
489 2322 551 2349 pag.
564 2313 610 2345 20,
625 2318 692 2347 etp.
706 2313 750 2340 εὖ.
767 2312 886 2346 Zepern.
906 2313 933 2339 in
963 2316 1020 2338 not.
1046 2318 1128 2348 atque
1143 2314 1216 2341 hunc
1231 2315 1367 2349 imprimis
1385 2315 1411 2342 in
1427 2315 1634 2350 praetermissis,
1648 2323 1676 2350 p.
1693 2315 1746 2342 228
1762 2323 1822 2350 sqq.
1849 2315 1887 2342 De

265 2359 426 2394 rognomine
436 2357 699 2394 Porphyrogenneti,
724 2365 797 2383 anno
819 2363 874 2390 quo
900 2360 982 2383 natus
1005 2361 1057 2388 est,
1084 2356 1144 2383 scil.
1168 2364 1194 2383 a.
1220 2357 1285 2384 Chr.
1299 2357 1362 2389 905,
1374 2357 1483 2392 vitaque
1499 2362 1526 2385 et
1551 2366 1579 2392 p.
1593 2358 1645 2385 575
1661 2365 1733 2392 sqq.,
1751 2357 1888 2392 praecipue

262 2410 292 2436 ν.
309 2402 360 2429 5ἷο
369 2410 444 2438 sqq.,
468 2402 507 2429 De
519 2401 607 2437 ecloga
635 2401 722 2437 legum
749 2400 842 2427 Leonis
864 2405 888 2427 et
914 2399 1091 2431 Constantini,
1107 2399 1141 2426 de
1165 2400 1244 2428 codd.
1263 2408 1340 2433 mss.,
1355 2401 1389 2428 de
1403 2401 1511 2434 ordine,
1527 2401 1688 2436 partitione,
1705 2400 1807 2434 indice,
1819 2407 1887 2433 etc.,

266 2448 346 2474 docte
355 2446 459 2482 agitur.
477 2445 562 2474 Hann.

294 2491 487 2524 -l)e-Basilicis,
510 2490 603 2519 Basilii
618 2490 775 2518 Macedonis
802 2494 831 2518 et
851 2489 954 2517 Leonis
974 2488 1110 2524 Sapientis
1127 2489 1251 2524 auspicio
1262 2489 1386 2525 digestis,
1405 2497 1432 2517 et
1449 2498 1464 2517 a
1484 2489 1666 2516 Constantino
1681 2489 1890 2525 Porphyrogen—

266 2541 331 2563 aeto
345 2535 501 2570 recognitis,
517 2535 648 2571 praeclare
658 2535 714 2562 Jos.
724 2534 810 2561 Maria
825 2533 983 2565 Suaresius,
1001 2533 1147 2568 episcopus
1159 2533 1337 2562 Vasionensis
1352 2534 1380 2560 in
1390 2533 1493 2560 Notitia
1508 2532 1686 2560 Basilicarum
1700 2532 1733 2560 ad
1747 2533 1890 2562 Urbanum

268 2579 334 2612 Vill.
364 2579 522 2615 pontiﬁcem
553 2579 723 2606 maximum:
766 2578 867 2606 «Libri
899 2578 1050 2604 Βασιλικῶν

1087 2578 1112 2605 in
1140 2585 1186 2605 sex
1220 2578 1302 2614 τεύχη
1334 2585 1383 2605 seu
1411 2577 1553 2604 volumina
1583 2575 1705 2604 distincti
1735 2583 1820 2610 sunt,
1847 2578 1889 2604 in-

266 2625 355 2659 deque
381 2623 447 2652 dicti
464 2623 616 2657 ἐξάὃιϐλος,
637 2627 665 2650 et
690 2623 717 2650 in
746 2622 833 2650 libros
849 2622 988 2657 sexaginta
1014 2621 1065 2649 sub

1088 2621 1160 2654 ivisi,
1186 2621 1306 2656 indeque
1320 2620 1546 2656 ὲξηκοντάσιὸλος
1561 2620 1721 2655 nuncupati.
1738 2621 1889 2656 imperator

266 2668 383 2696 Basilius
395 2667 507 2696 Macedo
520 2660 558 2703 (Ii)
573 2667 686 2702 primus.
695 2666 876 2694 illis‘manum
889 2666 1025 2700 admovit,
1035 2669 1066 2693 ut
1080 2663 1225 2692 Cedrenus
1235 2663 1336 2691 asserit
1350 2672 1357 2689 :
1372 2662 1489 2697 ideoque
1502 2661 1557 2689 Leo
1568 2661 1676 2697 Sophus
1688 2662 1777 2690 eidem
1790 2661 1890 2689 Basilio

1009 2730 1127 2761 ΝΟΤΛΕ.

302 2795 341 2829 lg),
361 2793 483 2822 Meminit
506 2793 631 2822 Codinus
654 2793 725 2829 Orig.
749 2793 840 2826 CPol.,
859 2803 886 2822 n.
904 2794 964 2826 1‘57,
982 2793 1050 2821 edit.
1106 2791 1289 2829 donis,p.66,
1301 2791 1373 2829 inter
1382 2791 1530 2829 scriptorcs
1539 2797 1597 2829 post
1609 2790 1806 2829 Theophanem
1820 2799 1825 2816 :
1841 2789 1891 2815 Εὖ-

267 2826 416 2868 hmbefii.
495 2865 500 2868 _
567 2864 583 2868 _
638 2864 645 2868 ~
701 2826 711 2829 ⁷
743 2865 748 2868 _
780 2865 810 2868 ___
854 2865 870 2868 _
908 2864 987 2868 __

1108 2827 1162 2868 print
1174 2826 1264 2868 sexui
1278 2826 1343 2868 miti
1356 2826 1509 2868 πολιτικξὺς
1523 2826 1621 2868 vadimus
1642 2826 1742 2868 ξολλὴξ
1760 2826 1890 2868 νσάλρειιγ

303 2863 341 2900 (Α)
360 2863 556 2892 Constantinus
567 2864 733 2901 Porphyrog.
743 2865 769 2893 in
780 2865 841 2893 Vita
854 2864 946 2893 Basilii
963 2864 1052 2891 Mace-

1107 2860 1154 2889 ἀεὶ
1182 2861 1312 2897 σύγχυσιν
1331 2860 1442 2896 ἔχοντας
1464 2862 1508 2889 διὰ
1525 2860 1573 2897 τῆν
1596 2861 1706 2895 ἀγαθῶν
1727 2860 1820 2896 ὦςπῖρ
1845 2861 1890 2886 καὶ
