2031 3150
227 174 261 207 19
835 177 939 206 JOAN.
960 178 1003 206 AL

1065 176 1235 205 FABRILH
1810 176 1847 207 20

261 241 272 258 ε
292 231 396 260 Laudat
408 232 480 259 ident
492 232 663 268 Augustinus
674 234 700 260 in
718 235 790 261 notis
803 234 837 262 ad
849 234 976 262 Novellas
991 243 1003 260 τ

1063 243 1136 269 ειρον
1148 234 1301 261 Baetin.th
1326 234 1396 260 κατὰ
1421 234 1563 268 στοιχεῖον,
1589 233 1706 269 Josepltt'i
1730 234 1846 267 Tenedii,

222 281 251 304 et
272 276 390 303 indicem
412 276 564 302 Βασιλικῶν
587 276 658 302 κατὰ
680 279 822 312 στοιχεῖον.
847 279 927 314 cujus
949 286 1003 305 eat

1089 278 1230 313 suspicere
1245 278 1425 313 exemplaria,
1444 285 1505 313 qua:
1520 283 1666 305 servantur
1677 277 1704 304 in
1720 277 1846 306 Vatican.

221 321 364 348 codicibus
390 321 442 348 752
464 324 492 347 ct
519 319 582 351 85A,
612 325 641 347 et
666 321 782 349 Palatio.
810 322 873 350 cod.
903 323 977 354 222,

1061 323 1146 357 :cipue
1180 323 1206 350 in
1239 322 1333 350 codice
1363 322 1495 356 inscripto
1527 321 1703 353 Τιπούκειτος
1732 323 1847 356 γενόμε-

222 372 277 396 νος.
309 365 342 391 Et
357 364 490 398 Ulpianus
507 364 618 398 quidem
637 365 737 400 Tyrius
753 367 824 393 alius
839 375 853 393 a
865 367 1075 401 jurisconsulto,
1095 366 1116 393 si
1128 365 1282 393 Casanboni
1309 366 1473 392 sententiam
1489 373 1549 400 tap.
1567 363 1592 392 ἵ
1613 365 1802 392 Animadvers.
1819 367 1847 401 in

218 408 383 435 Athenaeum
395 415 561 441 sequamur;
572 408 614 435 vel
628 409 743 441 ipsemet
757 409 987 442 iurisconsultus,
997 411 1020 437 si
1034 410 1147 445 Cujacio
1160 410 1241 436 ﬁdem
1257 410 1437 437 adhibeamus
1448 417 1508 444 cap.
1522 410 1566 441 '59,
1579 410 1627 436 lib.
1643 417 1704 436 xxtv
1719 409 1849 437 Observa.

220 453 323 478 tinuum
337 451 400 485 jttr.‘
427 451 462 478 ab
479 451 610 479 Athenmo
632 453 659 479 in
681 453 758 479 libris
782 453 1003 488 Dipnosopltistar:

1074 462 1128 480 non
1155 458 1261 480 tantum
1274 453 1515 488 ’ονοματοϐήρης,
1547 453 1594 480 sed
1618 454 1700 481 etiam
1730 454 1846 480 Κειτού-

218 502 321 525 κειτος,
345 497 458 521 vocatus
473 494 525 521 fuit
537 516 544 527 ,
563 495 635 529 quod
652 496 678 522 in
693 497 783 531 epulis
804 496 872 523 nihil
890 502 999 532 gustare

1062 498 1100 529 bi,
1119 498 1185 533 quin
1203 497 1279 532 prius
1306 502 1428 532 rogasset
1454 498 1478 523 sl
1494 498 1594 529 κεῖται,
1619 505 1667 524 seu
1697 497 1728 523 οὐ
1744 498 1844 529 κεῖται,

221 538 279 565 sive
306 537 374 563 timo
407 539 495 564 κεῖται
526 539 586 574 ejus
618 540 776 574 appellatio.
813 541 892 568 llunc
917 541 1036 568 indicem
1060 542 1143 575 vulgo
1165 541 1219 568 dici
1239 542 1285 576 jus
1311 541 1514 575 alphabeticum
1541 546 1617 568 notat
1638 541 1695 576 ipse
1711 541 1847 568 Antonius

220 581 391 616 Augustinus
413 581 440 608 in
452 590 501 609 sua
522 583 692 610 Bibliotheca
706 584 826 611 cotlicib.
848 586 907 615 IRI.
931 585 990 617 182,

1061 585 1080 611 7.
1108 585 1223 612 Carolus
1240 585 1369 611 Labbeus
1390 585 1503 619 νόμιμον
1519 585 1590 610 κατὰ
1608 586 1724 619 στοιχεῖν
1752 589 1844 616 vocat,

219 629 246 652 ct
259 625 364 660 glossas
375 629 436 660 post
451 625 517 653 illud
536 626 662 654 inventas
675 627 834 662 publicavit.
851 627 978 663 Cujacius
1002 639 1003 653 ι

1061 629 1125 664 ιγὴιι,
1143 630 1189 656 καὶ
1204 629 1318 663 Σὺνοψιν
1339 629 1393 654 τῶν
1423 629 1575 655 Βασιλικῶν
1601 629 1631 661 ξ’.
1664 629 1778 655 Βισὶὶων
1797 629 1846 655 σὺν

223 672 424 705 sapt-inaurati;
438 670 509 698 atati
522 673 653 706 στοιχεῖον
665 673 717 699 sibi
732 673 804 700 dono
818 673 911 700 datutn
929 681 943 700 a
959 673 1003 701 Jac

1061 690 1062 693 η
1075 673 1237 708 Cambrayo,
1253 673 1299 707 qui
1311 673 1441 700 retulerat
1454 672 1527 700 illaut
1537 681 1552 700 e
1561 673 1696 708 legatione
1709 673 1845 700 Constans

220 714 410 750 tinopolitana,
430 719 548 743 testatur
560 716 586 743 in
603 717 763 751 praefatione
776 718 809 745 ad
827 718 936 745 titulum
952 717 988 750 π’,
1009 718 1046 745 De
1059 719 1226 745 excusatione
1243 722 1369 743 tutorum.

258 768 268 784 ο
279 759 406 786 Antiochi
421 759 590 787 Balsamonis
606 760 649 795 (p)
664 761 823 796 prochirum
835 762 923 788 simile
938 762 1068 796 prochiro
1081 761 1222 788 Michaelis
1234 761 1382 792 Attaliotaa,
1402 766 1430 788 et
1448 761 1486 788 illi
1501 761 1572 795 quod
1594 761 1704 793 Basilio,
1718 760 1801 788 Leoni
1817 763 1847 788 et

219 801 401 830 Constantino
413 803 557 835 tribuitur,
575 809 700 832 recenset
713 805 740 832 in
751 814 800 832 sua
816 805 986 833 Bibliotheca
1001 805 1072 833 idem
1086 805 1222 832 Antonius
1233 805 1402 839 Augustinus
1415 804 1510 832 codice
1526 805 1586 838 188,
1600 805 1764 839 videturque
1782 812 1845 832 cum

219 846 302 873 Pselli
318 840 403 881 opere
420 847 590 874 confundere
603 848 630 874 in
640 856 708 876 voce
724 849 892 884 Πανδὲκτης.
908 849 941 876 de
955 849 1074 884 propriis
1085 848 1244 875 nominibus
1259 847 1470 874 Pandeetarum.

262 900 272 916 ‹
292 891 348 918 Leo
382 891 567 926 Philosophus
602 892 703 920 Basilio
739 894 811 928 patri
847 894 999 921 succedens

1061 892 1186 918 choatum
1221 891 1256 918 ab
1289 891 1387 918 eodem
1425 892 1526 919 Basilio
1555 891 1708 923 Διατάξεων
1739 890 1847 917 Βασιλι-

219 935 277 961 κῶν
291 935 420 963 volumen
436 935 592 970 (Basilicam
607 941 706 964 vocant
717 937 814 972 ϐπερὶ)
832 938 956 972 perfecit,
977 937 1015 964 uti
1038 936 1181 964 Cedrenus
1200 935 1315 966 asserit;
1332 942 1472 970 operaque
1489 935 1612 962 Sabbatii
1629 934 1845 970 protospatbarii

219 979 270 1012 (uti
286 979 429 1007 Mattheus
445 979 582 1007 Blastares
613 980 708 1012 tradit,
733 989 766 1008 ex
795 989 884 1016 eoque
910 981 1046 1008 Antonius
1068 981 1238 1011 Augustinus
1253 980 1279 1006 in
1293 979 1476 1011 Bibliotheca,
1493 979 1565 1006 libro
1577 980 1610 1007 de
1627 987 1721 1014 propr.
1739 978 1844 1006 nomin.

219 1027 257 1054 π’,
275 1028 304 1050 et
323 1024 350 1050 in
372 1024 604 1058 προλεγομεῦνοις
628 1024 662 1051 ad
689 1024 827 1057 Novellas)
857 1026 1003 1060 promulga‘

1086 1024 1137 1051 hac
1162 1024 1263 1051 Leonis
1290 1023 1423 1058 καθάρσει
1440 1023 1555 1050 Pholius
1573 1024 1600 1051 in
1625 1031 1782 1058 procanonc
1802 1023 1846 1050 vi-

218 1064 302 1092 detur
330 1072 397 1091 usus
419 1065 609 1098 Golhofredo,
632 1073 706 1093 anno
726 1073 741 1093 a
763 1065 883 1101 Virginis
905 1071 984 1101 partu
1009 1066 1120 1095 circiter
1141 1068 1203 1094 886.
1237 1067 1258 1094 A
1288 1067 1381 1094 Leone
1405 1067 1588 1094 conclnnalos
1621 1067 1706 1094 fuisse
1734 1067 1845 1092 Βασιλι-

219 1107 277 1134 κῶν
293 1107 380 1135 libros
395 1108 509 1136 Michael
526 1109 641 1142 Psellus,
659 1109 773 1137 Michael
798 1110 940 1142 Attaliota,
954 1110 1185 1146 llarmenopulus,
1204 1111 1360 1143 Balsamon,
1381 1111 1518 1138 Blastares
1541 1116 1569 1138 et
1585 1111 1714 1147 Cujacius
1735 1117 1845 1138 summo

218 1158 356 1179 consensu
375 1156 521 1180 testantur.

256 1204 265 1221 ι
286 1195 380 1223 Edidit
410 1195 476 1224 item
502 1197 558 1225 Leo
577 1197 651 1226 Juris
679 1199 822 1234 Epitomas
838 1199 900 1236 (q-r)
915 1219 922 1231 ,
938 1207 1009 1234 opus
1035 1200 1118 1227 meris
1146 1200 1355 1227 deﬁnitionibus
1380 1204 1409 1227 et
1426 1199 1529 1235 regulis
1554 1205 1698 1230 constans,
1726 1204 1754 1226 et
1777 1198 1846 1228 satis

218 1240 340 1275 elegans,
363 1240 437 1274 quod
451 1245 511 1268 erat
525 1241 552 1268 in
573 1241 696 1269 Palatina
709 1243 889 1274 bibliotheca,
904 1248 934 1270 ut
948 1243 1003 1270 Fret

1061 1251 1086 1271 is
1101 1248 1234 1274 testatur;
1255 1248 1354 1278 przeter
1372 1243 1615 1278 ἐξηκοντάὸιϐἳην.
1642 1251 1689 1270 seu
1709 1243 1843 1269 Βασιλικὰ

219 1284 323 1319 νόμιμα
340 1283 493 1313 confecisse
512 1285 632 1313 Leonem
648 1287 826 1321 prochirum,
849 1291 879 1314 ut
901 1288 988 1314 instar
1005 1287 1213 1315 lnstitutionum
1231 1287 1314 1318 foret,
1339 1287 1475 1314 Antonius
1497 1287 1667 1322 Augustinus
1680 1287 1707 1313 in
1720 1287 1792 1313 notis
1809 1286 1842 1313 ad

218 1327 347 1356 Navellas
362 1328 464 1363 prodit,
488 1328 636 1363 aliquando
652 1337 686 1357 ex
701 1330 745 1358 his
763 1339 824 1365 qua:
841 1331 892 1366 ipsi
903 1335 932 1358 et
946 1331 1047 1358 Basilio
1063 1330 1132 1365 patri
1144 1331 1237 1362 simul,
1255 1330 1298 1356 vel
1319 1330 1499 1357 Constantino
1514 1331 1569 1357 ﬁlio
1590 1331 1744 1364 promiscue
1757 1329 1843 1356 ascri-

219 1371 336 1405 buntur,
349 1372 416 1400 illud
429 1372 490 1400 fore
501 1372 652 1401 verisimile
673 1379 726 1407 est,
744 1374 814 1402 forte
834 1375 949 1406 Λέοντος
967 1374 1083 1408 Exta-{iw
1103 1382 1164 1408 quae
1186 1374 1324 1408 reperitur
1341 1373 1368 1400 in
1393 1373 1560 1401 bibliotheca
1582 1374 1664 1407 Hegio
1683 1373 1842 1403 Parisiensi,

219 1423 357 1451 quamque
367 1415 606 1448 laudatLabbeus,
622 1417 668 1452 qui
683 1425 717 1444 ex
738 1418 834 1445 eadem
862 1423 956 1445 erutas
966 1418 1070 1453 glossas
1091 1417 1182 1444 emisit
1203 1417 1229 1443 in
1258 1417 1357 1444 lucem.
1369 1414 1462 1444 Codici
1473 1417 1603 1444 Vaticano
1616 1417 1678 1447 8.32,
1691 1417 1717 1442 in
1730 1423 1785 1450 quo
1796 1424 1846 1441 x1-

219 1459 254 1486 τὰ
275 1461 407 1494 στνιιχεῐον
422 1460 533 1495 praeﬁxa
543 1460 643 1495 legitur
668 1461 843 1496 imperatoris
853 1462 955 1489 Leonis
966 1470 1000 1497 ep

1061 1463 1082 1488 Ia
1099 1461 1246 1496 incipiens,
1267 1461 1461 1495 Ἰουστινιανῷ,
1483 1461 1592 1487 diversa
1611 1468 1624 1486 a
1636 1460 1743 1487 novella
1755 1460 1844 1493 prima

219 1502 320 1530 Leonis
330 1503 364 1530 ad
380 1503 544 1539 Stylianum.
1296 1535 1299 1537 ἓ

258 1556 267 1572 ‹
288 1547 458 1575 Subsecutus
480 1547 600 1576 Leonem
618 1549 825 1581 Constantinus,
846 1551 906 1585 ejus
917 1550 1190 1584 ﬁlius,cognomento
1207 1549 1494 1583 Porpltyrogennetus,
1510 1547 1648 1574 revocavit
1665 1547 1714 1574 has
1735 1546 1846 1572 Βασιλι-

220 1591 270 1622 κάς
283 1591 336 1618 sub
351 1591 490 1623 incudem,
501 1596 529 1618 et
548 1599 646 1619 novam
660 1593 856 1628 ἀνακάθαρσιν,
871 1602 919 1622 seu
936 1594 1080 1629 repetitatn
1092 1593 1294 1627 prtelectionem
1311 1592 1402 1619 emisit
1420 1592 1444 1618 in
1465 1592 1564 1620 lucem.
1582 1597 1610 1618 ut
1623 1599 1685 1617 cum
1710 1591 1736 1617 in
1759 1597 1845 1616 unum

219 1643 320 1671 corpus
338 1636 538 1671 quinquaginta
553 1636 635 1664 trium
658 1638 781 1665 locorum
806 1639 994 1665 communium
1010 1639 1077 1674 (ες-ι),
1092 1637 1238 1664 historicos
1261 1645 1357 1663 omnes
1371 1636 1460 1670 colligi
1475 1636 1610 1669 iussisset,
1629 1643 1682 1661 non
1705 1635 1796 1661 minus
1810 1633 1846 1660 de

216 1680 448 1716 jurisprudcntia,
469 1688 550 1715 quam
574 1681 607 1708 de
624 1681 750 1713 historia,
769 1690 829 1716 qua:
853 1682 1052 1719 conjungendze
1075 1685 1148 1713 sunt,
1175 1680 1215 1715 (ut
1231 1684 1288 1707 toto
1303 1680 1395 1706 libello
1409 1679 1490 1706 docet
1507 1679 1668 1706 Franciseus
1684 1676 1844 1710 Balduinus)

220 1723 291 1752 bene
311 1729 488 1756 mereretur,
512 1728 541 1751 ut
567 1724 726 1752 observavit
749 1725 929 1753 Casaubonus
953 1726 979 1753 in
997 1725 1074 1760 prati.
1086 1725 1119 1752 ad
1146 1724 1302 1759 Polybium.
1324 1723 1401 1750 Unde
1423 1722 1575 1748 Βασιλικιίν
1603 1726 1698 1748 auctor
1723 1725 1846 1748 assertus

220 1768 272 1795 fuit
287 1775 302 1795 a
320 1767 502 1802 Luitprando,
517 1773 599 1803 atque
610 1776 624 1795 a
636 1769 772 1796 Gentiano
788 1769 924 1796 Herveto:
941 1770 1010 1796 hanc
1026 1768 1214 1803 ἀνακάθαρσιν
1231 1768 1275 1801 (u)
1292 1767 1391 1802 passim
1408 1766 1500 1793 laudat
1514 1765 1674 1792 Theodorus
1690 1765 1845 1791 lialsamon.

258 1820 267 1836 ι
283 1811 330 1839 Isti
346 1811 456 1839 demum
467 1811 525 1838 veri
542 1817 605 1839 sunt
618 1813 788 1839 Βασιλικῶν
801 1813 875 1845 libri,
889 1813 936 1847 qui
947 1812 1152 1840 aConstantino
1165 1812 1424 1846 Porphyrogenncto
1438 1810 1532 1836 ultima
1547 1817 1627 1836 manu
1644 1809 1770 1842 imposita
1786 1808 1846 1836 fue-

220 1860 285 1883 runt
295 1855 374 1883 editi.

258 1909 266 1924 ι
289 1899 329 1926 Ad
343 1907 391 1926 eos
408 1899 466 1935 ipse
485 1899 693 1933 Constantinus,
709 1901 870 1936 proehirum
887 1901 929 1935 (υ)
945 1902 1002 1929 sive
1016 1901 1249 1930 introductionem
1260 1900 1386 1934 componi
1402 1900 1518 1931 curavit,
1534 1904 1581 1926 ant
1597 1900 1688 1934 potius
1705 1898 1844 1933 prochira.

219 1950 281 1978 qua
292 1943 411 1970 Basilius
429 1948 457 1971 et
468 1943 523 1970 Leo
536 1939 761 1979 composuerant,
774 1946 913 1972 recenseri
929 1954 936 1972 :
957 1946 1030 1973 unde
1047 1946 1120 1972 illius
1134 1952 1244 1979 quoque
1262 1951 1362 1970 nomen
1379 1948 1418 1970 tot
1435 1944 1625 1978 prochirorum
1641 1942 1845 1976 exemplaribus

222 1987 386 2022 inscriptum
410 1993 472 2020 est,
509 1996 571 2023 qua
593 1996 609 2016 ει
633 1988 766 2016 studiosis
790 1994 818 2016 et
847 1990 996 2018 causidicis
1019 1988 1207 2018 Orientalibus
1228 1987 1303 2014 varie
1332 1987 1495 2022 interpolata
1513 2007 1521 2017 ,
1548 1987 1655 2014 concisa
1680 1994 1729 2022 pro
1752 1985 1844 2015 libito,

219 2035 248 2057 et
270 2030 304 2058 ad
324 2031 446 2066 ipsorum
467 2039 560 2063 usum,
586 2036 808 2069 praepostereque
830 2034 968 2069 descripta
993 2041 1048 2062 tam
1075 2031 1231 2062 dissimilia,
1256 2036 1365 2066 tamque
1386 2031 1546 2065 perturbato
1567 2031 1663 2058 ordine
1677 2037 1750 2056 nunc
1765 2036 1844 2063 repe-

220 2072 341 2100 riuntur.

258 2126 266 2142 ι
288 2116 443 2143 Βασιλικῶν
465 2117 590 2153 ἐκλογὴν,
612 2119 670 2156 sive
681 2119 810 2154 synopsin
822 2119 867 2153 (π)
885 2118 1003 2147 Joan.Sz

1062 2128 1129 2148 ucus
1140 2119 1182 2146 vir
1196 2118 1355 2146 Pannonius
1369 2117 1479 2145 Tarenti
1495 2118 1567 2152 apud
1583 2117 1715 2145 Calabros
1728 2115 1843 2150 reperit,

219 2168 247 2188 et
258 2169 321 2202 cum
336 2161 464 2188 versione
478 2161 574 2189 Latina
588 2162 772 2200 Leunclavius
787 2163 873 2198 ipsam
887 2163 974 2193 edidit
987 2164 1099 2193 Basilea':
1113 2165 1192 2192 1575.
1206 2164 1244 2195 De
1261 2164 1305 2190 illa
1319 2163 1378 2190 fuse
1393 2162 1522 2198 Cujacius
1534 2163 1583 2189 lib.
1597 2170 1674 2193 xvnt,
1693 2168 1754 2195 cap.
1767 2160 1802 2188 57
1815 2163 1845 2188 et

219 2206 265 2242 58.
285 2205 420 2244 Observat.
432 2206 516 2239 Iuris,
527 2207 574 2234 ubi
589 2207 682 2239 laudat
694 2207 776 2234 etiam
793 2208 891 2243 μικρὸν
904 2209 974 2236 κατὰ
990 2218 1003 2236 σ

1061 2211 1122 2245 [εἰον
1135 2208 1232 2243 incerti
1246 2208 1378 2240 auctoris,
1393 2207 1426 2234 de
1444 2214 1499 2241 quo
1513 2214 1575 2233 cum
1590 2214 1644 2232 non
1659 2206 1773 2240 liqueat,
1789 2212 1846 2231 am-

221 2252 482 2286 pliaudumcenseo.
498 2262 507 2278 ι

254 2297 282 2324 ϐ.
308 2297 440 2331 Διήγησις
458 2296 594 2331 περὶτῆς
621 2296 690 2333 πρὸς
711 2296 836 2331 Αὖγαρον
859 2298 1062 2334 ἀποσταλείσης
1093 2298 1303 2332 ἀχειροποιήτου
1329 2296 1407 2326 Θείας
1433 2294 1536 2325 εἰκόνος
1562 2293 1679 2328 Χριστοῦ
1700 2291 1746 2318 τοῦ
1775 2291 1844 2317 Θεοῦ

218 2340 308 2375 ήμῶν.
337 2340 465 2368 Narratio
484 2341 516 2366 de
528 2341 644 2374 imagine
658 2339 756 2367 Christi
773 2341 804 2367 ab
818 2342 872 2376 ipso
892 2342 927 2368 ad
946 2342 1096 2376 Augarum,
1111 2342 1219 2375 Edessa;
1233 2349 1330 2376 regem,
1344 2340 1423 2370 missa
1439 2344 1462 2365 et
1478 2338 1577 2369 Edessa
1594 2336 1691 2364 CPoIiu
1708 2334 1843 2362 translata

220 2394 247 2418 tt.
270 2385 301 2413 ϐ.
328 2385 392 2412 9M.
424 2385 521 2412 Latine
548 2385 649 2420 legitur
680 2385 752 2420 apud
776 2385 919 2420 Aloysium
943 2386 1163 2420 Lipomannum,
1188 2388 1270 2418 atque
1300 2383 1362 2411 inde
1386 2382 1457 2417 apud
1485 2382 1594 2409 Surium
1613 2384 1678 2407 tom.
1698 2378 1741 2411 IV,
1763 2378 1796 2405 ad
1812 2379 1844 2404 16

218 2429 352 2464 Augusti;
381 2429 474 2456 Gnecc
500 2437 532 2456 ex
554 2429 638 2464 Regio
663 2429 757 2456 codice
777 2438 831 2456 una
856 2437 918 2456 eum
938 2437 1006 2456 nova
1024 2428 1152 2456 versione
1174 2436 1222 2455 sua
1248 2428 1375 2462 notisque
1403 2426 1510 2462 primus
1540 2424 1660 2458 vulgavit
1679 2422 1844 2459 Franciseus

219 2471 401 2512 gontbeﬂsitts
421 2473 447 2499 in
464 2471 604 2515 Fascictilo
619 2473 756 2508 originum
774 2478 801 2500 et
818 2473 1012 2508 antiquitatum
1024 2473 1117 2504 CPoI.,
1135 2480 1162 2507 p.
1180 2472 1293 2502 ’ΖΞ-101,
1314 2471 1401 2509 Paris.
1421 2471 1497 2502 Ιϐϋι,
1520 2470 1547 2497 ι.
1577 2468 1770 2504 Conjecturam
1801 2466 1821 2492 L
1835 2481 1848 2486 -

971 2539 1086 2567 NOTAE.

254 2610 292 2644 (pi
315 2609 417 2644 Vereor
443 2616 478 2636 ne
501 2609 703 2637 Antiochenam
716 2609 899 2644 patriarcham
918 2608 1010 2635 Balsa-

220 2652 329 2680 ntouem
365 2643 458 2680 dicere
488 2644 608 2671 voluerit
643 2643 826 2680 Augustinus.-
859 2644 892 2670 dc
917 2644 1008 2680 icujus

218 2679 357 2716 synopsiAe
373 2679 467 2716 codice
482 2684 509 2716 et
524 2680 640 2716 novellis
653 2679 758 2716 dictum
775 2687 857 2716 supra
870 2687 897 2712 p.
911 2679 971 2716 ωδ.

254 2715 315 2751 (q-r)
329 2714 430 2742 Leonis
446 2714 585 2751 Sapientis
594 2714 907 2751 CompendiuinLegum
917 2714 1006 2740 citans

218 2749 277 2779 Nic.
287 2750 407 2777 Comnen
413 2758 445 2777 us
456 2750 622 2784 l’apadopuli
632 2749 839 2776 Prwuotiouibua
848 2749 981 2784 iui/stagog
997 2770 1004 2781 ,

220 2794 246 2819 p.
263 2785 325 2814 36L
348 2785 411 2816 402,
428 2789 496 2816 etc.,
515 2785 610 2812 laudat
624 2785 683 2819 ejus
700 2784 863 2818 interpretes
878 2784 1006 2811 Modesti-

221 2827 296 2850 nnm,
309 2819 654 2854 DOInninum,Gregorilttit
673 2820 763 2852 l’alzo,
776 2819 1002 2854 Tlteophililzeui,

219 2854 386 2884 Eudoxium,
398 2855 518 2882 Phocam
538 2860 565 2882 et
582 2855 765 2883 Theodorum
778 2856 1001 2890 Hermopolitem.

223 2890 298 2918 Alius
315 2890 348 2917 ab
369 2890 421 2917 hoc
443 2890 649 2925 Thcophilitzes
676 2891 753 2926 cujus
773 2891 876 2918 mentio
900 2890 925 2917 in
943 2889 1002 2917 Vita

1062 2608 1152 2635 Basilii
1187 2608 1343 2636 Macedonis
1377 2609 1450 2635 inter
1481 2607 1630 2640 scriptores
1663 2609 1723 2639 post
1755 2605 1844 2632 'l‘hco-

1060 2643 1188 2677 pltanetn.

1093 2683 1151 2710 (8-!)
1165 2679 1231 2706 Vitle
1250 2679 1355 2706 volum.
1366 2678 1400 2705 Vl
1416 2678 1498 2708 huius
1511 2676 1593 2707 ΒΗΑ,
1607 2684 1633 2711 p.
1647 2676 1698 2704 490
1714 2685 1772 2710 seq.

1093 2716 1131 2745 (ιι)
1152 2714 1225 2740 ldem
1253 2714 1376 2740 Balsamo
1414 2720 1529 2747 promtu.
1566 2713 1592 2738 in
1625 2712 1846 2747 Nomnea‘toncm

1062 2749 1151 2776 Photii
1166 2754 1244 2775 vocat
1254 2750 1301 2783 τὴν
1313 2748 1470 2774 τελευταίαν
1484 2748 1669 2783 ἀνακάθαρσιν
1679 2747 1735 2772 τὼν
1755 2746 1844 2783 νόμῳ-ι

1060 2785 1109 2819 τὴν
1123 2781 1370 2818 γενομένηνήτεαρὰ
1383 2782 1429 2809 τθῦ
1448 2782 1570 2817 ἀοιδίμου
1590 2782 1721 2816 βασιλέως
1749 2781 1844 2815 κυρίῡυ

1059 2819 1266 2854 Κωνστανῖὶνου
1282 2819 1328 2845 τοῦ
1339 2819 1606 2854 Πορφυρογέννητθυ.

1096 2854 1130 2887 (ιι)
1149 2854 1180 2880 Α.
1198 2853 1228 2879 (ξ.
1243 2854 1304 2880 9:9.

1095 2891 1132 2924 ix)
1155 2889 1212 2916 l"ol.
1226 2889 1259 2916 de
1275 2891 1324 2916 hac
1342 2897 1422 2924 supra
1436 2898 1460 2924 p.
1476 2889 1537 2916 4'26.
