2031 3150
291 168 326 198 ΞΊ
910 165 1015 196 ΙΟΑΝ.
1038 167 1080 195 ΑΙ.

1141 165 1310 196 FABRICII
1884 169 1918 203 28

328 222 370 249 i3.
383 219 555 248 Constantini
584 219 840 255 Porphyrogenneti
870 220 947 254 jussu
978 221 1062 248 etiam
1090 225 1172 254 atque
1203 220 1336 255 auspiciis
1362 219 1491 257 martyria
1504 226 1532 248 ct
1552 221 1623 249 Vitas
1639 222 1847 257 sanctorumtf).
1862 231 1917 250 non

291 264 472 293 Orientalium
491 267 609 295 tantum.
631 268 661 291 ut
689 263 779 291 visum
810 263 911 291 Joanni
932 263 1060 294 Nolano.
1084 265 1132 292 sed
1163 266 1344 300 quorumvis.
1370 273 1441 300 quas
1468 263 1590 293 nancisci
1620 266 1730 301 potuit.
1755 267 1918 302 conscripsit

289 309 413 338 Simeon.
429 307 562 342 magister
584 312 613 335 et
641 307 791 343 logotheta.
812 313 995 342 cognomento
1011 307 1203 343 Metapliraates
1221 308 1279 344 (g);
1308 310 1345 336 ita
1368 309 1442 336 enim
1457 310 1611 344 appellatus
1627 310 1754 345 estquod
1773 310 1918 346 plerasque

290 352 366 380 Vitas
378 360 434 379 non
450 357 550 386 suopte
561 352 618 387 ipse
637 351 747 387 ingenio
764 354 920 386 composuit
933 352 1124 387 condiditque.
1143 353 1190 379 sed
1207 353 1241 379 ab
1255 353 1461 388 antiquioribus
1480 354 1598 388 scriptas
1618 355 1775 390 μετέῳρασε
1793 360 1821 382 et
1836 355 1918 389 paulo

289 397 343 423 alio
361 396 458 426 habitu
485 395 575 423 induit
601 395 650 431 (lt),
677 395 832 423 omittendo
851 396 903 423 alia
923 395 950 423 in
977 396 1042 429 illis,
1063 397 1115 423 alia
1144 397 1271 424 addendo
1296 398 1336 425 vel
1363 398 1496 425 mutando
1514 403 1596 433 atque
1625 399 1826 434 intcrpolando.
1846 399 1918 426 Vitas

290 441 436 475 plerasque
450 444 595 467 recensent
611 440 728 466 Allatius
743 439 815 466 libro
826 440 857 466 de
869 439 1030 474 Symeonum
1043 441 1158 475 scriptis.
1178 450 1238 477 pag.
1260 442 1310 468 l'2t
1325 449 1382 477 seq.
1396 450 1404 474 ;
1422 441 1560 469 "ztttcitills
1578 446 1655 477 parte
1673 451 1679 468 ι
1697 442 1734 468 De
1748 443 1920 477 scriptoribn;

291 484 368 520 Bm...
388 493 448 519 cap.
466 485 511 511 2t.
540 493 566 519 p.
595 484 648 511 1536
678 491 750 519 seq.,
769 489 796 511 et
824 484 932 511 Cavens
955 485 988 511 ad
1014 493 1039 511 a.
1059 484 1090 511 C.
1115 485 1177 514 901,
1202 485 1249 512 sed
1280 486 1318 512 ita
1349 491 1377 512 ut
1397 485 1558 513 dilllcillime
1586 487 1693 521 possint
1722 487 1823 513 evolvi.
1850 487 1918 514 Nam

291 529 408 557 Allatius
423 529 500 556 initia
513 529 636 556 Vitarum
652 529 748 556 ordine
765 528 938 563 alphabetico
951 529 1084 566 digessit;
1116 529 1256 556 llanckius
1274 529 1351 556 Vitas
1381 530 1521 556 recensuit
1547 530 1598 556 sub
1624 531 1714 556 titulis
1739 531 1919 566 populorum.

291 574 338 608 qui
357 578 464 600 sanctos
483 580 617 607 quosque.
631 581 750 607 quorum
765 577 830 600 sunt
847 573 927 605 Vitae,
944 573 997 600 sibi
1013 573 1156 599 vindicant
1173 582 1178 598 :
1195 572 1302 600 Cavcus
1317 573 1442 600 ordinem
1458 579 1570 600 secutus
1585 579 1627 600 est
1643 574 1744 606 Allatii.
1762 583 1920 610 quanquam

292 618 371 645 initia
384 617 442 651 ipsa
466 617 589 644 Vitarum
605 617 745 644 ascribere
761 617 928 652 supersedit.
949 617 1053 652 Digessi
1073 617 1158 652 igitur
1178 617 1254 643 Vitas
1277 625 1345 651 quas
1364 617 1501 644 Simeonis
1523 626 1555 644 ex
1580 618 1640 653 styli
1667 618 1773 645 ratione
1800 618 1842 645 vel
1858 619 1921 646 aliis

291 661 462 696 argumentis
482 661 616 695 genuinas
631 660 748 687 Allatius
765 666 870 692 censet,
891 660 1044 695 descriptas
1059 660 1211 687 secundum
1228 661 1340 688 nomina
1365 666 1534 692 sanctorum.
1551 662 1648 688 ordine
1671 663 1807 689 recensita
1824 663 1920 699 alpha-

293 706 395 733 bt-tico.
413 705 512 732 Addidi
529 705 613 731 etiam
629 705 708 735 alias,
725 712 794 738 quas
810 704 894 732 certis
909 704 1070 731 auctoribus
1084 704 1201 731 Allatius
1225 704 1333 736 tribuit,
1347 704 1469 739 itemque
1486 705 1547 732 illas
1560 713 1629 739 quas
1644 713 1706 732 cum
1719 711 1794 733 certo
1811 707 1920 734 auctori

293 758 347 776 non
368 749 466 776 audeat
481 749 632 784 assignare,
651 749 788 776 Simeonis
807 749 1000 783 Metaphrastze
1036 753 1126 775 tamen
1147 757 1201 776 non
1226 756 1298 781 esse,
1314 755 1402 784 putat.
1422 757 1483 777 esse
1501 750 1684 784 exploratum,
1702 750 1822 785 denique
1839 751 1922 786 longe

293 794 397 828 plures.
421 801 490 828 quas
508 793 566 827 ipse
592 793 619 819 in
642 793 720 820 Actis
736 798 893 820 sanctorum
922 792 965 819 vel
982 792 1058 822 alibi.
1080 792 1179 819 Allatio
1195 793 1348 828 prietes-itas
1376 793 1534 820 observavi.
1554 793 1634 820 Illum
1659 794 1814 829 calalogum
1835 795 1922 822 habes

293 837 433 864 volumine
457 837 493 863 IX
511 837 593 871 hujus
611 837 788 864 Bibliotheca:
810 844 836 871 p.
853 836 887 863 48
908 843 994 870 usque
1010 835 1044 862 ad
1062 836 1119 864 l52,
1140 842 1167 863 et
1187 838 1275 865 multo
1291 837 1444 872 pleniorem
1463 837 1574 872 quidem
1592 845 1673 872 quam
1696 839 1817 872 primum
1835 839 1922 866 editio

291 880 439 907 voluminis
454 880 599 915 praisetltis
623 881 677 907 hoc
703 880 830 907 eumdem
849 880 910 907 loco
927 879 1076 907 exhibebat
1093 879 1142 915 (I).
1159 880 1224 915 Ejus
1247 881 1339 915 itaque
1368 881 1395 907 in
1422 881 1510 907 vicem
1538 888 1602 908 ecce
1629 882 1684 916 jam
1711 881 1760 908 tibi
1780 882 1921 910 Michaelis

292 924 372 951 Psclli
386 924 413 951 in
427 924 589 959 Symeonem
607 924 830 959 Metaphrastem.
848 924 1010 951 Encomium
1031 932 1092 952 eum
1112 924 1237 951 versione
1262 924 1362 951 Leonis
1376 924 1480 956 Allatii,
1501 925 1527 951 in
1545 925 1624 960 cujus
1640 926 1732 960 capite
1754 926 1786 953 l5
1809 925 1919 960 Operis.

290 968 324 994 de
341 967 410 994 Vitis
434 972 594 995 sanctorum
610 968 644 995 ab
656 976 690 995 eo
708 968 862 1002 compositi,
877 976 939 996 cum
957 968 1037 995 laude
1051 969 1185 998 meminit.
1203 973 1232 996 ut
1248 968 1313 995 facit
1327 969 1409 995 etiam
1423 968 1586 996 Theodorus
1600 969 1741 998 Balsamo.
1757 969 1789 996 ad
1808 977 1869 996 can.
1886 970 1922 997 65

292 1011 414 1038 Trulhn.
433 1012 542 1046 εΧάρις
568 1012 606 1046 τῷ
637 1013 776 1047 μακαρίτῃ
801 1013 989 1047 Μεταφριστῇ
1007 1012 1046 1046 τῷ
1064 1013 1098 1038 τὰ
1117 1012 1274 1047 μαρτυρικὶ
1295 1012 1364 1047 ὑπὲρ
1392 1014 1441 1046 τῆς
1467 1012 1596 1047 ἀληθείας
1629 1014 1781 1047 exiguam
1811 1013 1921 1044 πολλοῖς

293 1057 384 1086 πόνοις
406 1056 453 1081 καὶ
476 1056 570 1090 ἱδρῶτι
588 1055 823 1083 “malisin”:
839 1057 867 1087 ὲς
893 1055 977 1091 ὕμνον
993 1055 1061 1082 6Ὰῦ

1147 1055 1226 1088 δόξαν
1257 1056 1436 1087 αἶωνέξουσαν
1452 1056 1506 1082 τῶν
1526 1057 1613 1089 ἁγίων
1633 1056 1792 1092 μαρτύρων.
1813 1057 1922 1086 Similia

294 1099 435 1126 Mattlueus
455 1099 599 1131 Blastares.
616 1100 643 1126 in
660 1099 775 1136 Synopsi
800 1107 934 1127 canonum
955 1107 982 1135 p.
1004 1099 1037 1127 57
1052 1107 1110 1134 seq.
1130 1099 1245 1126 FABR.-
1258 1098 1307 1126 Hie
1324 1108 1433 1134 quoque
1453 1099 1593 1135 adjecerat
1618 1100 1713 1132 Pselli.
1732 1101 1923 1135 liletaphrastm

294 1142 424 1174 cilicium.
442 1142 489 1170 Gr.
504 1147 532 1170 et
545 1143 603 1169 Lat.
626 1144 697 1178 Μηνὶ
714 1143 861 1178 Νοεμϐρίῳ
875 1142 928 1178 κη’.
943 1156 1015 1163 ——
1027 1143 1121 1170 Mensis
1139 1143 1289 1170 Novembris
1311 1143 1352 1169 die
1376 1143 1410 1170 28
1422 1164 1428 1174 ,
1445 1144 1662 1170 commemoratio
1681 1143 1710 1170 S.
1733 1144 1822 1171 Putris
1838 1149 1922 1174 noalri

294 1186 574 1222 Symeonislogothctte
589 1187 776 1223 Melaplirastie
796 1196 804 1215 :
822 1187 944 1223 Ofﬁcium
959 1197 975 1214 a
990 1187 1078 1215 Pullo
1096 1188 1273 1222 tompnsitum.
1292 1186 1439 1221 Interprete
1459 1187 1543 1213 Leone
1560 1187 1672 1214 Allutio.
1691 1187 1819 1221 Troparia
1840 1189 1870 1223 (i.
1893 1197 1919 1216 e.

294 1231 327 1257 ad
344 1232 481 1265 vesperas)
495 1232 520 1258 in
535 1232 676 1267 psalmum.
703 1241 712 1257 ι
733 1231 852 1264 Domine.
869 1232 993 1258 clamavi.
1014 1241 1022 1256 ι
1043 1231 1128 1258 Echus
1145 1231 1264 1265 obliquus
1281 1230 1422 1257 secundus.
1444 1231 1509 1258 Mihi
1523 1238 1589 1258 vero
1608 1239 1658 1258 nec
1677 1228 1851 1259 commoddm
1870 1241 1921 1260 nec

295 1275 478 1301 necessarium
494 1283 554 1302 esse
571 1275 691 1307 videtur.
723 1280 753 1303 ut
777 1276 822 1302 illa
843 1276 976 1310 opuscula
1000 1276 1071 1310 typis
1091 1279 1252 1309 repetantur
1277 1274 1303 1300 in
1325 1275 1376 1301 hac
1402 1274 1431 1300 Β.
1445 1274 1493 1301 Gr.
1511 1274 1643 1302 editione.
1660 1274 1763 1302 Contra
1788 1277 1920 1310 quoniam

295 1318 436 1353 hucusque
454 1319 487 1346 de
509 1319 689 1346 Constantino
721 1319 980 1354 Porphyrogcnneto
1006 1318 1169 1353 scriptisque
1183 1338 1190 1349 ,
1211 1318 1270 1352 ejus
1291 1317 1368 1352 jussu
1393 1318 1579 1352 auspiciisque
1602 1318 1744 1351 confectis,
1760 1324 1850 1346 actum
1866 1324 1921 1353 est,

293 1362 413 1396 adjicere
438 1363 527 1397 placet
551 1363 676 1390 notitiam
702 1362 901 1390 eremanialis
929 1363 1073 1390 Constant.
1091 1362 1238 1396 Porphyr.,
1253 1361 1370 1388 Fabricii
1387 1366 1466 1388 (etate
1487 1361 1609 1388 nondum
1626 1362 1704 1394 editi.
1720 1363 1842 1391 brevem.
1867 1364 1920 1391 Sed

293 1406 423 1441 quoniam
441 1414 509 1441 opus
526 1411 620 1441 postea
638 1407 727 1434 lucem
746 1407 812 1433 vidit
827 1411 855 1433 et
873 1407 940 1433 satis
955 1410 1050 1432 notum
1070 1410 1122 1437 est.
1138 1407 1282 1433 maximam
1297 1406 1310 1441 §
1325 1406 1408 1432 XXIV
1430 1410 1534 1440 partem
1551 1405 1653 1444 delevi.
1676 1407 1760 1434 “Alte.

328 1451 474 1479 Zacharias
490 1452 597 1480 Conrad
612 1453 646 1479 ab
664 1452 814 1480 Ull'enbach
828 1451 987 1486 possederat
1011 1450 1075 1478 cod.
1095 1451 1121 1477 in
1144 1451 1211 1478 orbe
1237 1451 1327 1478 forsan
1347 1452 1470 1481 unicum.
1491 1451 1587 1484 paucis
1613 1455 1693 1478 antea
1719 1453 1761 1479 ve!
1779 1454 1920 1487 cognitum

293 1496 336 1523 vel
363 1502 555 1528 memoratum,
569 1497 615 1531 qui
640 1504 665 1523 a.
692 1496 760 1522 1732
787 1495 913 1530 pervenit
928 1495 955 1521 iu
975 1494 1166 1521 bibliothecam
1185 1499 1296 1522 senatus
1312 1494 1473 1528 Lipsiensis.
1493 1494 1519 1521 ls
1534 1502 1599 1521 vero
1615 1495 1740 1522 continet
1753 1495 1923 1524 Constantini

293 1539 534 1576 Porphyragenneli
549 1541 627 1567 libros
647 1541 698 1567 duo
711 1541 742 1566 tle
769 1540 918 1566 cerimoniis
943 1539 1012 1565 aula,-
1032 1539 1205 1573 Byzantium;
1223 1546 1273 1564 nec
1289 1546 1354 1564 vero
1370 1546 1440 1564 unus
1453 1537 1625 1565 Constantio.
1642 1538 1811 1575 Porphyrog.
1823 1545 1921 1566 auctor

293 1585 396 1620 operis.
410 1586 483 1620 quod
501 1586 613 1620 quidem
631 1585 664 1612 ad
680 1590 801 1612 nostram
821 1586 948 1619 pervenit
963 1589 1082 1615 :etatem.
1098 1583 1159 1616 l'uit,
1175 1584 1234 1614 sed,
1251 1583 1323 1617 quod
1343 1583 1454 1617 quidem
1480 1583 1622 1617 probabile
1642 1583 1788 1610 videbatur
1809 1584 1920 1612 Reiskio

295 1630 322 1656 in
345 1629 422 1664 praef.
443 1630 475 1657 ad
493 1630 548 1656 vol.
575 1630 596 1661 1,
615 1637 677 1664 pag.
695 1630 710 1656 7
724 1637 796 1663 sqq.,
814 1634 895 1663 atque
922 1629 948 1655 in
965 1628 1040 1662 praef.
1068 1627 1120 1654 ﬁne
1143 1627 1176 1654 ad
1191 1628 1246 1654 vol.
1264 1627 1295 1657 ll.
1314 1632 1341 1654 et
1355 1627 1379 1654 ,1.
1397 1627 1431 1654 Μ.
1449 1627 1572 1654 Gesnero
1586 1628 1612 1654 in
1630 1628 1836 1658 Relationibus.
1851 1634 1919 1661 εις..

295 1677 391 1709 postea
406 1673 562 1705 laudandis,
583 1674 637 1700 vol.
658 1673 678 1704 l.
696 1681 721 1707 p.
739 1673 802 1703 592.
816 1672 922 1707 adjecta
936 1676 999 1699 sunt
1011 1671 1133 1707 quadam
1151 1671 1186 1698 ab
1201 1671 1275 1698 illius
1289 1676 1388 1706 nepote
1400 1671 1565 1706 cognomine
1583 1671 1712 1706 aliisque.
1733 1672 1812 1700 Sistit
1827 1678 1919 1700 autem

293 1725 364 1753 opus
392 1718 556 1746 cerimonias
588 1717 615 1745 in
644 1717 704 1743 aula
736 1721 764 1744 et
789 1715 908 1743 Ecclesia
938 1715 1240 1749 Conslantinopolitana
1273 1715 1474 1746 observandas,
1506 1722 1613 1742 necnon
1643 1715 1669 1742 in
1700 1716 1921 1750 expeditionibus

294 1762 403 1790 bellicis
420 1766 448 1790 et
470 1762 543 1789 ludis
566 1762 684 1796 publicis
713 1769 744 1788 ac
767 1759 949 1788 solemnibus.
980 1760 1057 1788 Ill-um
1085 1759 1208 1786 codicem
1225 1758 1338 1786 uberius
1356 1758 1503 1793 descripsit
1526 1758 1550 1786 J.
1564 1758 1597 1785 ll.
1612 1759 1698 1786 Maius
1715 1759 1741 1786 in
1755 1761 1834 1787 catal.
1853 1769 1919 1788 mss.

294 1806 419 1834 codicum
431 1807 458 1833 in
474 1806 542 1833 bibl.
555 1805 715 1833 Ulienbaeh.
733 1809 803 1839 part.
822 1813 850 1836 ιι,
870 1813 897 1832 n.
912 1806 954 1833 l7.
972 1804 1209 1839 nag.557-567,ex
1225 1811 1313 1838 eoque
1330 1803 1467 1837 excerpsit
1485 1803 1601 1838 primum
1618 1803 1920 1836 '1‘:¢0:etv.etc.,desi-

294 1851 446 1886 gnationem
459 1849 653 1884 expeditionum
668 1849 836 1883 imperatoris
860 1848 1015 1875 bellicarum
1031 1854 1054 1876 et
1070 1848 1222 1875 memoriale
1236 1855 1283 1883 pro
1303 1847 1410 1879 castris.
1425 1852 1482 1874 tum
1502 1847 1613 1874 indicem
1629 1848 1746 1883 capitum
1766 1848 1810 1875 lib.
1825 1857 1832 1875 l
1848 1854 1872 1875 et
1889 1858 1919 1882 ll,

294 1894 386 1923 Graece
400 1902 463 1922 cum
479 1902 528 1922 sua
552 1894 681 1920 versione
704 1893 810 1921 Latina.
828 1894 860 1920 Et
879 1893 1098 1928 designationem
1119 1898 1147 1920 et
1168 1893 1287 1920 indicem
1303 1900 1335 1919 ex
1354 1892 1400 1919 illo
1415 1892 1549 1926 catalogo.
1565 1892 1688 1923 salivam,
1702 1893 1796 1925 credo.
1815 1898 1844 1920 ut
1859 1901 1919 1920 mo-

294 1945 372 1966 veret
401 1939 469 1965 viris
482 1937 582 1969 doctis.
602 1938 672 1972 typis
692 1937 779 1971 repeti
795 1937 897 1964 fecerat
923 1937 1066 1964 Fabricius
1095 1938 1123 1964 in
1138 1937 1204 1963 edit.
1220 1937 1236 1963 Ξ
1252 1936 1283 1963 Β.
1299 1936 1345 1963 (2r.
1364 1936 1408 1967 At,
1428 1943 1509 1970 opere
1529 1943 1602 1963 nunc
1625 1935 1711 1967 edito,
1732 1944 1763 1962 en
1780 1937 1871 1964 omnia
1886 1945 1920 1964 ex

295 1983 348 2010 hac
364 1990 433 2009 nova
449 1981 574 2009 editione
592 1981 721 2008 exsulare
739 1982 881 2015 iussimus.
907 1981 1002 2016 Neque
1027 1986 1118 2008 tamen
1144 1980 1359 2010 incommodum.
1388 1987 1477 2014 neque
1509 1980 1570 2007 aliis
1598 1980 1735 2013 ingratum
1759 1980 1847 2007 visum
1866 1986 1919 2012 est.

295 2024 441 2059 epistolam
468 2023 631 2050 UlTenbach.
659 2023 692 2050 ad
721 2023 875 2050 Fabricium
908 2023 1040 2055 missam.
1060 2031 1109 2050 seu
1139 2030 1294 2051 accuratam
1327 2023 1430 2051 codicis
1453 2023 1600 2058 operisque
1623 2023 1849 2058 descriptionem,
1866 2030 1921 2051 eta

295 2069 422 2098 Fabricio
440 2068 478 2103 (p.
499 2068 561 2098 621.
580 2068 634 2095 vol.
648 2067 681 2095 γι
699 2072 754 2095 vet.
783 2067 863 2102 edit.)
889 2067 1067 2102 publicatam,
1085 2073 1168 2102 atque
1181 2076 1195 2095 a
1217 2067 1328 2095 Reiskio
1346 2068 1400 2095 vol.
1416 2068 1427 2094 l
1443 2067 1534 2103 operis
1554 2075 1615 2103 pag.
1635 2075 1699 2094 xxnt
1718 2068 1855 2099 iteratam,
1869 2068 1920 2095 hoc

294 2113 357 2141 loco
381 2112 512 2140 retinere.
537 2111 577 2139 En
594 2111 678 2147 igitur
699 2111 827 2140 notitiam
851 2111 1024 2140 Ull‘cnbachii
1041 2119 1102 2139 cum
1117 2111 1234 2139 Fabricii
1258 2111 1342 2138 notis.

1049 2170 1166 2199 NOTAE.

943 1156 1015 1163 __—

294 2217 442 2248 Cassianus
456 2225 509 2244 non
527 2222 632 2244 mutum
641 2225 724 2251 pecus
738 2221 789 2248 est.
807 2217 881 2252 quod
900 2217 1004 2244 alienos
1015 2225 1076 2244 sae»

295 2261 344 2281 cos
358 2253 385 2280 in
400 2261 483 2279 unum
500 2253 589 2279 locum
613 2253 694 2279 tacite
710 2257 856 2287 congerat;
875 2251 922 2279 sed
941 2252 983 2279 vir
1000 2252 1077 2285 inge-

295 2296 378 2319 nuus.
395 2288 535 2315 institutus
548 2288 709 2318 liberaliter,
719 2287 886 2322 priudiorum
898 2287 1080 2321 villarumque

295 2323 425 2360 plurium
437 2323 565 2360 dominus
582 2327 609 2350 et
624 2323 681 2360 ipse
695 2322 951 2360 expetit-piissimus
977 2327 1080 2360 arator.

294 2357 342 2394 qui
357 2359 440 2385 sumit
451 2358 591 2394 audaciam
599 2357 739 2394 quaesitam
751 2357 865 2386 meritis.
877 2361 904 2383 et
918 2357 1080 2383 sententiam

295 2392 372 2422 suam
385 2394 441 2428 ipse
455 2398 516 2428 post
530 2393 597 2419 alios
610 2392 690 2428 dicit,
707 2393 760 2419 hoc
771 2397 822 2423 est,
841 2396 999 2428 opportune
1007 2396 1082 2428 notas

295 2437 359 2458 suas
377 2426 431 2456 non
451 2426 564 2463 aspergit
583 2427 617 2454 ad
633 2428 796 2462 marginem,
810 2426 883 2462 quod
896 2434 969 2453 nunc
985 2426 1025 2463 ﬁt,
1035 2427 1081 2454 sed

294 2461 509 2499 interspergit,ct
522 2461 551 2490 se
568 2463 664 2499 miscet
677 2461 785 2499 reliquo
800 2463 968 2499 rusticorum
985 2461 1082 2489 choro.

295 2498 352 2527 Hoc
367 2497 458 2534 itaque
478 2503 618 2525 tenemus:
642 2497 711 2534 Stult
726 2497 892 2534 Geoponica.
915 2497 1084 2534 Cltrestonto.

296 2535 352 2562 thin
371 2531 468 2561 rustico
491 2541 550 2559 cum
573 2534 640 2560 notis
666 2531 791 2560 Cassiani
805 2533 882 2559 Bassi
896 2552 902 2563 .
923 2531 1082 2563 scholastici,

295 2570 370 2598 edita
390 2568 637 2603 Constantinopoli,
656 2569 779 2603 impensis
809 2572 834 2594 et
865 2567 989 2602 auspiciis
1010 2565 1084 2603 7C0"-

294 2606 407 2632 stantini
430 2602 680 2638 Porpliyrogenneti.
705 2603 761 2630 Hoc
788 2603 953 2633 observato.
977 2602 1082 2638 reliqua

294 2640 386 2668 omnia
404 2644 470 2666 sunt
484 2637 617 2673 expedita
634 2644 662 2666 et
675 2639 813 2672 explicita.
832 2648 840 2663 ι
871 2638 1008 2664 Hactenus
1031 2637 1079 2663 Ni-

294 2675 361 2707 cias.
385 2675 431 2709 qui
448 2682 479 2701 ea
495 2672 555 2708 qum
576 2674 644 2701 bene
659 2679 687 2701 et
700 2679 784 2705 recte.
808 2674 917 2709 opinor.
937 2672 1078 2709 explicuit.

295 2708 519 2745 adhuc’aliquot
550 2709 682 2744 exemplis
713 2709 840 2744 probavit
865 2708 1077 2742 illustravitque.

295 2746 380 2773 HARL.

331 2781 362 2815 (Γ)
383 2780 549 2808 Conferatur
578 2779 776 2815 Metaphrastes
791 2779 817 2806 in
834 2779 894 2806 Vita
916 2778 1079 2806 Theoctistaa

295 2816 366 2850 apud
379 2815 490 2844 Surium
505 2815 539 2843 ad
562 2815 594 2842 10
606 2815 674 2842 Nov.
688 2823 695 2847 ;
708 2814 788 2841 Mich.
807 2815 922 2845 Pscllus,
949 2814 1080 2841 Encomio

1129 2217 1330 2251 Mctaphrastie,
1351 2224 1413 2250 pag.
1445 2216 1519 2247 233;
1544 2215 1653 2251 Cavetls
1684 2217 1717 2243 ad
1744 2225 1769 2244 a.
1793 2216 1823 2244 C.
1853 2217 1920 2249 90l;

1130 2250 1266 2291 aptemus
1291 2251 1356 2291 Pagi
1379 2251 1506 2291 tom_._lll
1535 2250 1644 2278 Critiae
1664 2251 1823 2279 Baroniaoze
1841 2252 1875 2280 ad
1894 2261 1919 2279 a.

1131 2287 1194 2318 902,
1216 2291 1244 2313 et
1260 2286 1397 2320 pra-cipue
1411 2286 1473 2313 9|5.

1169 2321 1204 2356 (ς)
1219 2320 1327 2357 Αιιίᾷεἰε
1344 2328 1404 2354 qu:e
1428 2321 1533 2348 Psellns
1556 2329 1617 2356 pag.
1640 2321 1692 2348 2‘27
1714 2330 1783 2357 seq.,
1805 2322 1922 2357 Allatius

1212 2356 1248 2396 Df
1272 2355 1423 2396 Sfiiieonum
1441 2357 1555 2396 scriptis.
1575 2355 1635 2396 pag.
1653 2358 1686 2384 75
1701 2355 1771 2392 squ.
1791 2365 1841 2384 nec
1864 2356 1920 2385 noti

1133 2392 1205 2418 libro
1225 2391 1259 2416 De
1285 2390 1362 2426 Nilis.
1380 2399 1430 2426 pag
1455 2392 1489 2417 1'9
1501 2399 1559 2426 soq.
1576 2390 1643 2419 edit.
1661 2400 1675 2419 a
1700 2390 1748 2418 me
1766 2397 1877 2424 curatae,
1893 2397 1922 2420 et

1135 2427 1173 2453 De
1190 2425 1283 2452 Psellis
1296 2425 1309 2461 §
1326 2426 1356 2452 16
1371 2433 1428 2460 seq.
1443 2435 1451 2457 ;
1466 2425 1599 2454 Martinus
1619 2427 1756 2454 Hanekius
1771 2432 1846 2460 parte
1864 2435 1871 2454 I
1885 2427 1923 2454 De

1134 2461 1303 2495 scriptoribus
1335 2462 1395 2488 hist.
1423 2461 1506 2496 Byz..
1529 2470 1589 2496 cap.
1621 2462 1672 2494 ΞΜ
1700 2462 1742 2489 1ο.
1774 2462 1922 2490 Bollandus

1135 2497 1211 2533 pinei.
1240 2497 1272 2533 ad
1289 2497 1356 2533 Arcta
1370 2501 1488 2533 sanctor.
1512 2502 1578 2533 tom.
1604 2497 1753 2528 lJunuar.,
1773 2505 1798 2532 p.
1817 2498 1849 2524 16
1863 2505 1920 2533 seq.

1140 2532 1294 2560 FABR.-—De
1309 2532 1359 2558 boc
1374 2531 1502 2559 Simeonc
1515 2532 1619 2559 etVitis
1628 2537 1784 2559 sanctorum
1793 2533 1846 2559 aiio
1858 2531 1923 2560 teni-

1135 2575 1201 2601 porc
1232 2567 1257 2593 in
1288 2567 1339 2594 hac
1366 2567 1396 2593 Β.
1420 2566 1451 2594 G.
1470 2568 1610 2600 copiosius
1634 2575 1720 2602 agam.
1746 2567 1846 2600 Quare.
1862 2576 1923 2602 quas

1136 2602 1216 2629 Fabr.
1240 2601 1266 2628 in
1282 2606 1337 2629 vet.
1355 2601 1423 2629 edit.
1444 2602 1489 2629 hic
1504 2603 1538 2629 de
1553 2602 1692 2633 Simeone.
1714 2603 1829 2637 ejusque
1851 2601 1921 2629 scri-

1136 2638 1212 2678 ptis...
1243 2637 1310 2698 liltem
1336 2637 1369 2664 dc
1396 2637 1508 2672 Dioptra
1537 2642 1715 2668 auneaucrat.
1742 2639 1767 2664 in
1794 2637 1921 2672 pnesenti

1136 2681 1225 2698 UIHISI.
1267 2680 1325 2698 .\ﬂl..

1135 2681 1225 2700 Ullllsl.
1244 2680 1325 2699 II.\ltl..

1172 2708 1208 2743 (In)
1226 2707 1292 2734 ViJe
1321 2707 1450 2743 Cotclerii
1475 2707 1642 2734 Monumenla
1675 2707 1797 2734 Ecclesia:
1811 2707 1920 2740 Great.

1136 2747 1202 2770 tom.
1222 2743 1265 2771 Ill.
1291 2750 1351 2777 pag.
1371 2742 1432 2771 574.
1458 2747 1486 2769 ct
1512 2743 1670 2770 Bernardini
1695 2743 1728 2769 de
1746 2742 1921 2770 Montl‘aucon

1135 2776 1366 2812 Palaeographiam
1382 2776 1514 2810 Grmcam,
1535 2786 1560 2814 p.
1577 2779 1639 2810 “269,
1652 2778 1715 2810 ‘275,
1739 2777 1800 2804 ιὲ75.

347 2894 382 2925 (1)
398 2895 459 2920 Vide
475 2895 498 2919 in
511 2894 636 2925 Symeone
647 2894 821 2925 Mclaphraste,
835 2893 906 2926 infra,
919 2895 947 2919 ad
962 2902 1000 2919 an.
1015 2895 1069 2917 "uti.
1091 2894 1146 2919 lion
1173 2894 1244 2918 i‘A'ru.
