2031 3150
307 163 339 196 31
535 162 642 193 JOAN.
664 162 746 191 ALB.
768 161 936 192 FABRICII
957 162 1113 192 NOTlTIA
1130 163 1274 195 SCRIPT.
1295 165 1423 196 CONST.
1445 167 1684 198 PORl’HYROG.
1895 171 1933 202 32

307 223 374 256 tqpis
394 223 529 258 vulgatum
546 231 611 254 esse,
625 230 666 249 me
678 221 751 249 latet.
765 222 846 250 Illum
859 231 920 250 vero
941 225 1028 258 ipsum
1049 233 1102 251 esse
1117 225 1242 258 codicem,
1254 227 1300 261 qui
1321 226 1448 254 Budensis
1465 227 1582 255 librariw
1602 228 1771 263 supellectilis
1794 229 1934 258 uberrima

307 273 386 302 atque
399 266 626 302 prwstantissimee
641 266 775 301 quondam
791 266 850 300 fuit,
869 266 993 302 Ungaritc
1018 276 1108 302 regum
1132 277 1218 300 arma,
1245 273 1275 296 ut
1289 278 1371 305 supra
1401 271 1469 303 dixi,
1489 271 1622 305 gentilitia
1634 294 1640 304 ,
1657 273 1749 307 quibus
1774 281 1805 299 ex
1821 278 1933 309 utroque

307 311 390 337 latere
405 310 553 345 splendent,
579 310 758 344 comprobant.
773 310 804 337 In
830 311 922 338 ultima
938 312 1008 338 urbis
1032 312 1114 338 Buda
1130 315 1326 349 expugnatione
1343 314 1435 349 aliqua
1460 315 1620 343 bibliotheca:
1645 317 1742 342 rudera
1762 323 1930 351 recuperata,

306 362 365 390 qnte
389 354 475 380 Julius
502 362 518 380 a
540 352 634 388 Pﬂugk
650 353 688 388 (μ)
707 354 854 389 descripsit,
871 355 915 382 sed
944 364 1016 382 meus
1039 357 1119 383 codex
1144 366 1195 384 non
1212 363 1384 387 memoratur.
1399 367 1481 392 quare
1501 359 1577 394 longe
1594 365 1656 386 ante
1678 361 1791 387 evasisse
1817 365 1931 395 oportet.

307 397 407 429 Quibus
423 402 512 423 autem
529 396 590 431 fatis
605 397 632 423 in
648 405 718 424 meas
741 398 848 424 tandem
872 407 967 426 manus
985 400 1125 432 devenerit,
1145 401 1264 435 equidem
1280 401 1383 436 ignoro.
1400 401 1504 436 Exiguo
1529 411 1582 429 tere
1605 412 1620 430 ιι
1644 411 1685 430 me
1701 404 1854 438 redemptus
1869 405 1930 439 fuit,

307 442 335 468 in
352 448 447 474 magno
463 443 551 467 autem
565 442 648 475 pretio
673 442 735 468 milii
757 443 876 474 habetur,
891 443 985 477 dignus
1003 444 1082 470 etiam
1103 445 1147 479 qui
1174 444 1259 470 lucem
1286 445 1417 478 publicam
1447 446 1542 473 videat.
1560 446 1636 478 Quod
1662 455 1697 473 an
1729 455 1787 474 mea
1812 456 1931 482 unquam

309 492 389 518 opera
403 483 458 515 ﬁet,
474 485 569 515 nescio,
587 485 709 519 exiguam
729 485 799 511 enim
816 486 842 512 in
860 486 956 513 Grauis
974 487 1095 514 notitiam
1122 495 1208 514 meam
1231 489 1342 523 ingenue
1368 498 1494 524 agnosco,
1517 498 1600 525 neque
1616 491 1674 526 -qui
1697 491 1774 518 hodie
1793 496 1934 526 grassatur

309 528 438 554 scribendi
450 529 569 562 pruritus
581 537 620 554 me
634 532 713 561 tenet,
734 534 763 555 ut
778 530 911 564 scriptoris
928 530 969 557 vel
983 531 1089 558 editoris
1110 540 1203 558 nomen
1228 532 1302 559 nullo
1320 534 1430 567 reipubl.
1453 534 1592 561 litterariae
1606 536 1741 562 commodo
1753 539 1850 562 temere
1868 536 1933 562 mihi

311 579 440 605 arrogare
453 572 539 598 velim.
553 572 662 598 Interim
675 578 766 607 gratus
780 574 842 600 mihi
858 573 932 600 labor
945 579 991 606 est,
1006 583 1082 609 quem
1099 584 1158 610 cum
1172 575 1223 602 Dn.
1242 575 1400 604 Schneidero
1412 578 1480 604 dicto
1489 577 1617 610 Schmidt,
1630 580 1685 606 viro
1700 579 1864 610 Graecarum,
1881 579 1934 605 into

285 633 288 636 -
312 615 429 641 omnium
445 615 594 642 litterarum
613 617 781 650 peritissimo.
798 618 879 644 codici
891 618 1021 651 impendo.
1045 618 1132 653 Hujus
1143 620 1274 646 industrio
1290 620 1363 655 (nam
1385 630 1443 648 mea
1469 631 1548 656 quam
1571 623 1676 657 confero
1698 623 1818 659 symbolo
1838 624 1934 658 exigu

311 658 351 684 vel
366 658 464 694 nulla),
484 660 577 694 prioris
604 664 681 694 atque
695 661 809 688 dimidia:
826 662 904 687 etiam
924 663 1008 696 partis
1019 663 1126 689 secundi
1153 667 1283 691 tractatus
1296 666 1378 692 versio
1386 666 1446 699 jam
1461 667 1604 693 delineata.
1617 667 1697 694 Rudis
1714 676 1744 694 ea
1760 668 1876 702 quidem,
1888 668 1934 694 sed

310 703 430 729 secundis
444 705 523 733 curis,
549 707 572 729 et
594 704 616 730 si
632 703 722 738 plura,
745 713 826 738 quant
842 713 923 739 supra
940 714 956 732 a
978 714 1018 732 me
1039 707 1176 733 nominata
1190 727 1196 738 .
1220 707 1350 742 glossaria
1373 710 1444 736 nacti
1463 711 1560 736 erimus
1577 711 1734 745 eapolietur.

349 746 486 773 Hactenus
503 746 663 774 Uﬂcnbach.
680 763 713 767 —
731 748 797 774 Illud
819 756 888 783 opus
908 757 1018 783 quoque
1043 749 1168 777 editurus
1191 756 1251 778 erat
1281 752 1368 780 Maius
1382 761 1445 780 cum
1472 754 1597 781 versione
1624 762 1673 782 sua
1702 755 1799 782 Latina
1821 756 1935 790 suisque

313 790 612 817 animadversiouibus.
638 791 691 818 Sed
713 799 764 819 nec
787 791 810 819 is
824 793 858 819 ad
879 793 984 820 exitum
1007 794 1135 828 perduxit
1149 794 1284 822 laborem.
1305 796 1348 828 At,
1365 797 1450 824 Musis
1470 797 1637 830 faventibus,
1655 798 1742 826 codex
1762 799 1806 826 ille
1820 799 1932 826 delatus

313 839 355 861 est
377 833 404 861 in
419 834 487 861 bibl.
515 840 628 862 senatus
650 834 810 869 Lipsiensis,
829 835 876 870 qui
890 836 989 863 edendi
1003 838 1094 871 operis
1118 841 1213 865 curam
1228 839 1337 866 tandem
1357 848 1405 874 per
1420 841 1585 868 Mascovium
1608 842 1785 869 demandavit
1802 843 1844 870 Jo.
1859 842 1932 870 Hen—

316 878 395 905 richo
412 877 525 905 Lcichio
548 879 618 912 :qui
644 879 699 913 jam
724 879 817 906 libello
837 879 877 906 De
900 879 1028 915 diptyc/tis
1054 886 1118 908 vett.
1143 881 1218 916 Lips.
1243 883 1330 914 ms,
1347 891 1408 918 pag.
1428 884 1460 910 l0
1480 892 1560 919 sqq.,
1576 885 1690 920 primam
1713 886 1843 914 editionis
1860 894 1934 921 spem

313 922 415 948 t'ccerat
432 926 458 949 et
478 926 564 949 totum
582 927 664 957 caput
686 922 927 958 quadragesimum
955 925 1069 951 secundi
1089 925 1153 952 libri
1166 929 1285 961 utroque
1302 927 1426 961 vulgarat
1453 935 1600 959 sermone;
1630 928 1744 956 biennio
1763 934 1854 956 autem
1875 934 1938 963 post

315 965 398 999 ipsam
413 965 572 993 ordiebatur
587 966 748 994 editionem.
773 966 820 993 ille
844 975 911 994 vero
925 974 998 999 cum,
1025 967 1147 995 nondum
1172 969 1298 997 absoluta
1328 970 1442 998 dimidia
1467 972 1558 1005 operis
1574 977 1660 1006 parte.
1677 973 1748 999 vivis
1768 973 1936 1008 eriperetur.

314 1009 413 1036 Reiske
427 1009 570 1041 sull'ectus,
586 1010 690 1044 reliqua
711 1018 725 1036 a
741 1017 801 1044 pag.
817 1010 947 1036 QVI-torni
965 1010 974 1036 l
998 1010 1092 1038 Latine
1113 1014 1258 1045 convertit,
1277 1018 1304 1041 et
1318 1015 1533 1042 commentarios
1555 1015 1703 1044 historicos
1720 1021 1802 1050 atque
1825 1016 1938 1043 criticos

316 1057 371 1078 tam
394 1052 491 1080 doctos
508 1060 590 1086 quam
605 1054 732 1087 copiosos
755 1057 828 1080 torno
850 1052 872 1079 11
885 1053 996 1087 adjecit.
1017 1054 1084 1081 Nam
1100 1055 1204 1084 Leichii
1221 1078 1228 1088 .
1261 1059 1340 1094 cujus
1354 1067 1438 1094 opera
1455 1060 1628 1094 potissimum
1645 1061 1807 1087 versabatur
1822 1060 1849 1087 in
1869 1068 1937 1088 cou-

316 1096 455 1124 stituenda
473 1097 592 1124 lectione
609 1103 636 1124 et
652 1096 749 1123 Latina
773 1096 1011 1131 interpretatione,
1035 1099 1287 1129 animadversiones
1311 1103 1422 1131 intexta:
1446 1108 1512 1131 sum
1536 1103 1686 1131 admodum
1714 1111 1817 1138 pauca,
1845 1103 1938 1130 Editio

316 1146 407 1168 autem
421 1141 476 1171 illa.
492 1142 574 1168 etiam
597 1141 740 1176 hucusque
757 1141 847 1172 unica.
863 1145 904 1168 est
922 1141 1053 1176 inscripta
1071 1151 1077 1168 :
1091 1142 1256 1172 Constantini
1286 1146 1538 1182 Porphyrogenneti,
1552 1148 1619 1182 imp.
1636 1147 1938 1182 Cunstantinopolitani.

317 1187 377 1214 libri
390 1187 440 1213 duo
455 1187 486 1214 de
506 1186 662 1214 Cerimoniis
695 1185 766 1213 auita
793 1185 954 1221 Byzantines.
975 1186 1109 1214 Prodeunt
1131 1196 1199 1214 nunc
1223 1190 1337 1223 primum
1354 1190 1442 1218 Greece
1461 1199 1521 1217 cum
1546 1190 1642 1217 Latina
1668 1192 1887 1226 interpretatione
1913 1195 1940 1217 et

317 1231 521 1257 commentariis.
538 1230 673 1258 Curarunt
689 1230 731 1256 Jo.
748 1230 830 1257 Henr.
855 1230 973 1257 Leicltius
996 1235 1019 1256 et
1037 1230 1081 1257 Jo.
1097 1230 1155 1258 Jac.
1172 1231 1302 1261 Beiakius.
1319 1234 1413 1260 Tamus
1425 1235 1532 1268 .primus
1551 1235 1685 1261 continent
1704 1234 1799 1261 librum
1811 1235 1938 1270 primunt.

317 1275 415 1310 Lipsiae
430 1283 463 1302 ex
481 1275 551 1302 ollic.
568 1275 616 1302 lib.
644 1283 652 1302 ι
680 1275 726 1302 Fr.
743 1274 918 1302 Gleditschii.
936 1275 1045 1302 Prostat
1057 1275 1143 1303 Paris.
1156 1276 1228 1310 apud
1244 1276 1381 1308 Briasson.
1402 1277 1427 1304 le
1449 1277 1560 1310 Breton,
1581 1277 1692 1308 Durand
1707 1284 1734 1305 et
1746 1278 1831 1305 David
1846 1277 1938 1304 l‘ainé.

317 1320 349 1346 Α.
371 1320 447 1352 1751,
460 1320 524 1354 maj.
543 1319 591 1346 fol.
607 1334 641 1339 --
652 1319 747 1346 Tomus
761 1319 892 1346 secundus
910 1320 1045 1346 continens
1062 1319 1159 1346 librum
1174 1321 1325 1347 secundum.
1343 1321 1411 1348 ibid.
1429 1322 1509 1349 1754.
1526 1322 1648 1357 Longam
1665 1323 1730 1349 tomi
1750 1322 1757 1348 Ι
1781 1328 1939 1353 censuram,

318 1363 411 1390 multis
434 1371 468 1390 ex
490 1371 573 1398 opere
589 1363 708 1390 redactis
731 1363 871 1398 excerptis
897 1367 926 1390 et
949 1363 1124 1398 interspersis
1143 1364 1207 1391 hinc
1229 1363 1291 1391 inde
1307 1364 1604 1397 animadversionibus,
1622 1365 1686 1393 fecit
1699 1365 1724 1393 J.
1737 1365 1771 1392 Μ.
1789 1365 1938 1396 Gesnerus,

319 1407 345 1433 in
363 1407 551 1434 Rolationibus
577 1406 612 1434 de
633 1407 713 1434 libris
728 1407 818 1436 novis.
833 1415 859 1434 a.
877 1407 956 1440 1752,
975 1406 1094 1442 Gotting.
1117 1407 1172 1434 vol.
1198 1407 1220 1439 1,
1238 1407 1305 1435 fasc.
1321 1416 1358 1440 tv,
1385 1416 1413 1443 p.
1428 1408 1557 1440 590416,
1579 1414 1607 1436 et
1627 1410 1694 1436 tomi
1708 1409 1730 1437 ll
1745 1416 1892 1436 censuram
1910 1408 1940 1434 in

322 1450 376 1476 vol.
393 1449 426 1481 ll,
446 1449 512 1476 fasc.
530 1458 566 1481 ιι.
584 1458 610 1477 a.
625 1450 704 1482 1754,
722 1458 783 1485 pag.
800 1450 863 1482 2i9,
885 1450 947 1477 288.

355 1493 455 1520 Reiske
470 1494 496 1520 in
513 1493 616 1528 pra:fat.
632 1493 666 1521 ad
680 1494 733 1521 vol.
753 1494 761 1520 1
776 1494 885 1528 copiose
902 1493 1024 1525 disserit,
1040 1493 1065 1520 l.
1079 1493 1113 1520 de
1131 1493 1196 1521 fatis
1210 1494 1292 1529 hujus
1301 1494 1412 1529 operis;
1430 1495 1457 1522 2.
1471 1495 1505 1522 de
1522 1500 1683 1529 argumento
1699 1495 1776 1522 libri.
1791 1494 1865 1522 Inter
1889 1494 1944 1520 alia

321 1538 377 1573 agit
391 1538 424 1565 de
441 1539 522 1566 Petro
536 1539 677 1573 magistro.
695 1547 728 1565 ex
741 1539 819 1573 cujus
833 1546 928 1573 opere,
945 1538 1048 1565 dudum
1068 1545 1118 1572 pro

1142 1537 1275 1572 leperdito
1292 1538 1398 1571 habito,
1418 1539 1486 1574 Περὶ
1510 1539 1652 1573 πολιτικῆς
1685 1537 1889 1568 καταστάσεως,
1904 1536 1944 1563 De

321 1582 508 1608 const’tutionc
534 1582 617 1610 civilis
647 1582 856 1617 gubernationis.
873 1581 916 1615 (ν.
935 1589 1017 1616 supra
1035 1581 1062 1608 in
1075 1581 1128 1608 vol.
1147 1581 1202 1614 VII,
1220 1589 1281 1617 pag.
1297 1582 1349 1610 558
1368 1583 1422 1618 sq.)
1438 1582 1519 1610 Putat
1541 1582 1640 1610 Reiske
1657 1590 1688 1609 ea
1712 1582 1813 1613 omnia,
1831 1588 1891 1616 qua;
1914 1581 1943 1607 in

321 1624 375 1652 hoc
384 1624 556 1653 Constantini
582 1625 759 1653 Cerimoniali
772 1633 787 1653 a
803 1633 866 1660 pag.
882 1624 946 1656 225,
959 1625 1014 1652 vol.
1028 1625 1049 1657 l,
1064 1632 1123 1660 cap.
1141 1625 1185 1657 84,
1207 1634 1294 1660 usque
1306 1626 1340 1654 ad
1357 1634 1418 1662 pag.
1434 1627 1496 1659 251,
1513 1622 1574 1661 cap.
1590 1626 1624 1654 96
1644 1626 1784 1660 leguntur,
1801 1625 1866 1652 item
1881 1631 1944 1658 cap.

320 1669 384 1696 libri
403 1678 408 1695 l
424 1669 563 1702 ultimum,
592 1674 620 1698 et
635 1670 707 1697 forte
719 1677 828 1705 quoque
844 1669 896 1696 alia
912 1669 991 1704 plura
1011 1676 1071 1696 esse
1101 1665 1239 1704 decerpta.
1255 1670 1329 1696 idem
1352 1671 1432 1705 plura
1451 1671 1515 1702 alia,
1528 1674 1625 1697 notatu
1641 1669 1813 1704 dignissima,
1828 1675 1889 1703 qua;
1914 1667 1944 1694 in

322 1712 374 1740 hoc
385 1720 468 1747 opere
480 1717 657 1745 enarrantur,
669 1713 791 1748 exponit.
805 1713 831 1740 5.
843 1713 881 1740 De
893 1712 1074 1747 inscriptione
1087 1713 1168 1748 hujus
1179 1714 1254 1741 libri.
1263 1715 1290 1742 4.
1305 1715 1344 1742 De
1362 1719 1477 1742 auctore
1492 1715 1570 1742 libri.
1581 1714 1725 1741 Constant.
1740 1713 1873 1748 Porphyr.
1887 1719 1944 1739 non

323 1763 406 1783 unum
421 1764 481 1784 esse
497 1757 587 1792 hujus,
603 1757 676 1792 quod
695 1764 768 1784 nunc
784 1756 900 1784 terimus
911 1764 1005 1788 manu,
1024 1756 1125 1791 operis,

1141 1764 1160 1784 ε.
1172 1759 1518 1792 συστήματοςμιυεῐοτειη,
1534 1757 1644 1789 Reiske,
1658 1761 1687 1784 ut
1705 1764 1788 1791 supra
1801 1756 1856 1791 jam
1869 1754 1943 1782 indi-

322 1799 455 1831 cavimus,
479 1800 549 1827 bene
566 1800 702 1835 docteque
719 1800 930 1828 demonstravit.
955 1800 983 1826 5.
1001 1800 1039 1827 De
1060 1800 1192 1828 exhibitis
1209 1801 1236 1828 in
1254 1801 1307 1828 hoc
1320 1801 1462 1829 volumine
1473 1807 1501 1829 et
1517 1802 1546 1828 in
1570 1806 1699 1828 secuturo
1711 1800 1756 1835 (ll)
1769 1799 1943 1828 exhibendis.

326 1843 495 1871 Promiscrat
512 1844 611 1871 Reiske
634 1852 694 1880 pag.
715 1853 730 1871 ι
746 1845 800 1871 vol.
815 1845 837 1875 l,
854 1844 1111 1872 animadversiones
1129 1844 1276 1872 historicas
1291 1845 1318 1872 in
1336 1849 1423 1872 totum
1437 1852 1505 1880 opus
1518 1852 1581 1872 cum
1596 1844 1752 1872 Leichianis
1771 1848 1799 1871 et
1825 1843 1946 1870 indicem

325 1887 496 1920 Graecitatis;
512 1887 559 1915 sed
576 1888 603 1914 in
618 1888 671 1915 vol.
687 1888 710 1915 ll
725 1888 759 1915 ad
777 1887 859 1914 linem
875 1888 938 1915 libri
957 1887 1040 1922 primi
1065 1888 1327 1915 commentariorum
1357 1889 1589 1924 (doctissimorum
1605 1888 1716 1915 omnino
1741 1892 1769 1915 et
1785 1886 1948 1922 copiosissi-

327 1931 444 1965 morum)
461 1931 541 1958 telam
558 1932 679 1966 abrupit.
695 1931 724 1959 In
739 1931 900 1967 praefatione
915 1931 1027 1967 quidem
1050 1931 1083 1958 ad
1099 1931 1154 1958 vol.
1172 1931 1194 1959 ll
1210 1939 1286 1966 spem
1304 1931 1407 1959 iecerat
1421 1931 1569 1959 voluminis
1586 1931 1633 1962 lll.
1648 1931 1722 1966 quod
1745 1931 1891 1966 implerent
1914 1937 1949 1957 ea

325 1983 387 2009 qutc
403 1975 435 2002 ad
452 1976 603 2002 secundum
620 1976 721 2003 librum
737 1981 765 2003 et
779 1976 860 2011 primi
873 1975 1063 2011 appendicem,
1075 1983 1098 2003 ε.
1110 1980 1246 2015 praecepta
1259 1975 1397 2007 militaria,
1410 1983 1470 2010 qua:
1485 1975 1513 2002 in
1524 1975 1586 2002 cod.
1600 1975 1696 2002 eodem
1707 1975 1817 2002 initium
1833 1974 1948 2006 iaciunt.

327 2020 446 2048 dicendo
464 2025 651 2055 superessent,
665 2029 727 2048 cum
753 2021 902 2053 iudicibus,
915 2020 985 2048 forte
1005 2027 1115 2055 quoque
1142 2019 1278 2054 excerptis
1293 2019 1422 2047 Chronici
1444 2019 1530 2046 Graeci
1547 2019 1644 2046 inediti
1662 2018 1773 2054 Georgii
1799 2017 1950 2045 Hamartoli

329 2065 367 2100 (v.
387 2073 480 2100 supra,
501 2065 554 2093 vol.
568 2065 624 2097 VII,
640 2073 700 2101 pag.
716 2065 770 2093 465
785 2065 852 2100 sq.),
868 2065 941 2099 quod
954 2065 982 2092 in
1000 2064 1068 2091 bibl.
1087 2063 1196 2099 Lipsica
1209 2061 1325 2090 Senatus
1341 2063 1420 2108 inter
1433 2062 1514 2090 codd.
1530 2062 1578 2108 Gr.
1602 2066 1702 2089 msstos
1718 2061 1867 2108 reperitur.
1895 2059 1950 2108 Seld

327 2117 378 2136 cur
399 2110 510 2137 tertium
529 2109 596 2137 illud
611 2109 714 2137 volum.
728 2110 872 2144 (quantum
883 2108 1012 2148 equidem
1026 2107 1095 2143 scio)
1119 2108 1208 2135 lucem
1224 2114 1279 2134 non
1299 2107 1446 2142 aspexerit,
1464 2106 1574 2138 nescio;
1593 2110 1622 2133 et
1643 2110 1733 2153 tamen
1752 2105 1837 2153 ind-ex
1856 2104 1952 2153 impri-

329 2154 381 2180 mis
395 2153 469 2180 utilis
487 2157 515 2180 ct
529 2161 594 2181 vero
611 2153 784 2180 necessarius
798 2152 880 2180 foret.
895 2147 1019 2187 Denique
1033 2152 1066 2179 de
1080 2150 1180 2178 tabulis
1193 2150 1288 2182 aeneis,
1305 2150 1400 2185 prima:
1417 2150 1488 2185 parti
1505 2150 1589 2185 hujus
1606 2149 1699 2184 operis
1713 2148 1834 2180 insertis,
1845 2147 1951 2175 addidit

327 2197 554 2224 admonitionem.
573 2196 730 2224 Pratfationi
746 2196 865 2232 subjecit
882 2200 910 2223 et
925 2195 1021 2223 recudi
1037 2195 1103 2222 fecit
1120 2195 1228 2222 doctam
1247 2194 1351 2221 Leichii
1371 2194 1495 2226 dissert.,
1507 2194 1563 2228 jam
1587 2201 1612 2220 a.
1632 2193 1699 2220 l746
1713 2192 1826 2224 editam,
1843 2191 1881 2218 De
1896 2191 1950 2218 vita

327 2245 351 2267 et
373 2241 448 2268 rebus
465 2242 542 2276 gestis
568 2241 734 2268 Constantini
751 2240 1007 2276 Porphyrogenneti,
1029 2239 1197 2274 imperatoris
1219 2238 1370 2273 Byzantini.
1389 2237 1443 2264 Sed
1463 2237 1596 2264 hactenus
1615 2236 1649 2264 de
1674 2236 1720 2263 illo
1745 2243 1829 2271 opere
1856 2234 1951 2263 (2011³1-

329 2285 590 2320 Ροι-ρὶητοεεηῐιθιί.
605 2284 690 2312 Hau.

369 2328 397 2354 ln
411 2328 479 2355 bibl.
491 2328 597 2355 Veneta
622 2327 705 2355 Marc.
719 2327 782 2355 cod.
797 2327 860 2359 654,
878 2327 967 2354 chart.
982 2335 1044 2354 saec.
1077 2326 1142 2353 circ.
1157 2333 1214 2358 xvr,
1229 2325 1353 2352 continet
1375 2324 1479 2360 (nescio
1495 2325 1583 2359 cujus)
1601 2324 1684 2359 ofﬁcia
1713 2323 1783 2351 aulae
1802 2322 1955 2351 CPolitunc

329 2376 359 2398 et
371 2371 448 2399 Festa
467 2377 545 2408 atque
561 2371 692 2399 solemnia
707 2371 825 2407 ejusdem
841 2371 920 2404 attice,
939 2375 1007 2398 teste
1026 2370 1169 2397 Villoison.
1185 2370 1213 2396 in
1230 2369 1327 2396 Anecd.
1340 2368 1398 2402 Gr.,
1413 2373 1478 2395 tom.
1497 2367 1530 2401 ll,
1550 2375 1610 2403 pag.
1624 2367 1687 2394 '2l8.
1705 2367 1789 2394 Hanc.

1110 2456 1224 2484 ΝΟΤΑΞῘ.

346 2504 407 2566 1(3).)
437 2505 466 2532 In
484 2504 600 2568 Epiostola
623 2505 656 2533 ad
688 2504 924 2536 Seckendorlium.
954 2512 1015 2539 qua:
1029 2506 1118 2531 exsut
1136 2507 1201 2530 tom.
1218 2503 1239 2530 ll
1256 2502 1429 2530 collectionis
1450 2501 1765 2530 Madero-Schmidiana:
1799 2501 1835 2528 De
1869 2500 1959 2527 biblio-

354 2547 423 2568 teeu.
442 2548 468 2568 ι).
553 2548 612 2568 sea.

333 2545 423 2573 tlteeu,
442 2548 468 2575 ρ.
486 2545 538 2568 om
553 2548 612 2576 seq.
