2031 3150
1393 217 1713 230 2::

154 335 340 412 CON
349 331 460 408 ST
468 332 760 410 ANTlN
766 332 798 405 Ι
839 328 1706 406 PORPHYROGENITI

692 513 1176 570 IMPERATORIS

122 217 1513 236 Μ

371 687 444 731 DE
483 683 842 730 CERIMONIIS
897 683 1070 728 ΑΙ]ιῶ
1120 683 1173 726 ΒἚ

682 683 842 729 DNIIS
897 683 1070 728 ΑΙ]ιῶ
1120 682 1484 728 ΒΥΖΑΝΤΙΝλΕ

833 829 936 859 LIBRI
952 829 1031 858 DUO

181 947 287 970 eme
303 946 341 967 ET
356 944 467 966 LATINR
483 944 501 965 Ε
516 942 713 965 RECENSIONE
729 941 820 963 JOAN.
836 942 900 963 JAC.
913 939 1039 967 REISKII,
1056 939 1119 961 CUM
1131 940 1268 963 EJUSDEM
1283 941 1514 964 COMMENTARIIS
1524 942 1681 966 INTEGRIS.

656 1162 687 1192 Β.
704 1162 740 1192 G.
759 1161 969 1192 NIEBUHRII
997 1161 1199 1192 PR/EFATIO

808 1254 864 1284 (Ed.
878 1254 957 1279 Bono.
971 1253 1054 1282 1829.)

152 1372 190 1400 De
203 1371 382 1400 Constantino
399 1372 657 1408 Porphyrogenneto
671 1372 847 1407 imperatore,
861 1372 895 1398 de
912 1371 992 1399 libris
1009 1371 1111 1406 quibus
1131 1371 1200 1398 ordo
1213 1371 1454 1407 aulmbyzantinm
1468 1370 1638 1404 declaratur,
1648 1371 1696 1407 qui
1713 1372 1747 1400 ad

117 1418 194 1446 illum
208 1423 349 1446 auctorem
360 1417 533 1450 referuntur.
545 1425 699 1453 eorumque
717 1417 813 1445 codice
827 1416 978 1452 Lipsiensi,
997 1415 1077 1450 plene
1092 1415 1302 1449 lueulcnterque
1316 1423 1331 1442 a
1348 1414 1462 1442 Leichio
1482 1415 1649 1451 Reiskioque
1665 1424 1749 1451 expo-

115 1465 199 1491 situm
216 1468 278 1491 est:
295 1471 346 1490 nos
366 1464 487 1490 breviter
504 1463 715 1497 explicabimus.
731 1463 789 1490 haec
804 1462 890 1489 editio
905 1462 1074 1497 quibusnam
1098 1460 1210 1488 dotibus
1228 1460 1267 1488 illi
1286 1465 1398 1495 prmstet
1412 1469 1473 1496 quze
1494 1465 1521 1488 et
1542 1461 1670 1496 princeps
1684 1461 1747 1493 fuit,

115 1513 143 1536 et
159 1508 294 1535 hactenus
307 1508 396 1534 unica.
416 1507 491 1534 Hanc
505 1515 519 1534 a
538 1508 650 1535 Leichio
665 1511 797 1542 captam,
813 1507 1017 1541 immaturoque
1031 1505 1092 1540 eius
1106 1510 1195 1532 morte
1212 1505 1358 1540 abruptam
1375 1513 1389 1532 a
1406 1505 1518 1532 Reiskio
1531 1505 1563 1532 ad
1585 1505 1666 1532 ﬁnem
1682 1504 1748 1531 tomi

116 1552 229 1579 secundi
246 1551 421 1586 perductam,
437 1551 548 1578 tertium
569 1551 711 1578 voluntate
727 1550 886 1585 bibliopola:
908 1551 954 1585 qui
973 1549 1011 1576 rei
1028 1548 1171 1576 familiaris
1192 1550 1327 1583 iacturam
1356 1550 1449 1585 augeri
1481 1549 1593 1576 nolebat
1616 1549 1749 1576 omissum

116 1603 189 1627 esse,
204 1596 345 1623 notissima
365 1603 409 1623 res
425 1600 477 1622 est.
492 1595 632 1627 Leiehius,
645 1602 730 1630 pravo
743 1594 950 1624 consilio-usus.
965 1594 1001 1620 ita
1014 1592 1136 1619 conﬁsus
1146 1597 1189 1619 est
1202 1593 1360 1628 apographo
1378 1601 1427 1628 per
1443 1593 1592 1620 Dramlium
1611 1593 1748 1624 conlecto.

119 1644 149 1665 ut
165 1640 209 1666 vix
227 1640 374 1674 inspiceret
388 1639 510 1666 codicem
525 1640 604 1674 cujus
625 1638 863 1673 przesentis-copia
879 1642 949 1668 erat,
974 1637 1125 1664 editionem
1143 1641 1218 1664 certe
1243 1637 1324 1664 unice
1337 1637 1371 1663 ad
1388 1637 1455 1664 illud
1473 1638 1545 1672 typis
1567 1637 1747 1664 exscriberrt.

118 1683 171 1710 Sed
189 1683 325 1714 Reiskius,
340 1687 468 1717 susaepta
485 1683 577 1718 operis
594 1690 670 1714 cura,
690 1682 759 1709 nihil
774 1681 915 1716 antiquius
929 1688 989 1708 eSSc
1005 1680 1082 1706 duxit
1096 1680 1243 1706 collatione
1265 1680 1380 1711 codicis,
1407 1681 1480 1707 unde
1506 1688 1588 1714 quam
1622 1680 1750 1715 plurimis

117 1728 185 1755 locis
199 1728 365 1755 foedissimus
378 1735 488 1754 errores
502 1727 624 1755 correxit
639 1736 646 1760 ;
662 1727 749 1754 incisa
763 1727 882 1761 integra,
898 1730 1011 1761 propter
1025 1725 1217 1759 ὸμοιιτέὶευτα
1232 1725 1397 1759 praesertim,
1408 1725 1520 1757 omissa.
1536 1725 1656 1752 restituit
1670 1734 1749 1759 :quzc

115 1773 207 1799 omnia
223 1771 250 1798 in
263 1772 460 1798 rommentario
475 1776 603 1798 accurate
617 1771 758 1802 indicavit.
776 1771 802 1797 in
820 1771 914 1805 priore
927 1775 1004 1804 parte
1016 1777 1077 1804 quze
1090 1769 1146 1804 jam
1160 1777 1174 1796 c
1191 1770 1268 1804 prelo
1280 1771 1385 1796 exierat
1397 1770 1546 1797 emendare
1562 1777 1616 1796 non
1633 1770 1747 1798 licebat.

118 1815 173 1850 Ego
191 1823 205 1841 ιι
223 1814 353 1842 Classeno
372 1822 433 1841 meo
452 1815 597 1849 impetravi
613 1819 642 1842 ut
659 1815 756 1841 vitiosa
773 1814 945 1844 emendaret,
963 1820 1060 1840 manca
1074 1813 1228 1848 suppleret,
1241 1821 1303 1848 quae
1321 1821 1354 1840 ex
1370 1821 1454 1848 prave
1470 1813 1572 1840 Graecis
1585 1814 1654 1841 male
1670 1821 1749 1841 versa

115 1863 218 1890 essent,
233 1859 405 1894 corrigeret;
421 1859 513 1886 omnia
525 1866 559 1886 ex
578 1865 669 1886 mente
686 1858 790 1886 Reiskii
805 1868 810 1884 :
828 1859 906 1892 cujus
921 1857 958 1884 rei
972 1862 999 1884 et
1012 1857 1091 1884 labor
1105 1858 1156 1884 fuit
1172 1866 1225 1884 non
1244 1859 1372 1893 exiguus,
1388 1862 1415 1884 ct
1427 1858 1533 1885 fruetus
1548 1867 1614 1885 sane
1630 1859 1748 1894 amplus.

118 1903 146 1929 in
161 1903 342 1937 sequentibus
356 1910 417 1937 qua:
432 1902 559 1930 Rciskius
571 1903 628 1937 ipse
645 1903 795 1932 accuravit.
812 1901 880 1928 nihil
894 1907 999 1928 mutare
1013 1902 1125 1936 placuit.
1140 1910 1297 1937 quanquam
1312 1903 1367 1934 ille.
1382 1910 1444 1929 cum
1461 1907 1586 1938 portenta
1599 1903 1749 1934 scribendi,

116 1947 207 1980 qualia
226 1947 252 1973 in
271 1946 366 1973 codice
382 1950 501 1978 exstant,
518 1946 733 1980 manifestosque
750 1953 869 1977 errores,
883 1945 1061 1979 relinqueret.
1078 1945 1130 1972 sibi
1148 1946 1209 1980 ipsi,
1227 1954 1348 1982 memque
1373 1947 1570 1974 consuetudini
1594 1948 1751 1976 contrarius

116 1989 208 2017 fuerit.
225 1990 278 2017 Sed
300 1989 426 2017 nolebam
443 1989 600 2017 festinatius
617 1998 707 2025 agere,
734 1989 808 2024 qttod
825 1989 914 2016 facere
938 1989 1109 2023 debuissem,
1128 1991 1186 2018 otio
1213 1991 1386 2024 destitutus;
1413 1992 1506 2027 itaque
1532 1992 1750 2026 ineommodutn,

116 2034 191 2068 quod
206 2034 293 2061 levius
310 2034 376 2061 mihi
393 2034 546 2065 videretur.
560 2034 641 2069 elegi.
657 2034 724 2061 Cum
740 2042 804 2061 vero
819 2033 999 2060 concedimus
1012 2042 1066 2060 non
1084 2041 1144 2061 esse
1160 2035 1234 2061 omni
1249 2043 1367 2062 numero
1393 2035 1547 2062 absolutam
1561 2036 1750 2063 rerensiom-m

118 2077 234 2109 Reiskii,
252 2078 445 2105 commentarii
459 2077 590 2104 laudibus
604 2078 674 2104 nihil
687 2077 752 2105 sa'ne
766 2077 932 2109 detrahitur,
948 2085 1003 2112 quo
1017 2077 1063 2105 ille
1079 2086 1123 2105 res
1139 2078 1350 2106 obscurissimas
1362 2085 1496 2114 extraque
1514 2087 1689 2107 communem
1703 2088 1751 2106 eo-

117 2121 267 2156 gnitioncm
283 2122 386 2156 positas
402 2122 438 2148 ita
450 2121 598 2156 explicavit
615 2126 643 2148 ut
658 2120 824 2156 Lessingius.
841 2122 923 2148 ctiam
945 2122 972 2148 in
988 2121 1032 2148 his
1048 2122 1150 2149 litteris
1168 2123 1392 2157 sapientissimus
1412 2124 1507 2158 judex,
1525 2133 1533 2149 ι
1554 2124 1747 2152 admirandum

117 2173 177 2192 esse
195 2173 273 2200 opus.
293 2169 321 2192 et
344 2165 573 2192 lueulcnlissimis
588 2165 670 2200 hujus
683 2165 791 2200 generis
804 2165 1041 2200 mquiparandum,
1064 2176 1072 2192 ι
1094 2168 1293 2201 pronuntiarit.
1320 2168 1407 2202 Hujus
1426 2168 1617 2195 commentarii
1642 2173 1751 2203 partem

118 2210 309 2244 posteriorem,
324 2217 385 2244 quae
405 2209 593 2244 Appendicem
615 2209 677 2236 libri
706 2208 799 2243 primi,
824 2208 1033 2244 secundumque
1059 2209 1201 2245 integrum
1235 2212 1424 2246 persequitur,
1446 2215 1507 2246 post
1529 2219 1632 2238 annum
1662 2212 1710 2243 73.
1734 2220 1751 2239 e

117 2253 230 2280 schedia
251 2252 364 2284 Reiskii,
379 2253 406 2280 in
434 2253 572 2280 volumine
599 2252 683 2288 hujus
701 2252 788 2287 partis
804 2252 926 2280 secundo
949 2258 1072 2288 ereptam
1090 2254 1223 2282 oblivioni
1247 2255 1275 2282 in
1293 2255 1381 2282 lucem
1398 2255 1555 2290 proferam;
1581 2255 1663 2290 idque
1682 2256 1753 2283 mihi

117 2297 293 2331 potissimum
320 2297 478 2331 contigisse.
503 2301 616 2332 propter
642 2301 786 2331 paternam
804 2296 951 2323 amicitiam
968 2298 1155 2333 pietatemque
1183 2307 1237 2334 qua
1267 2299 1331 2326 inde
1349 2307 1363 2326 a
1382 2299 1500 2334 pueritia
1519 2299 1678 2326 memoriam
1698 2300 1752 2327 viri

119 2341 193 2367 unici
208 2345 300 2368 sancte
316 2341 407 2368 colere
424 2346 552 2368 assuetus
566 2349 638 2371 sum,
655 2341 836 2367 vehementer
857 2341 944 2368 laetor.
976 2342 1075 2369 Fateor
1090 2351 1155 2371 sane
1183 2343 1278 2371 multis
1303 2343 1371 2371 locis
1397 2343 1508 2370 nonnisi
1535 2343 1663 2371 inchoata
1677 2352 1751 2375 esse,

119 2385 190 2413 limae
205 2389 323 2417 servata,
339 2393 420 2420 quam
436 2386 557 2420 scriptor
569 2385 755 2418 adhibuisset,
771 2385 824 2412 nisi
844 2385 993 2421 bibliopola
1011 2395 1075 2414 cum
1092 2387 1279 2415 destituisset:
1298 2395 1394 2415 verum
1411 2387 1437 2414 id
1453 2387 1538 2414 nitori
1555 2388 1651 2422 potius
1664 2396 1752 2424 quam

118 2430 208 2464 pretio
223 2430 314 2464 operis
329 2430 418 2457 obest.

153 2472 282 2501 Codicem
299 2473 398 2508 ipsum.
422 2478 450 2501 ut
467 2474 566 2509 inspici
578 2478 670 2509 posset
685 2474 731 2501 ubi
749 2481 819 2508 opus
835 2473 916 2505 l'oret,
932 2473 1024 2508 Lipsia
1037 2475 1228 2503 transmissum
1251 2484 1324 2507 esse,
1340 2476 1490 2507 Blumncri,
1509 2484 1534 2503 ν.
1553 2477 1600 2508 cl..
1618 2476 1750 2505 humani~

118 2517 167 2544 tati
183 2517 392 2552 litterarumque
410 2518 508 2550 amori,
524 2522 563 2550 et,
576 2518 630 2545 nisi
645 2525 688 2544 me
703 2518 860 2552 conjectura
876 2517 987 2552 decipit.
1001 2518 1130 2549 amicitiae
1143 2519 1351 2555 patrocinioque
1367 2520 1518 2547 Hermanni
1538 2520 1637 2548 debeo.

156 2560 219 2588 Scio
236 2569 296 2596 ego,
313 2561 398 2589 libros
414 2561 646 2590 Contantinianos
660 2561 694 2589 de
715 2561 887 2593 cerimoniis,
903 2569 973 2595 quos
985 2562 1129 2597 inscriptio
1147 2563 1205 2598 ipsa
1220 2564 1295 2591 circa
1307 2571 1394 2599 nugas
1408 2564 1510 2592 versari
1526 2565 1629 2599 prodit,
1646 2572 1660 2591 a
1685 2565 1753 2600 plu--

119 2604 199 2632 rimis
213 2605 350 2632 contemni
366 2605 445 2640 plane
461 2613 494 2633 ac
508 2605 650 2633 derideri:
667 2613 757 2640 neque
774 2605 879 2640 negabo
897 2606 1026 2640 majorem
1038 2606 1139 2640 prioris
1153 2607 1215 2634 libri
1232 2612 1338 2642 partem
1357 2609 1399 2648 jta
1422 2615 1482 2635 esse
1507 2612 1692 2644 comparatam
1719 2614 1752 2635 ul

119 2649 241 2683 ingenuo
261 2649 364 2676 homini
382 2657 513 2678 nauseam
536 2655 655 2678 moveat.
669 2650 723 2678 Sed
739 2651 782 2677 vel
803 2651 829 2677 in
846 2650 890 2676 his
901 2649 1058 2684 quisquiliis
1074 2650 1168 2677 insunt
1188 2651 1369 2678 nihilominus
1388 2659 1433 2678 res
1447 2652 1492 2679 ad
1506 2651 1629 2679 historia:
1653 2651 1751 2686 cogni-

118 2692 222 2720 tionem
234 2693 347 2720 minime
365 2693 495 2721 inutiles:
512 2699 569 2721 tum
587 2702 652 2721 vero
664 2695 709 2721 illa
725 2694 879 2729 praesertim
902 2693 931 2720 in
943 2694 1125 2728 sequentibus
1136 2703 1198 2730 quze
1212 2703 1245 2722 ex
1262 2696 1342 2723 Petro
1365 2696 1499 2729 Patricio,
1517 2697 1617 2732 partim
1646 2696 1753 2723 omisso

118 2737 179 2770 ejus
195 2737 318 2769 nomine,
334 2737 433 2764 hausta
453 2741 529 2770 sunt.
542 2746 597 2765 non
610 2738 700 2765 solum
721 2738 866 2765 utilitatem
884 2737 989 2765 habent
1010 2739 1150 2771 eximiam,
1166 2739 1218 2767 sed
1237 2739 1400 2775 elegantiam
1417 2748 1527 2775 quoque
1544 2749 1550 2773 ;
1577 2747 1666 2774 neque
1691 2739 1750 2767 fere

117 2780 167 2807 alii
184 2779 265 2816 hujus
277 2781 402 2816 corporis
419 2781 492 2808 libro
508 2782 666 2816 praestantia
682 2781 795 2809 cedunt.
812 2781 957 2809 Delitescit
969 2783 997 2810 in
1015 2783 1059 2816 iis,
1077 2788 1108 2811 ut
1123 2791 1179 2811 rem
1195 2785 1323 2820 exemplo
1338 2789 1565 2816 commonstrem,
1578 2783 1680 2812 Leonis
1692 2785 1749 2812 Au-

119 2823 194 2859 gusti
211 2824 341 2855 edictum,
358 2824 431 2859 quod
448 2833 497 2860 per
509 2833 598 2852 annos
614 2826 697 2861 paulo
722 2825 813 2853 minus
832 2825 867 2852 80
890 2826 954 2854 inde
982 2828 1144 2862 protrahere
1174 2828 1355 2864 neglexerunt
1367 2828 1413 2863 qui
1434 2827 1565 2862 augenda:
1593 2828 1748 2856 collectioni

118 2868 385 2904 reliquiarumjuris
400 2869 650 2897 Ante-Justinianei
669 2877 781 2905 operam
798 2869 945 2897 dederunt.

151 2911 214 2939 Ser.
227 2911 328 2941 Boan
348 2920 375 2941 ι.
389 2913 416 2942 d.
434 2921 448 2941 ν
464 2913 503 2942 ιιι.
524 2913 601 2941 Mart.
621 2913 829 2941 MDCCCXXIX.
