2031 3150
320 190 357 223 35
941 189 1047 220 JOAN.
1068 189 1142 220 MC.
1165 188 1312 219 REISKII
1403 216 1406 219 .
1847 187 1850 192 ’
1909 188 1944 220 36

481 346 682 403 JOAN.
733 346 882 403 JAC.
928 346 1190 402 BEISKII
1232 346 1771 404 PB/EFATIONES.

811 541 885 584 AD
925 536 1142 585 TOMUM
1197 541 1458 586 PRIMUM.

359 717 463 754 [Ed.L.
475 715 510 751 1.]
521 715 590 744 Cum
605 723 647 748 ea,
664 715 698 742 de
710 714 812 749 quibus
827 713 970 741 admoneri
987 713 1109 741 futurum
1125 714 1150 742 Α
1163 712 1275 740 biennio
1287 717 1358 748 post.
1372 710 1413 740 Ab
1429 720 1463 740 eo
1487 712 1549 740 inde
1563 718 1686 749 tempore
1701 713 1762 750 [Εά.
1782 715 1813 743 L.
1826 716 1861 753 ll]
1877 725 1945 753 pro-

325 763 408 799 hujus
428 762 492 790 libri
519 761 653 789 lectorem
682 759 722 787 fas
739 764 792 792 est,
819 764 860 786 tot
880 759 936 786 sint
952 765 1068 786 numero
1081 762 1109 784 et

324 814 454 837 enarratu
470 813 525 836 tam
543 807 644 842 ampla,
662 811 692 834 ut
709 814 774 839 una,
788 806 894 833 mettica
916 809 990 832 certe
1004 804 1108 835 futura.

324 855 518 883 dissertatione
534 853 731 888 comprehendi
747 857 896 887 nequeam,
910 852 1024 886 alizeque
1039 858 1109 885 prae-

324 907 398 928 terea
414 905 508 927 vetent
524 900 645 927 rationes
660 898 752 926 omnia
773 906 833 933 qua:
856 897 882 924 in
900 901 1027 931 promptu
1045 901 1110 922 sunt

322 947 403 974 simul
419 946 562 974 eﬂ'undere
576 954 583 972 τ
603 945 691 972 visum
708 949 751 972 est
765 951 875 979 operam
890 943 996 978 partiri,
1016 947 1044 969 et
1058 942 1110 968 hoc

321 992 433 1027 quidem
445 992 505 1018 loco
521 995 626 1018 tantum
640 990 673 1017 de
687 990 750 1017 fatis
764 990 856 1024 hujus,
870 989 943 1024 quod
959 996 1033 1015 nunc
1048 996 1111 1023 pro-

323 1039 374 1070 dit,
386 1038 479 1073 operis
489 1036 720 1068 Constantiniani,
731 1036 794 1063 item
807 1036 840 1063 de
852 1036 925 1063 illius
937 1040 1108 1070 argumento,

325 1083 406 1110 titulo
422 1087 450 1110 et
465 1087 579 1109 auctore
595 1082 749 1114 disserere;
768 1081 847 1108 alteri
863 1085 956 1108 autem
975 1080 1108 1106 volumini

326 1137 388 1156 mox
407 1133 538 1156 secuturo
554 1128 659 1163 reliqua
677 1135 830 1159 reservare,
858 1126 892 1154 de
906 1126 1008 1161 quibus
1027 1133 1109 1160 expo-

325 1174 452 1202 sitionem
470 1173 594 1208 praefatio
606 1173 701 1201 lectori
718 1173 810 1200 debet.

361 1221 374 1256 ξ
391 1221 416 1247 l.
431 1220 468 1246 De
480 1220 543 1254 [alia
554 1220 631 1254 hujus
647 1219 744 1254 operis.
755 1234 790 1238 —
803 1218 877 1254 Opus
893 1223 946 1245 tam
969 1218 1068 1245 scitum
1082 1222 1110 1244 ct

324 1267 401 1298 utile,
416 1271 498 1300 atque
520 1266 571 1292 hoc
584 1270 635 1298 est,
655 1265 778 1300 potuisse
794 1273 843 1300 per
867 1269 906 1293 tot
921 1265 1021 1292 saecula
1043 1265 1111 1292 scri-

323 1318 434 1348 ptorum
461 1312 618 1340 Gneeorum
646 1311 878 1345 Latinorumque,
908 1314 1045 1345 quotquot
1075 1309 1110 1336 ab

323 1358 383 1392 ejus
398 1357 536 1384 natalibus
552 1355 615 1383 inde
639 1356 810 1387 claruerunt,
827 1355 950 1382 omnium
982 1354 1108 1381 notitiam

322 1401 456 1438 eﬁ'ugere,
470 1403 592 1437 profecto
604 1402 703 1428 mirum
715 1397 766 1431 est.
780 1402 931 1436 praesertim
944 1401 970 1427 in
981 1401 1039 1427 aeri
1054 1401 1108 1431 illa,

322 1457 375 1483 qua
392 1449 519 1483 superius
534 1448 663 1475 sreculum
684 1447 817 1479 fervebat,
840 1447 1014 1482 indagatione
1032 1447 1112 1473 char-

323 1499 413 1520 tarum
428 1494 461 1521 ad
479 1493 656 1529 Byzantinam
672 1493 815 1520 historiam
833 1492 1042 1528 pertinentium.
1053 1492 1111 1519 Pri-

323 1548 383 1568 mus
399 1545 489 1567 autem
506 1539 654 1567 Zacharias
668 1539 811 1566 Couradus
830 1539 1041 1568 Uﬂellbachius.
1056 1539 1110 1565 rei-

322 1587 441 1621 publicre
455 1586 677 1614 Francofnrtana:
691 1585 724 1612 ad
738 1586 856 1613 Moenum
873 1585 1010 1620 quondam
1023 1585 1112 1613 scabi-

322 1639 375 1659 nus
393 1636 422 1659 et
447 1631 611 1662 consularis,
629 1631 730 1658 librum
746 1631 820 1658 hunc
847 1631 874 1657 in
896 1631 995 1657 famam
1024 1631 1108 1663 misit,

321 1678 382 1712 ejus
407 1678 534 1705 notitiam
557 1678 678 1709 edendo,
701 1686 762 1712 qua:
781 1685 815 1705 ex
845 1678 966 1704 celeber.
992 1678 1109 1705 Fabricii

320 1723 475 1751 Bibliothec.
498 1724 582 1752 Grato.
602 1729 676 1751 tomo
695 1723 738 1755 Vl,
751 1724 1005 1751 inferiusanostris
1018 1725 1110 1759 operis

323 1774 477 1804 repetetur.
500 1771 539 1797 Ex
557 1770 728 1798 Uﬂenbachii
752 1770 925 1805 possessione
943 1771 1066 1805 pervenit
1083 1772 1108 1798 in

321 1815 518 1843 bibliothecam
535 1817 739 1851 ampl.senatus
755 1815 832 1843 urbis
845 1820 956 1846 nostrae.
966 1824 1027 1851 quae
1040 1817 1109 1851 opti-

322 1860 374 1887 mis
401 1861 479 1888 libris
503 1861 636 1888 instructa
668 1861 786 1888 crtlditis
814 1861 984 1889 nostratibus
1013 1870 1111 1896 magno

322 1907 386 1935 usui
410 1911 462 1933 est.
490 1907 529 1934 Ita
554 1907 667 1939 factum,
687 1912 716 1934 ut
740 1907 927 1942 amplissimus
947 1908 1110 1939 Mascovius,

320 1953 382 1988 ejus
398 1953 554 1988 praefectus,
569 1953 612 1980 Jo.
628 1953 713 1979 llenr.
730 1952 883 1985 Leichium,
899 1961 987 1988 nuper
1003 1953 1029 1979 in
1044 1953 1113 1979 Aza-

321 1999 412 2025 demia
428 2003 522 2025 nostra
541 1997 741 2032 elcgantiornm
759 1998 913 2025 litterarum
928 1998 1111 2033 professorem

321 2043 517 2076 clarissimum,
544 2043 591 2078 qui
617 2051 677 2070 eam
701 2051 715 2070 a
734 2044 821 2078 prima
847 2044 1032 2072 adolescentia
1058 2046 1146 2092 fre-C

321 2093 457 2124 quentare
473 2094 669 2121 consueverat,
682 2089 715 2116 ad
739 2089 878 2117 edendum
893 2098 963 2125 opus
977 2091 1110 2119 hactenus

321 2134 457 2162 ineditum
473 2135 621 2162 excitaret.
647 2135 706 2162 .lam
735 2141 815 2163 antea
843 2136 870 2163 id
900 2136 972 2164 idem
996 2137 1110 2164 molitus

321 2179 412 2206 fuerat
431 2179 472 2207 ιο.
493 2180 604 2208 Henric.
632 2181 729 2213 Maius,
752 2182 778 2208 in
806 2182 954 2210 Academia
979 2183 1108 2210 Giessana

321 2227 458 2260 quondam
474 2226 574 2254 Graeca:
588 2232 616 2255 et
633 2229 809 2255 orientalium
833 2229 987 2264 linguarum
1006 2229 1109 2264 profes-

321 2279 377 2299 sor.
398 2271 526 2300 Testatur
547 2273 575 2299 in
591 2273 730 2309 Cutalogo,
746 2282 828 2308 quem
848 2275 977 2308 confecit,
993 2276 1107 2302 codicum

321 2319 562 2353 manuscriplorum
582 2319 741 2346 bibliothecae
763 2319 980 2354 Uﬂ'enbachianw,
997 2329 1026 2348 se
1045 2322 1107 2349 libri

321 2363 404 2398 hujus
428 2363 553 2391 Latinam
584 2364 842 2400 interpretationem
869 2367 1031 2399 confecisse,
1049 2375 1109 2395 cer-

310 2410 432 2444 ‘tamque
444 2409 574 2437 editionis
587 2417 664 2444 spem
680 2410 755 2438 facit.
769 2412 804 2438 At
820 2419 852 2439 ea
865 2412 976 2447 quidem
992 2421 1054 2440 cum
1070 2414 1109 2448 ip-

322 2453 380 2481 sius
403 2453 480 2481 obitu
507 2454 665 2486 decollavit,
686 2464 785 2490 neque,
801 2464 858 2492 quo
884 2457 1028 2485 devenerit
1050 2459 1110 2494 ejus

321 2501 526 2538 interpretatio,
547 2508 664 2531 constat.
684 2503 829 2539 Specimen
853 2506 924 2541 ejus,
940 2506 1013 2534 unde
1034 2506 1108 2534 :esti-

322 2548 390 2575 mari
405 2553 499 2584 queat.
522 2549 639 2576 habetur
656 2550 683 2578 in
701 2551 783 2578 modo
800 2552 913 2580 laudato
934 2553 1067 2588 catalogo,
1082 2558 1110 2580 et

321 2594 393 2630 apud
409 2595 574 2623 Fabricium.
592 2596 690 2624 Omine
715 2597 800 2633 igitur
817 2599 961 2634 aliquanto
981 2599 1109 2634 auspica-

322 2640 391 2668 tiore
422 2641 571 2669 editionem
607 2643 699 2677 operis
727 2643 959 2671 desideratissimi
991 2645 1111 2680 suscepit

318 2687 386 2715 clar.
401 2687 539 2721 Leichius,
557 2689 601 2716 vir
611 2688 705 2717 Grzeee
718 2689 873 2724 hatineque
886 2690 1074 2724 doctissimus,
1083 2696 1110 2718 et

1160 757 1245 784 cessit
1270 758 1415 792 impressio
1442 758 1526 785 variis
1546 759 1698 794 intercepta
1728 761 1944 796 impedimentis,

1160 803 1249 830 donec
1270 803 1379 830 tandem
1397 804 1550 838 superioris
1570 806 1634 832 anni
1653 806 1766 834 ineunte
1784 812 1878 835 aestate
1895 808 1946 835 do-

1160 849 1313 876 ctissimum
1335 849 1482 882 editorem,
1511 850 1565 878 vita
1594 850 1717 886 longiore
1739 852 1944 887 dignissimum,

1141 927 1148 931 Α
1161 898 1187 921 et
1203 895 1311 929 egregia
1329 895 1547 929 promittentem,
1563 897 1635 924 acuti
1652 898 1740 925 morbi
1755 899 1797 926 vis
1815 900 1841 926 in
1855 901 1947 927 aetatis

1160 939 1228 966 ﬂore
1245 940 1362 968 tolleret.
1377 940 1561 969 Perveneram
1572 946 1629 969 tum
1643 944 1774 978 temporis
1785 946 1947 980 typographi

1161 993 1247 1020 usque
1262 985 1295 1012 ad
1326 988 1451 1021 paginam
1467 987 1550 1022 hujus
1575 988 1707 1016 editionis
1725 990 1786 1017 216.
1814 991 1948 1018 Devoluta

1160 1031 1292 1067 deinceps
1305 1040 1339 1060 ex
1357 1041 1518 1068 magnorum
1534 1034 1657 1061 virorum
1675 1035 1709 1062 de
1722 1036 1791 1063 meis
1815 1037 1949 1071 profecti-

1161 1077 1212 1106 bus
1228 1078 1346 1113 benigno
1359 1079 1464 1114 judicio
1481 1080 1612 1108 editionis
1635 1081 1807 1108 absolvendas
1822 1090 1889 1109 cura
1912 1083 1948 1109 ad

1162 1132 1204 1150 me
1212 1124 1272 1151 fuit.
1286 1124 1351 1157 Qua:
1365 1126 1448 1160 igitur
1457 1133 1500 1157 ea,
1510 1134 1591 1160 quam
1601 1127 1667 1158 dixi,
1680 1128 1777 1162 pagina
1790 1128 1946 1162 posteriora

1161 1173 1234 1200 sunt,
1247 1177 1347 1196 excusa
1366 1170 1477 1197 fuerunt
1493 1171 1544 1197 sub
1564 1172 1632 1198 meis
1651 1173 1749 1203 oculis,
1763 1178 1791 1200 et
1804 1173 1931 1200 exruden

1163 1220 1206 1242 tur
1222 1223 1314 1250 porro,
1331 1215 1437 1242 favente
1454 1216 1520 1248 Deo,
1536 1225 1596 1251 qum
1611 1223 1767 1252 supersunt.

1197 1261 1210 1295 ξ
1226 1261 1252 1288 2.
1271 1260 1309 1287 De
1329 1266 1484 1296 argumento
1499 1262 1569 1288 libri.
1584 1278 1617 1282 —
1630 1263 1658 1290 Si
1675 1264 1738 1299 quis
1761 1265 1812 1292 hoc
1834 1266 1948 1297 sarculo,

1161 1311 1189 1332 et
1204 1313 1273 1340 pene
1293 1306 1409 1334 dixerim
1427 1314 1558 1341 unquam,
1581 1308 1608 1334 in
1623 1309 1710 1336 lucem
1723 1309 1815 1337 editus
1830 1310 1882 1337 fuit
1897 1317 1948 1338 co-

1161 1352 1322 1387 gnosccnda‘:
1332 1353 1459 1388 Angusta:
1472 1354 1599 1381 Romanze
1608 1355 1639 1390 Β)
1645 1355 1814 1390 ῑξιηιίηίιιίιυε
1826 1356 1950 1384 historiae

1163 1399 1238 1425 utilis
1251 1398 1332 1430 liber,
1353 1405 1395 1426 est
1410 1407 1474 1426 sane
1491 1399 1546 1427 hic.
1571 1399 1662 1435 Neque
1673 1401 1818 1437 .immerito
1842 1404 1869 1430 in
1887 1404 1950 1438 ejus

1161 1446 1329 1474 desiderium
1340 1453 1502 1475 exarserunt
1513 1449 1625 1481 eruditi,
1640 1457 1673 1476 ex
1685 1458 1739 1484 quo
1753 1456 1947 1485 argumentum

1160 1497 1188 1519 et
1205 1494 1324 1527 pretium
1346 1494 1515 1521 intellexere.
1530 1494 1563 1520 Et
1579 1502 1655 1524 sane.
1669 1495 1691 1521 si
1707 1496 1769 1529 quis
1784 1503 1878 1522 secum
1905 1505 1951 1523 re—

1162 1542 1240 1572 putet
1264 1538 1338 1565 hunc
1352 1539 1451 1565 librum
1471 1539 1504 1566 de
1520 1539 1679 1567 cerimoniis
1699 1540 1768 1567 aula:
1792 1540 1949 1575 Byzantina:

1161 1592 1308 1619 exponere,
1323 1586 1479 1620 recolatque
1491 1586 1593 1617 animo,
1607 1591 1674 1620 quot
1686 1591 1715 1613 et
1736 1594 1818 1620 quam
1838 1587 1950 1614 diversa

1161 1631 1188 1658 in
1205 1631 1275 1658 aulis
1291 1639 1460 1658 summorum
1480 1632 1634 1666 principum
1650 1639 1699 1658 usu
1723 1632 1844 1662 veniant.
1864 1636 1892 1658 et
1919 1632 1948 1660 id

1160 1685 1270 1711 quoque
1290 1676 1398 1704 tandem
1415 1678 1558 1712 intelligat.
1572 1678 1661 1704 aulam
1675 1677 1863 1713 Bizantinam,
1877 1685 1948 1712 qua—

1159 1724 1194 1750 lis
1220 1728 1295 1750 certe
1325 1724 1622 1758 Porphyrogenitorum
1645 1729 1766 1758 tempore
1790 1728 1859 1756 erat,
1886 1732 1949 1752 um-

1161 1769 1236 1796 brazn
1255 1770 1359 1797 veteris
1373 1770 1503 1804 Augustae
1525 1770 1653 1797 Romanze
1681 1770 1782 1797 fuisse:
1804 1771 1883 1798 facile
1901 1771 1948 1798 illo

1161 1815 1305 1842 allirmanti
1322 1815 1427 1845 credat,
1439 1823 1528 1850 neque
1542 1823 1649 1842 sacrum
1666 1823 1736 1847 esse,
1753 1823 1842 1850 neque
1857 1816 1948 1850 profa-

1162 1868 1239 1893 num,
1254 1861 1377 1888 historia:
1391 1862 1491 1888 veteris
1503 1867 1706 1897 argumentum,
1724 1862 1796 1896 quod
1817 1863 1861 1889 hic
1878 1862 1949 1889 liber

1163 1915 1216 1933 non
1232 1907 1358 1941 attingat,
1376 1915 1429 1934 non
1443 1907 1572 1934 illustret.
1589 1907 1616 1934 Si
1638 1915 1719 1942 quem
1740 1908 1841 1934 rituum
1861 1907 1951 1934 cccle-

1163 1952 1335 1980 siasticorum
1352 1954 1474 1980 studium
1491 1954 1573 1988 capit.
1593 1957 1740 1988 cognoscat
1767 1953 1841 1983 hinc.
1859 1953 1950 1988 qualis

1162 1998 1246 2025 fuerit
1259 1998 1386 2026 Ecclesia:
1399 1998 1500 2025 Graeca:
1517 1999 1600 2026 facies
1614 1999 1720 2026 decimo
1735 2003 1795 2034 post
1808 1999 1838 2026 Ν.
1848 1998 1879 2026 C.
1897 2006 1949 2025 sa:-

1164 2044 1235 2076 culo,
1251 2052 1312 2079 quae
1325 2045 1500 2080 legendorum
1521 2046 1742 2080 patriarcharum
1758 2046 1839 2076 ratio,
1859 2044 1950 2080 qualis

1163 2099 1260 2119 eorum
1282 2099 1343 2118 cum
1366 2091 1423 2119 suis
1446 2092 1659 2126 imperatoribus
1683 2091 1864 2121 consuetudo,
1889 2098 1950 2125 qua:

1163 2137 1317 2165 Gmearum
1344 2137 1524 2165 ecclesiarum
1549 2142 1641 2172 partes
1671 2141 1699 2164 et
1724 2141 1873 2168 structura,
1889 2143 1950 2170 qua:

1164 2185 1289 2212 instituta
1300 2184 1459 2211 celebrandi
1477 2183 1563 2210 divini
1582 2183 1684 2213 cultus,
1711 2183 1758 2216 qui
1785 2183 1844 2217 ejus
1870 2181 1950 2208 mini-

1162 2231 1223 2261 stri,
1238 2231 1300 2266 quis
1315 2230 1384 2257 ordo
1402 2229 1537 2256 festorum
1560 2227 1680 2259 dierum,
1695 2236 1756 2262 qua:
1781 2236 1865 2255 sacra:
1886 2234 1950 2262 pro-

1163 2277 1313 2308 cessioncs,
1329 2283 1408 2310 quas.
1422 2275 1525 2309 quibus
1540 2274 1647 2303 dictus.
1671 2273 1703 2300 ad
1722 2274 1794 2301 aedes
1811 2277 1950 2301 monaste—

1164 2324 1236 2350 riave
1253 2322 1416 2350 celebriora.
1428 2321 1529 2347 Rerum
1543 2324 1634 2347 autem
1649 2320 1771 2346 civilium
1786 2319 1952 2354 contempla-

1165 2369 1202 2394 tio
1214 2367 1236 2394 si
1249 2374 1330 2401 quem
1343 2365 1429 2400 magis
1441 2365 1568 2394 delectat.
1580 2370 1674 2392 vastus
1687 2364 1726 2392 illi
1739 2372 1767 2392 se
1781 2372 1894 2399 campus
1906 2363 1951 2390 hic

1165 2414 1260 2448 pandit
1283 2417 1406 2449 spectatu
1432 2413 1530 2448 dignus
1559 2414 1661 2448 pariter
1693 2418 1775 2447 atque
1801 2411 1949 2448 jucundus.

1164 2461 1299 2487 Greantur
1314 2459 1441 2494 Augusti,
1462 2459 1604 2486 celebrant
1617 2459 1737 2494 nuptias,
1752 2463 1949 2493 susceptosqno

1165 2514 1261 2534 recens
1271 2507 1373 2534 liberos
1385 2511 1483 2533 curant
1510 2513 1589 2532 sacro
1600 2505 1709 2532 lavacro
1728 2505 1754 2531 in
1766 2504 1882 2532 ecclesia
1905 2513 1948 2531 cx-

1165 2552 1250 2588 piari;
1261 2551 1568 2587 conferuntdignitates,
1580 2551 1613 2577 ad
1626 2550 1782 2578 suburbana
1795 2551 1893 2585 palatia
1906 2557 1950 2575 ru-

1165 2596 1520 2629 sticatum,vindemiatum,
1531 2596 1596 2623 item
1610 2595 1644 2622 ad
1658 2596 1755 2622 horrea
1769 2595 1888 2630 publica,
1899 2602 1948 2621 an~

1165 2651 1264 2670 nonam
1282 2642 1419 2670 conditam
1433 2646 1598 2676 spectatum,
1612 2641 1784 2675 procedunt;
1797 2641 1947 2674 excipiunt.

1165 2689 1242 2716 aliter
1251 2689 1425 2724 quotidianas
1433 2695 1577 2722 procerum
1588 2687 1856 2715 salutationes.alil.er
1866 2690 1949 2712 statas

320 2733 348 2761 in
364 2734 440 2761 omni
455 2739 548 2762 vetere
573 2742 701 2770 novaque
717 2734 833 2762 historia
855 2736 1067 2767 versatissimus,
1084 2743 1111 2764 el.
1125 2739 1151 2769 Ι)
1165 2735 1364 2767 solemniores;
1377 2738 1507 2770 perorant
1527 2734 1554 2760 in
1567 2734 1827 2767 silentiis,spectant
1842 2732 1947 2759 circen-

319 2779 434 2813 primam
455 2779 566 2814 quidem
588 2779 649 2814 ejus
670 2787 748 2814 spem
763 2779 882 2807 faciebat
905 2788 979 2808 anno
996 2781 1064 2809 1745
1080 2782 1106 2809 in

319 2825 411 2852 libello
424 2824 462 2852 De
477 2825 610 2861 Diplychia
619 2829 746 2856 veterum.
759 2833 822 2862 pag.
833 2826 866 2854 10
875 2834 947 2862 sqq.,
963 2827 1010 2854 ubi
1021 2832 1106 2855 totum

318 2875 400 2906 caput
421 2870 664 2906 quadragesimum
692 2872 805 2900 secundi
826 2872 889 2900 libri
908 2878 1025 2909 utroque
1048 2882 1104 2901 ser-

319 2924 400 2944 mone
416 2916 556 2951 vulgavit;
580 2916 666 2952 ipsam
682 2925 746 2945 vero
771 2918 921 2947 editionem
945 2919 1106 2948 ordiebatnr

1162 2788 1220 2808 sem
1234 2781 1380 2811 insaniam,
1399 2779 1515 2806 audiunt
1531 2779 1680 2806 factionum
1695 2778 1906 2805 acclamationes
1921 2781 1948 2802 et

1162 2826 1356 2862 ﬂagitationes,
1366 2826 1476 2861 prmmia
1490 2825 1556 2852 dant
1569 2824 1674 2861 aurigis
1686 2823 1849 2854 victoribus,
1860 2823 1949 2849 missi-

1159 2872 1195 2900 lia
1209 2876 1353 2908 spargunt,
1366 2872 1529 2908 pyrrhiehas
1541 2876 1568 2898 et
1580 2871 1658 2898 ludos
1669 2870 1800 2897 Gothicos
1811 2874 1948 2905 spectant.

1159 2924 1233 2952 vota,
1242 2918 1388 2951 brumalia,
1399 2919 1504 2946 natales
1514 2923 1592 2945 ortus
1606 2917 1769 2952 imperiique
1780 2923 1808 2944 et
1819 2915 1949 2943 connubii
