2031 3150
121 177 156 208 37
790 174 1076 206 PREFATIONES.
1717 179 1751 211 πε

120 232 162 260 tui
183 231 334 263 celebrant,
350 230 459 258 divinas
472 231 568 266 epulas
579 231 722 264 exhibent,
737 237 805 260 eunt
818 231 845 259 in
857 231 915 259 bel-
931 240 950 266 Α
968 232 1007 260 tit.
1037 232 1085 260 Est
1109 240 1152 264 ea,
1180 240 1261 268 quam
1292 233 1359 265 disi,
1391 241 1454 269 pars
1484 235 1609 271 insignis,
1636 243 1752 271 eantque

120 277 189 308 lum,
201 280 284 311 agunt
300 275 328 302 in
341 275 450 308 castris,
465 275 582 303 redeunt
593 276 620 303 in
633 276 729 304 urbem
741 277 915 312 triumphan-

120 327 173 353 tes,
185 322 327 356 victasque
337 321 443 348 calcant
455 329 549 356 regum
561 322 699 354 cervices;
710 322 847 357 stipendia
862 322 898 350 uti
907 337 914 342 -

119 366 217 394 litibus
227 371 352 402 erogant,
370 366 512 393 instruunt
524 371 552 394 et
564 367 716 402 expediunt
730 367 843 399 classes,
864 367 913 394 ad-

121 413 235 440 mittunt
261 412 367 447 legatos
388 416 549 439 exterorum
573 412 742 447 principum,
769 421 834 441 suos
862 413 913 448 ipsi

120 458 260 493 ablegant,
286 465 413 492 pompam
439 462 468 485 et
484 458 578 485 luxum
593 466 703 485 onmem
731 466 811 485 suum
829 459 915 494 expli-

120 508 195 535 cant,
210 507 331 538 egestate
344 503 446 538 passim
462 504 670 537 transmicante,
684 505 794 532 tandem
811 506 914 532 abeunt

120 548 156 575 ad
173 546 276 583 plures,
289 552 316 576 et
328 547 355 575 in
369 554 548 577 monumenta
561 557 610 577 sua
624 550 788 578 inferuntur.
805 551 915 578 Peram-

121 593 201 621 bules
218 595 270 622 hoc
298 594 358 630 ipso
381 595 453 622 libro
468 595 538 623 duce
557 596 603 623 illa
621 602 719 623 eorum
749 597 913 631 sepulcralia

122 645 312 673 monumenta,
328 646 357 668 et
382 642 485 669 lustres
513 639 703 678 cujuscunque
727 651 823 670 urnam
849 651 912 670 cum

121 678 265 721 inscriptis
283 687 454 719 nominibus,
469 687 497 715 in
514 689 616 723 quibus
639 689 731 724 aliqua
754 694 829 721 sunt,
853 697 913 724 qua:

122 731 226 759 frustra
236 732 264 759 in
275 733 316 760 Du
325 733 418 768 Cangii
433 733 552 761 Familiia
568 733 721 770 Byzantini:
735 742 850 769 quaeras.
865 734 913 761 Pc-

120 783 214 806 netres
231 786 340 813 quoque
355 779 406 806 hoc
417 779 514 807 eodem
527 779 597 807 duce
613 780 640 807 in
657 779 713 815 ipsa
728 780 911 815 pretiosorum

121 826 151 849 et
167 822 314 858 insignium
328 823 475 852 Orientalis
488 825 596 860 Imperii
611 825 912 860 conditoria,arcasque

121 869 266 896 vestiarias
281 873 310 896 et
331 869 413 897 aliam
436 870 636 905 supellectilem
651 871 785 898 excutias.
814 871 911 898 Melius

119 914 262 950 hir,quam
276 924 391 951 usquam
403 916 479 947 alibi.
492 924 637 951 procerum
650 923 703 945 tam
718 917 912 952 palatinorum,

120 967 204 994 quam
227 961 400 993 militarium,
424 961 490 988 item
509 961 716 997 magistratuum
743 962 910 989 urbanorum

120 1007 296 1042 aliorumque
315 1008 455 1035 minorum
472 1007 584 1035 ordines
599 1008 705 1040 videas,
722 1008 866 1043 longisque
884 1008 910 1035 in

120 1052 277 1087 porticibus
291 1053 353 1088 [Ed.
370 1053 400 1080 L.
422 1052 468 1089 Ill]
492 1053 660 1081 excubantes
679 1061 842 1081 numerosos
866 1061 913 1080 va-

122 1099 234 1133 riosque
249 1107 346 1134 greges
360 1099 430 1126 sacri
450 1099 577 1134 corporis
601 1100 734 1127 custodia:
750 1099 909 1135 deputatos.

121 1143 201 1172 Mitto
223 1150 331 1177 czntcra,
348 1152 408 1172 cum
426 1152 441 1172 e
462 1145 590 1179 superius
610 1145 691 1172 dictis
707 1145 817 1173 abunde
842 1153 910 1172 con-

122 1190 262 1222 stet,eam
280 1198 340 1217 esse
358 1198 450 1217 rerum
476 1191 529 1218 hoc
559 1190 585 1217 in
611 1198 694 1225 opere
724 1191 911 1225 expositarum

120 1236 293 1267 varietatem,
306 1236 427 1270 leporem
441 1240 523 1270 atque
537 1235 706 1271 dignitatem,
724 1240 753 1262 ut
767 1235 910 1262 hominum

120 1283 266 1310 doctorum
287 1282 376 1310 studia
395 1281 422 1308 in
435 1289 464 1309 se
479 1289 648 1309 conversura
665 1289 697 1309 ea
711 1287 740 1309 et
754 1282 910 1309 exercitum

120 1329 188 1357 sint.
207 1329 257 1357 Uni
289 1329 421 1363 placebit,
439 1328 467 1355 ni
483 1328 572 1360 fallor,
596 1328 754 1355 vestiarium
779 1336 848 1359 rem,
864 1328 910 1355 alii

120 1374 314 1409 nummariam,
327 1374 373 1400 alii
388 1373 487 1401 domus
513 1378 637 1408 augustae
654 1373 742 1400 omcia
760 1374 825 1400 hinc
847 1373 910 1400 illu-

119 1423 220 1446 strare.
230 1418 361 1452 Quamvis
372 1419 446 1445 enim
458 1426 501 1449 ea,
511 1425 571 1452 quae
585 1417 686 1445 Leonis
698 1422 725 1445 et
738 1417 910 1445 Constantini

120 1465 208 1492 nostri
225 1469 348 1499 tempore
364 1464 391 1490 in
405 1471 456 1490 usu
474 1468 561 1494 erant,
577 1471 592 1490 a
607 1463 799 1498 superioribus
823 1463 912 1490 Theo-

121 1510 193 1537 dosii
216 1514 243 1537 et
262 1509 411 1536 Justiniani
435 1509 607 1544 temporibus
629 1512 735 1535 tantum
767 1509 909 1541 abludant,

121 1560 255 1590 quantum
283 1560 377 1582 secuta
409 1554 612 1582 Comnenorum
640 1559 668 1582 et
696 1554 911 1590 Palmologorum

121 1605 297 1636 extremaque
314 1600 455 1636 Byzantini
473 1601 550 1636 regni
572 1606 639 1628 tetas
650 1601 684 1627 ab
704 1606 784 1628 aetate
801 1605 910 1628 nostro-

123 1653 184 1672 rum
200 1646 522 1681 Porphyrogennetorum
551 1646 668 1678 abludit,
691 1646 766 1680 quod
796 1651 904 1673 constat

119 1689 256 1718 Codinum
272 1699 334 1718 cum
355 1692 407 1719 hoc
427 1699 512 1732 opere
538 1691 712 1724 conferenti;
730 1696 846 1726 possunt
871 1697 910 1719 ta-

121 1745 184 1764 men
199 1737 243 1764 illa
261 1742 368 1765 vetusta
383 1738 506 1765 ﬂorentis
525 1738 640 1766 Romani
661 1738 770 1773 imperii
787 1742 910 1772 tempora

119 1788 149 1810 et
165 1782 313 1818 Byzantina
330 1783 484 1818 primordia
496 1791 529 1811 ex
545 1784 598 1811 hoc
613 1792 697 1819 opere
712 1784 800 1810 multo
813 1784 908 1819 magis,

119 1835 202 1863 quam
217 1828 269 1856 hoc
281 1836 351 1863 opus
365 1836 398 1855 ex
415 1828 533 1861 Codino,
548 1829 693 1856 illustrari.
712 1829 802 1856 Erunt
815 1837 908 1864 porro,

119 1873 168 1908 qui
185 1881 217 1901 ex
233 1874 362 1900 indiculis
379 1881 574 1908 rogarum,seu
590 1882 743 1902 annuorum
759 1874 911 1909 stipendio-

120 1927 183 1946 rum
201 1919 299 1946 ol'ticiis
317 1920 444 1954 palatinis
459 1920 622 1955 caeterisque
645 1921 825 1952 debitorum;
844 1921 908 1948 item

117 1973 155 1992 ex
179 1965 309 1993 indiculis
333 1965 520 2000 impensorum
546 1966 573 1993 in
589 1967 778 2001 expeditiones
803 1967 910 2002 aliquot

118 2012 273 2040 maritimas
299 2017 393 2040 contra
410 2012 562 2040 Saracenos
586 2012 732 2040 Cretenses
755 2017 908 2047 susceptas,

117 2057 295 2084 astimabunt
308 2065 369 2084 cum
384 2058 518 2085 militares
534 2058 643 2093 imperii
659 2058 812 2094 Byzantini,
829 2059 910 2094 quale

121 2108 190 2130 tunc
202 2107 271 2136 erat,
288 2108 437 2131 terrestres
453 2104 660 2139 maritimasque
673 2105 777 2139 copias,
796 2110 852 2132 ttnn
867 2113 911 2140 pe-

119 2149 261 2176 cuniarias
273 2157 395 2184 quoque,
412 2149 595 2184 institutaque
613 2151 819 2185 comparatione
833 2151 909 2178 Cra:-

118 2203 216 2223 corum
240 2195 466 2222 centenariorum
483 2200 511 2222 ct
537 2195 670 2223 librarttm
694 2196 754 2223 auri
778 2204 839 2223 cum
859 2204 910 2223 no-

118 2245 205 2269 strate
220 2242 347 2276 pecunia,
359 2241 512 2274 invenient,
526 2250 580 2277 qua
593 2242 805 2277 Byzantinorttm
816 2250 909 2278 regum

118 2291 149 2314 et
167 2288 331 2314 nostratium
356 2288 499 2322 opulentia
526 2287 644 2315 diﬂerat.
668 2288 756 2315 Erunt
780 2288 837 2321 alii,
862 2289 910 2323 qui

119 2333 269 2368 singularia
283 2333 408 2368 quaedam
426 2333 645 2368 disputationum
661 2334 751 2368 capita
775 2334 839 2360 hinc
855 2334 910 2361 de-

119 2383 252 2414 cerpent;
269 2386 295 2406 e.
312 2387 350 2412 c.,
375 2380 465 2414 qualis
489 2379 572 2407 fuerit
591 2380 720 2407 ludorum
744 2380 909 2407 circensium

118 2424 192 2458 apud
208 2424 372 2460 Byzantinos
383 2425 555 2458 constitutio,
567 2433 611 2452 res
622 2425 769 2452 admodum
780 2426 909 2456 obscura;

117 2475 158 2502 et,
179 2479 240 2506 quae
268 2479 323 2498 non
350 2472 442 2500 minus
471 2477 524 2504 est,
543 2472 633 2507 qualis
661 2472 743 2499 fuerit
768 2480 848 2507 pars,
866 2473 908 2498 vel

117 2515 277 2547 comitatus,
300 2515 488 2551 Augustarum
504 2517 649 2552 Byzantii;
670 2517 783 2544 unctinc
806 2516 909 2543 fuerint

118 2560 160 2587 illi
178 2560 357 2595 imperatores
372 2562 406 2589 ad
434 2562 596 2590 Latinorum
615 2563 789 2598 exemplum,-
804 2570 908 2597 quous-

117 2614 174 2640 que
193 2613 285 2634 sermo
304 2607 419 2635 Latinns
434 2608 461 2635 in
478 2609 540 2636 aula
564 2608 671 2636 CPtana
695 2598 856 2640 obtinuerit,
880 2613 909 2636 et

117 2653 172 2680 illa:
187 2652 328 2681 orationes
342 2661 357 2680 a
378 2662 476 2681 recens
489 2655 657 2690 nuncupatis
671 2655 907 2690 imperatoribuse

117 2699 251 2727 tribunali
268 2700 377 2728 circove
392 2700 425 2727 ad
442 2701 543 2728 milites
555 2701 645 2733 dictat,
662 2709 721 2735 qua:
734 2706 836 2728 nostra:
850 2701 908 2728 edi-

118 2744 202 2772 tionis
221 2753 235 2772 a
254 2753 316 2781 pag.
335 2747 388 2774 239
405 2746 468 2773 inde
485 2746 625 2781 leguntur,
650 2746 789 2774 fuerintne
806 2747 908 2774 (irzecis

118 2789 216 2818 iisdem
239 2792 333 2819 verbis
348 2791 483 2823 recitatae,
498 2800 530 2818 an
550 2792 642 2826 potius
659 2792 754 2820 Latine
780 2793 907 2827 primitus

115 2837 236 2870 dictata,
252 2838 352 2866 deinde
367 2846 433 2866 vero
450 2846 465 2865 a
486 2839 567 2865 Petro
592 2838 723 2873 Magistro
735 2839 762 2866 in
781 2839 906 2866 Grzecnm

117 2891 274 2912 sermonem
285 2892 445 2919 conversae;
462 2884 536 2920 quod
555 2885 622 2912 mibi
639 2885 749 2920 quidem
765 2886 906 2921 probabile

967 278 1075 306 edendo
1090 279 1186 306 videor
1201 279 1268 306 mihi
1286 279 1450 314 particulam
1471 281 1562 314 operis
1577 281 1753 308 desideratis-

967 324 1041 355 simi,
1061 324 1108 352 sed
1125 324 1229 352 dudum
1250 333 1300 360 pro
1328 324 1472 360 deperdito
1493 325 1590 358 habiti,
1620 326 1749 354 edidisse.

966 369 1179 397 Constantinum
1195 376 1320 398 nostrum
1341 371 1504 406 colligendis
1521 375 1548 398 et
1565 371 1591 398 in
1607 377 1698 399 certos
1715 373 1750 398 ti-

967 416 1039 443 tulos
1053 417 1212 451 digerendis
1237 417 1315 445 scitis
1331 422 1413 452 atque
1433 417 1661 444 memorabilibus
1676 424 1752 444 vett--

967 469 1027 488 rum
1057 462 1125 488 locis
1143 462 1303 497 diligentem
1329 470 1442 497 operam
1471 461 1649 496 impendisse,
1673 469 1753 488 nemo

967 508 1063 535 nescit.
1077 508 1162 536 Erant
1179 509 1245 535 olim
1270 508 1309 536 illi
1335 508 1405 536 tituli
1423 516 1538 535 numero
1555 504 1753 542 quinquaginta

967 559 1031 581 tres.
1048 553 1088 581 Ad
1104 562 1155 581 nos
1173 559 1264 581 autem
1279 562 1332 581 non
1353 561 1514 589 pervenere,
1529 554 1580 580 nisi
1601 553 1695 580 titulus
1712 554 1752 579 vi-

966 599 1086 627 cesimus
1112 599 1247 634 septimus
1269 599 1303 626 de
1321 599 1504 634 legationibus
1530 599 1647 633 integer,
1670 606 1752 633 opera

967 645 1053 672 Fulvii
1072 646 1163 673 Ursini
1178 650 1206 673 et
1219 646 1330 672 Davidis
1345 642 1495 672 llmscltelii
1508 653 1515 677 ;
1530 650 1557 671 et
1575 644 1648 671 tituli
1668 645 1752 679 quin-

965 691 1128 725 quagcsimi,
1144 692 1223 726 cujus
1237 691 1379 725 inscriptio
1390 695 1432 718 est
1448 691 1481 718 de
1501 691 1602 718 indolis
1616 690 1753 725 probitate

965 741 1047 771 atque
1067 737 1212 771 pravitate,
1230 745 1279 764 seu
1301 737 1334 764 de
1350 737 1500 764 virtutibus
1515 739 1542 763 et
1565 735 1649 764 vitiis.
1667 736 1753 771 parti-

965 781 1037 812 cula,
1055 781 1189 808 beneﬁcio
1203 782 1332 809 Peirescii
1349 785 1376 808 et
1389 780 1498 808 chrici
1518 780 1629 807 Valesii.
1644 780 1752 815 Reliqui

966 831 1006 853 tot
1019 835 1135 854 numero
1148 827 1220 854 tituli
1240 827 1362 862 grandis,
1380 827 1427 854 sed
1451 830 1478 854 et
1495 826 1645 858 utilissimi,
1661 827 1755 861 operis

966 872 1233 908 creduntttrjactura
1247 873 1417 908 irreparabili
1430 872 1554 907 periisse.
1567 872 1638 906 Quid
1654 872 1676 899 si
1688 881 1754 899 vero

931 912 951 940 Β
966 918 1131 944 contendam
1147 925 1190 944 me
1204 925 1266 944 cum
1281 917 1342 949 hoc,
1360 917 1433 952 quod
1448 925 1521 944 nunc
1536 917 1600 949 edo,
1612 917 1753 944 volumine

964 964 1082 998 primum
1098 963 1201 990 laudati
1222 964 1314 999 operis
1340 964 1463 996 titulum,
1488 963 1512 990 si
1529 971 1583 990 non
1602 963 1751 998 integrum,

963 1015 991 1036 at
1003 1010 1100 1037 saltem
1114 1018 1239 1044 magnam
1255 1010 1315 1042 eius
1328 1014 1434 1044 partem
1451 1009 1478 1035 in
1495 1016 1594 1035 manus
1607 1008 1750 1036 doctorum

963 1055 1108 1082 hominum
1136 1053 1343 1088 tradere?Egit
1368 1053 1414 1080 ille
1431 1053 1496 1080 olim
1527 1053 1587 1087 περὶ
1620 1052 1752 1087 βασιλέων

962 1099 1181 1135 ἀναγορεύσεως,
1199 1099 1231 1125 de
1246 1100 1436 1133 imperatorum
1451 1106 1594 1134 regumque
1612 1099 1735 1124 renuntia
1749 1114 1751 1117 -
1779 1113 1781 1116 ι

963 1149 1043 1178 none,
1065 1149 1095 1172 ut
1107 1152 1122 1170 e
1139 1144 1258 1172 Fabricii
1273 1143 1339 1170 Bibl.
1353 1143 1436 1171 Gneo.
1458 1148 1524 1170 tom.
1544 1140 1588 1174 Vl,
1610 1151 1671 1178 pag.
1687 1143 1749 1171 492.

962 1195 1080 1218 constat.
1096 1190 1178 1225 Atqui
1199 1189 1348 1217 voluminis
1366 1189 1448 1224 hujus
1469 1189 1558 1224 capita
1577 1187 1634 1216 XCI
1656 1193 1684 1215 et
1707 1196 1751 1215 sc-

963 1237 1086 1272 quentia,
1106 1244 1120 1264 a
1138 1244 1200 1272 pag.
1213 1235 1266 1263 238
1280 1243 1367 1271 usque
1385 1235 1418 1262 ad
1433 1243 1494 1270 pag.
1510 1235 1559 1262 251
1578 1242 1631 1262 non
1645 1239 1750 1262 tantum

964 1283 990 1309 itt
1004 1283 1163 1309 universum
1181 1281 1347 1308 cerimonias
1369 1280 1498 1307 distincte
1515 1280 1636 1312 tradunt,
1653 1280 1754 1314 quibus

965 1328 1052 1363 prima
1070 1327 1132 1362 [ΕΛ.
1146 1326 1175 1354 ι.
1197 1325 1396 1362 IVJCPpoleos
1413 1330 1493 1353 relate
1518 1325 1697 1359 imperatores
1713 1325 1750 1352 illi

964 1373 1089 1401 solebant
1105 1372 1270 1407 nuncupari,
1289 1371 1335 1398 sed
1350 1375 1377 1398 ct
1388 1371 1414 1398 in
1432 1371 1522 1406 specie
1537 1370 1637 1398 Leonis
1649 1371 1751 1406 magni,

964 1417 1064 1446 Leonis
1080 1418 1205 1450 minoris,
1228 1416 1365 1444 Anastasii
1383 1417 1484 1448 l‘icori,
1505 1416 1605 1444 Justini
1632 1414 1752 1443 senioris

962 1470 990 1492 et
1004 1464 1152 1493 Iustiniani
1172 1463 1260 1499 Magni
1275 1463 1497 1490 renuntiationes
1518 1468 1572 1490 tant
1596 1463 1751 1490 luculenter

962 1515 1161 1545 exsequuntur,
1179 1514 1209 1536 ut
1236 1510 1304 1536 niltil
1321 1509 1474 1536 desiderari
1491 1514 1584 1544 queat,
1607 1509 1752 1544 lucemque

965 1557 1121 1592 prwclaratn
1149 1556 1187 1583 illi
1217 1555 1394 1583 historiarum
1413 1555 1483 1590 parti
1509 1556 1669 1582 accendant.
1695 1556 1751 1589 Ego

963 1602 1076 1637 quidem
1102 1610 1156 1629 non
1186 1601 1280 1634 credo,
1309 1609 1424 1636 usquam
1444 1601 1620 1635 antiquorum
1650 1608 1749 1627 monu-

961 1654 1117 1674 mentorum
1128 1648 1218 1675 locutn
1232 1647 1406 1681 exstarc,qni
1420 1647 1490 1673 ritus
1503 1646 1750 1680 nuncupandorum

963 1694 1161 1729 Augustorum,
1177 1698 1287 1720 veteres
1306 1701 1404 1727 nempe
1427 1693 1488 1719 illos
1502 1700 1631 1726 moreque
1648 1692 1749 1718 Itoma-

959 1746 1022 1770 nos,
1032 1746 1109 1773 atque
1125 1737 1268 1773 splendide
1281 1741 1408 1772 exponat.
1425 1741 1506 1771 atque
1518 1736 1650 1771 particula
1664 1736 1749 1762 nostri

960 1785 1063 1820 operis,
1078 1784 1112 1811 de
1127 1792 1181 1819 qua
1197 1783 1264 1810 mihi
1281 1790 1372 1809 sermo
1389 1790 1464 1809 rtunc
1478 1789 1529 1808 est.
1546 1782 1745 1816 Antiquitateni

960 1831 1020 1865 ejus
1034 1830 1141 1865 spirant
1155 1830 1259 1862 omnia,
1275 1828 1418 1856 orationes
1431 1828 1465 1854 ad
1480 1828 1646 1855 fortissimos
1669 1835 1748 1854 exer-

960 1878 1043 1909 citus,
1059 1876 1238 1912 Augustatiea
1255 1875 1401 1910 promissa,
1417 1873 1534 1900 militum
1561 1877 1643 1907 atque
1660 1880 1748 1907 popu-

960 1924 1049 1951 lorum
1070 1922 1294 1950 acclamationes.
1314 1921 1380 1954 Quae
1403 1920 1450 1955 qui
1475 1927 1537 1946 cutu
1563 1918 1750 1953 scriptoribus

960 1969 1087 1997 Historia
1100 1969 1229 2004 Augusta:
1254 1967 1335 2002 vulgo
1356 1966 1396 1994 sic
1420 1965 1500 1992 dictis
1525 1968 1675 1999 comparet.
1693 1972 1746 1990 non

960 2013 1062 2048 poterit
1075 2013 1098 2040 is
1113 2013 1216 2048 absque
1230 2012 1368 2047 voluptate
1383 2010 1527 2044 imaginem
1541 2009 1643 2035 veteris
1658 2009 1748 2036 Romae

961 2059 988 2087 in
1014 2068 1083 2087 nova
1109 2058 1300 2094 contemplari.
1315 2056 1455 2091 Quidquid
1488 2055 1596 2082 tandem
1617 2054 1698 2080 fuerit
1714 2054 1748 2080 dt‘

960 2103 1119 2138 conjectura
1138 2110 1210 2135 mea,
1238 2101 1296 2129 sive
1312 2100 1448 2136 particula
1463 2107 1495 2126 ea
1511 2099 1544 2126 de
1568 2106 1621 2134 qua
1639 2099 1748 2133 loquor,

960 2148 1025 2175 olim
1037 2148 1070 2174 ad
1084 2148 1195 2175 titulum
1212 2147 1330 2181 primum
1347 2145 1465 2180 ingentis
1481 2145 1554 2172 illius
1565 2149 1592 2172 et
1605 2145 1748 2172 celebratu-

960 2194 1146 2225 bibliotltecaa,
1164 2197 1194 2220 ut
1207 2193 1248 2232 ita
1265 2192 1366 2225 dicam,
1381 2191 1626 2222 Constantiniana,
1647 2194 1705 2225 aut,
1724 2191 1745 2215 si

927 2257 948 2284 ο
963 2240 1051 2271 malis,
1077 2239 1348 2270 Pcntecontateuchi,
1362 2237 1536 2273 pertinuerit,
1556 2236 1614 2263 sive
1637 2236 1747 2265 minus:

962 2294 1012 2322 ego
1032 2286 1143 2322 quidem
1161 2293 1216 2312 non
1229 2285 1337 2318 dubito,
1362 2291 1422 2312 eam
1440 2283 1596 2318 decerptam
1614 2282 1697 2310 fuisse
1713 2290 1747 2308 ex

962 2333 1015 2360 alio
1031 2331 1151 2367 quodam
1173 2335 1281 2358 vetusto
1296 2330 1395 2366 insigni
1415 2329 1497 2361 libro,
1516 2329 1595 2363 cujus
1611 2327 1746 2363 jacturatn

961 2379 1077 2407 studiosi
1093 2379 1267 2414 antiquarum
1285 2385 1378 2405 rerum
1400 2377 1542 2412 :egcrrimc
1559 2375 1670 2407 ferunt;
1692 2375 1746 2401 sci-

961 2425 1026 2451 licet
1039 2432 1073 2451 ex
1088 2424 1163 2452 Petri
1180 2422 1314 2459 Magistri,
1328 2421 1380 2449 viri
1394 2420 1586 2451 illustrissimi,
1603 2426 1746 2446 sacrorum

961 2470 1115 2496 ofﬁciorum
1131 2469 1204 2504 apud
1219 2469 1404 2496 Justinianum
1421 2466 1546 2501 Magnum
1569 2464 1703 2499 magistri,
1719 2469 1746 2490 et

960 2515 992 2542 ad
1005 2515 1158 2542 Gothorum
1175 2514 1202 2541 in
1217 2513 1294 2540 Italia
1309 2520 1397 2548 reges,
1410 2517 1437 2539 et
1450 2511 1483 2538 ad
1501 2510 1632 2538 Cosroem
1651 2509 1747 2536 Persa-

961 2570 1022 2589 rum
1042 2569 1152 2597 quoquc
1178 2561 1308 2595 deinceps
1332 2559 1424 2594 legati,
1448 2558 1537 2588 libris,
1558 2564 1628 2592 quos
1647 2555 1747 2583 Suidas

959 2607 1055 2635 laudat
1079 2607 1145 2641 Περὶ
1169 2606 1310 2640 πολιτικῆς
1337 2605 1543 2636 καταστάσεως,
1562 2603 1600 2628 οι
1619 2602 1746 2628 constitu-

960 2655 1031 2681 tione
1058 2653 1139 2680 civilis
1168 2652 1376 2688 gubernationis.
1401 2651 1508 2685 Sa‘pius
1539 2649 1592 2676 viri
1620 2646 1744 2674 meminit

959 2701 1122 2735 Procopius,
1147 2698 1272 2726 meminit
1295 2705 1406 2732 quoque
1433 2695 1624 2724 Cassiodorus.
1650 2693 1745 2726 Neque

960 2749 1082 2783 ignotum
1104 2747 1165 2782 ejus
1185 2753 1284 2772 nomen
1301 2748 1343 2771 est.
1359 2744 1385 2772 in
1407 2743 1523 2770 historia
1538 2739 1694 2775 Byzantina.
1710 2746 1743 2765 ex

960 2794 1042 2821 titulo
1056 2793 1256 2826 Exi-erptorum
1274 2789 1564 2817 Constantinianornm
1580 2785 1614 2812 de
1630 2784 1744 2820 legatio-

960 2839 1052 2871 nibus,
1073 2839 1152 2873 cujus
1166 2831 1293 2872 superlus
1314 2835 1482 2862 mentionem
1507 2831 1672 2865 injicieham.
1692 2830 1744 2857 Ex-

959 2889 1033 2913 stant
1049 2885 1076 2911 in
1091 2891 1125 2911 eo
1143 2883 1225 2910 titulo
1239 2880 1363 2919 qumdam
1377 2880 1436 2916 eius
1456 2878 1618 2914 fragmenta,
1633 2875 1744 2905 uallum
