2031 3150
297 170 332 206 39
933 169 1034 199 lOAN.
1055 169 1092 199 JA

1153 167 1299 198 BEISKII
1889 163 1929 194 40

292 224 383 253 'timen
400 225 501 252 Iuliani
527 229 607 252 :etate
623 228 628 234 '
642 225 791 260 posterius.
820 224 853 251 At
871 224 898 251 in
924 229 1019 251 nostro
1037 232 1085 250 co-
1102 226 1123 254 Α
1139 223 1219 250 fidem
1241 230 1295 249 non
1312 221 1428 248 accedit.
1445 220 1533 250 Patet,
1554 220 1717 254 scriptorem
1743 218 1835 249 rebus.
1860 226 1925 246 cum

290 272 351 299 dice
383 279 444 306 cap.
475 270 521 303 87,
557 271 606 297 lib.
635 279 655 302 ι,
686 278 748 305 pag.
775 270 846 299 229.
878 277 932 296 non
974 274 1080 296 tantum

289 317 422 347 Theut‘lze.
435 316 544 344 Gothici
560 316 587 342 in
603 315 733 350 Hispania
748 315 829 350 regisI
845 316 878 342 ad
894 315 1081 342 Justinianum

289 362 392 398 legatio
407 363 483 389 velut
509 363 536 389 in
567 363 683 389 transitu
710 366 888 393 memoratur,
904 361 951 388 sed
980 361 1081 388 ibidem

289 416 401 443 quoque
418 416 450 434 ex
467 407 591 442 professo
606 407 795 434 memorabilis
809 407 948 434 Anthemii
964 407 996 433 ad
1012 407 1082 434 Leo-

293 462 358 482 nem
391 454 517 489 Magnum
548 455 648 489 legatio
667 454 826 488 exponitur.
851 461 905 488 qua
933 454 1084 488 imperator

293 500 453 528 Occidentis
478 501 614 527 laureatas
639 507 703 526 suas
721 499 853 534 imagines
877 504 960 534 atque
978 499 1085 525 litteras

295 546 426 573 Orientali
445 546 582 573 mittebat.
595 546 624 573 In
640 546 800 573 universum
814 553 846 572 ea
864 545 968 576 omnia.
986 553 1047 580 quze
1070 552 1084 571 a

296 599 356 627 pag.
393 591 457 624 2'25,
481 600 542 626 cap.
580 592 625 624 84,
652 599 739 626 usque
781 591 815 618 ad
849 599 910 626 pag.
932 591 996 622 9.51,
1025 598 1084 624 cap.

296 638 342 671 96,
359 638 498 672 leguntur,
524 637 588 664 item
611 641 693 671 caput
711 636 773 663 libri
792 645 798 663 l
814 637 952 668 ultimum,
967 641 994 663 ct
1016 636 1086 662 forte

295 690 405 717 quoque
436 682 488 708 alia
503 681 591 715 plura,
608 686 674 716 puto
697 681 770 708 Petri
798 681 919 716 Magistri
952 688 1024 713 esse,
1053 688 1087 706 cx

294 737 338 760 eo,
370 736 452 763 quem
481 728 548 760 dixi,
578 727 720 762 dcperdito
754 727 828 754 libro
853 727 920 762 Περὶ
948 727 1086 752 καταστά-

297 783 364 806 σεως
374 774 503 809 decerpta
524 773 663 801 Promittit
674 781 726 800 vox
738 774 916 805 κατάστασις,
926 773 1086 803 constitutio,

297 829 351 846 non
379 825 484 846 t.-ntum
514 824 651 855 praecepta
685 821 827 854 sapienter
862 817 1088 846 administranda:

295 866 467 901 reipublicae,
484 866 532 893 sed
547 867 631 893 etiatn
647 866 761 898 rituum,
777 865 880 900 quibus
893 865 985 892 civilia
1003 872 1088 899 nego—

1133 272 1308 303 gerereutur.
1335 267 1506 294 interfuisse.
1521 265 1573 298 Qui
1594 266 1758 292 orientalem
1778 265 1924 292 historiam

1133 314 1235 345 amant‘,
1250 313 1389 348 reperient
1405 313 1431 340 in
1449 312 1569 339 secundo
1586 312 1724 338 volumine
1741 316 1925 339 memoratum

1134 360 1254 393 aliquem
1274 359 1448 390 Dilemicum,
1471 359 1588 385 emirum
1605 357 1719 389 Amidaz,
1736 357 1876 384 hominem
1894 362 1924 384 et

1135 413 1270 434 oratorem
1288 407 1347 433 Abu
1363 405 1513 433 Cltamdani
1527 405 1559 432 ad
1573 404 1782 432 Constantinum
1799 409 1926 431 nostrum

1135 454 1259 480 missum.
1278 452 1331 486 Qui
1356 452 1417 480 Abu
1441 451 1583 479 Chamdan
1605 451 1655 484 (sic
1676 450 1751 477 enim
1773 457 1823 484 pro
1849 457 1928 477 more

1137 499 1245 526 illorum
1265 503 1431 533 temporum,
1446 497 1572 532 quamvis
1596 504 1650 523 non
1673 496 1739 523 satis
1765 499 1850 527 recte,
1875 504 1930 530 pro

1136 544 1184 571 lbn
1202 543 1343 571 Chamdan
1358 542 1524 578 appellatur)
1547 542 1667 569 fueritne
1689 540 1927 575 Naseroddaulah,

1137 598 1170 616 an
1193 590 1254 624 ejus
1281 589 1366 616 frater
1391 588 1598 621 Saifoddaulali,
1614 587 1696 614 ambo
1724 592 1851 622 potentes
1876 593 1929 622 per

1137 636 1242 671 Syriam
1256 640 1338 669 atque
1353 635 1574 669 Mesopotamiam
1588 634 1736 669 principes.
1751 638 1778 660 et
1797 632 1825 659 in
1841 632 1930 659 histo-

1139 683 1178 709 ria
1193 682 1321 709 orientali
1338 681 1472 713 celebres,
1495 681 1522 707 in
1543 678 1750 706 commentariis
1774 678 1927 712 inquiram.

1138 728 1177 755 Ne
1200 727 1303 754 leviora
1330 727 1375 754 illa
1397 734 1622 757 commemorem,
1650 725 1677 752 in
1696 724 1818 751 secundo
1841 723 1927 755 libro,

1139 774 1207 801 alias
1222 774 1293 801 inter
1307 772 1500 808 inscriptiones
1515 772 1672 799 litterarum
1689 779 1705 798 a
1719 770 1876 806 Byzantinis
1892 769 1928 796 ad

1140 821 1210 848 alios
1222 827 1300 855 reges
1313 825 1505 853 terrarumque
1518 818 1643 845 dominos
1658 817 1814 849 missarum,
1830 815 1928 842 haberi

1141 874 1252 901 quoque
1282 866 1478 900 inscriptiones
1513 865 1678 894 litterarum.
1704 863 1747 890 vel
1778 869 1928 889 aurearum

296 911 332 938 lia
349 916 528 946 peraguntur,
544 910 766 945 expositionem:
781 910 905 944 adeoque
920 909 1041 944 pertinet
1052 909 1085 936 ad
1103 903 1123 930 Β
1139 913 1286 944 nullarum,
1302 917 1331 938 ut
1345 911 1529 946 appellabant,
1544 910 1577 937 ad
1596 909 1838 945 Protosymbulum
1855 909 1930 944 Aga-

294 961 405 984 vetcres
417 957 501 983 libros
518 957 640 987 tactieos,
654 965 702 983 seu
726 956 928 988 cerimoniales,
940 955 974 982 de
987 955 1087 990 quibus

295 1003 325 1029 in
357 1003 565 1030 commertariis
585 1010 708 1038 agemus.
727 1002 867 1030 Promittit
891 1002 962 1030 idem
978 1010 1088 1037 quoque

296 1049 426 1084 dignitas,
444 1058 525 1084 quant
552 1050 652 1076 Petrus
677 1049 773 1084 gessit,
791 1049 916 1084 magistri
945 1056 1087 1076 sacr0rum

296 1096 462 1128 officiorum,
478 1097 511 1123 al
537 1097 616 1131 cujus
631 1096 754 1124 officium
775 1101 858 1130 atque
878 1095 1087 1130 dispositionem

296 1141 380 1168 etiam
404 1142 612 1168 cerimoniarius
647 1141 812 1176 pertinebat.
832 1141 925 1168 Euitet
942 1141 1033 1176 itaque
1061 1142 1088 1169 in

299 1185 351 1212 hoc
365 1187 454 1219 primo
471 1185 553 1220 hujus
567 1187 659 1221 operis
671 1186 812 1212 volumine
825 1186 929 1221 grande
946 1186 998 1213 hoc
1014 1187 1089 1214 Petri

299 1230 420 1265 Magistri
447 1231 641 1266 fragmentum,
667 1231 743 1258 velut
768 1231 916 1266 gemmula.
934 1231 969 1259 At
992 1232 1020 1259 in
1048 1240 1091 1259 se-

298 1276 408 1309 cundo,
429 1278 502 1312 quod
533 1277 640 1305 favente
665 1278 720 1305 Deo
743 1278 909 1313 quantocius
934 1278 1089 1313 expediam,

300 1322 374 1348 inter
386 1322 437 1349 alia
457 1322 586 1357 praeclara
605 1322 722 1349 enitebit
740 1322 862 1357 prolixus
878 1327 906 1349 et
929 1323 1044 1358 insignis
1059 1323 1091 1350 li-

299 1366 350 1393 ber
365 1367 482 1402 alicujus
505 1367 654 1398 Philothei,
668 1367 882 1402 protospatharii
900 1372 928 1394 et
951 1368 1091 1395 artoclinx

301 1413 379 1447 regii,
397 1420 452 1446 quo
471 1419 526 1449 non
549 1416 655 1438 tantum
670 1411 826 1438 divinarum
848 1412 994 1446 epularum
1016 1412 1091 1439 ordi-

300 1465 363 1484 nem
380 1458 460 1492 plene
476 1457 675 1492 distincteque,
690 1462 719 1484 ut
736 1457 773 1484 nil
788 1465 883 1492 supra,
901 1457 1090 1492 persequitur,

300 1503 348 1530 sed
365 1503 458 1536 etiam,
474 1503 546 1538 quod
560 1508 722 1538 argumento
734 1502 773 1529 illi
786 1502 916 1533 cohaeret,
929 1502 1093 1538 dignitatum

301 1553 357 1576 tam
373 1548 568 1584 palatinarum,
588 1556 670 1583 quam
687 1548 859 1579 militarium,
872 1553 899 1575 et
921 1548 984 1584 ΗΜ.
1006 1549 1037 1575 L.
1059 1547 1092 1584 ν]

303 1594 471 1621 urbanarum
488 1602 610 1629 quoque,
627 1602 642 1621 a
664 1595 779 1622 summis
794 1595 826 1622 ad
843 1595 922 1628 imas,
939 1595 1050 1622 nomina
1066 1600 1094 1622 ct

301 1640 466 1675 praesidendi
488 1640 562 1675 jura,
579 1640 645 1667 item
660 1649 720 1676 qum
735 1641 791 1668 sint
813 1641 960 1673 axiomata,
981 1649 1030 1675 seu
1053 1641 1095 1668 di-

300 1686 429 1723 gnitates.
451 1694 513 1721 qua:
529 1685 629 1718 ofﬁcia,
646 1687 747 1722 quibus
769 1695 831 1714 cum
849 1687 971 1719 brabeis,
987 1687 1029 1714 vel
1051 1687 1094 1714 in-

301 1733 436 1768 signibus,
451 1731 641 1765 conferantur,
656 1741 763 1760 necnon
787 1741 841 1768 quo
855 1741 970 1768 qumque
998 1734 1095 1761 ordine

301 1782 330 1805 et
353 1778 455 1812 quibus
470 1777 569 1805 diebus
592 1778 625 1805 ad
650 1786 755 1806 sacram
782 1786 904 1806 mensam
933 1779 1094 1811 advocctur,

305 1824 427 1850 assideat
442 1827 470 1850 et
489 1823 564 1851 illinc
579 1832 676 1851 rursus
689 1825 842 1856 emittatur,
859 1829 996 1852 recenset.
1009 1824 1097 1852 Habet

305 1874 437 1903 prtetcrca
468 1874 614 1904 utrumque
642 1869 769 1896 volumen
794 1869 847 1896 alia
873 1875 1063 1900 monumenta,
1081 1877 1096 1896 e

304 1915 406 1950 quibus
422 1915 462 1942 Du
479 1915 573 1950 Cangii
595 1914 715 1942 Familia:
731 1915 886 1950 Byzantina:
901 1915 1008 1950 augeri,
1030 1915 1098 1942 Con-

303 1959 493 1994 stantinopolis
507 1959 657 1987 Christiana
676 1960 787 1994 corrigi,
801 1959 1015 1994 Byzantinorum
1029 1968 1098 1995 quo-

306 2006 431 2033 rumdam
447 2005 644 2032 historicorum
660 2005 753 2032 hiatus
769 2005 884 2040 expleri,
905 2011 933 2033 et
949 2006 1098 2033 chronolo—

307 2051 365 2085 gica
392 2051 518 2085 quaedam
545 2055 683 2077 momenta
718 2054 792 2077 recte
819 2050 953 2078 constitui
972 2057 1098 2086 possunt.

309 2096 369 2130 Quo
393 2096 532 2131 pertinent
546 2097 721 2124 narrationes
735 2096 769 2124 de
794 2096 941 2132 Theophili
961 2101 989 2125 et
1005 2098 1098 2125 Basilii

309 2142 466 2170 Macedonis
485 2142 644 2177 triumphis,
670 2143 698 2170 in
726 2144 879 2178 appendice
905 2144 971 2171 libri
994 2145 1097 2179 primi;

306 2189 373 2215 item
390 2188 424 2215 de
446 2188 624 2224 expeditione
651 2188 766 2216 Himerii
792 2189 927 2216 adversus
952 2189 1099 2217 Cretenses

1139 966 1281 990 renorutn,
1308 958 1354 993 qui
1371 962 1413 984 est
1444 957 1613 992 Bagdadicus
1635 955 1771 988 Chalifah,
1801 955 1865 982 item
1893 954 1930 982 ad

1139 1004 1224 1032 Indiae
1253 1004 1395 1031 dominum
1423 1004 1507 1038 (qua:
1545 1002 1688 1037 inscriptio
1719 1001 1786 1027 milii
1817 1000 1931 1035 quidem

1141 1056 1273 1084 perquam
1290 1049 1358 1075 tnira
1387 1048 1506 1075 accidit:
1524 1055 1579 1074 non
1600 1048 1674 1075 enim
1694 1047 1776 1074 video
1797 1047 1862 1081 quid
1889 1047 1931 1073 rei

1141 1095 1298 1130 Byzantinis
1310 1094 1534 1130 imperatoribus,
1546 1098 1641 1121 nostro
1653 1098 1727 1120 certe
1738 1093 1932 1124 Constantino,

1141 1149 1202 1169 cum
1218 1141 1302 1168 India:
1318 1148 1390 1175 rege,
1406 1141 1433 1167 id
1450 1146 1491 1167 est
1503 1140 1609 1167 Arabia:
1625 1139 1733 1170 Felicis,
1750 1143 1779 1166 ut
1789 1147 1840 1174 ego
1852 1141 1933 1174 equi-

1141 1187 1204 1214 dem
1215 1186 1353 1216 existimo.
1370 1193 1515 1213 commune
1531 1186 1640 1220 fuerit);
1654 1191 1813 1220 comparent
1829 1185 1931 1211 ibidem

1142 1233 1195 1260 loci
1217 1232 1372 1259 litterarum
1398 1232 1593 1267 inscriptiones
1617 1232 1650 1258 ad
1669 1232 1779 1266 regulos
1797 1231 1932 1259 obscuros

1142 1279 1249 1311 lberiai,
1267 1279 1399 1310 Albaniae,
1419 1283 1447 1305 et
1461 1279 1605 1313 Abasgize;
1623 1278 1695 1305 unde
1716 1278 1749 1304 ad
1767 1277 1934 1313 geographi-

1142 1333 1201 1352 cam
1229 1325 1355 1352 notitiam
1381 1330 1487 1352 tractus
1511 1332 1609 1352 versus
1625 1324 1765 1360 Scythiam
1783 1323 1932 1351 Asiaticatn

1143 1371 1282 1406 vergentis
1296 1371 1418 1398 accessio
1432 1370 1488 1397 fiat.
1502 1370 1689 1397 Blemorantur
1703 1377 1812 1404 quoque
1826 1369 1933 1404 princi-

1143 1424 1192 1451 pes
1204 1416 1311 1451 aliquot
1327 1415 1473 1450 Bulgarici,
1484 1423 1554 1449 quos
1572 1415 1600 1442 in
1613 1423 1694 1441 omne
1725 1414 1842 1441 historia
1869 1413 1936 1440 hac-

1145 1468 1226 1489 tenus
1240 1461 1342 1488 frustra
1364 1460 1506 1495 requisivi.
1523 1459 1622 1492 Quzero
1638 1460 1741 1494 pariter
1765 1458 1935 1489 adhucdum,

1145 1507 1258 1542 quinam
1271 1507 1384 1539 fuerint,
1398 1511 1425 1534 et
1437 1514 1453 1533 a
1466 1514 1521 1541 quo
1536 1506 1569 1533 ad
1587 1512 1711 1532 nostrum
1725 1504 1936 1532 Constantinum

1149 1553 1233 1589 legati
1254 1554 1293 1580 illi
1307 1552 1431 1587 Hispani,
1449 1560 1565 1587 quorum
1582 1553 1669 1579 altero
1684 1551 1755 1578 libro
1770 1550 1873 1576 mentio
1892 1549 1935 1578 fit.

1148 1599 1185 1626 Ea
1203 1606 1313 1634 quoque
1330 1598 1465 1633 particula
1495 1597 1563 1624 scita
1583 1601 1636 1628 est,
1650 1604 1710 1631 qtne
1728 1604 1783 1630 quo
1801 1596 1935 1622 comitatu

1147 1643 1266 1671 celebris
1283 1643 1329 1670 illa
1358 1643 1510 1670 [iussorum
1537 1641 1708 1668 archontissa
1734 1649 1782 1667 Seu
1809 1641 1932 1672 ducissn.

1147 1687 1222 1723 Elga,
1241 1688 1283 1715 vel
1311 1687 1388 1722 Olga,
1407 1693 1436 1714 ut
1459 1687 1505 1714 alii
1531 1687 1680 1721 appellant,
1705 1686 1787 1714 CPlin
1815 1686 1934 1719 venerit,

1146 1739 1267 1767 enarrat,
1286 1739 1314 1761 et
1333 1734 1432 1768 quibus
1448 1733 1512 1769 lEd.
1528 1733 1559 1760 L.
1575 1733 1620 1768 V'l]
1637 1733 1787 1759 honoribus
1799 1732 1935 1767 donisque

1147 1788 1208 1807 eam
1224 1785 1252 1808 et
1266 1780 1425 1806 comitatum
1439 1779 1553 1814 Augusti
1567 1778 1653 1805 nostri
1672 1778 1824 1810 affecerint,
1838 1786 1892 1813 quo
1906 1778 1934 1805 in

1149 1825 1272 1852 conclavi
1287 1824 1484 1852 Constantinus
1500 1828 1529 1851 et
1546 1823 1685 1851 llomanus
1705 1824 1788 1856 filitts,
1801 1832 1856 1859 quo
1872 1832 1934 1851 rur-

1150 1879 1196 1898 sus
1216 1870 1319 1898 llelena
1338 1872 1458 1905 Augusta
1470 1875 1497 1897 et
1511 1871 1571 1905 ejus
1586 1878 1672 1897 nurus
1685 1877 1745 1897 eam
1764 1870 1934 1905 exceperint,

1149 1921 1177 1944 et
1190 1916 1224 1944 ad
1240 1917 1420 1951 colloquium,
1433 1921 1481 1943 attt
1498 1922 1525 1943 et
1538 1916 1572 1943 ad
1594 1917 1700 1951 epulas,
1716 1921 1742 1943 et
1759 1916 1862 1950 quibus
1877 1915 1936 1943 die-

1150 1963 1212 1994 bus,
1239 1963 1411 1995 admiserint,
1439 1962 1551 1997 quando
1577 1970 1668 1989 ceram
1696 1962 1826 1997 Augustis
1852 1967 1935 1992 stare.

1151 2008 1263 2043 quando
1276 2008 1420 2035 considere
1439 2008 1584 2043 jusserint.
1604 2007 1674 2040 Quid
1690 2007 1809 2042 denique
1825 2007 1935 2035 afferam

1153 2054 1230 2081 urbis
1243 2052 1554 2088 Constantinopolitana:
1571 2054 1653 2081 situm
1668 2059 1695 2080 et
1711 2053 1819 2084 faciem.
1834 2054 1886 2086 vel,
1907 2059 1936 2081 ut

1151 2099 1298 2135 appellant.
1316 2099 1535 2134 topographiam,
1559 2099 1648 2133 qualis
1665 2107 1697 2126 ea
1712 2104 1791 2126 aetate
1813 2103 1882 2132 erat,
1908 2099 1935 2125 in

1152 2146 1246 2174 multis
1275 2147 1378 2173 rectius
1396 2154 1428 2174 ex
1447 2146 1501 2173 hoc
1523 2146 1595 2173 libro
1619 2146 1736 2181 percipi,
1753 2154 1834 2181 quant
1857 2154 1872 2174 e
1897 2146 1936 2174 Du

1150 2192 1245 2227 Cangii
1257 2191 1320 2219 CPli
1333 2191 1495 2224 Christiana,
1512 2192 1644 2226 praeclaro
1664 2193 1731 2219 alias
1747 2197 1775 2219 et
1791 2193 1937 2220 utilissimo

307 2234 458 2261 Saracenos
483 2234 535 2260 sub
559 2234 652 2261 Leone
676 2234 805 2269 Sapiente
835 2235 930 2265 dicto;
954 2243 1037 2270 porro
1062 2237 1096 2263 de
1113 2248 1135 2274 ι)
1151 2239 1232 2270 libro,
1251 2239 1302 2265 viri
1321 2238 1473 2265 doctissimi
1491 2243 1519 2264 et
1532 2238 1558 2264 in
1573 2239 1687 2266 historia
1700 2239 1783 2266 medii
1801 2239 1863 2271 aevi.
1886 2239 1937 2275 By-

308 2279 448 2314 legatione
465 2279 583 2306 Romani
599 2279 735 2314 Leeapeni
752 2281 784 2307 ad
800 2280 940 2315 llugonem
956 2281 1040 2309 Italia:
1053 2290 1097 2309 rc-

306 2333 378 2360 gc-m,
406 2325 625 2360 muneribusque
651 2326 690 2352 illi
709 2334 770 2353 cuin
796 2327 1018 2362 protospalliario
1047 2328 1100 2355 Pa-

306 2371 413 2398 schalio
431 2371 459 2398 in
475 2379 538 2398 eum
558 2371 640 2398 finem
667 2372 769 2404 missis,
793 2377 822 2399 ut
849 2373 966 2400 rebelles
992 2373 1101 2405 Longo-

309 2417 410 2444 bardos
424 2416 602 2450 Landulfum,
621 2417 840 2453 Athenulphutn,
858 2418 968 2450 fratres,
985 2424 1013 2448 et
1028 2420 1101 2446 aliud

308 2465 424 2492 fratrum
440 2473 499 2500 par,
514 2465 683 2492 Gaimarium
698 2471 726 2493 et
742 2466 906 2500 Gaiferium,
921 2467 983 2494 illos
1002 2466 1101 2500 Capua:

308 2515 337 2538 et
353 2511 515 2544 Beneventi,
530 2511 580 2539 hos
600 2512 708 2539 Salerni
724 2513 844 2548 regulos,
861 2513 888 2539 in
912 2512 1039 2538 ordinetn
1056 2519 1102 2538 co-

310 2562 397 2591 geret.
413 2557 489 2584 Nitet
503 2565 613 2592 quoque
633 2558 661 2584 in
688 2557 777 2592 primo
802 2558 855 2584 hoc
879 2558 1021 2584 volumine
1039 2565 1100 2592 cap.

309 2603 354 2634 96,
382 2611 442 2637 pag.
467 2603 530 2635 255,
555 2603 630 2630 edita
659 2603 779 2630 sollicita
803 2603 847 2630 illa
864 2607 892 2630 et
917 2603 992 2630 velut
1015 2601 1102 2630 diaria

309 2651 431 2678 narratio
445 2651 660 2686 seditionis,,per
672 2659 754 2685 quam
776 2659 801 2678 a.
812 2650 843 2678 C.
856 2650 908 2678 965
920 2654 983 2684 post
995 2650 1100 2677 obitum

311 2697 425 2724 Romani
437 2698 559 2733 junioris
577 2698 604 2724 in
628 2698 697 2724 urbe
716 2697 792 2732 regia
810 2697 949 2729 obortam,
965 2697 1102 2731 Nicephoo

311 2751 359 2770 rus
377 2743 483 2771 Phocas
500 2744 618 2778 imperio
640 2742 745 2777 potitus
759 2748 811 2770 est.
828 2742 914 2776 Quam
934 2750 1004 2775 rem,
1024 2747 1054 2769 ut
1073 2748 1102 2769 ut

308 2788 451 2817 Cedrenus
464 2797 576 2824 quoque
592 2789 666 2817 haud
679 2789 867 2824 perfunctorie
879 2791 1046 2820 narraverit.
1066 2791 1100 2818 ad

312 2835 432 2864 laminis
456 2840 560 2867 tamen,
576 2845 590 2863 a
617 2844 673 2871 quo
690 2842 773 2872 caput
797 2838 864 2865 illud
893 2838 1100 2874 nonagesimum

311 2887 419 2909 sextum
434 2882 587 2916 profectum
601 2889 653 2915 est,
673 2883 852 2920 diligentiam,
870 2885 996 2919 peritiam
1017 2889 1100 2919 atque

1152 2285 1261 2311 zantina
1288 2285 1436 2319 praecipue,
1461 2285 1701 2318 exercitatissimi;
1727 2291 1755 2313 at
1782 2286 1820 2312 illi
1848 2291 1936 2313 tamen

1152 2331 1223 2357 libro
1250 2330 1393 2362 nonnulla,
1419 2338 1480 2365 qua:
1508 2330 1607 2358 abesse
1637 2331 1727 2361 malis.
1751 2331 1936 2362 adhaeserunt.

1152 2383 1271 2410 quorum
1290 2375 1324 2402 de
1338 2380 1437 2403 czetero
1454 2377 1562 2403 veniant
1583 2384 1679 2411 aequus
1694 2377 1810 2411 quisque
1830 2377 1889 2404 viro
1904 2376 1937 2404 de

1153 2422 1196 2448 his
1221 2421 1321 2448 litteris
1338 2422 1514 2449 interitissimo
1527 2421 1609 2449 facile
1628 2422 1720 2449 faciat.
1746 2422 1784 2449 Eo
1808 2422 1936 2457 pertinet.

1155 2472 1183 2494 ut
1199 2468 1226 2495 id
1257 2468 1347 2496 obiter
1370 2469 1511 2504 attingam,
1534 2469 1606 2503 quod
1623 2469 1755 2504 palatium
1775 2469 1936 2504 Magnaurz,

1154 2515 1180 2540 in
1195 2522 1250 2549 qtto
1266 2515 1346 2549 legali
1360 2515 1447 2549 excipi
1461 2520 1489 2542 ct
1501 2516 1591 2543 audiri
1614 2516 1748 2547 solebant.
1766 2516 1793 2543 in
1817 2520 1936 2542 extrema

1154 2559 1231 2586 urbis
1255 2563 1333 2594 parte
1352 2560 1522 2587 occidentale
1541 2560 1675 2595 posuerit,
1693 2568 1756 2587 cum
1785 2560 1874 2596 magni
1892 2568 1938 2595 pa-

1154 2605 1211 2632 latii
1225 2605 1258 2632 ad
1276 2605 1392 2632 Stenum
1407 2606 1463 2635 siti,
1481 2606 1508 2632 in
1525 2614 1582 2641 quo
1603 2607 1740 2633 ordinarie
1757 2608 1938 2641 imperatores

1154 2650 1328 2683 habitabant,
1346 2658 1410 2685 pars
1424 2656 1508 2678 esset.
1524 2651 1552 2677 ln
1569 2659 1601 2678 eo
1617 2659 1726 2686 quoque
1746 2652 1816 2679 ratio
1831 2652 1938 2679 Bandu-

1154 2697 1224 2723 rium
1239 2696 1319 2731 fugit,
1334 2696 1407 2731 quod
1420 2697 1555 2724 celebrem
1572 2697 1644 2724 illam
1659 2698 1775 2724 Auream
1787 2697 1826 2724 sic
1840 2697 1938 2725 dictam

1154 2747 1260 2778 portam
1280 2743 1307 2770 in
1330 2743 1429 2770 mediis
1448 2743 1585 2771 mcenihus
1601 2744 1660 2771 urhi
1676 2751 1707 2770 ex
1723 2748 1800 2779 parte
1818 2743 1938 2771 terrestri

1153 2789 1195 2816 vel
1205 2789 1370 2817 occidentali
1386 2791 1525 2824 praetentis
1539 2790 1665 2817 collocat.
1677 2791 1712 2818 Ea
1725 2798 1789 2817 vero
1805 2790 1838 2817 ad
1852 2791 1939 2819 sinum

1154 2837 1329 2872 Propontidis
1354 2838 1394 2865 sic
1416 2842 1476 2865 erat
1500 2838 1599 2873 posita,
1624 2843 1655 2865 ut
1680 2838 1797 2866 navihus
1821 2838 1853 2865 ad
1881 2846 1938 2864 eam

1154 2885 1253 2919 appelli
1271 2889 1373 2919 posset.
1390 2884 1447 2911 Alia
1464 2889 1609 2920 praetereo,
1627 2893 1686 2919 qua‘
1700 2885 1813 2918 gratiam
1830 2889 1856 2910 et
1869 2884 1940 2911 favo-
