2031 3150
125 120 156 150 Η
480 127 482 130 ‘
791 118 838 146 PR
845 117 947 146 .‘l'lITA'I'
954 116 1075 146 lt)NES.
1718 121 1753 152 ,ςφ-

123 182 183 202 rem
209 174 273 201 huic
289 174 366 208 operi
393 173 540 199 concrtiare
564 177 676 206 queant,
699 180 785 205 quum
806 172 872 198 satis
888 176 914 196 et
930 174 953 201 Α
966 172 1130 197 exercitatio.
1153 171 1210 197 \"itl.
1236 172 1354 198 Bandur.
1375 174 1453 200 initio
1479 179 1605 202 notarum
1621 176 1653 203 ad
1669 176 1752 205 istum

125 219 236 247 abunde
256 218 322 245 mihi
341 217 374 244 de
389 217 441 244 hoc
453 221 615 252 argumento
639 216 740 243 dixisse
765 216 869 247 videar,
888 221 915 242 et

124 274 186 299 qua:
210 269 342 300 prtetcrea
365 263 429 290 huic
447 264 524 297 operi
548 262 641 289 insunt
656 262 726 288 scitu
748 262 840 296 digna,
868 270 915 288 nc-

123 315 240 346 queant,
251 310 297 338 ubi
319 309 455 345 integrum
471 308 615 344 prodierit,
630 308 804 335 eruditorum
820 308 914 334 oculos

125 357 237 384 fallere.

160 402 174 436 §
190 403 216 429 5.
247 401 285 428 De
301 401 473 435 inscriptione
498 401 575 434 hujus
600 401 669 427 libri.
689 416 720 420 -ν
735 400 869 431 Tilulnm,
884 400 915 426 tlc

124 448 275 476 cerimoniis
291 446 360 473 aula:
370 447 535 482 Byzantium,
551 446 669 480 praeﬁxit
683 446 747 473 huic
758 446 834 480 operi
847 446 912 472 clar.

125 494 267 525 Leiehius,
299 494 332 520 ad
362 493 519 527 exetnplum
551 492 612 519 Maii
632 497 659 518 et
677 492 806 519 Fabricii.
838 491 915 518 Alius

125 540 296 575 conspicitur
312 539 455 566 involucro
472 539 599 566 cot'iaceo
620 539 844 565 motuin-auarum
864 545 914 564 no—

123 593 246 616 strarum
257 587 424 620 impressus;
440 592 538 620 nempe
555 585 587 611 de
599 584 729 620 regalibus
743 585 915 611 institutioni-

124 634 183 660 bus.
201 633 309 660 Auctor
328 632 387 667 ejus
406 631 451 658 ille
473 636 526 663 est,
549 631 673 666 quisquis
698 631 721 658 is
747 631 840 662 fuerit,
867 630 914 665 qui

125 679 300 707 membranas
316 686 349 705 ca
364 683 440 705 veste
456 677 564 704 amiciri
583 678 676 713 jussit,
699 677 728 704 in
750 685 803 711 qua
825 677 916 704 adhuc

123 726 239 753 cubant.
253 724 408 760 Coujicitur
426 724 448 751 is
472 724 557 751 fuisse
578 723 705 751 Matthiae
719 723 865 755 Corvinus,
882 723 916 750 il-

125 770 311 798 lustrissimus
329 778 377 797 rex
391 770 547 806 Ilungarize,
562 770 609 805 qui
621 770 796 798 membranas
807 775 916 797 nostras

124 817 192 843 olim
206 816 233 843 in
250 816 363 844 celebre
387 816 432 843 illa
448 824 496 844 sua
520 816 644 844 Bndense
668 816 836 843 bibliotheca
854 816 916 843 ideo

122 862 216 890 fertur
234 862 378 894 habuisse,
392 862 466 896 quod
482 862 509 889 in
530 867 645 897 utraque
668 862 803 890 involueri
824 862 915 889 tabula

124 907 245 942 insignia
272 907 349 942 regni
369 907 517 942 Hungarici
535 912 564 934 et
582 907 722 934 Bobemici
738 907 916 942 conspiciun-

127 958 183 981 tur.
198 954 296 981 Adhuc
305 954 382 981 alius
393 953 514 988 denique
528 954 624 981 titulus
643 953 739 981 ordine
761 958 915 988 temporum

124 1000 245 1035 primus,
258 1004 300 1027 est
316 999 361 1027 hic
376 1000 499 1032 Griecus,
517 999 552 1027 ab
574 1000 634 1034 ipso
649 1000 842 1031 Constantino,
857 1004 915 1030 aut,

126 1046 150 1073 si
166 1046 229 1080 quis
240 1046 326 1077 malit,
342 1054 357 1072 a
371 1045 486 1073 librario
502 1045 653 1081 profectus,
669 1046 817 1080 Σύνταγμὰ
830 1055 856 1072 τι
871 1047 916 1072 καὶ

129 1092 267 1126 βασιλείου
285 1092 401 1126 σπουδῆς
418 1092 502 1124 ὅντως
517 1092 592 1125 ἄξιον
606 1093 724 1127 mirum,
741 1093 914 1127 eompilutttm

129 1142 180 1165 aut
216 1142 366 1173 congestum
400 1147 475 1173 opus,
507 1146 566 1164 rere
595 1138 703 1172 dignum
732 1139 806 1172 regiis
834 1146 914 1165 atris.

130 1185 281 1219 Utrumque
296 1185 407 1219 quidem
421 1192 484 1212 vere
499 1189 581 1219 atque
594 1188 678 1211 recte.
708 1184 916 1218 Comportatum

127 1231 201 1258 enitn
213 1236 257 1258 est
271 1239 286 1258 e
302 1231 385 1258 variis
398 1231 570 1262 auctoribus,
585 1235 613 1258 et
627 1231 765 1266 digestum
777 1238 810 1257 eo
823 1230 915 1261 modo,

127 1285 183 1312 quo
201 1276 306 1311 lapides
318 1277 344 1304 in
367 1285 474 1305 acervo.
496 1278 558 1304 Fuit
574 1285 684 1312 quoque
704 1277 916 1312 Byzantinornm

128 1331 224 1358 regum
238 1331 293 1350 non
319 1323 433 1351 minima
457 1331 532 1356 cura,
560 1331 688 1359 pompam
710 1327 738 1350 et
753 1323 918 1350 cerimonias

127 1370 197 1397 aulte
221 1378 278 1398 suae
301 1370 335 1397 ad
354 1369 469 1397 formam
496 1370 549 1411 ligo
568 1369 639 1396 libro
658 1369 788 1396 traditam
810 1368 919 1396 contor—

130 1422 203 1442 marc
216 1423 224 1447 ;
242 1414 314 1450 quod
327 1422 361 1442 ex
378 1414 541 1449 Luitprandi
556 1414 673 1441 historia
685 1417 770 1448 patet.
792 1412 819 1440 Is
831 1412 916 1445 enim,

127 1461 228 1496 praesul
254 1461 379 1494 Latinus,
405 1468 461 1488 non
483 1461 646 1496 exiguorum
673 1460 832 1495 spirituum,
854 1466 917 1486 cum

126 1501 246 1537 videret,
263 1505 379 1534 clericos
392 1505 463 1540 apud
475 1505 584 1533 Crzeeos
603 1505 681 1533 laicis
703 1513 758 1532 non
780 1504 915 1539 przefcrri,

128 1552 238 1586 sibique
256 1552 348 1579 locum
365 1552 391 1579 in
406 1552 497 1586 epulis
521 1551 710 1586 imperialibus
730 1559 784 1578 non
811 1555 917 1578 tantum

128 1598 201 1625 intra
217 1598 366 1630 Graeculos,
393 1603 422 1625 ut
444 1598 573 1633 appellat,
595 1598 738 1633 patricios,
761 1597 809 1624 sed
834 1598 917 1624 etiam

127 1645 200 1672 intra
214 1644 288 1677 ipsos
300 1645 430 1679 Bulgaros
447 1644 600 1679 assignari;
616 1643 662 1678 (id
680 1648 771 1670 autem
793 1651 825 1670 ex
837 1643 919 1677 hujus

127 1690 193 1717 libri
205 1690 307 1722 edicto,
332 1698 423 1725 neque
447 1690 544 1722 aliter,
569 1689 627 1718 fieri
644 1689 798 1724 debebat;)
815 1693 917 1716 tantam

128 1737 276 1764 exardebat
291 1737 319 1764 in
333 1737 399 1764 iram
412 1742 494 1772 atque
509 1737 739 1772 indignationem,
759 1741 789 1763 ut
801 1743 855 1763 non
872 1743 917 1762 so-

129 1783 185 1810 lum
197 1783 230 1810 de
253 1791 333 1811 sacra
356 1791 450 1811 mensa
469 1791 584 1818 surgens
603 1783 701 1815 abiret,
720 1782 767 1810 sed
784 1782 867 1810 etiam
890 1782 916 1809 in

128 1829 231 1861 libello.
257 1837 312 1864 quo
333 1829 366 1856 ad
389 1830 498 1861 berum,
524 1823 652 1857 Ottonem
678 1829 698 1861 l,
724 1828 916 1864 imperatorem

129 1874 306 1908 Saxonicum,
333 1884 389 1903 sua:
412 1876 557 1910 legationis
576 1883 722 1903 successus
744 1875 916 1910 perscripsit,

128 1921 314 1956 Nicephorum
334 1922 396 1958 [ΕΔ.
413 1922 444 1948 L.
460 1922 517 1955 VII]
538 1922 655 1949 Phocam
681 1926 822 1955 tutamque
843 1921 918 1947 Cne-

125 1967 197 1994 ciam
208 1967 349 1995 coloribus
361 1968 492 1995 invidiam
505 1968 642 1995 cientibus
652 1967 819 2002 dcnigrarct.
835 1967 918 1994 Recte

128 2012 213 2047 igitur
223 2017 338 2040 eatenus
351 2013 464 2048 quidem
485 2014 613 2049 congruit
631 2013 742 2042 Grmeus
756 2014 800 2040 ille
822 2013 918 2040 titulus

128 2059 195 2086 huic
214 2060 302 2095 operi.
325 2061 358 2088 At
379 2068 412 2087 eo
436 2060 535 2086 merito
559 2060 715 2094 displiceat,
744 2059 818 2094 quod
838 2067 918 2094 argn-

126 2111 251 2133 mentum
268 2106 331 2133 libri
351 2105 394 2133 sui
408 2126 414 2136 .
434 2106 517 2140 quale
534 2106 580 2138 sit,
593 2113 648 2132 non
661 2105 734 2132 edat.
751 2105 810 2133 Non
827 2109 917 2132 tamen

125 2153 233 2180 abludit
250 2153 286 2180 ab
304 2153 415 2188 ingenio
433 2153 548 2180 istorum
574 2157 741 2187 temporum,
758 2156 786 2179 et
801 2152 917 2178 maxime

967 217 1078 248 librum,
1095 222 1160 244 tom.
1174 217 1194 243 II
1212 218 1300 252 .Intiq.
1318 218 1385 252 Imp.
1404 218 1503 246 Orient.

1001 263 1013 298 §
1037 264 1062 290 4.
1094 263 1130 290 De
1150 268 1257 290 ﬂlft’ltll't’
1278 264 1349 290 libri.
1367 279 1402 283 —
1423 265 1484 292 Fuit
1501 265 1553 293 hoc
1577 275 1645 308 opus
1661 267 1751 295 hacte-

966 317 1029 341 nus,
1051 316 1083 335 (‘x
1111 309 1163 335 [ide
1186 309 1408 335 membranarum
1435 314 1602 343 nostrarum,
1618 311 1655 338 illi
1680 312 1754 339 Con-

967 356 1087 382 stantino
1112 355 1385 391 Porphyugenueto,
1404 355 1503 382 Leonis
1524 355 1660 390 Sapientis
1686 358 1753 390 tilio,

967 401 1058 428 Basilii
1076 401 1229 429 Macedonis
1243 401 1347 435 nepoti,
1362 401 1507 433 tributum,
1520 402 1600 436 cujus
1613 402 1685 430 inter
1704 405 1755 431 do—

966 453 1025 475 ctos
1039 453 1204 483 purpuratos
1219 456 1315 482 magna
1342 449 1402 476 laus
1419 453 1447 475 et
1464 448 1573 476 celebre
1589 456 1689 476 nomen
1702 455 1754 481 est.

966 498 993 520 et
1009 494 1054 521 cui
1070 494 1122 521 alia
1132 502 1242 529 quoque
1255 494 1358 530 ingenii
1377 494 1554 522 industriatvc
1566 501 1756 529 monumenta,

967 545 1007 572 ut,
1025 546 1125 575 praner
1148 541 1229 568 modo
1255 541 1395 568 laudatum
1423 542 1563 576 geminum
1583 549 1664 576 opus,
1688 541 1758 568 liber

967 587 1001 614 de
1015 587 1193 620 lltcmatibus,
1212 587 1282 614 alius
1293 587 1327 614 de
1341 586 1396 614 vita
1413 587 1517 618 Basilii,
1544 588 1609 614 item
1634 588 1668 615 de
1688 588 1759 615 ima—

967 633 1029 668 gine
1042 633 1180 661 Edessena
1194 634 1314 665 libellus,
1327 633 1516 668 imputantur.
1534 634 1591 669 Ego
1603 642 1679 666 vero,
1693 642 1757 661 eutn

968 681 994 707 in
1014 681 1066 707 hoc
1081 686 1186 712 nostro,
1206 685 1235 707 ut
1250 680 1420 712 inscribitur,
1450 680 1626 715 Syntagtnate
1648 681 1758 709 inveni-

968 735 1025 754 rem
1039 727 1111 754 haud
1127 735 1224 761 pauca,
1242 727 1314 762 ejus,
1334 734 1416 760 quem
1435 726 1502 759 dixi,
1514 726 1689 754 Constantini
1706 735 1757 754 ex-

967 782 1047 802 cessu
1074 775 1238 809 posteriora,
1279 782 1332 801 non
1369 774 1484 809 margini
1511 779 1614 807 assuta,
1644 774 1692 802 sed
1722 775 1757 803 ab

968 820 1062 847 eadem
1093 828 1187 853 ntanu,
1215 828 1275 854 quae
1300 825 1399 847 ezetera
1429 820 1520 848 omnia
1545 821 1677 853 exaravit.
1701 830 1757 849 uno

969 867 1102 894 continuo
1132 866 1179 893 {ilo
1207 867 1310 894 intexta
1330 876 1336 893 :
1361 867 1430 902 coepi
1457 866 1490 894 de
1511 867 1625 895 auctore
1649 867 1757 904 ﬁdeque

968 912 1166 947 inscriptionis,
1184 918 1211 939 et
1225 912 1346 947 vulgaris
1362 912 1440 939 fama:
1455 913 1605 948 ambigere.
1622 913 1694 941 Sunt
1709 922 1758 942 au-

967 962 1020 984 tem
1041 958 1093 984 ill-.e
1111 958 1342 985 cliaracleristicze
1362 963 1518 992 temporum
1541 963 1612 986 notae
1628 959 1670 986 ha?
1687 967 1756 994 prte-

966 1003 1062 1038 cipuin.
1082 1003 1111 1030 In
1125 1003 1171 1030 illa
1189 1003 1289 1037 capite,
1308 1003 1381 1038 quod
1400 1009 1579 1031 monumenta
1590 1005 1758 1039 sepulcrali:

968 1050 1164 1084 imperatorum
1179 1049 1351 1076 CI‘tanorum
1364 1053 1509 1083 percenset
1534 1049 1624 1084 (estid
1641 1049 1703 1077 libri
1716 1058 1759 1077 sc-

968 1095 1050 1122 (‘undi
1074 1094 1313 1130 quadragesimum
1337 1093 1519 1128 secundum).
1535 1095 1659 1122 occurrit
1684 1095 1759 1123 illius

968 1141 1053 1175 ipsius
1082 1140 1268 1172 Constantini,
1295 1148 1376 1174 quem
1410 1140 1491 1167 liceat
1517 1140 1650 1168 doctrina:
1670 1142 1758 1176 gratia

967 1187 1125 1221 Sapientem
1142 1187 1174 1213 ad
1194 1186 1280 1221 patris
1306 1186 1407 1214 Leonis
1431 1187 1587 1220 exemplum
1605 1188 1757 1222 appellare,

970 1241 1036 1260 urna
1055 1241 1116 1259 cum
1134 1233 1185 1259 hoc
1199 1232 1288 1268 elogio
1304 1241 1310 1259 :
1333 1231 1452 1267 Λάρναξ,
1469 1233 1498 1259 ἐν
1547 1233 1690 1260 ἀπόκειται
1708 1235 1759 1260 Λέ-

969 1288 1006 1304 ίιιν
1023 1293 1032 1298 -
1046 1292 1056 1297 -
1075 1278 1124 1304 σὺν
1143 1277 1181 1311 τῷ
1201 1277 1251 1312 υἱῷ
1270 1278 1476 1312 Κωνσταντῐνῳ,
1496 1277 1608 1313 ὕστερον
1629 1278 1758 1314 τελευτή-

970 1330 1055 1353 σαντι,
1080 1321 1119 1356 τῷ
1149 1322 1407 1356 Πορφυρῆγεννήτῳ,
1439 1322 1522 1354 Urna,
1554 1323 1580 1349 in
1607 1331 1659 1358 qua
1683 1324 1757 1357 jacet

971 1367 1054 1394 Leo...
1075 1376 1134 1394 cum
1147 1367 1204 1402 [ilio
1229 1368 1404 1396 Constantino
1422 1368 1685 1404 Porpltyrogennelo,
1714 1371 1759 1403 qui

969 1415 1089 1448 deinceps
1106 1420 1224 1441 mortuus
1246 1415 1283 1449 (id
1301 1419 1344 1442 est
1364 1415 1445 1450 longo
1471 1420 1594 1450 tempore
1609 1420 1671 1450 post
1685 1416 1746 1451 posi

970 1465 1027 1487 tum
1046 1461 1117 1496 patri
1137 1465 1347 1487 monumentum
1366 1461 1421 1488 vita
1436 1461 1584 1489 defunctus
1605 1467 1632 1489 et
1659 1462 1687 1490 in
1711 1470 1758 1497 pa-

970 1510 1081 1533 ternum
1099 1506 1236 1533 tumulum
1264 1506 1366 1538 illatus)
1385 1507 1444 1541 fuit.
1469 1507 1580 1542 Aliquot
1607 1506 1758 1543 interjectis

968 1553 1096 1580 versibus
1126 1557 1296 1580 memoratur
1325 1553 1429 1585 Basilii,
1458 1554 1538 1589 vulgo
1564 1554 1758 1589 Bulgaroctoni

969 1597 1048 1630 dicti,
1071 1599 1293 1631 monumentum,
1318 1599 1364 1634 qui
1394 1600 1464 1626 lilius
1489 1600 1605 1627 Ποιητιιή
1628 1601 1757 1636 jnnioris,

969 1651 1055 1678 nepos
1069 1651 1151 1678 supra
1167 1643 1232 1670 dicti
1249 1644 1423 1671 Constantini
1441 1644 1590 1679 Sapientis,
1607 1653 1679 1672 anno
1696 1649 1758 1680 post

969 1690 1010 1716 avi
1024 1689 1130 1716 obitum
1147 1690 1316 1724 sexagesimo
1333 1691 1431 1724 quinto
1447 1690 1516 1717 vivis
1534 1691 1662 1718 excessit.
1686 1691 1758 1718 Tan-

969 1735 1031 1762 dem
1050 1743 1161 1770 quoque
1178 1735 1267 1770 capite
1292 1740 1370 1762 sexto
1392 1741 1419 1763 et
1435 1736 1613 1770 nonagesimo
1627 1737 1708 1772 primi
1723 1738 1758 1764 li-

969 1781 1023 1814 bri,
1040 1789 1088 1808 seu
1106 1781 1205 1816 quinto
1225 1785 1254 1808 et
1267 1781 1430 1814 centesimo,
1447 1781 1599 1809 secundum
1622 1782 1759 1810 membra.

967 1836 1065 1855 narum
1099 1832 1270 1863 computum.
1298 1833 1434 1861 narratur,
1459 1828 1525 1863 quid
1551 1829 1580 1855 Α.
1609 1828 1639 1856 C.
1665 1828 1718 1856 965
1743 1838 1757 1856 a

969 1883 1063 1902 mense
1079 1875 1175 1902 Martio
1187 1884 1273 1910 usque
1286 1876 1320 1903 ad
1333 1876 1485 1910 Augustum
1497 1875 1524 1902 in
1538 1875 1585 1902 iilo
1601 1876 1758 1910 interregno

969 1921 1124 1956 contigerit,
1141 1921 1214 1956 quod
1233 1922 1348 1948 Romani
1367 1922 1486 1956 iunioris
1497 1929 1653 1953 excessum,
1668 1927 1696 1949 et
1709 1922 1757 1949 Ni-

969 1967 1082 2002 eephori
1098 1966 1195 1994 Pbocm
1219 1967 1392 2003 tyrannidem
1410 1967 1568 1999 intercedit,
1594 1973 1621 1995 ct
1641 1975 1695 2002 qua
1714 1968 1758 1994 hic

969 2021 1029 2040 eam
1056 2014 1162 2040 ratione
1186 2013 1328 2041 invaserit.
1353 2013 1416 2041 llzec
1436 2022 1508 2040 anno
1531 2018 1593 2048 post
1622 2013 1759 2048 Sapientis

968 2059 1142 2087 Constantini
1166 2067 1308 2087 excessum
1327 2059 1388 2095 [Εὐ.
1408 2059 1440 2087 L.
1456 2059 1526 2096 VIII]
1548 2065 1647 2095 quarto
1669 2060 1758 2087 conti-

969 2110 1078 2140 gerunt.
1103 2106 1194 2133 Palatii
1214 2106 1297 2141 igitur
1311 2111 1361 2136 est,
1378 2105 1437 2132 ha‘c
1458 2105 1492 2132 ab
1507 2106 1553 2132 illo
1576 2105 1659 2132 scribi
1681 2109 1709 2133 et
1730 2106 1756 2133 iu

970 2152 1118 2187 Syntagma
1143 2159 1223 2178 suum
1246 2151 1341 2178 inferri
1360 2159 1412 2177 nun
1438 2151 1572 2186 potuisse.
1601 2151 1671 2184 Quid
1692 2159 1758 2187 ergo

126 2199 213 2227 nostri
229 2199 416 2231 Constantini,
433 2199 480 2234 qni
499 2206 604 2226 morem
619 2198 730 2226 videtur
750 2205 865 2230 amasse,
881 2198 915 2225 li-
930 2197 956 2227 D
970 2195 1167 2222 statuendum?
1188 2195 1278 2223 Unum
1293 2195 1599 2230 superestautalterum
1614 2200 1734 2224 statuere
1750 2207 1755 2223 :

126 2245 186 2273 bris
208 2246 268 2273 suis
294 2245 456 2281 ignorabilia
468 2249 495 2273 et
522 2245 670 2280 incongrua
695 2243 805 2270 nomina
827 2243 916 2277 impo-

126 2293 222 2319 nendi.
246 2288 391 2320 Prtestaiiti
414 2292 464 2324 illi,
480 2299 562 2327 quam
578 2299 662 2326 supra
687 2290 806 2321 laudavi,
833 2289 917 2316 colle-

127 2338 231 2369 ctioni.
265 2343 313 2364 aut
345 2338 535 2367 bibliothecm.
565 2337 607 2363 vel
637 2335 915 2366 Penteeontatcurlm,

126 2384 266 2418 quodnam
281 2391 374 2418 quzeso
397 2384 506 2418 poter‘at
530 2382 643 2410 inscribi
663 2390 762 2409 nomen
786 2381 916 2416 ineptius,

124 2437 207 2464 quam
233 2429 305 2464 quod
324 2429 357 2455 ab
370 2433 482 2455 auctore
500 2428 663 2463 inscriptum
681 2428 744 2457 fuit,
762 2427 916 2460 κεξαὶαιέέι-

125 2477 182 2507 δεις
196 2475 348 2506 ὑποθέσεις.
372 2475 449 2507 Quod
465 2475 523 2502 sive
551 2475 639 2501 brevia
665 2478 833 2509 nrgtunmta,
860 2473 916 2499 sive

126 2526 283 2556 argumenta
305 2521 332 2547 ἰιι
354 2526 436 2548 certos
466 2521 556 2548 titulos
584 2521 697 2556 digesta,
714 2519 915 2554 interpreteris,

125 2575 183 2594 non
211 2567 297 2602 magis
322 2575 354 2594 ex
381 2575 414 2594 eo
441 2567 594 2602 intelligas,
616 2566 669 2593 nisi
700 2566 810 2592 aliunde
829 2565 916 2595 noris,

125 2614 208 2648 quale
221 2613 305 2641 fuerit
319 2613 490 2641 collectionis
501 2617 692 2648 argumentum
704 2616 731 2639 et
749 2611 819 2643 ﬁnis,
834 2619 915 2646 quam

125 2661 197 2688 alius
213 2661 289 2692 libri,
305 2661 349 2687 eui
370 2665 468 2687 auctor
486 2660 595 2687 titulum
623 2659 853 2686 Adversariorum
870 2663 916 2683 aut

124 2706 362 2734 Collectaneorum
378 2706 517 2740 prtetlgere
535 2704 662 2732 voluerit.
676 2705 781 2732 Similis
793 2709 833 2730 est
848 2704 916 2730 alter

126 2752 172 2779 ille
193 2752 300 2783 titulus,
320 2759 403 2787 quem
417 2751 615 2778 Constantinus
630 2751 706 2785 operi
730 2759 791 2780 sun,
811 2749 883 2784 quod
902 2758 915 2775 a

125 2797 208 2825 nobis
231 2798 267 2825 De
291 2797 503 2826 administrando
531 2797 640 2830 imperio
673 2796 750 2823 citari
779 2796 859 2826 solet,
883 2794 915 2820 ad

125 2845 281 2871 Romanum
297 2844 382 2871 lilium
411 2843 526 2876 scripto,
547 2842 705 2877 pra‘posuit,
731 2841 914 2876 ψλτπάηῐιπς

247 2893 379 2921 Parnm.
395 2892 451 2920 (in.
473 2890 565 2920 CXII.

969 2242 1028 2269 sive
1054 2242 1192 2277 juniorem
1214 2241 1424 2270 Constantinum
1455 2242 1755 2277 Porphyrogennetnm,

971 2288 1086 2315 Romani
1115 2288 1211 2321 tilium,
1245 2287 1382 2323 Sapientis
1417 2288 1590 2316 Constantini
1617 2295 1756 2324 nepotem.

969 2335 1062 2370 operis
1082 2335 1167 2362 nostri
1187 2340 1328 2362 auctorem
1353 2342 1424 2366 esse,
1444 2334 1487 2361 cui
1502 2334 1658 2369 ademptum
1676 2335 1758 2362 libra-

971 2381 1028 2407 rius
1042 2388 1092 2415 per
1109 2387 1231 2407 errorem
1249 2388 1299 2406 avo
1325 2379 1454 2407 tribuerit
1475 2387 1482 2406 :
1500 2383 1548 2406 aut
1568 2387 1628 2407 esse
1644 2381 1756 2411 quidem

969 2427 1029 2461 ejus
1044 2426 1226 2458 Constantini,
1244 2427 1323 2461 cujus
1341 2426 1368 2452 in
1386 2425 1465 2458 titulo
1476 2425 1702 2460 perhibetur,'-at
1715 2435 1759 2453 cx-

969 2475 1077 2506 pcrtum
1095 2471 1320 2505 interpolatorem
1334 2479 1341 2502 ;
1369 2470 1428 2496 sive
1444 2477 1530 2505 nepos
1545 2470 1604 2506 eius
1621 2470 1757 2499 Constan-

970 2519 1046 2544 tinus
1068 2518 1113 2545 ille
1142 2517 1236 2550 fuerit,
1263 2517 1321 2544 sive
1348 2516 1418 2543 alius
1446 2516 1630 2552 quiscunque.
1661 2517 1759 2550 Specie

969 2569 1067 2591 neutra
1088 2567 1164 2591 caret
1182 2563 1338 2595 sententia;
1356 2563 1423 2591 mihi
1440 2567 1531 2590 tamen
1545 2563 1647 2589 rectius
1663 2562 1758 2589 \‘idcor

969 2610 1070 2641 facere,
1087 2610 1108 2636 si
1125 2609 1271 2645 posteriori
1285 2608 1421 2635 calculum
1439 2615 1530 2634 meum
1548 2607 1657 2639 addam,
1673 2614 1756 2640 quam

968 2655 989 2681 si
1007 2655 1101 2690 priori.

1000 2701 1050 2728 Isti
1066 2701 1178 2735 quidem
1203 2700 1358 2732 sententia‘,
1371 2708 1431 2735 qua:
1443 2700 1581 2736 juniorcm
1598 2698 1756 2726 Constanti—

970 2755 1044 2776 num.
1064 2746 1155 2773 Basilii
1172 2747 1364 2781 Bnlgaroetoni
1386 2747 1508 2777 fratrem,
1534 2744 1609 2779 operi
1633 2744 1698 2771 huic
1712 2743 1755 2770 in-

969 2793 1076 2825 seribit,
1091 2798 1117 2820 et
1134 2794 1285 2820 secundum
1308 2801 1389 2828 quam
1412 2793 1526 2820 deberet
1551 2791 1598 2818 illo
1614 2795 1754 2818 exaratum

969 2838 1052 2865 tuisse
1077 2839 1206 2872 triennio,
1228 2847 1282 2874 quo
1306 2839 1381 2865 solus
1406 2838 1451 2865 ille
1475 2837 1674 2866 Constantinus
1694 2842 1756 2873 post

1547 2886 1566 2907 ς)
