2031 3150
268 145 305 178 l3

900 139 1092 171 JOANJJAC.
1109 140 1268 173 RElSKll.
1857 141 1890 174 Η

267 204 363 232 fratris
383 202 435 229 fata
460 204 594 236 regnavit,
612 200 638 227 id
661 203 704 228 est
718 200 752 227 ab
767 200 798 226 Α.
819 199 850 226 C.
875 199 942 226 10Ξῦ
969 205 1055 232 usque
1072 199 1092 225 Α
1109 207 1217 227 racemos
1245 201 1370 236 affecisse.
1405 201 1432 228 lu
1463 201 1601 228 nemiuem
1628 202 1654 228 id
1675 201 1772 228 cadere
1798 205 1890 236 potest

268 249 301 276 ad
319 247 397 280 1028,
413 247 486 274 favet
502 246 555 273 hoc
570 245 699 277 maxime,
713 244 786 279 quod
803 244 897 279 junior
915 243 1053 271 Constan-

267 296 340 322 tinus
363 300 425 320 cum
447 300 498 319 avo
519 299 573 319 non
599 291 633 318 de
660 291 746 318 solius
775 291 856 326 hujus
876 290 978 325 operis,
1007 289 1054 316 sed

266 340 383 367 aliorum
403 347 514 374 quoque
526 338 702 373 possessione
710 336 868 364 contendat.
883 336 942 363 Non
956 335 1056 362 desunt

266 384 431 413 eorumdem
459 384 596 411 librorum
613 383 752 418 exempla,
780 389 851 417 quos
879 381 924 408 alii
951 380 1054 407 librarii

267 435 330 459 avo,
345 427 502 462 aliinepoti
518 427 652 459 tribuunt,
673 426 780 454 etiamsi
797 433 882 461 nepos
895 425 929 453 ab
951 425 1055 460 ignavia

268 477 296 500 ct
312 473 447 500 dissoluta
459 473 515 500 vita
527 473 553 499 in
571 472 684 499 historia
701 472 850 507 Byzantina
867 471 938 498 male
951 471 1056 498 audiat.

269 519 310 546 lta
323 519 434 546 libellus
444 519 478 546 de
491 519 608 554 imagine
620 519 770 550 Edessena,
782 525 863 553 quem
877 513 1057 545 Combcfisius

272 563 298 590 in
317 564 453 599 Manipula
468 565 659 599 antiquitatum
674 563 846 591 CPtanarum
866 571 927 598 pag.
950 563 981 590 75
995 570 1056 598 sqq.

272 610 324 637 sub
348 610 459 637 nomine
483 609 615 641 Senioris,
643 613 691 636 aut
716 609 862 644 Sapientis,
886 608 1057 635 Constantini

272 655 371 688 edidit,
397 663 451 682 non
470 659 574 682 tantum
593 655 757 689 Lipompnui
783 655 939 689 conjectura
955 653 1056 688 juniori

274 700 381 732 tribuit,
397 699 444 726 sed
458 699 539 726 etiam
555 699 643 726 codex
657 699 757 734 aliquis
777 698 950 725 bibliotheca:
968 698 1058 733 Regia:

273 745 463 776 Taurinensis,
495 750 525 772 ut
550 752 565 772 e
590 753 680 779 nupcr
703 745 778 772 edito
799 744 927 779 Catalogo
941 745 1057 771 codicum

273 792 513 825 manuscriptorum
537 791 660 826 ejusdem
690 791 863 818 bibliothecae
890 799 950 825 pag.
969 790 1020 818 503
1043 799 1058 817 α

275 837 371 865 didici.
380 837 512 865 Similiter
523 837 706 869 Tacticorum,
715 845 729 865 a
739 837 856 863 Meursio
868 837 894 863 in
901 836 1060 863 Collectioue

267 884 459 919 opusculorum
484 874 773 915 Constantinianorum,
803 884 854 910 sub
879 884 923 910 avi
948 881 1076 910 nomine'

272 929 456 964 proditorum,
481 928 615 956 vindicias
636 928 790 963 disceptant
819 936 886 955 avus
913 933 940 954 ct
962 923 1056 962 nepos.

265 973 365 1000 Codex
387 972 622 1006 Vindobonensis,
641 977 668 999 et
678 981 711 1000 ex
727 981 761 1000 eo
781 973 937 1007 descriptus
958 973 1058 999 Palati—

275 1027 338 1050 nus,
355 1027 438 1054 quem
454 1019 524 1054 typis
541 1026 673 1046 excusum
696 1018 819 1046 reddidit
844 1018 988 1050 Meursius,
1011 1017 1061 1044 tri—

270 1064 366 1091 buunt
379 1072 449 1097 avo;
473 1064 638 1092 Veronensis
653 1067 746 1091 autem
769 1068 797 1091 et
816 1064 990 1099 Auguslanus
1014 1071 1060 1090 ne-

276 1109 344 1144 poti.
362 1108 455 1136 Ncutri
471 1114 553 1136 recte.
572 1109 666 1144 Neque
680 1109 754 1136 enim
768 1109 860 1144 hujus,
880 1116 969 1142 neque
988 1109 1061 1135 illius

276 1161 329 1186 est,
345 1155 391 1182 sed
408 1155 468 1191 ejus
484 1159 526 1182 est
539 1154 713 1182 Constantini
730 1153 998 1189 Porphyrogenueti.
1014 1154 1060 1188 qui

278 1201 331 1228 fuit
342 1200 415 1228 [ilius
424 1200 521 1228 Basilii
534 1200 699 1233 Macedonis,
716 1199 801 1227 frater
813 1199 913 1226 Leonis
925 1199 1062 1234 Sapientis

272 1251 344 1274 natu
355 1246 453 1281 major.
467 1245 590 1281 adeoque
605 1249 720 1281 patruus
734 1246 795 1281 ejus
811 1245 994 1277 Constantini,
1016 1245 1059 1272 cui

278 1292 388 1320 Tactica
403 1291 449 1318 illa
462 1295 525 1326 post
534 1291 681 1319 Meursium
696 1292 777 1327 vulgo
788 1291 968 1326 imputantur.
982 1291 1062 1319 Clare

278 1337 306 1363 id
326 1337 421 1372 liquet,
436 1337 472 1364 sit
488 1337 551 1371 quis
567 1337 669 1369 locum,
687 1337 734 1372 qui
748 1345 809 1372 pag.
825 1336 858 1362 27
880 1336 947 1364 edit.
959 1335 1059 1364 Mcurs.

274 1383 329 1410 .liu.
345 1382 379 1409 20
395 1387 511 1418 prostat,
528 1391 590 1410 cum
603 1384 699 1418 pagina
714 1384 801 1410 nostri
813 1383 893 1418 hujus
906 1383 997 1418 operis
1010 1383 1061 1410 287

280 1433 431 1464 comparet.
471 1430 613 1465 Leguntnr
648 1437 691 1461 eo,
727 1436 781 1463 quo
817 1429 882 1460 dixi,
916 1429 976 1456 loco
1006 1429 1063 1456 lucc

274 1477 363 1504 verba
381 1486 386 1503 :
404 1476 488 1503 Τοῦτο
503 1477 555 1511 γὰρ
573 1477 622 1504 καὶ
651 1476 787 1511 ἡμέτερος
803 1476 893 1512 πατὴρ
917 1477 964 1503 καὶ
986 1476 1063 1510 βασι-

1109 245 1160 272 nisi
1187 246 1213 272 in
1246 247 1322 273 illum
1351 246 1452 281 ipsum,
1475 247 1553 282 cujus
1570 247 1596 273 in
1622 247 1812 281 superioribus
1836 255 1879 275 me

1108 291 1248 324 minimus,
1266 293 1452 328 Nicephorum
1473 293 1603 325 Pliocam,
1617 293 1663 328 qui
1675 293 1739 320 olim
1755 293 1821 325 dux,
1843 301 1890 320 seu

1109 338 1277 366 domesticus
1301 339 1470 372 scholarum,
1496 339 1670 366 Constantini
1696 339 1844 374 Sapientis,
1865 345 1893 367 et

1110 385 1168 417 lilii,
1184 385 1310 418 Romani,
1324 385 1423 413 deinde
1435 390 1496 420 post
1509 385 1591 420 hujus
1605 393 1748 413 excessum
1760 386 1893 413 orientale

1108 431 1199 465 rapuit
1215 431 1370 466 imperiunm.
1393 432 1474 466 Atqui
1501 431 1671 466 Nicephorus
1700 431 1745 458 ille
1772 431 1893 458 nondum

1109 477 1136 503 in
1150 477 1220 503 vivis
1235 482 1291 503 tum
1304 481 1373 508 erat.
1390 485 1453 504 cum
1467 477 1676 507 Constantinus,
1693 477 1785 504 Basilii
1802 477 1893 504 Mace-

1108 521 1188 549 donis
1201 523 1282 554 lilius,
1300 531 1315 549 e
1332 523 1402 549 vivis
1418 522 1574 550 excederet.

1143 568 1268 595 Arduum
1282 576 1411 603 agnoseo,
1427 569 1474 595 sed
1484 575 1593 603 aequum
1610 576 1680 600 esse,
1693 568 1766 603 quod
1780 568 1895 603 opponi-

1110 619 1164 641 tur.
1183 614 1308 647 Qumram
1326 619 1420 642 tamen
1446 622 1478 642 ex
1505 614 1552 641 illo
1571 615 1631 649 ipso
1654 618 1815 649 argumento
1832 622 1894 649 spc-

1109 660 1180 687 cicm
1197 666 1225 687 et
1241 660 1326 686 robur
1353 661 1392 687 illi
1415 660 1558 687 sententia:
1580 660 1737 695 posteriori,
1763 659 1796 686 ad
1814 667 1895 694 quam

1110 713 1192 740 supra
1217 705 1272 732 dixi
1294 713 1336 731 me
1361 705 1446 740 magis
1472 705 1565 732 animo
1587 705 1769 740 propendere,
1792 709 1820 732 ct
1837 712 1896 740 qua:

1110 751 1216 782 statuit,
1239 750 1448 777 Constantinum
1469 751 1580 786 quidem
1608 751 1778 785 Sapientem,
1795 750 1898 777 Leonis

1112 795 1209 827 tilium,
1234 797 1348 823 Romani
1374 802 1491 831 patrem,
1515 797 1608 832 hujus,
1633 796 1704 831 quod
1731 803 1804 823 nunc
1833 795 1896 826 edo,

1112 842 1306 869 caerimonialis
1320 842 1383 869 libri
1411 848 1551 869 auctorem
1579 850 1660 873 esse;
1681 841 1789 868 venisse
1806 845 1896 867 autem

1114 895 1242 921 processu
1265 888 1396 922 temporis
1418 888 1548 923 aliquem.
1566 888 1612 922 qui
1628 887 1703 922 operi
1729 887 1768 914 illi
1794 887 1828 913 de
1848 893 1898 913 suo

1114 932 1236 967 qumdam
1251 932 1404 965 addiderit;
1429 933 1475 968 qui
1492 933 1613 959 fueritne
1637 931 1834 960 Constantinus
1849 939 1898 957 ne-

1115 986 1175 1012 pos,
1186 986 1222 1005 an
1241 978 1321 1010 alios,
1339 978 1365 1004 in
1375 979 1465 1005 medio
1484 979 1603 1013 positum
1621 979 1756 1013 relinquo.
1771 977 1830 1004 Non
1849 977 1899 1003 im-

1112 1024 1263 1058 probabilis
1285 1029 1385 1055 tamen.
1408 1025 1474 1052 mihi
1502 1025 1625 1059 quidem,
1645 1025 1765 1054 videtur,
1791 1024 1813 1050 si
1837 1024 1899 1058 quis

1113 1070 1262 1103 existimet,
1278 1070 1303 1097 id
1319 1070 1390 1098 idem
1401 1071 1519 1098 licentia:
1532 1075 1658 1106 nepotem
1675 1070 1727 1097 sibi
1741 1070 1898 1105 iuaviopus

1114 1123 1267 1150 arrogasse,
1294 1115 1367 1150 quod
1396 1123 1465 1143 avus
1489 1115 1516 1142 in
1532 1116 1622 1150 patrui
1640 1123 1709 1150 opus
1723 1115 1775 1142 sibi
1791 1122 1901 1150 arroga-

1115 1165 1202 1187 veral.
1220 1161 1322 1188 Eorum
1336 1161 1380 1188 ille
1393 1169 1452 1189 mos
1467 1167 1527 1189 erat
1543 1167 1708 1196 temporum,
1731 1169 1785 1188 non
1807 1161 1901 1188 laud:-

1116 1206 1179 1233 bilis
1201 1206 1324 1240 quidem,
1348 1207 1439 1233 minus
1465 1210 1555 1233 tamen
1589 1205 1795 1244 malevolentim,
1818 1212 1900 1240 quam

1116 1251 1300 1286 simplicitatis
1310 1256 1339 1279 et
1356 1251 1473 1279 inscitia:
1495 1251 1586 1279 index.
1613 1251 1741 1278 Nondum
1763 1251 1900 1278 callebant

1116 1305 1175 1323 eam
1201 1301 1299 1328 artem,
1320 1303 1569 1325 commentatorum
1596 1297 1845 1325 animadversiones
1862 1296 1901 1324 ab

1116 1347 1259 1369 auctorum
1274 1342 1366 1370 verbis
1379 1342 1552 1374 secernendi,
1575 1350 1656 1377 quam
1672 1342 1790 1369 solertia:
1803 1349 1900 1370 reten-

1118 1389 1217 1416 tiornm
1239 1389 1383 1417 debemus.
1410 1389 1592 1432 Ascril‘ebant
1615 1389 1750 1416 librorum
1777 1393 1900 1416 veterum

1115 1434 1242 1466 jnuiores
1257 1442 1431 1468 possessores
1450 1434 1478 1460 in
1502 1434 1684 1468 marginibus,
1701 1441 1763 1468 qua
1779 1434 1900 1464 vellent;

1117 1487 1149 1506 ea
1160 1480 1267 1507 librarii
1282 1484 1361 1507 etate
1377 1478 1546 1514 posteriores
1563 1480 1590 1505 in
1613 1479 1688 1513 ipsos
1706 1478 1816 1505 codices
1836 1478 1903 1504 abs-

279 1523 342 1554 λεὺς
354 1523 491 1558 ἐποίησεν,
508 1523 552 1549 ὅτε
563 1522 634 1549 κατὰ
647 1522 842 1557 Γερμανικίας.
861 1541 869 1549 .
885 1541 893 1549 .
913 1522 1064 1554 ἐταξειδεύ-

1119 1532 1172 1559 que
1189 1525 1244 1552 ulla
1259 1524 1437 1552 distinctione
1453 1523 1648 1555 iuferciebant,
1663 1527 1692 1550 et
1706 1517 1903 1557 exspectabant

281 1577 378 1604 (ταμεν.
395 1568 466 1596 Nam
478 1573 503 1595 et
520 1569 547 1595 id
567 1575 670 1604 quoque
682 1568 741 1602 fecit
755 1572 830 1603 pater
843 1572 931 1595 noster
949 1569 1068 1604 idemque

280 1616 441 1650 imperator,
468 1623 527 1641 cum
544 1614 667 1641 adversus
687 1612 879 1640 Germaniciam
897 1623 1068 1642 maceremus.

281 1661 376 1697 Neque
391 1661 458 1694 Leo,
472 1668 563 1695 neque
576 1659 786 1692 Constantinus,
802 1660 863 1695 ejus
879 1660 963 1691 ﬁlius.
980 1669 1069 1696 neque

283 1706 433 1738 Romanus,
451 1713 542 1741 neque
565 1705 763 1732 Constantinus
777 1706 836 1740 ejus
859 1705 942 1739 filius,
958 1707 1069 1741 expedi-

283 1753 387 1780 tionem
404 1751 538 1779 adversus
562 1751 762 1778 Germaniciani
779 1751 910 1785 inierunt,
928 1753 976 1779 sed
993 1752 1068 1780 Basi-

276 1799 337 1826 lius
352 1797 464 1824 Macedo
493 1796 558 1823 iecit
580 1796 612 1823 A.
638 1796 669 1824 C.
693 1796 754 1824 879.
771 1797 849 1825 llunc
866 1802 969 1833 patrem
993 1807 1069 1825 suum

285 1844 416 1879 appellat,
433 1843 481 1877 qui
492 1850 523 1869 ea
540 1842 659 1877 scripsit.
678 1843 740 1870 Fuit
758 1843 780 1869 is
795 1851 860 1877 ergo
874 1843 1071 1871 Constantinus

284 1889 572 1924 Porphyrogennetus,
603 1888 650 1923 qui
678 1894 740 1916 ante
762 1893 867 1923 patrem
891 1888 970 1916 obiit.
997 1889 1071 1915 idem

284 1934 404 1970 appellat
421 1933 548 1961 eumdem
571 1935 759 1969 imperatorem
777 1943 870 1966 suum;
899 1942 953 1969 quo
969 1935 1071 1969 signifi-

276 1986 328 2009 tcat
342 1980 484 2013 Basilium,
501 1988 556 2015 quo
574 1984 697 2015 tempore
715 1981 765 2007 ista
778 1981 860 2007 verba
874 1981 1071 2012 exarabantur,

278 2027 376 2054 adhuc
387 2026 415 2053 in
429 2026 500 2053 vivis
512 2030 541 2053 et
558 2026 586 2053 in
603 2033 709 2053 summa
723 2033 813 2053 rerum
829 2030 963 2060 potestate
977 2026 1070 2054 fuisse.

278 2071 429 2108 :Signillcat
445 2078 557 2107 quoque
576 2079 605 2100 se
621 2072 711 2107 ipsum
738 2072 776 2099 illi
802 2073 970 2107 expeditioni
987 2072 1072 2099 inter-

286 2117 382 2145 fuisse.
399 2117 549 2146 Pcrhibcnt
567 2117 639 2144 idem
654 2117 688 2145 dc
698 2117 890 2150 Constantino,
903 2117 994 2145 Basilii
1005 2119 1071 2150 lilio,

287 2170 343 2191 non
370 2167 476 2190 tantum
499 2163 643 2191 Cedrenus
669 2170 697 2192 et
720 2163 837 2200 Symeon
861 2164 999 2199 Magister,
1024 2165 1071 2193 sed

1121 1570 1238 1598 lectores
1257 1575 1304 1598 aut
1333 1574 1386 1597 tam
1411 1577 1523 1597 securos
1541 1573 1569 1596 et
1589 1568 1698 1604 ignaros
1721 1575 1811 1596 rerum
1841 1575 1902 1593 om-

1121 1615 1209 1648 nium,
1225 1620 1255 1643 ut
1267 1616 1395 1651 scopulos
1409 1615 1620 1650 cbronologicos
1632 1613 1736 1648 absque
1751 1613 1903 1640 oﬂ‘ensione

1121 1661 1310 1697 praeterirent;
1330 1666 1378 1689 aut
1397 1661 1419 1688 si
1440 1667 1508 1695 quos
1534 1659 1760 1687 nanciscerentur
1770 1658 1904 1685 acutioris

1121 1714 1228 1738 sensus,
1252 1704 1456 1741 persuadebunt
1469 1706 1532 1738 sibi,
1548 1713 1595 1733 eos
1607 1704 1699 1736 facile,
1716 1704 1758 1731 vel
1775 1712 1829 1730 nun
1855 1704 1904 1730 ad-

1120 1751 1252 1783 monitos,
1267 1754 1424 1779 assumenta
1441 1751 1531 1778 aliena
1546 1757 1606 1777 esse
1621 1749 1774 1784 agnituros.
1789 1748 1903 1775 Veniam

1121 1802 1230 1832 poterat
1245 1805 1277 1824 ea
1295 1797 1457 1832 simplicitas
1474 1797 1610 1829 invenire,
1631 1797 1653 1824 si
1674 1797 1744 1823 intra
1759 1803 1819 1823 eam
1840 1795 1905 1822 sub-

1122 1843 1268 1876 stitissent,
1285 1844 1332 1878 qui
1347 1848 1403 1871 tum
1417 1848 1506 1875 erant,
1523 1844 1655 1870 librorum
1669 1843 1905 1871 consarcinatorcs

1122 1893 1150 1914 et
1174 1887 1290 1914 librarii.
1318 1888 1352 1914 At
1375 1887 1413 1914 illi
1435 1888 1521 1915 multo
1544 1887 1646 1923 pejora.
1674 1887 1906 1915 Transcribel‘ant

1123 1933 1213 1960 aliena
1230 1934 1331 1979 scrip‘ta
1347 1933 1526 1966 verbotenus,
1548 1933 1684 1961 addebant
1698 1934 1725 1961 in
1740 1933 1794 1961 ﬁne
1809 1940 1905 1968 parum

1124 1979 1226 2013 aliquid
1252 1979 1286 2006 de
1310 1987 1371 2010 suo,
1401 1979 1520 2014 denique
1542 1979 1718 2015 praeﬁgebant
1739 1987 1839 2007 nomen
1860 1984 1908 2006 aut

1124 2032 1214 2056 suum,
1233 2029 1280 2052 aut
1299 2025 1370 2058 quod
1391 2025 1507 2062 .telleut,
1529 2030 1559 2052 et
1572 2025 1689 2061 agebant
1705 2025 1733 2052 in
1751 2025 1856 2052 litteras
1872 2024 1908 2052 la-

1125 2070 1239 2097 trocinia
1253 2071 1375 2105 impune,
1394 2075 1523 2106 tantaque
1549 2072 1696 2099 securitate
1713 2076 1741 2099 et
1766 2071 1908 2106 impuden-

1125 2116 1171 2146 tia.
1186 2121 1241 2148 aut,
1252 2117 1274 2144 si
1293 2117 1388 2149 mavis,
1404 2121 1528 2151 stupore.
1542 2122 1572 2144 ut
1596 2116 1664 2143 furti
1679 2117 1836 2152 veterisque
1863 2116 1908 2144 do-

1124 2161 1190 2189 mini
1213 2162 1314 2189 indicia
1329 2170 1384 2189 non
1397 2163 1535 2190 tollerent.
1555 2161 1633 2195 Quod
1650 2162 1805 2190 luculenter
1831 2167 1909 2190 testa-

285 2209 370 2237 etiam
395 2209 538 2245 Appendix
559 2211 644 2238 nostri
672 2210 755 2246 hujus
783 2211 884 2245 operis,
909 2211 968 2239 loco
992 2204 1181 2246 quethur.
1212 2216 1246 2235 ne
1273 2207 1326 2235 alia
1356 2207 1508 2242 proferam,
1542 2207 1680 2242 indiculus
1713 2207 1908 2242 imperatorum

289 2255 369 2289 paulo
393 2259 456 2282 ante
479 2255 645 2282 indicatam.
665 2255 733 2283 Cum
760 2255 851 2290 itaque
878 2256 1075 2285 Constantinus

289 2301 335 2328 ille
349 2300 437 2328 altero
450 2304 512 2336 post
529 2301 608 2327 istam
633 2301 836 2336 expeditionem
854 2310 927 2329 anno
951 2302 1007 2330 fato
1025 2311 1074 2331 suo

288 2347 468 2379 concesserit,
493 2354 607 2374 necesse
634 2352 686 2379 est,
717 2347 826 2375 'l‘actica
841 2347 904 2383 [Εὐ.
922 2348 953 2375 L.
969 2348 1017 2385 lxj
1029 2349 1074 2376 illa

289 2394 375 2422 fuisse
401 2394 473 2421 intra
502 2401 589 2421 annos
603 2393 669 2421 Chr.
699 2393 750 2420 878
762 2398 790 2421 et
803 2390 854 2422 879
881 2395 991 2430 scripta,
1022 2403 1076 2430 quo

290 2446 413 2476 tempore
426 2440 548 2468 auctoris
562 2439 653 2473 frater,
668 2439 723 2468 Leo
747 2441 872 2475 Sapiens,
903 2441 1074 2468 Constantini

289 2486 428 2521 Sapientis
442 2491 529 2521 pater,
550 2486 673 2513 nonduin
690 2494 802 2513 uxorem
817 2487 951 2517 duxisset,
979 2486 1075 2520 viginti

291 2541 336 2559 sex
358 2531 444 2559 ferme
456 2532 535 2558 annis
559 2536 705 2567 antequam
722 2533 766 2559 ille
780 2532 979 2559 Constantinus
995 2532 1023 2558 in
1036 2531 1078 2558 lu-

292 2586 349 2605 cem
365 2578 504 2610 ederetur,
524 2578 604 2613 vulgo
621 2578 793 2606 tribuuntur.

324 2624 356 2652 At
375 2624 440 2658 quid
452 2624 493 2651 ais
506 2624 538 2652 de
552 2624 636 2652 loco?
651 2624 805 2659 (repugnet
819 2624 937 2658 aliquis)
963 2624 1010 2658 qui
1050 2625 1076 2650 in

289 2670 344 2698 tino
363 2669 474 2696 illorqu
492 2669 674 2704 ipsorummet
689 2669 876 2700 Tacticorum,
899 2675 955 2695 non
977 2676 1011 2695 eo
1031 2670 1078 2703 qui

288 2715 353 2743 olim
367 2714 429 2748 fuit,
452 2714 500 2742 sed
515 2715 561 2750 qui
579 2715 661 2742 hodie
676 2714 705 2741 in
725 2713 810 2740 multa
835 2713 957 2741 editione
987 2714 1078 2742 Meur-

289 2761 366 2788 s’ian‘a
377 2765 429 2791 est,
443 2768 506 2796 pag.
521 2760 567 2793 52,
588 2760 616 2786 in
630 2767 686 2794 quo
701 2764 872 2785 memoratur
889 2758 1077 2799 aliquis'Nite-

289 2808 396 2842 phorus,
408 2814 501 2841 quem,
515 2806 562 2841 qui
574 2813 606 2832 ea
621 2805 741 2840 scripsit,
754 2805 872 2839 appellat
885 2806 975 2833 ducem
988 2814 1075 2838 suum,

288 2857 316 2880 et
331 2861 347 2880 α
361 2860 388 2879 κ
401 2853 508 2879 missum
524 2851 550 2877 in
567 2849 672 2886 Syriam
687 2850 832 2885 ingentibus
847 2851 885 2878 ait
899 2851 1016 2879 cladibus
1026 2852 1075 2878 Su-

1125 2252 1295 2281 CPtanorum
1316 2261 1330 2280 a
1356 2251 1505 2280 Lambecio
1530 2252 1565 2279 ad
1589 2252 1726 2280 Codinum
1752 2253 1804 2280 sub
1827 2253 1910 2288 liujus

1126 2300 1236 2327 nomine
1250 2299 1352 2327 editus.
1929 2330 1931 2338 Ι

1162 2345 1176 2380 §
1190 2345 1215 2372 5.
1243 2345 1280 2372 De
1305 2344 1424 2372 exhibitis
1447 2346 1473 2371 in
1487 2346 1534 2372 hoc
1546 2346 1686 2379 uolumine,
1711 2352 1735 2374 et
1751 2348 1778 2374 in
1792 2353 1911 2375 secuturo

1127 2391 1288 2418 cxhibcudis.
1317 2406 1350 2411 —
1377 2390 1533 2418 Prchationi
1562 2392 1667 2427 subjeci
1694 2394 1730 2420 cl.
1759 2394 1911 2422 decessoris

1127 2437 1181 2464 mei
1198 2437 1420 2465 dissertationem
1445 2437 1478 2465 de
1502 2438 1684 2466 Constantino
1706 2439 1912 2476 Porphyrogen-

1129 2487 1203 2514 ueto,
1220 2491 1301 2518 quam
1317 2483 1339 2511 is
1354 2490 1426 2511 anno
1440 2483 1507 2511 1746
1520 2483 1617 2511 edidit.
1636 2484 1723 2512 Vitam
1741 2490 1850 2513 enarrat
1862 2486 1913 2513 im-

1129 2530 1264 2564 peratoris
1279 2530 1314 2556 ab
1330 2537 1423 2557 amore
1451 2534 1478 2558 et
1494 2530 1596 2557 studiis
1612 2530 1768 2558 litterarum
1787 2531 1912 2558 celebra-

1130 2574 1228 2601 tissimi
1266 2583 1333 2610 pura
1357 2579 1385 2602 et
1407 2575 1525 2610 eleganti
1558 2575 1690 2609 dictione,
1730 2581 1860 2611 grataque
1886 2581 1913 2604 ct

1129 2621 1264 2649 concinna
1289 2616 1361 2658 1Εά.
1387 2622 1418 2649 L.
1442 2622 1478 2658 Χ]
1496 2622 1642 2655 brevitate,
1667 2623 1800 2658 bonaeque
1828 2623 1914 2659 frugis

1130 2667 1369 2695 observationibus
1381 2667 1462 2694 nitet.
1481 2667 1567 2701 Quam
1583 2668 1618 2696 cl.
1637 2669 1762 2703 opusculi
1778 2675 1874 2697 auctor
1886 2669 1914 2696 in

1130 2713 1183 2740 line
1199 2713 1336 2748 promittit
1359 2713 1592 2747 dissertationem,
1613 2718 1690 2742 velut
1706 2716 1820 2742 alteram
1843 2723 1914 2750 pra:-

1129 2759 1216 2786 sentis
1231 2763 1348 2794 partem,
1367 2759 1401 2786 de
1413 2759 1587 2787 Constantini
1601 2761 1712 2795 scriptis
1727 2766 1754 2788 et
1767 2761 1794 2794 i_n
1809 2761 1916 2789 litteras

1131 2804 1247 2837 meritis,
1263 2812 1322 2832 eam
1341 2804 1369 2831 in
1391 2805 1451 2839 ejus
1468 2805 1579 2833 schedia
1604 2806 1727 2840 reperire
1755 2815 1810 2833 non
1839 2806 1916 2841 potui

1130 2851 1298 2878 elaboratam
1320 2859 1326 2878 :
1346 2856 1513 2887 quapropter
1529 2852 1666 2879 sarciendi
1683 2853 1806 2880 derectus
1827 2853 1915 2885 gratia
