2031 3150
111 145 150 177 tr.
785 136 1077 178 rnarATtONEs.’
1710 145 1749 178 te

110 207 294 233 decreveram
328 202 504 238 particuiam,
527 211 588 238 quae
615 202 688 230 idetn
709 208 905 238 argumentum
920 207 943 234 Α
957 209 1020 229 tum
1036 209 1051 229 a
1067 201 1113 229 tali
1127 200 1243 229 consilio
1256 201 1363 229 alienus
1377 201 1438 234 sim,
1453 207 1481 230 et
1496 211 1544 238 per
1560 211 1681 232 mearum
1700 214 1746 233 re-

107 249 287 284 exsequitur.
306 256 320 275 e
337 248 372 275 cl.
395 247 514 275 Fabricii
542 247 702 275 Bibliotheca
717 248 809 275 (.mca
827 255 905 282 repe-

112 300 184 322 tere.
206 294 260 322 Sed
274 302 337 321 cum
351 293 423 321 liber
437 293 464 320 in
476 294 600 320 omnium
616 302 698 321 manu
715 294 760 326 sit,
781 293 848 320 satis
864 297 907 319 est

112 342 181 369 illuc
198 341 312 375 cupidus
321 340 462 375 ablegare.
477 340 582 374 [tepetii
597 345 686 367 tamen
700 339 764 367 inde
780 339 906 366 notitiam

112 387 198 422 hujus
210 385 320 414 Codicis
334 386 368 412 ab
384 385 564 412 L'tfenbacltio
589 385 740 412 conditam.
773 383 906 418 Sequitur

111 432 158 459 illa
171 431 314 466 prtemissa
348 431 407 465 ipse
431 430 537 464 primus
561 427 906 457 ConstantinianiCOdit'is

109 476 316 504 Ca-rimonialis
342 476 423 506 liber,
442 484 504 502 eum
536 475 764 510 interpretatione
787 474 906 509 primum

110 523 226 558 quidem
244 522 404 553 Leicbiana,
427 529 488 556 quae
509 529 595 556 usque
613 521 647 547 ad
661 529 713 556 pag
738 520 788 547 221
806 527 906 555 procc—

112 569 167 601 dit.
190 569 290 596 deinde
301 576 367 596 vero
379 576 438 595 mea
451 575 537 602 ttsque
551 567 584 593 ad
597 567 689 594 (luem.
704 566 802 593 Addidi
815 565 906 601 primo

110 616 188 642 iibro
213 615 289 642 velut
312 614 496 649 appendicem
528 613 572 640 illa
604 617 738 647 prm-epta
765 612 904 643 militaria.

112 669 177 695 qua:
191 662 217 687 in
230 660 326 687 codice
343 665 437 686 nostro
456 658 644 693 ntanuseripto
658 658 766 685 initium
777 657 905 684 facientia

115 715 165 741 per
180 707 282 742 primas
308 706 404 740 viginti
424 705 598 733 membranas
624 704 823 732 decurrebant.
853 704 905 731 Po-

113 757 224 779 tueram
246 759 306 779 eam
321 751 481 786 [tuniculam
497 750 618 778 secundo
637 750 708 777 libro
719 750 903 785 sulijungere;

112 798 163 825 sed
181 797 335 825 cavendum
364 798 431 824 mihi
450 802 519 829 erat.
552 805 587 824 ne
614 797 752 832 pOSIerius
775 797 904 823 volumen

115 843 187 870 mole
199 843 271 870 ultra
299 843 377 878 prius
405 842 561 868 excederet.
582 841 623 868 Cl.
645 840 775 868 Leichius
799 840 824 866 id
841 839 905 866 ideo

112 895 231 922 prorsus
248 887 391 918 omiserat,
421 887 486 922 quia
513 887 548 913 ab
565 887 618 914 hoc.
634 894 716 921 opere
742 887 905 914 decreverat
921 881 940 907 Β

111 941 221 965 arcere.
237 937 264 960 et
292 933 319 960 in
347 933 511 960 collectione
531 933 706 959 Tacticorum
730 931 902 964 Graecorum,

115 986 197 1013 quam
219 978 413 1008 meditabatur.
440 978 581 1004 exhibere.
613 978 705 1004 Habeo
732 977 904 1004 inmanibus

112 1025 257 1059 exemplar
290 1024 486 1059 opusculorum
523 1023 708 1054 Constantini,
742 1030 756 1048 a
786 1022 904 1049 Meursio

116 1073 206 1108 Lugd.
226 1073 320 1100 Batav.
336 1080 380 1099 an.
400 1071 663 1102 i61leditorum,in
681 1071 783 1105 quibus
795 1070 904 1098 Tactica

119 1120 161 1145 vir
181 1120 215 1145 cl.
231 1119 329 1153 μηδέπω
351 1118 544 1145 emendaverat
567 1125 615 1144 sua
633 1125 714 1142 manu
737 1121 818 1151 atque
844 1124 905 1150 sup-

118 1165 251 1200 pleverat.
264 1164 394 1196 caudice,
414 1169 444 1191 ut
460 1164 588 1200 conjicio,
612 1163 785 1198 Augustauo.
809 1162 904 1189 [muni

116 1211 144 1237 in
160 1211 219 1245 eius
246 1210 418 1238 Adversariis
443 1210 496 1237 alia
523 1209 714 1244 supplementa
744 1208 904 1235 eorumdcm

111 1256 302 1289 ‘Taeticorum,
328 1261 358 1283 ut
388 1261 416 1284 et
441 1256 553 1288 Leonis,
577 1263 592 1283 e
616 1255 712 1283 codice
735 1255 903 1290 Augustano,

111 1307 176 1336 qua:
188 1310 202 1329 a
224 1303 407 1329 celeberrimo
424 1303 563 1329 Bruckero
583 1305 739 1336 acceperat.
755 1300 812 1335 Ego
826 1307 902 1332 vero,

958 255 1019 274 rum
1036 247 1223 274 conditionem
1252 255 1386 282 nequeam
1411 256 1466 276 non
1496 257 1567 282 esse.
1584 250 1668 278 debui
1688 259 1747 280 om-

959 295 1023 321 nino
1037 294 1126 321 locum
1151 294 1178 321 in
1191 294 1243 321 hac
1258 294 1381 322 editione
1396 296 1530 330 opusculo
1557 296 1634 328 dare,
1661 298 1747 325 inter-

957 342 1065 372 pretata
1079 338 1191 373 quidem
1205 338 1320 370 dillicili.
1333 338 1407 366 iectu
1434 344 1524 366 tamen
1537 340 1669 374 iucundo,
1687 343 1748 376 pte-

956 389 1047 416 noque
1057 390 1150 408 rerum
1162 382 1232 409 scitu
1242 382 1474 418 dignissimarum.
1485 383 1585 411 Parum
1598 385 1744 418 referebat.

957 428 1005 455 ubi
1019 428 1065 455 ubi
1077 428 1277 462 collocaretur;
1294 429 1377 457 modo
1387 430 1477 457 locum
1489 429 1604 457 haberet
1617 438 1672 458 non
1685 432 1748 459 nul.

957 475 1026 502 lum.

995 521 1152 548 Secundum
1161 521 1290 549 volumen
1307 522 1384 549 dabit
1395 523 1546 550 secundum
1559 522 1646 550 Graeci
1661 523 1748 560 hujus

957 567 1149 595 earimonialis
1162 567 1277 600 librum,
1302 575 1365 595 cum
1382 569 1509 604 adjuncta
1524 569 1621 597 Latina
1634 577 1694 597 mea
1710 570 1749 597 in-

959 613 1168 648 terpretatione.
1197 614 1325 642 Proxime
1349 623 1483 650 apponam
1515 621 1595 644 notas
1625 617 1746 649 criticas,

957 667 1017 694 quae
1029 659 1155 687 codicem
1178 660 1302 688 Graecum
1316 661 1386 696 typis
1399 669 1561 696 expressum
1575 670 1609 689 ex
1625 663 1747 698 ipsarum

957 705 1179 733 membranarum
1193 705 1289 747 denuo
1299 714 1314 734 a
1326 715 1369 734 me
1395 707 1542 742 diligenter
1558 708 1746 743 inspectarum

957 750 1010 778 ﬁde
1026 755 1052 777 et
1067 752 1235 786 conjecturis
1245 753 1315 780 meis
1326 752 1524 780 emendabunt.
1540 753 1687 789 Excipient
1700 762 1747 781 eas

956 797 1211 826 animadversiones
1225 799 1364 835 historiae
1382 800 1408 827 in
1420 804 1506 827 totum
1520 803 1589 835 opus
1602 808 1664 828 eum
1679 801 1746 828 Lei-

955 843 1063 870 chianis
1080 851 1166 876 meat;
1182 834 1264 871 {inerti
1278 844 1360 871 faciet
1374 845 1454 872 index
1467 834 1632 872 Graecitatis.
1647 845 1744 872 Latina

956 887 1068 921 quidem
1085 887 1275 922 interpretatio
1288 888 1315 915 in
1332 889 1436 916 mundo
1452 894 1503 920 est.
1522 895 1551 916 ut
1566 890 1644 917 facile
1658 891 1745 925 possit

956 941 1010 961 una
1025 941 1088 961 eum
1103 933 1207 962 Grzecis
1229 935 1299 961 intra
1314 935 1398 963 breve
1411 939 1517 970 tempus
1529 935 1607 970 prelo
1625 936 1742 963 absolvi.

957 979 1073 1014 Reliqua
1084 981 1210 1014 quamvis
1219 980 1348 1015 expcditu
1362 981 1447 1007 ardua
1459 985 1487 1008 et
1497 988 1649 1008 aerumnosa
1660 990 1744 1016 pensa

957 1027 1023 1057 sint,
1041 1034 1122 1061 spero
1140 1031 1232 1053 tamen
1247 1026 1315 1059 fore,
1336 1027 1358 1053 si
1372 1027 1521 1061 propitium
1535 1034 1635 1054 numen
1648 1027 1745 1062 emptis

957 1072 1027 1099 meis
1046 1071 1159 1107 aspiret.
1178 1076 1207 1099 ut
1223 1076 1341 1099 exeunte
1369 1071 1479 1099 biennio
1500 1072 1616 1099 alterum
1634 1079 1745 1107 quoque

958 1118 1251 1153 votumen.aliquanto
1271 1118 1398 1153 spissius,
1414 1126 1496 1153 quam
1514 1118 1567 1145 ltoc
1590 1123 1642 1150 est.
1670 1119 1745 1146 t'utu-

957 1171 1028 1193 rum.
1051 1163 1078 1190 in
1095 1160 1240 1190 doctoruni
1258 1163 1401 1190 hominum
1418 1171 1515 1190 manus
1535 1164 1637 1191 veniat.

992 1209 1066 1239 Vale.
1091 1208 1205 1236 Erudite
1236 1208 1345 1241 Lector,
1366 1213 1392 1236 et
1418 1209 1564 1236 conatibus
1590 1210 1746 1237 decessoris

955 1253 1007 1281 ιιιοί
1020 1257 1101 1288 atque
1115 1253 1183 1280 meis
1200 1253 1270 1279 fave.
1285 1252 1374 1280 Scrib.
1389 1252 1489 1287 Lipsia
1502 1260 1595 1280 mense
1618 1252 1744 1288 Septent-

955 1299 997 1326 bri
1019 1299 1095 1326 1755!.

570 1505 645 1548 AD
683 1503 900 1548 TOMUM
940 1501 1288 1546 SECUNDUM.

149 1681 215 1718 13d.
230 1680 262 1709 L.
274 1679 401 1716 Xl-XIH
426 1679 464 1706 Ea
485 1682 529 1706 est
546 1682 771 1713 argumentorum
785 1674 906 1704 secundo
919 1678 942 1707 c

116 1728 182 1760 hoc,
192 1727 265 1762 quod
278 1732 351 1753 nunc
363 1725 483 1756 edimus,
493 1724 634 1751 volumine
645 1721 818 1750 Constantini
833 1720 907 1749 Ceri-

117 1773 245 1801 monialis
265 1772 454 1807 expositorum
478 1770 609 1805 dignitas,
628 1773 658 1796 ut
680 1769 797 1804 palmam
821 1767 906 1803 priori

118 1820 230 1848 dubiam
255 1818 344 1846 facere
369 1825 449 1853 posse
475 1816 611 1843 videatur.
640 1815 761 1848 Quorutn
782 1813 909 1850 quamvis

118 1873 226 1895 summa
245 1865 335 1900 capita
357 1863 484 1898 superior
496 1863 549 1898 iam
568 1861 691 1898 praefatio
704 1860 836 1895 attigerit,
853 1866 908 1886 non

119 1913 215 1942 inutile
230 1917 320 1940 tamen
338 1910 405 1938 duxi
431 1909 478 1936 illa
500 1908 553 1936 hoc
570 1915 679 1943 quoque
697 1907 758 1933 loco
773 1909 907 1940 repetere.

119 1960 228 1988 Eminet
245 1959 326 1994 igitur
339 1957 421 1992 hujus
434 1954 547 1984 secundi
565 1954 629 1981 libri
644 1961 674 1980 ea
699 1960 763 1988 pars
781 1960 842 1987 quae
855 1959 906 1978 no-

119 2006 193 2033 mine
207 2003 441 2039 Κλητωρολὸγιον,
468 2009 516 2028 seu
539 1999 664 2027 doctrina
681 1999 782 2026 rituum
798 1997 907 2025 illorum

117 2055 170 2082 est.
188 2049 288 2085 quibus
301 2048 442 2076 solemnes
455 2046 543 2081 epulo:
559 2045 646 2079 lmpp.
658 2044 829 2072 CPtanorum
836 2043 910 2070 cele-

118 2096 195 2124 brari
209 2095 344 2126 solebant,
357 2094 415 2129 ipsa
429 2100 459 2120 re
473 2096 558 2127 atque
573 2090 742 2125 professione
759 2089 855 2116 notitia
867 2093 909 2116 est

117 2142 281 2178 dignitatum
310 2139 419 2175 Imperii
444 2138 612 2169 Orientalis.
644 2137 724 2173 quale
753 2137 853 2164 szeculo
881 2144 908 2164 ix

118 2191 236 2216 exeunte
247 2191 318 2214 erat.
341 2186 456 2214 Minoris
469 2184 618 2216 momenti,
635 2191 724 2218 neque
738 2187 827 2210 tamen
844 2190 910 2209 eon-

120 2233 271 2266 temnendi,
290 2237 355 2260 sunt
367 2232 405 2260 illi
422 2231 485 2263 luci,
502 2230 549 2266 qui
567 2231 719 2265 legatorum
733 2227 909 2264 excipiendo-

120 2288 181 2307 rum
199 2278 554 2312 rationem,titulorumque
569 2275 753 2311 praescribunt
768 2274 910 2303 formulas.

120 2327 221 2362 quibus
243 2330 291 2354 aut
314 2325 400 2352 exteri
425 2322 506 2358 legati
534 2321 694 2349 Ci'litanum
716 2321 908 2355 imperatorem

993 1679 1023 1706 In
1042 1678 1092 1706 hac.
1110 1679 1192 1713 igitur
1202 1677 1307 1705 calt-uda
1325 1683 1413 1712 parte,
1427 1686 1481 1705 non
1500 1679 1683 1714 minusatque
1700 1681 1744 1707 illa

957 1724 1111 1758 superiore.
1133 1728 1206 1751 tanta
1231 1728 1356 1750 versatus
1375 1723 1413 1750 fui
1435 1725 1578 1760 religione.
1601 1730 1632 1753 ut
1659 1735 1746 1753 mem-

958 1770 1104 1797 branarum
1117 1769 1301 1805 Lipsiensium
1319 1770 1462 1805 plerasque
1473 1770 1586 1799 mendas
1603 1776 1630 1799 et
1656 1772 1746 1808 ipsum

958 1816 1034 1843 illum
1046 1816 1217 1851 antiquitatis
1232 1816 1307 1843 velut
1322 1817 1397 1842 πῖνον
1411 1816 1524 1844 reddere
1537 1825 1590 1844 non
1600 1818 1746 1846 dubitave-

959 1863 1022 1894 rim.
1045 1863 1112 1889 satis
1134 1862 1239 1889 habens
1266 1862 1432 1890 emendandi
1461 1863 1595 1890 rationem
1612 1865 1639 1891 in
1669 1872 1746 1892 eom-

959 1908 1102 1935 mentariis
1118 1907 1267 1935 indicasse.
1284 1907 1313 1935 ln
1330 1908 1489 1936 adornanda
1501 1908 1597 1937 Latina
1610 1910 1746 1946 interpre-

958 1954 1062 1981 tatione
1084 1954 1142 1981 cavi
1169 1953 1277 1985 sedulo,
1301 1958 1434 1988 quantum
1447 1958 1474 1981 et
1490 1962 1539 1990 per
1559 1963 1651 1983 rerum
1679 1964 1747 1991 quas

950 2005 1055 2028 'auctor
1086 2004 1198 2032 tvactat,
1227 2005 1257 2027 et
1282 2007 1332 2035 per
1356 2000 1487 2028 dictionis
1522 2006 1575 2036 qua
1606 2001 1651 2029 ille
1678 2003 1746 2030 satis

958 2049 1082 2080 horrida,
1101 2056 1134 2075 ex
1148 2055 1224 2074 more
1244 2048 1284 2074 sui
1307 2048 1409 2080 saeculi,
1430 2048 1527 2080 utitur,
1548 2048 1745 2077 obscuritatem

959 2095 1051 2126 licuit,
1079 2099 1110 2121 ut
1133 2102 1222 2128 neque
1247 2101 1263 2120 a
1289 2094 1437 2120 verborum
1468 2095 1604 2122 sententia
1630 2096 1746 2126 abirem.

960 2148 1049 2176 neque
1072 2140 1235 2175 perspicuus
1262 2147 1354 2167 sermo
1373 2139 1589 2168 desideraretur.
1616 2141 1645 2169 lu
1666 2142 1747 2170 Cont-

960 2185 1104 2214 mentariis
1127 2193 1190 2212 cum
1214 2185 1298 2213 verba
1320 2185 1445 2220 ritusque
1469 2191 1578 2214 veteres
1600 2187 1747 2220 illustrare.

960 2234 1092 2265 quantum
1115 2228 1189 2256 valui
1211 2233 1239 2257 et
1259 2229 1326 2256 satis
1348 2229 1393 2260 sit,
1414 2229 1519 2261 studui,
1540 2233 1596 2257 tum
1619 2231 1653 2258 de
1675 2232 1749 2260 veris

960 2283 1069 2312 quoque
1086 2275 1308 2304 membranarum
1323 2275 1500 2307 lectionibus,
1516 2276 1562 2303 ubi
1581 2284 1651 2311 opus
1663 2284 1748 2309 esset.

962 2322 1116 2356 signiﬁcare
1131 2329 1186 2349 non
1202 2321 1320 2357 neglexi.
1340 2321 1370 2349 ln
1388 2321 1488 2349 breves
1505 2322 1698 2349 aimotationes
1712 2325 1746 2351 cl.

119 2359 152 2400 ex
166 2379 241 2400 more
256 2369 477 2405 alloquebantur.
497 2371 544 2395 aut
560 2367 617 2403 ipse
632 2367 754 2394 vicissim
765 2366 793 2393 in
810 2366 909 2393 litteris
927 2359 947 2385 Ῑ)
961 2368 1115 2396 decessoris
1131 2368 1198 2396 mihi
1218 2372 1319 2403 praeter
1336 2367 1497 2403 digestionis
1519 2368 1664 2396 arbitrium
1679 2369 1747 2397 nihil

119 2419 153 2444 ad
165 2423 274 2445 exteros
291 2416 429 2452 principes
441 2415 499 2442 suis
511 2414 652 2442 utebatur.
677 2413 741 2446 Quae
754 2412 787 2440 ad
800 2419 909 2447 proces—

121 2471 212 2492 smnes
222 2463 432 2499 imperatorum.
446 2461 474 2489 in
485 2461 585 2501 balnea
598 2464 624 2487 et
642 2460 739 2487 horrea
755 2458 908 2488 lustranda.

119 2517 182 2544 quae
197 2509 234 2536 ad
245 2508 402 2544 triumphos
410 2508 443 2535 de
461 2507 588 2535 hostibus
599 2505 714 2533 devictis
726 2505 857 2541 agendos,
875 2504 907 2530 ad

119 2555 266 2587 brumalia.
287 2558 434 2590 spectant;
456 2554 520 2582 item
543 2560 604 2588 qua:
621 2551 655 2579 de
671 2551 766 2579 liberis
780 2550 910 2585 Augustis

120 2609 218 2630 recens
235 2601 318 2634 natis,
335 2605 363 2627 et
384 2599 457 2627 unda
476 2598 591 2627 salutari
606 2596 770 2626 lustrandis.
784 2600 831 2623 aut
849 2600 910 2622 ton-

119 2647 231 2680 dendis,
249 2647 284 2675 de
307 2646 526 2682 patriarcharum
550 2643 703 2676 electione,
725 2643 759 2670 de
778 2647 911 2677 apparatu

119 2693 216 2724 navali
226 2693 254 2720 in
265 2692 401 2728 geminam
413 2690 630 2726 expeditionem.
643 2689 803 2716 Cretensem
817 2695 911 2719 unam,

119 2739 236 2767 alteram
254 2736 500 2772 Longohardieam,
519 2735 676 2766 traduntur,
693 2734 757 2766 alia,
777 2741 838 2768 qua:
849 2741 912 2768 per-

118 2791 236 2812 censere
257 2783 363 2818 sineula
387 2782 500 2816 longum
523 2779 615 2807 foret:
639 2788 672 2807 ea
700 2779 792 2807 omnia
818 2779 911 2806 multi—

119 2831 222 2868 plicem
244 2834 273 2858 et
298 2837 377 2857 usum
405 2833 433 2855 et
455 2826 665 2855 delectationem
692 2825 812 2857 habere,
839 2826 913 2852 ultro

119 2882 210 2914 patet.

962 2414 1098 2449 arrogavi.
1123 2413 1196 2447 Quas
1220 2414 1265 2441 ille
1288 2413 1374 2441 titulis
1391 2413 1518 2441 undecim
1541 2414 1702 2448 complexus
1721 2415 1748 2442 in

962 2460 1118 2488 adversaria
1135 2468 1178 2490 eo.
1199 2467 1254 2495 qtto
1267 2459 1354 2487 libros
1367 2467 1492 2494 quosque
1509 2460 1630 2495 legisset,
1652 2461 1750 2489 ordine

963 2507 1120 2541 ennjecerat
1129 2505 1347 2536 observationes,
1356 2513 1413 2537 eas,
1424 2510 1454 2532 ut
1462 2506 1540 2533 locus
1547 2506 1664 2542 quisque
1677 2506 1751 2534 ferre

965 2556 1047 2586 atque
1062 2551 1202 2586 postulare
1222 2551 1379 2583 videbatur.
1395 2551 1434 2579 sic
1449 2551 1474 2580 ei
1489 2552 1706 2584 accomodavi.
1723 2558 1751 2580 et

963 2597 1023 2624 ιι-Ιερ
1037 2605 1103 2624 mea:
1116 2597 1230 2624 intexui.
1255 2597 1379 2630 Quorum
1400 2597 1542 2625 titulorum
1556 2597 1637 2630 duos,
1652 2605 1748 2630 unum.

962 2643 1100 2678 quintum,
1119 2651 1145 2678 p.
1163 2643 1197 2670 ‘28
1213 2648 1369 2670 nostrorum
1391 2643 1664 2674 commentariorum.
1681 2643 1750 2670 alte-

963 2696 1035 2721 rum,
1058 2692 1198 2721 octavum,
1215 2697 1242 2725 p.
1257 2689 1291 2716 95
1306 2689 1469 2724 speeiminis
1488 2697 1570 2717 causa
1588 2688 1713 2720 exhibui,
1734 2695 1749 2716 ο

964 2742 1030 2769 quo,
1053 2734 1120 2770 quid
1137 2739 1165 2762 et
1181 2735 1226 2762 ille
1243 2735 1269 2762 in
1285 2735 1394 2763 schedia
1407 2735 1562 2770 reliquerit,
1576 2739 1603 2761 et
1619 2742 1652 2761 eo
1666 2742 1750 2770 appa-

967 2785 1026 2807 ratu
1040 2781 1179 2816 quomodo
1194 2788 1244 2808 nos
1259 2781 1300 2808 usi
1319 2781 1464 2812 fuerimus.
1479 2783 1596 2807 constet.

1000 2827 1041 2854 Ad
1073 2826 1154 2854 tinem
1182 2827 1245 2854 libri
1272 2827 1353 2862 printi
1382 2825 1642 2854 commentariorum
1668 2826 1748 2854 telam

967 2872 1075 2908 abrupi.
1099 2872 1165 2906 Qua:
1188 2873 1221 2900 ad
1247 2872 1398 2900 secundum
1418 2877 1445 2900 et
1468 2871 1549 2907 primi
1570 2873 1750 2907 appendiccm
