2019 3146
161 172 175 203 Ξ
180 172 212 205 21

585 178 634 208 DE
651 178 878 212 CERIMONIIS
895 183 1005 213 AULE
1024 184 1243 219 ΒΥΖΑΝΤΙΝίΕ
1263 190 1335 222 LIB.
1352 192 1376 221 Ι.

1726 196 1780 227 222

158 235 240 256 κταρ
261 237 271 255 ι
295 228 324 256 '0
337 229 455 261 ἀναστὰς
473 230 633 266 παραδόξως
646 233 678 260 ὲκ
693 233 789 268 τάφου.
805 244 815 261 ›
829 235 944 270 Φθογγεῖ

995 244 1150 273 resurgens.
1171 250 1181 266 ι
1199 239 1304 269 Clamat
1320 248 1347 270 et
1363 245 1478 279 populus
1504 251 1566 275 ter:
1586 258 1595 274 ι
1624 249 1713 285 Longa
1730 260 1778 279 vo.

156 274 205 300 καὶ
217 275 231 300 ὁ
245 273 308 306 λαδς
324 275 355 301 ὲκ
368 275 392 309 γ’
402 283 409 290 ·
423 284 432 300 ι
448 276 543 303 Πολλοὶ
552 277 615 312 ὑμῖν
626 279 727 313 χρόνοι.
747 289 756 305 ι
770 280 800 307 Ol
809 281 926 316 κράκται
935 289 944 298 ·

159 328 168 344 ‹
186 320 242 346 Καὶ
255 320 283 346 τὺ
293 321 372 356 χαῖρε
384 320 508 354 δεδωκὼς
535 325 700 359 μυροφὸροις
715 325 784 360 (59).
809 336 817 351 ι
832 327 946 361 Φθογγεί

155 365 204 391 καὶ
231 366 245 392 ό
268 365 330 398 λαὺς
355 367 386 392 ὲκ
410 367 520 402 τρίτου·
540 378 549 394 ι
569 369 663 396 Πολλοὶ
684 371 747 405 ὑμῖν
763 371 863 406 χρόνοι.
883 382 891 398 ι
913 373 945 399 οι

157 410 290 444 κράκται·
325 420 334 437 ‹
351 411 422 443 Τοὺς
437 411 555 447 ’χρόνους
571 414 647 449 ὑμῶν
670 415 803 451 πληθυνεῖ
822 417 870 444 σὺν
884 419 945 449 ταῖς

155 455 322 490 αύγούσταις
335 458 385 484 καὶ
399 460 456 490 τοῖς
477 461 753 496 πορφυρογεννήτοις.
781 471 790 488 ι
817 462 844 489 ὐ
863 463 942 495 λαός·

158 510 169 526 t
190 501 369 538 Πολυχρόνιον
395 505 503 539 ποιήσει
532 506 546 531 ὁ
570 506 635 538 Θεὸς
649 507 697 543 τὴν
710 509 791 543 ἁγίαν
806 510 944 545 βασιλείαν

157 555 206 579 σας
222 548 262 580 εἰς
282 548 366 575 πολλὰ
384 548 441 584 ἐτη.
459 560 468 576 ι

197 591 391 628 ’Υποστροεοὴ
413 595 472 621 τῶν
485 596 641 624 δεσποτῶν
664 599 700 633 τῇ
712 600 791 634 αὐτῇ
808 601 908 636 ἑορτῇ.

192 638 260 674 Δοχὴ
287 638 321 671 α’,
344 640 398 666 τῶν
415 641 546 676 Βενέτων,
565 644 640 679 φωνὴ
657 644 703 680 ηχ.
719 644 761 671 α’·
780 655 789 671 ι
809 646 846 673 Τὸ
873 647 944 681 μέγα

129 701 137 708 .
157 683 208 711 καὶ
219 684 364 719 σεὸἀσμιον
383 687 432 721 τῆς
445 688 621 721 ἀναστάσεως
648 692 799 726 μυστήριον
818 693 944 728 λαμπρυ-

156 731 257 765 νομὲνη
276 732 397 767 σήμερον
411 734 428 768 ἡ
438 734 527 766 κτίσις
542 735 668 770 ἑορτάζει
680 745 687 752 ·
704 737 718 763 ό
733 737 787 772 γὰρ
800 737 849 771 τῆς
864 738 944 772 δόξης

155 775 259 810 Κύριος
270 776 300 803 τὸ
324 777 485 812 σκυθρωπὸν
500 780 634 814 ἀφανίσας
654 781 701 808 τοῦ
717 782 833 809 θανάτου
851 784 943 810 καὶτὰ

153 819 202 846 τοῦ
234 821 297 856 ᾅδου
326 824 477 857 σκυλεύσας
503 825 638 860 βασίλεια,
666 828 848 864 συνανέστησε
877 829 942 861 τοὺς

154 865 239 892 πάλαι
267 868 436 902 τεθνεῶτας,
468 871 556 906 χαρὰν
584 872 766 908 ἀνεκλάλητον
795 877 842 901 καὶ
872 874 942 901 Οεῖον

154 911 250 946 Πάσχα
267 913 300 940 ’⁸.
317 913 438 941 Τελεῖται
450 916 618 952 παραδόξως,
635 907 861 953 μεγαλύνεταιτδ
872 921 942 955 κρά-
959 907 979 935 Β

153 966 200 989 τος
223 958 312 993 ὑμῶν,
333 960 471 993 δεσπόται,
498 962 538 993 είς
549 963 627 995 δόξαν
645 984 653 997 ,
671 965 713 996 εἰς
741 965 885 1000 καύχησιν,
904 968 944 998 εἰς

153 1002 297 1037 ἀνέγερσιν
306 1004 360 1039 (60)
370 1004 424 1031 τῶν
445 1005 596 1041 Ῥωμαίων.
616 1016 626 1033 ›
646 1008 685 1033 Τὰ
701 1008 730 1034 δὲ
747 1008 797 1042 τῆς
806 1009 944 1044 εὐφημίας

153 1048 224 1075 ἄκτα
234 1048 341 1084 ᾅδονται
351 1051 425 1085 παρὰ
437 1051 492 1077 τῶν
501 1052 626 1086 κρακτῶν
646 1053 692 1080 καὶ
707 1054 753 1080 τοῦ
767 1054 844 1088 λαοῦ,
853 1055 944 1087 καθὼς

154 1093 202 1119 καὶ
219 1094 249 1120 ὲν
265 1095 324 1126 ταῖς
337 1094 443 1128 λοιπαῖς
470 1096 572 1132 δοχαῖς.
589 1098 625 1123 Τὸ
639 1098 667 1124 δὲ
693 1098 847 1126 τελευταῖον
861 1100 943 1127 ἄκτον

153 1137 280 1172 λέγουσιν
308 1140 332 1166 oi
356 1141 490 1176 κράκταιι
520 1151 529 1167 l
556 1142 653 1174 Καλῶς
678 1141 761 1179 ἦλθον
797 1145 822 1171 οἱ
847 1145 944 1172 δεσπό-

154 1192 201 1210 ται
228 1185 276 1211 σὺν
300 1186 359 1217 ταῖς
388 1185 552 1220 αὐγούσταις
582 1187 628 1213 καὶ
650 1188 706 1219 τοϊς
724 1190 943 1226 προφυρογεννή-

154 1237 222 1261 τοις.
249 1239 258 1255 ι
278 1231 306 1257 ’0
338 1231 418 1263 λαός·
440 1241 449 1258 ι
467 1233 565 1265 Καλῶς
582 1233 689 1269 ἤλθετε.
710 1244 719 1260 ι
747 1237 778 1262 οι
807 1237 942 1272 κράκται·

157 1283 167 1300 ι
190 1275 432 1312 Προσκυνήσαντες
448 1278 495 1305 τοῦ
512 1279 676 1312 ἀναστάντος
688 1281 814 1315 ,Χριστοῦ
836 1283 885 1318 τὴν
897 1283 942 1309 86-

155 1319 214 1352 ξαν.
244 1330 253 1346 ι
288 1321 317 1348 '0
335 1322 413 1355 λαός·
435 1332 444 1349 ι
476 1324 656 1360 Πολυχρόνιον
685 1327 821 1362 ποιήσειὸ
836 1329 913 1360 Θεός.
929 1338 939 1355 ι

152 1368 224 1402 Δοχὴ
248 1367 281 1402 β’,
298 1368 352 1394 τῶν
378 1369 529 1404 Πρασινων,
548 1371 712 1400 ἀπελατικδν
737 1373 782 1408 ἦχ.
801 1373 836 1400 α’·
857 1383 866 1400 ι
888 1375 941 1410 Σή-

156 1422 239 1449 μερον
264 1415 294 1440 τὸ
314 1416 370 1447 τοῖς
385 1416 514 1450 ἀγγέλοις
539 1417 697 1453 ἀπόρρητον
718 1419 868 1447 ἐκτελείται
892 1422 942 1456 τῆς

152 1460 328 1492 ἀναστάσεως
344 1462 504 1497 μυστήριον.
523 1463 552 1489 Ὀ
567 1463 622 1499 γὰρ
639 1465 807 1500 ὲμπιμπλῶν
821 1467 875 1493 πᾶν
887 1467 941 1499 ζῶν

153 1505 280 1538 εὐδοκίας
303 1507 385 1542 σαρκὶ
402 1508 566 1536 θανατοῦται
582 1510 621 1542 ὡς
645 1511 800 1546 ἄνθρωπος,
816 1514 863 1539 καὶ
891 1513 941 1550 τὴν

153 1551 291 1586 ἄπληστον
305 1552 352 1579 τοῦ
366 1552 430 1588 ᾆδου
443 1555 590 1588 τυραννίδα
610 1555 822 1591 αῐχμαλωτεύει,
838 1557 941 1593 νεκρὼ-

155 1607 205 1630 σας
226 1598 271 1624 τὸν
287 1601 443 1635 νεκρωτήνο
460 1600 508 1627 νῦν
537 1601 674 1638 ἠφανίσθη
702 1602 732 1628 τὸ
754 1602 806 1638 πρὸ
833 1603 939 1630 αἰώνων

153 1644 259 1681 αἶσχος,
273 1646 320 1673 νῦν
337 1647 509 1683 ἒξήνθησενή
520 1649 592 1684 χαρὰ
611 1650 665 1676 τῶν
685 1651 810 1686 περάτων
827 1651 894 1687 (61).
910 1652 939 1679 '0

154 1692 294 1724 παντάναξ
310 1692 338 1718 δὲ
351 1692 416 1724 Θεὸς
429 1693 476 1719 καὶ
493 1694 636 1729 ζωοδότης,
655 1696 719 1727 τοὺς
740 1696 874 1728 δεσπότας
887 1698 939 1730 φύ-

152 1737 234 1764 λαττε
247 1738 274 1765 ὲν
288 1739 320 1774 τῇ
339 1738 480 1774 πορφύρᾳ.
496 1749 505 1765 ι
524 1739 594 1776 Δοχὴ
608 1739 642 1774 γ’,
658 1741 712 1767 τῶν
726 1742 940 1779 Βεῦέτιι)ν,φωνη

152 1785 200 1819 ῆχ.
218 1787 256 1810 α’·
276 1793 286 1809 t
305 1784 424 1820 Σταυρδν
449 1786 495 1810 καὶ
507 1785 622 1812 θάνατον
638 1787 789 1821 ὑπομείνας
811 1789 938 1823 Χριστὸς,

153 1830 288 1865 κατῆλθεν
299 1830 369 1857 ἑκὼν
384 1831 412 1857 ὲν
424 1831 511 1866 τάφῳ,
528 1831 575 1858 καὶ
589 1832 638 1864 τὰς
652 1833 697 1859 τοῦ
711 1832 775 1868 ᾷδου
791 1835 940 1870 συντρίψας

155 1877 244 1908 πύλας
265 1878 297 1912 τῇ
325 1877 402 1912 θεῖκῇ
431 1878 513 1904 αὐτοῦ
534 1878 657 1914 ἐξουσίᾳ,
681 1880 763 1905 πᾶσιν
791 1880 940 1908 ἀνάστασιν

153 1923 304 1957 ὲγκαινίζει
320 1925 376 1955 τοῖς
386 1924 431 1950 ἀπ’
443 1925 540 1956 αἰῶνος
558 1925 783 1960 νενεκρωμένοις.
803 1927 835 1953 Ἠ
851 1928 939 1960 κτίσις

153 1970 276 2004 σήμερον
291 1969 415 2005 ἑορτάζει
440 1970 549 1996 διπλοῦν
570 1970 600 1996 τὸ
619 1971 716 2005 Πάσχα
727 1971 776 2006 τῆς
790 1974 937 2008 σωτηρίας,

151 2013 246 2049 ὁρῶσα
261 2013 298 2043 ,τδ
312 2015 451 2050 σκῆπτρον
467 2015 553 2049 ὑμῶν,
578 2015 719 2047 δεσπόται,
743 2018 776 2052 τῇ
792 2018 938 2045 ἀναστάσει

152 2059 272 2095 Χριστοῦ
287 2060 492 2087 συνανατέλλον.
512 2070 522 2086 ι
544 2061 584 2087 Τὰ
608 2061 635 2088 δὲ
650 2061 700 2096 τῆς
715 2062 852 2097 εὐφημίας
868 2064 938 2090 ἀκτα

152 2105 260 2140 ᾅδονται
273 2104 348 2140 παρὰ
364 2113 393 2131 τε
409 2106 463 2131 τῶν
480 2105 606 2140 κρακτῶν
623 2105 671 2132 καὶ
695 2106 741 2132 τοῦ
753 2107 831 2140 λαοῦ,
848 2108 939 2140 καθὼς

152 2152 201 2178 καὶ
214 2152 242 2177 ὲν
255 2152 314 2183 ταῖς
325 2151 431 2183 λοιπαῖς
446 2151 548 2186 δοχαῖς.
562 2151 598 2177 Τὸ
608 2151 635 2178 δὲ
649 2152 803 2179 τελευταῖον
816 2154 938 2188 λέγουσιν

151 2198 177 2223 οἱ
190 2197 318 2232 κράκται.
337 2206 346 2222 ι
367 2197 612 2233 Προτκυνήσαντες
626 2198 673 2224 τοῦ
684 2199 851 2231 ἀναστάντος
868 2200 934 2235 Χρι-

995 285 1038 312 bis
1062 289 1195 321 tempora.
1215 297 1224 313 ι
1250 289 1404 318 Cantores:
1429 301 1438 316 ι
1458 292 1489 319 Ει
1516 294 1561 328 qui
1589 295 1703 323 salutem
1729 305 1780 324 nn-

996 335 1096 365 gncnta
1109 332 1286 361 aﬂ‘erentibus
1302 334 1382 361 dixit.
1400 344 1409 361 ι
1424 336 1530 364 Clamat
1546 343 1572 365 et
1587 341 1701 374 populus
1715 346 1775 370 ter:

999 385 1008 401 ‹
1030 375 1131 411 Longa
1150 378 1228 406 vobis
1253 381 1397 414 tempora!
1417 390 1425 405 ι
1440 381 1574 410 Cantores
1592 393 1598 411 :
1617 394 1626 410 ι
1643 385 1777 421 Tempora

996 422 1083 454 vobis.
1108 424 1278 458 augnstabus
1302 429 1327 452 et
1344 427 1606 462 porphyrogennctis
1622 433 1740 466 augeat!
1766 444 1775 459 ι

995 466 1116 503 Populus
1133 478 1139 496 :
1161 479 1170 495 ι
1190 469 1351 506 Longicvam
1370 472 1440 500 Deus
1456 481 1573 506 sacram,
1592 479 1644 503 etc.
1662 485 1671 502 ›

1136 600 1244 628 Rediit“
1263 603 1429 630 dominorum
1448 604 1537 631 eodem
1559 605 1636 639 festo.

1032 645 1163 682 Rcceptio
1181 648 1280 682 prima,
1298 647 1475 681 Venetorum,
1492 658 1543 678 vox
1557 652 1616 678 toni
1631 651 1649 687 ,Ι
1667 661 1675 679 :
1694 661 1703 678 ι
1722 653 1780 681 Ma-

995 701 1078 728 gnnm
1112 698 1139 720 ct
1167 695 1351 722 venerandum
1377 698 1588 725 resurrectionis
1617 700 1779 734 mysterium

995 739 1142 772 splendens
1156 739 1236 767 hodie
1260 745 1385 767 creatura
1400 742 1532 769 celebrat.
1552 743 1684 772 Dominus
1706 746 1778 772 enim

995 783 1088 818 gloria:
1109 788 1240 812 terrorem
1254 786 1351 813 mortis
1360 787 1485 818 removit,
1499 787 1649 815 inferorum
1667 797 1778 824 regnum

995 830 1133 865 spoliavit,
1150 830 1289 865 quondam
1307 835 1432 858 mortuos
1450 839 1503 859 una
1526 834 1668 865 excitavit.
1686 833 1779 861 inelTa-

995 876 1048 903 bile
1067 876 1197 912 gaudium
1213 883 1246 903 ac
1264 876 1388 905 divinum
1403 877 1528 905 Paschal
1556 878 1718 906 Mirabiliter
1733 887 1779 906 ee-

995 923 1128 956 lebratur,
1141 926 1257 957 augetur
1275 923 1360 950 robur
1374 927 1508 955 vestrum,
1529 924 1644 957 domini,
1662 925 1695 952 ad
1719 925 1779 959 glo-

995 969 1086 1001 riam.
1124 967 1224 996 famam
1256 971 1284 995 et
1314 968 1430 995 salutem
1460 967 1662 998 Romanorum.
1683 980 1692 996 ι
1724 970 1780 1006 28

993 1014 1208 1042 Acclamationis
1225 1019 1315 1041 autem
1327 1015 1409 1042 verba
1429 1022 1442 1041 a
1458 1016 1673 1050 praecentorihus
1690 1021 1716 1043 ct
1730 1024 1781 1052 pc-

994 1062 1070 1098 pulo,
1079 1065 1109 1088 ut
1119 1061 1146 1088 in
1160 1060 1267 1088 caeteris
1276 1058 1490 1095 receptionibus,
1500 1066 1635 1088 cantatur.
1647 1061 1777 1089 Ultimum

993 1111 1121 1135 cantores
1137 1106 1234 1134 dicunt
1251 1115 1258 1133 :
1277 1115 1287 1132 (
1305 1105 1424 1134 Pulchre
1446 1111 1578 1134 Venerunt
1599 1108 1778 1135 dominicum

992 1152 1160 1188 sugustabus
1172 1157 1197 1179 et
1212 1152 1486 1187 porphyrogennctis.
1515 1162 1524 1178 ι
1545 1152 1664 1188 Popultll
1676 1162 1683 1180 :
1695 1162 1705 1179 ι
1716 1152 1780 1180 Pul-

992 1200 1058 1227 chre
1074 1199 1198 1226 venistis.
1221 1207 1231 1224 ι
1248 1197 1381 1226 Cantores
1399 1207 1406 1224 :
1428 1208 1437 1224 ‹
1456 1198 1616 1226 Adorantcs
1632 1207 1779 1234 resurgen-

993 1247 1028 1274 tis
1053 1246 1155 1274 Christi
1185 1245 1311 1279 gloriam.
1343 1255 1352 1271 ι
1387 1245 1507 1279 Populus
1535 1255 1541 1272 :
1574 1256 1583 1271 ι
1617 1245 1777 1280 Longaavam

993 1291 1075 1322 Deus,
1095 1299 1104 1316 ι
1124 1295 1176 1318 etc.
1191 1289 1321 1324 Receptio
1350 1290 1481 1322 secunda,
1508 1289 1695 1320 Prasinornm,
1709 1297 1778 1325 ape-

992 1337 1104 1364 latieum
1132 1336 1189 1363 toni
1215 1336 1251 1364 l:
1272 1345 1282 1361 ι
1319 1335 1405 1363 Hodie
1434 1335 1653 1371 impenetrabile
1673 1335 1778 1370 angelis

993 1382 1208 1410 resurrectionis
1228 1383 1391 1417 mysterium
1417 1382 1583 1409 celebratur.
1604 1380 1691 1409 Omne
1706 1381 1778 1408 enim

991 1428 1085 1455 vivum
1103 1428 1192 1462 gratia
1208 1428 1320 1462 replens
1337 1427 1364 1454 in
1379 1435 1462 1455 carne
1476 1431 1506 1454 ut
1520 1428 1602 1454 homo
1626 1427 1775 1458 occiditur,

993 1480 1019 1502 et
1036 1475 1219 1502 insatiabilem
1249 1474 1308 1502 orci
1335 1474 1507 1510 tyrannidem
1531 1473 1667 1508 captivam
1693 1473 1778 1504 ducit,

993 1521 1120 1549 occisore
1150 1521 1266 1548 occiso:
1283 1527 1356 1547 nunc
1384 1524 1518 1546 zeternum
1535 1519 1648 1546 evanuit
1679 1525 1778 1554 oppro-

954 1577 976 1606 ε
993 1567 1094 1599 brium,
1114 1573 1186 1593 nunc
1206 1566 1330 1601 exsurgit
1357 1565 1486 1600 gaudium
1512 1565 1703 1592 terminorum.
1721 1563 1779 1590 Rex

994 1613 1117 1641 omnium
1134 1612 1207 1639 Deus
1221 1612 1340 1646 vitaeque
1365 1611 1463 1644 dator,
1487 1619 1565 1638 serva
1595 1610 1723 1638 dominos
1751 1610 1777 1636 in

994 1659 1132 1693 purpura!
1154 1657 1270 1688 iTertia,
1282 1657 1460 1688 Venetorum,
1478 1664 1530 1683 vox
1559 1656 1616 1682 toni
1633 1655 1642 1682 Ι
1660 1665 1666 1682 :
1685 1665 1694 1681 ι
1713 1655 1780 1682 Cru—

994 1711 1054 1732 cem
1071 1707 1244 1738 mortemque
1261 1710 1411 1737 perpessus
1425 1702 1563 1733 Christus,
1583 1705 1681 1735 sponte
1691 1701 1718 1726 in
1735 1707 1779 1727 se-

993 1747 1139 1784 pulchrum
1155 1747 1309 1779 descendit,
1324 1747 1509 1781 contritisque
1534 1745 1626 1772 divina
1658 1744 1779 1778 potentia

994 1802 1044 1821 sua
1058 1793 1114 1821 orci
1133 1793 1231 1828 portis,
1244 1792 1373 1820 omnibus
1387 1793 1414 1819 in
1437 1792 1537 1820 saeculo
1552 1792 1668 1818 mortuis
1682 1799 1778 1818 resur-

993 1839 1142 1867 rectionem
1165 1843 1288 1866 renovat.
1303 1838 1434 1865 Creatura
1449 1838 1531 1865 hodie
1552 1837 1653 1872 duplex
1669 1836 1778 1863 Pascha

992 1883 1090 1912 salutis
1105 1883 1234 1916 celebrat,
1251 1884 1346 1910 videns
1362 1887 1499 1917 sceptrum
1515 1887 1646 1914 vestrum,
1661 1881 1777 1914 domini,

993 1937 1055 1957 cum
1079 1929 1182 1956 Christi
1197 1929 1400 1956 resurrectione
1419 1936 1473 1956 una
1489 1929 1629 1955 exoriens.
1648 1937 1658 1954 ι
1680 1927 1778 1954 Accla-

994 1975 1120 2002 mationis
1136 1979 1196 2002 acta
1217 1982 1231 2002 a
1247 1975 1405 2002 cantoribus
1419 1979 1446 2001 et
1461 1974 1561 2009 populo
1583 1979 1612 2001 ut
1628 1974 1655 2000 in
1672 1974 1779 2006 caeteris

993 2020 1160 2048 factionibus
1206 2025 1363 2048 cantantur.
1407 2019 1551 2047 Postremo
1595 2024 1779 2054 przecentores

993 2065 1089 2093 dicunt
1121 2075 1128 2093 :
1164 2076 1173 2091 ι
1199 2066 1352 2093 Adorantes
1381 2066 1484 2093 Christi
1521 2066 1679 2092 resuscilati
1719 2065 1777 2100 glo-

993 2112 1072 2144 riam,
1097 2121 1107 2137 ι
1137 2116 1189 2138 etc.
1224 2111 1345 2146 Populus
1369 2120 1376 2138 :
1402 2121 1411 2137 ι
1438 2111 1600 2145 Longaevam
1637 2110 1708 2138 Deus
1739 2110 1778 2137 fa-

993 2157 1058 2187 ciat,
1083 2160 1137 2184 etc.
1156 2166 1165 2182 ι
1197 2156 1328 2191 Receptio
1354 2161 1462 2190 quarta,
1492 2157 1670 2184 Prasinornm
1697 2163 1705 2182 :
1727 2163 1775 2182 vox

993 2203 1049 2229 toni
1065 2202 1098 2229 lll
1114 2211 1122 2229 :
1142 2211 1151 2228 ι
1172 2202 1276 2229 Pascha
1299 2202 1405 2229 Domini
1422 2203 1502 2229 hodie
1518 2202 1667 2233 intuentes,
1688 2210 1697 2226 ι
1715 2205 1769 2228 etc.

153 2242 218 2268 στοῦ
236 2242 286 2277 τὴν
298 2242 387 2276 δόξαν.
409 2252 418 2268 ι
440 2242 469 2269 '0
482 2243 558 2274 λαός·
581 2252 590 2268 ι
610 2243 791 2279 Πολυχρόνιον
802 2245 910 2280 ποιήσει
922 2246 936 2272 ό

992 2248 1103 2282 Quinta,
1120 2249 1286 2276 Venetorum
1300 2256 1307 2274 :
1330 2255 1380 2275 vox
1397 2249 1454 2275 toni
1470 2249 1480 2275 ι
1498 2257 1505 2275 :
1522 2257 1531 2274 ‹
1552 2247 1711 2274 Benovatur
1727 2247 1775 2274 ho-

151 2290 218 2321 Θεὸς
229 2289 278 2325 τὴν
296 2299 306 2316 ι
321 2299 348 2316 κ.
359 2299 383 2316 τ.
397 2289 422 2316 λ.
439 2290 508 2325 Δοχὴ
525 2290 553 2317 δὲ
570 2291 696 2326 τετάρτη,
717 2291 770 2318 τῶν
783 2292 936 2328 Πρασίνων,

153 2336 229 2370 φωνὴ
242 2336 287 2371 ἧχ.
301 2335 325 2370 γ’
336 2344 344 2351 ⁸
359 2345 368 2362 ι
387 2336 481 2370 Πάσχα
491 2336 595 2370 Κυρίου
609 2338 728 2373 σήμερον
742 2338 914 2374 καθορῶντες
925 2349 934 2364 ι

152 2381 201 2408 καὶ
215 2381 251 2408 τὰ
279 2381 355 2416 ἑξῆς.
376 2381 444 2417 Δοχὴ
459 2380 490 2415 ε’,
520 2382 574 2408 τῶν
589 2383 720 2416 Βενὲτων,
747 2385 821 2419 φωνὴ
837 2385 883 2420 ἧχ,
901 2383 936 2411 α’.

153 2435 165 2453 ι
190 2426 392 2461 Ἐγκαινίζεται
405 2428 524 2462 σήμερον
549 2426 604 2453 τῶν
631 2427 781 2463 ἀνθρώπων
798 2430 815 2464 ἡ
844 2430 937 2464 φύσις,

152 2472 310 2508 παραδόξως
327 2473 358 2498 ἐκ
374 2472 475 2508 φοορᾶς
497 2472 740 2508 μεταπλαττομένη
756 2474 824 2509 πρὸς
837 2475 940 2510 ἀφθαρ-

118 2552 121 2555 _
152 2518 227 2550 σιαν,
255 2517 408 2549 στολίζεται
439 2517 488 2551 τὴν
516 2517 612 2552 στολὴν
632 2519 680 2553 τῆς
697 2519 831 2553 προτέρας
847 2519 936 2554 δόξης,

992 2295 1036 2322 die
1053 2294 1172 2321 humana
1193 2299 1302 2326 natura,
1331 2293 1524 2321 admirandum
1550 2295 1577 2320 in
1606 2293 1715 2320 modum
1743 2300 1776 2320 ex

992 2339 1169 2373 corruptione
1193 2339 1220 2367 in
1243 2338 1426 2374 integritatem
1455 2343 1635 2366 transmutata
1655 2348 1661 2366 :
1685 2339 1776 2366 induit

992 2385 1092 2420 prioris
1105 2385 1198 2420 gloriae
1220 2385 1421 2418 vestimentum,
1440 2392 1495 2413 non
1523 2385 1640 2420 amplius
1656 2392 1671 2411 ει
1688 2388 1775 2412 morte

991 2430 1157 2465 superanda.
1175 2430 1285 2458 Tenens
1305 2431 1380 2457 enim
1396 2431 1480 2457 robur
1491 2430 1588 2457 mortis
1605 2434 1773 2457 coaeternum

996 2477 1085 2504 Patris
1102 2481 1128 2504 et
1140 2484 1218 2511 aeque
1232 2477 1407 2503 inaccessum
1425 2475 1558 2508 Verbum,
1578 2476 1635 2504 orci
1660 2483 1774 2510 regnum

987 2523 1126 2558 spoliavit,
1140 2522 1405 2557 solvit-captivorum
1419 2522 1538 2553 vincula,
1551 2522 1704 2548 libertatem
1720 2527 1777 2547 om-

151 2563 254 2599 μηκέτι
274 2563 314 2599 τῷ
338 2563 444 2598 θανάτῳ
473 2564 654 2599 κατεχομένη.
683 2564 711 2591 '0
739 2564 793 2600 γὰρ
814 2566 884 2600 ἔχων
907 2567 937 2593 τὸ

992 2569 1066 2597 :iibus
1080 2569 1193 2597 donavit
1207 2578 1214 2595 :
1230 2568 1276 2596 hic
1293 2567 1430 2596 custodiet
1455 2568 1540 2596 robur
1557 2567 1724 2603 maiestatis,
1740 2564 1774 2591 ad

788 2637 907 2665 VARUE
929 2639 1130 2668 LECTIONES.

188 2681 211 2697 "
224 2681 295 2717 χαρὰ
306 2681 489 2718 ἀνεκλὰλητος
503 2682 549 2710 καὶ
564 2682 635 2710 θεῖον
651 2683 746 2718 Πάσχα
759 2685 875 2711 τελεῖται
891 2685 936 2712 ed.

645 2739 741 2767 JOAN.
758 2739 830 2769 ΜΟ.
847 2740 970 2768 REISKII
980 2739 1263 2768 COMMENTARIUS.

188 2784 245 2820 (59)
261 2785 299 2812 Ad
313 2785 441 2815 mulieres
457 2792 598 2822 unguenta
614 2787 646 2814 ad
659 2787 816 2821 sepulcrum
834 2787 936 2815 Christi

154 2820 431 2858 [frentcsrcspicitur
444 2820 526 2850 Marc.
539 2831 592 2855 va,
610 2823 618 2849 l
635 2831 677 2856 ;v.
692 2823 729 2849 Du
743 2821 834 2858 Cangc
844 2822 935 2850 Gloss.

152 2855 245 2891 Grav.
262 2856 427 2891 Μυροφόροι.

190 2890 245 2925 (60)
262 2890 329 2919 llin’c
349 2890 503 2929 corrigatur
528 2893 639 2922 Contin.
664 2893 805 2922 Constant.
827 2900 853 2929 p.
871 2892 934 2927 τοι,

992 2787 1037 2815 ubi
1054 2787 1146 2814 ἄνεσιν
1164 2787 1272 2822 legitur.
1296 2786 1449 2822 Opponitur
1469 2786 1502 2819 τῇ
1527 2783 1701 2809 καταπτώσει
1723 2782 1777 2808 τῶν

991 2823 1160 2857 Βαρϐάρωνς
1174 2830 1199 2848 v.
1216 2830 1241 2856 ρ.
1258 2823 1302 2848 29.
1534 2853 1555 2857 __
1595 2852 1630 2857 __
1763 2852 1773 2857 ἢ

1026 2852 1232 2892 (’61)”(ἳαιι(1ἱιιὴι
1250 2853 1579 2892 totiuslerrqruncorbis.
1595 2852 1702 2888 Πέρατσ.
1730 2852 1775 2879 τοῦ

990 2889 1091 2929 κότμόυ
1104 2893 1145 2920 vel
1163 2893 1212 2927 τῆς
1228 2890 1390 2926 οἰκουμένης
1407 2889 1605 2924 intelliguntm'.
