2019 3146
64 165 122 198 Ξ33

484 164 533 194 DE
553 162 778 193 CERIMONUS
790 161 899 192 AULJ‘Z
921 161 1140 191 BTZANTlNﬂ
1160 163 1232 192 LIB.
1252 163 1276 192 Ι.

1648 164 1701 197 23S

69 234 122 261 μεν
138 224 176 255 ὡς
193 222 336 256 Θεοτόκον,
355 223 400 249 καὶ
417 222 574 257 ἑξαιτοῦμεν
590 222 703 257 στόματι
723 222 845 257 ἁσιγήτῳ
856 229 862 236 ·

921 225 1023 248 stamur
1040 228 1086 248 ore
1099 223 1240 255 numquam
1258 219 1375 248 silente:
1390 220 1442 248 alis
1454 225 1506 249 tum
1522 222 1702 251 intercessio-

67 271 183 307 πτέρυξι
194 270 244 305 τῆς
259 269 310 303 σῆς
322 269 470 305 πρεσϐείας
481 270 494 296 6
506 270 580 296 δεῖνα
595 270 642 296 καὶ
659 269 673 295 6
695 269 769 296 δεῖνα
783 277 862 303 περι-

67 317 189 352 φὺλαττε
207 316 287 350 μέχρι
302 314 408 347 τέλους.
427 324 435 340 ν
456 315 485 341 '0
499 315 716 350 ἀπελατικδςῆχ.
731 314 751 341 δ’
763 322 770 330 ⁸
789 324 798 340 ο
819 314 861 346 Σὲ,

67 363 118 398 τὴν
136 362 262 389 παστάδα
287 361 333 388 τοῦ
364 360 495 397 Χριστοῦ,
515 361 547 388 δι’
563 358 596 396 ἧς
621 361 726 396 ξλαμψε
747 362 863 396 Χριστὸς

69 409 142 436 κατὰ
157 409 246 443 σάρκα
276 408 333 439 τοῖς
355 407 471 442 βροτοῖς,
498 407 628 443 αἱνοῦμεν
652 408 713 434 λαοὶ
727 407 861 440 ἐπαξίως·

68 453 196 486 Θεοτόκε,
212 453 276 484 τοὺς
303 452 436 484 δεσπότας
452 452 495 484 ὼς,
506 453 654 488 φωστῆρας
671 452 807 487 περίσωζε
824 453 863 483 εἰς

71 501 217 534 ἀνέγερσιν
232 499 280 526 τοῦ
295 498 411 533 κόσμου,
427 500 475 526 καὶ
492 498 609 526 Βενέτων
620 499 663 525 ἀεί
683 507 712 525 σε
729 499 864 533 κεκτημέ-

69 554 125 573 νων
138 545 302 582 κραταίωμα
314 544 451 580 βοηθείας.
474 554 482 570 ι
502 545 533 571 0!
559 545 589 572 δὲ
609 544 738 580 Πράσινοι
755 545 863 578 λέγουσι

70 592 122 627 τὴν
138 591 229 626 φωνὴν
241 591 323 624 πλαγ.
339 591 359 616 δ’
374 598 379 604 ·
400 599 409 616 ‹
430 590 462 616 Ἦ
472 590 546 626 πηγὴ
560 591 608 625 τῆς
619 589 691 626 ζωῆς
708 590 862 626 Ῥωμαίων,

73 638 213 674 Παρθένε,
239 637 339 672 Μήτηρ
362 635 430 663 Θεοῦ
447 636 493 662 τοῦ
511 635 609 670 Λόγου,
627 636 863 671 ’συστρατήγησον

75 684 146 719 μόνη
161 684 215 716 τοῖς
226 681 371 714 δεσπόταις
386 683 415 709 ἐν
428 684 459 717 τῇ
473 682 611 718 πορφύρᾳ,
623 684 679 714 τοῖς
693 680 820 709 λαϐοῦσιν
833 682 864 708 ἐκ

73 730 122 756 σοῦ
139 730 169 756 τὸ
193 729 300 764 στέφος,
325 729 367 756 ὅτι
383 728 458 756 αὐτοι
482 737 510 755 σε
524 729 670 766 κέκτηνται
691 728 761 755 κατὰ
776 729 864 755 πάντα

73 776 170 812 Ουρεδν
181 775 397 811 ἅπροσμάχητον
408 775 436 802 ἐν
448 776 481 811 τῇ
496 774 634 810 πορφύρᾳ.
654 785 662 801 ι
680 775 761 801 Ἀλλο
776 776 821 811 ήχ.
831 775 862 801 δ”

77 832 86 848 ε
110 822 285 858 Καταφυγῆς
310 822 407 848 ἐλπίδα
423 821 469 848 καὶ
483 821 616 856 σωτηρίας
639 822 684 848 καὶ
696 822 864 857 ἀντιλήψεως

72 869 154 900 κλέος
183 868 212 894 σέ
241 868 290 904 τὴν
305 868 442 902 πάναγνον
467 868 489 883 ’³
505 869 661 903 Χριστιανοὶ
686 868 862 902 κεκτημένοι,

73 912 237 947 ὲξαιτοῦμεν
254 913 292 944 ὡς
306 912 419 947 σκέπην,
435 911 647 947 πρεσϐευτικαῖς
669 912 782 947 περίεπε
800 912 863 939 τττὲ-

75 957 153 992 ρυξι·
167 957 196 984 σὲ
213 957 267 992 γὰρ
278 957 425 992 κέκτηνται
443 957 520 992 ἰσχὺν
537 957 595 984 κατ¹
613 957 718 992 ἐχθρῶν
735 965 863 991 τροπαιο-

75 1005 169 1040 φῆρον.
190 1013 198 1029 l

111 1049 150 1076 B'.
177 1049 436 1085 Ἰστέον,ὃτιταύτῃ
453 1050 487 1084 τῇ
508 1050 586 1084 ἐορτῇ
607 1049 725 1084 γίνονται
743 1049 769 1076 at
789 1049 866 1085 δοχαὶ

71 1093 171 1126 οὕτως·
185 1094 248 1130 δσχὴ
260 1097 283 1120 α’
299 1093 399 1126 ἔξωθεν
410 1095 458 1130 τῆς
470 1094 599 1129 καμάρας
609 1093 654 1121 τοῦ
669 1093 796 1128 ἐμϐόλου,
806 1095 834 1120 ὲν
844 1091 866 1128 ᾧ

74 1142 146 1168 καὶὸ
162 1140 228 1166 κίων
245 1140 362 1167 ἵσταται.
395 1140 508 1175 Δέχεται
534 1140 623 1166 ἐκεῖσε
653 1140 668 1166 6
691 1139 866 1175 δημοκράτης

74 1188 130 1213 τῶν
145 1186 276 1219 Βενέτων,
294 1185 402 1221 ἧγουνὸ
413 1185 576 1220 δομέστικος
593 1185 646 1212 τῶν
665 1185 778 1220 σχολῶν,
798 1186 867 1221 μετὰ

74 1233 123 1259 τοῦ
139 1232 290 1268 περατικοῦ
315 1232 402 1267 δήμου
420 1231 475 1258 τῶν
491 1231 621 1259 Βενέτων.
638 1231 710 1266 Δοχὴ
731 1231 752 1270 β’
766 1232 806 1263 εἰς
823 1232 868 1259 τὸν

74 1279 196 1313 ἀγωγὸν,
215 1279 244 1305 ἐν
259 1275 281 1313 ᾧ
295 1278 326 1304 τὸ
338 1278 410 1313 ὕδωρ
426 1279 511 1314 ἐκρεῖ.
527 1279 640 1314 Δέχεται
653 1281 741 1307 ἐκεῖσε
755 1282 769 1308 6
783 1281 868 1316 δημη-

76 1326 181 1361 κράτης
194 1325 248 1352 τῶν
267 1325 511 1360 Πρασίνων,ῆγουν
526 1326 540 1352 ὁ
554 1326 740 1358 ἐκσκούόιτος.
755 1326 825 1362 Δοχὴ
845 1336 868 1361 γι

73 1374 117 1404 εἰς
142 1373 186 1399 τὸν
207 1372 284 1406 ἆγιον
308 1371 430 1399 Μώκιον.
447 1372 560 1407 Δέχεται
586 1373 675 1398 ἐκεῖσε
693 1373 706 1399 6
728 1373 869 1408 δήμαρχος

75 1419 131 1445 τῶν
149 1419 269 1446 Βενέτων
285 1417 354 1454 μετὰ
368 1417 416 1445 τοῦ
431 1418 517 1453 δήμου
531 1417 577 1444 τοῦ
591 1418 699 1444 λευκοῦ.
717 1418 787 1453 Δοχὴ
802 1418 822 1445 δ’
842 1421 870 1445 ἐν

75 1464 116 1500 τῷ
135 1464 304 1499 Ἐξακιονίῳ.
319 1464 432 1499 Δέχεται
447 1464 537 1490 ἐκεῖσε
550 1464 564 1489 6
578 1464 719 1499 δήμαρχος
732 1464 787 1491 τῶν
802 1465 872 1500 Πρα-

77 1511 159 1537 clvth
173 1509 242 1545 μετὰ
269 1509 316 1536 τοῦ
334 1510 420 1545 δήμου
437 1509 484 1536 τοῦ
503 1509 624 1544 ρουσίου.
640 1509 711 1545 Δοχὴ
738 1513 758 1537 ε’
770 1510 809 1541 εἰς
826 1510 872 1537 τὸν

915 267 958 294 nis
978 267 1010 294 Ν.
1024 267 1056 294 N.
1075 272 1206 302 perpetuo
1223 270 1310 294 tuere.
1327 276 1336 292 ι
1354 267 1510 302 Apelaticns
1526 269 1582 297 toni
1598 271 1702 305 quarti:

918 324 926 339 ι
945 314 992 346 Te,
1010 314 1161 341 thalamum
1181 314 1297 346 Christi,
1313 321 1361 349 per
1376 322 1458 349 quam
1476 316 1626 343 secundum
1640 325 1702 345 car-

915 367 976 387 nem
992 359 1120 387 Christus
1145 359 1302 388 hominibus
1324 360 1461 395 apparuit,
1487 361 1584 389 merito
1609 363 1702 398 populi

915 406 1069 434 laudamus.
1092 405 1218 441 Dciparn,
1239 407 1377 440 dominos,
1398 411 1428 434 ut
1450 407 1551 434 lumina
1570 409 1602 435 ad
1626 409 1704 437 salu-

916 457 969 479 tem
985 452 1072 485 orbis,
1087 457 1111 480 et
1128 451 1294 480 Venetorum
1320 452 1371 480 tibi
1399 460 1508 488 semper
1528 447 1701 482 addictorum

917 498 1000 524 robur
1015 497 1184 533 praesidium,
1199 505 1344 525 conserva.
1366 507 1376 524 ›
1395 497 1503 526 Prasini
1527 499 1622 526 dicunt
1638 504 1704 528 tono

916 544 1026 579 obliquo
1041 543 1091 570 IV:
1115 553 1123 569 ι
1143 543 1215 571 Fons
1229 544 1291 571 vitae
1305 543 1501 576 Romanorum,
1514 544 1608 580 Virgo,
1620 545 1704 574 Mater

917 589 962 616 Dci
980 589 1084 622 Verbi,
1107 589 1165 617 sola
1191 597 1253 616 cum
1272 590 1391 618 dominis
1411 590 1438 618 in
1461 598 1582 625 purpura
1605 591 1703 624 milita,

915 635 987 670 quod
1001 636 1050 670 ipsi
1066 641 1089 662 tc
1101 635 1128 662 in
1140 636 1278 669 omnibus,
1292 640 1422 670 tanquam
1437 636 1566 664 invictum
1579 637 1704 673 clypeum

917 682 943 709 in
970 689 1089 717 purpura
1117 686 1289 718 rcccperunt.
1313 691 1322 708 ι
1351 682 1428 710 Alius
1454 687 1518 710 tono
1542 683 1594 711 IV:
1613 693 1623 710 Ι
1651 684 1706 721 35

916 727 1078 759 Christiani,
1103 729 1150 763 qui
1170 732 1196 756 te
1218 729 1434 763 sanctissimam,
1458 729 1554 764 refugii
1579 738 1654 765 spem
1679 735 1706 758 ot

916 774 1010 801 auxilii
1029 774 1183 809 salutisque
1202 774 1317 809 gloriam
1347 775 1423 802 nacti
1452 783 1548 803 sumus
1574 779 1704 810 tanquam

915 819 1083 854 praesidium,
1099 827 1222 850 oramus.
1244 819 1412 848 tutelaribus
1439 821 1491 848 alis
1513 828 1561 848 eos
1587 821 1706 849 circum-

917 865 1037 892 ambins!
1055 865 1112 892 't‘ua
1130 866 1201 893 enim
1218 865 1328 899 virtute,
1355 865 1390 893 ab
1421 866 1547 894 hostibus
1565 867 1705 895 victoriam

919 915 1069 946 reportant.
1091 921 1100 937 ι

951 1047 986 1076 ιι.
1001 1046 1148 1075 Sciendum
1163 1052 1216 1080 est,
1231 1047 1284 1076 hoc
1304 1046 1375 1076 festo
1400 1047 1540 1083 principes
1565 1048 1601 1076 ita
1619 1049 1708 1085 exclpt

917 1095 1015 1122 solere.
1028 1093 1120 1122 Prima
1133 1093 1255 1129 receptio
1267 1093 1297 1122 tit
1310 1098 1386 1122 extra
1395 1101 1533 1122 cameram
1548 1086 1577 1122 in
1589 1096 1708 1130 porticu,

919 1141 965 1168 ubi
980 1144 1008 1168 et
1020 1140 1149 1168 columna
1165 1144 1228 1167 stat.
1255 1139 1305 1167 Hic
1321 1138 1452 1175 princeps
1468 1138 1638 1168 Venetorum
1657 1148 1706 1169 seu

918 1187 1088 1215 domesticus
1104 1186 1261 1214 scholarum
1277 1193 1340 1213 cum
1355 1185 1464 1214 Venetis
1477 1185 1564 1214 adest.
1577 1185 1708 1222 Receptio

919 1232 1039 1261 secunda
1061 1231 1094 1260 ad
1120 1232 1324 1267 aqtteductum,
1341 1239 1390 1267 per
1410 1239 1492 1267 quem
1509 1239 1579 1268 aqua
1602 1232 1706 1260 eﬂluit:

919 1284 973 1308 stu!
992 1279 1027 1307 ibi
1046 1279 1367 1315 princepsPrasinorum
1384 1287 1432 1307 seu
1447 1279 1602 1308 excubitor.
1614 1278 1707 1307 Tertia

920 1327 946 1354 in
964 1325 993 1354 ὃ.
1011 1325 1102 1358 Mocii,
1120 1325 1165 1353 ubi
1188 1323 1355 1352 Venetorum
1379 1325 1507 1352 tribunus
1522 1333 1584 1352 cum
1607 1326 1709 1361 populo

923 1373 985 1400 alho
1001 1373 1088 1400 adest.
1101 1371 1203 1405 Quarta
1222 1371 1249 1398 in
1265 1371 1427 1402 Esacionio,
1444 1371 1488 1399 tibi
1501 1372 1628 1400 tribunus
1644 1372 1710 1399 Pra-

922 1420 1045 1447 sinorum
1063 1425 1127 1446 cum
1143 1417 1264 1445 factione
1282 1424 1374 1445 russa.
1392 1418 1493 1450 Quinta
1510 1418 1536 1445 in
1553 1417 1710 1454 Xerolopho

922 1474 937 1492 c
964 1464 1076 1500 regione
1103 1463 1198 1493 sacelli
1224 1464 1254 1492 S.
1270 1463 1422 1492 Callinici:
1449 1468 1504 1492 stat
1528 1464 1565 1492 ibi
1583 1464 1710 1492 tribunus

923 1510 1100 1539 Prasinorum
1114 1517 1176 1538 cum
1191 1511 1293 1546 popqu
1313 1510 1385 1538 albo.
1399 1509 1482 1538 Sexta
1500 1510 1527 1537 in
1543 1510 1602 1538 t‘oro
1615 1509 1708 1538 Bovis:

72 1554 232 1592 Ξηρόλοφον
247 1556 361 1591 ἀντικρὺ
375 1555 420 1582 τοῦ
434 1555 580 1590 εὐκτηρίου
594 1555 642 1582 τοῦ
653 1556 730 1589 ἁγίου
745 1555 871 1583 Καλλινί-

924 1557 961 1584 ibi
976 1556 1104 1592 princeps
1125 1556 1304 1585 Prasinorum
1325 1564 1373 1585 seu
1389 1556 1556 1584 domesticus
1565 1557 1709 1585 excubito-

72 1610 138 1629 κου.
157 1601 269 1637 Δέχεται
282 1602 392 1632 κάκεῖσε
408 1603 422 1628 6
432 1601 582 1636 δήμαρχος·
594 1601 648 1628 τῶν
663 1602 784 1628 Βενέτων
800 1602 868 1637 μετὰ

74 1648 125 1676 καὶ
142 1648 189 1675 τοῦ
216 1648 302 1683 δήμου
328 1647 375 1674 τοῦ
403 1647 511 1674 λευκοῦ.
530 1647 599 1682 Δοχὴ
627 1650 654 1679 ς’
671 1647 710 1678 εις
729 1647 775 1674 τὸν
788 1647 867 1675 Βοῦν.

71 1693 192 1728 Δέχεται
203 1694 292 1720 ἐκεῖσε
307 1694 321 1720 6
332 1692 509 1728 δημοκράτης
524 1693 578 1719 τῶν
591 1693 743 1728 Πρασίνων,
759 1693 843 1728 manu
855 1694 869 1720 6

71 1739 238 1774 δομέστικος
251 1738 304 1765 τῶν
319 1738 514 1765 ἐκσκουϐιτων.
525 1738 595 1774 Δοχὴ
610 1737 632 1770 ζ’
643 1739 683 1770 εἰς
699 1739 732 1766 τὰ
744 1739 766 1755 ’³
783 1739 869 1774 ’Δμα-

73 1784 208 1820 στριανοῦ
223 1783 289 1820 (81).
305 1784 417 1819 Δέχεται
432 1785 522 1810 ἐκεῖσε
536 1784 550 1810 ὁ
562 1784 738 1820 δημοκράτης
749 1785 802 1811 τῶν
820 1785 869 1812 Βε-

73 1831 174 1861 νέτων,
193 1830 277 1866 ἤγουν
298 1831 312 1857 6
323 1830 482 1865 δομέστικος
498 1830 552 1856 τῶν
573 1831 686 1865 σχολῶν.
702 1830 772 1866 Δοχὴ
784 1830 809 1866 η’
829 1832 869 1863 εἱς

74 1877 108 1903 τὸ
123 1876 306 1912 Φιλαδέλφιον.
340 1876 596 1911 ’Υποστρεφόμενος
623 1877 636 1903 6
662 1877 869 1913 δήμαρχοςτῶν

76 1924 201 1950 Βενέτων
224 1922 293 1958 μετὰ
315 1922 361 1949 τοῦ
373 1923 460 1958 δήμου
489 1923 536 1950 τοῦ
555 1923 664 1957 λευκοῦ,
694 1925 765 1951 ποιεῖ
780 1925 868 1951 ἐκεῖσε

74 1968 171 2003 δοχὴν.
184 1968 254 2003 Δοχὴ
267 1968 289 1995 θ’
305 1969 344 2000 εἰς
357 1968 402 1995 τὸν
418 1967 536 2004 Ταῦρον.
546 1969 755 2004 Δέχεταιέκεῖσε
770 1971 784 1997 ὀ
799 1971 829 2006 δή
835 1980 869 2006 μ-

75 2023 165 2050 αρχος
175 2014 229 2041 τῶν
249 2015 390 2050 Πρασξνων
417 2015 487 2050 μετὰ
513 2015 560 2041 τοῦ
587 2015 672 2050 δήμου
689 2016 736 2043 τοῦ
748 2017 867 2052 ρουσίου.

75 2060 152 2095 Δοχὴ
167 2059 183 2086 ι’
194 2061 222 2086 ἐν
238 2060 277 2096 τῷ
298 2059 437 2096 φουρνικῷ
460 2060 513 2087 τῶν
540 2061 707 2096 ἀρτοπωλῶν
726 2062 768 2089 Ψ.
790 2062 871 2089 Ύπο-

77 2106 264 2141 στρεφὸμενος
292 2106 306 2132 6
331 2107 470 2142 δήμαρχος
499 2106 554 2133 τῶν
571 2107 712 2142 Πρασινων
739 2108 809 2142 μετὰ
822 2108 869 2135 τοῦ

74 2151 169 2187 δήμου
183 2150 231 2176 τοῦ
248 2151 365 2186 ρουσίου,
376 2152 448 2178 ποιεῖ
457 2153 546 2178 ἐκεῖσε
558 2151 648 2188 δοχήν.
658 2152 727 2187 Δοχὴ
741 2155 776 2179 ια’
790 2153 818 2179 ἐν
832 2152 870 2188 τῷ

75 2198 168 2233 φᾶρῳ.
191 2197 443 2233 ’Υποστρεφόμενος
467 2198 481 2224 6
501 2198 644 2233 δήμαρχος
657 2199 711 2226 τῶν
726 2199 869 2234 Πρασίνων

925 1610 995 1630 rum.
1017 1602 1140 1637 Septima
1153 1602 1181 1630 in
1198 1601 1257 1630 foro
1275 1602 1472 1629 Amsstriano:
1491 1605 1546 1630 stat
1567 1601 1603 1630 ibi
1621 1601 1710 1631 Vene-

925 1653 1014 1676 torum
1033 1649 1161 1684 princeps
1174 1655 1222 1676 seu
1237 1648 1406 1676 domesticus
1422 1647 1589 1675 scholarum.
1605 1646 1709 1675 Octau

923 1695 950 1722 in
968 1694 1186 1730 .Pliitadelpbio:
1215 1697 1356 1722 revertens
1383 1692 1550 1721 Venetorum
1581 1692 1710 1722 tribunus

924 1749 986 1770 cum
1014 1741 1113 1776 populo
1130 1741 1192 1768 albo
1219 1741 1256 1768 ibi
1282 1739 1422 1776 principes
1447 1739 1558 1775 excipit.
1574 1739 1652 1767 Nona
1681 1740 1710 1767 in

923 1787 1013 1815 Tauro
1025 1796 1031 1814 :
1051 1787 1095 1814 ubi
1110 1787 1236 1814 tribunus
1248 1785 1426 1814 Prasinorum
1439 1793 1502 1814 cum
1514 1785 1615 1820 popqu
1631 1792 1711 1814 russo

924 1833 1012 1860 adest.
1029 1833 1142 1865 Decima
1163 1833 1190 1860 in
1202 1831 1310 1860 fornice
1322 1831 1478 1867 pistorum:
1497 1835 1641 1859 revertens
1662 1832 1711 1858 tri-

924 1881 1014 1907 bunus
1042 1879 1233 1911 Prasinorum,
1247 1886 1310 1906 cum
1339 1877 1440 1913 popqu
1456 1885 1537 1906 russo
1569 1878 1710 1913 principes

923 1926 1033 1961 excipit.
1051 1926 1200 1954 Undecima
1219 1925 1247 1953 in
1272 1924 1353 1952 foro:
1371 1928 1511 1952 revertens
1535 1923 1711 1952 Prasinorum

925 1974 1063 2004 tribunus.
1080 1981 1141 2001 cum
1157 1973 1257 2009 populo
1271 1981 1351 2002 russo
1363 1977 1462 2008 praesto
1476 1977 1528 2001 est.
1543 1970 1711 1999 Duodecim:

925 2019 952 2047 in
971 2020 1098 2054 praetorio
1112 2029 1118 2047 :
1136 2024 1190 2047 stat
1205 2020 1240 2047 ibi
1257 2020 1385 2048 tribunus
1401 2018 1569 2047 Venetorum
1584 2024 1646 2044 cum
1663 2023 1711 2051 po-

923 2066 988 2100 pulo
1003 2066 1077 2092 albo.
1091 2065 1200 2093 Decima
1215 2066 1295 2093 tertia
1308 2065 1335 2093 in
1347 2064 1450 2092 fornice
1464 2064 1531 2091 Milii
1546 2071 1553 2091 :
1569 2065 1710 2090 revertens

924 2111 1052 2138 tribunus
1075 2111 1241 2138 Venetorum
1261 2118 1325 2138 cum
1354 2110 1454 2146 populo
1481 2110 1544 2137 albo
1572 2108 1710 2143 principes

925 2156 1036 2191 excipit.
1049 2155 1108 2183 Non
1126 2156 1222 2191 procul
1235 2155 1299 2184 inde
1313 2156 1442 2191 princeps
1455 2154 1644 2186 Prasincrum,
1660 2160 1710 2181 seu

924 2202 1079 2233 excubitor,
1097 2209 1160 2230 cum
1181 2202 1342 2230 transitoria
1367 2202 1489 2230 factione
1517 2200 1643 2238 Prasina,
1660 2207 1711 2228 nec

76 2244 154 2279 μετὰ
163 2243 210 2270 τοῦ
224 2243 310 2278 δήμου
323 2243 371 2270 τοῦ
387 2243 496 2280 ρουσιου
508 2245 580 2270 ποιεῖ
596 2245 685 2271 ἐκεῖσε
702 2245 871 2282 δοχήνΔοχὴ

925 2255 1023 2284 magno
1042 2248 1130 2283 spatio
1145 2247 1291 2284 interiecto
1305 2251 1449 2277 revertens
1462 2247 1642 2276 Prasinorum
1659 2245 1709 2273 tri-

78 2288 115 2324 ιβ¹
127 2290 157 2315 ἐν
170 2289 208 2324 τῷ
220 2288 390 2324 πραιτωρίῳ.
407 2289 521 2325 Δέχεται
532 2290 623 2316 ἐκεῖσε
637 2290 652 2316 6
664 2290 804 2326 δήμαρχος
815 2291 872 2318 τῶν

76 2335 203 2363 Bst/2'1:th
221 2335 291 2370 μετά
305 2335 351 2362 τοῦ
366 2335 453 2371 δήμου
469 2335 516 2362 τοῦ
528 2335 635 2363 λευκοῦ.
652 2336 722 2372 Δοχὴ
736 2335 770 2371 ιγ’
789 2338 818 2364 ἐν
832 2336 872 2373 τῷ

77 2380 222 2415 φουρνικῷ
237 2379 284 2406 τοῦ
301 2380 411 2409 Μιλιου.
432 2380 686 2416 Ύποστρεφόμινος
704 2382 718 2408 6
731 2381 872 2418 δήμαρχος

75 2425 136 2452 τῶν
150 2424 271 2452 Βενέτων
283 2425 351 2461 μετὰ
361 2425 408 2452 τοῦ
421 2426 509 2461 δήμου
520 2426 567 2453 τοῦ
580 2426 688 2460 λευκοῦ,
701 2429 773 2455 ποιεῖ
781 2429 871 2456 ἐκεῖσε

75 2473 173 2507 δοχήν.
202 2472 257 2500 Καὶ
281 2473 361 2500 πάλιν
378 2474 446 2508 μετὰ
467 2473 565 2510 μικρὸν
579 2474 629 2510 τῆς
644 2475 772 2512 τοιαύτης
787 2475 870 2512 δοχῆς

924 2294 1014 2322 bunus
1034 2301 1095 2322 cutn
1116 2294 1217 2330 populo
1231 2301 1324 2328 russo,
1352 2297 1416 2322 ante
1437 2293 1575 2322 Achilleas
1590 2293 1711 2320 thermas

924 2339 957 2368 ad
978 2345 1083 2375 portam
1099 2339 1213 2368 Meletes
1232 2340 1322 2369 adest.
1334 2340 1500 2369 Venetorum
1517 2343 1608 2366 autem
1635 2338 1711 2374 prin—

923 2394 988 2421 ceps
1010 2393 1056 2414 seu
1073 2386 1242 2415 domesticus
1271 2386 1430 2415 scholarum
1455 2393 1517 2413 cum
1550 2384 1712 2413 transitoria

926 2431 1091 2461 Venetorum
1121 2433 1223 2468 populo
1249 2432 1278 2461 in
1296 2432 1426 2460 cancellis
1454 2431 1562 2460 cbalces
1587 2437 1636 2458 eos
1664 2437 1712 2457 sx-

925 2480 1000 2515 cipit.

75 2521 187 2556 δὲχεται
212 2523 226 2548 6
240 2520 414 2557 δημοκράτης
440 2521 495 2549 τῶν
513 2522 669 2558 Πρασίνων,
686 2524 769 2559 ἧγουν
786 2526 801 2552 ὁ
820 2525 1005 2560 ἐκσκούὸιτος,
1034 2528 1102 2564 μετὰ
1126 2527 1174 2556 τοῦ
1200 2527 1351 2564 περατικοῦ
1374 2527 1461 2564 δήμου
1478 2527 1532 2554 τῶν
1557 2524 1710 2560 Πρασίνωνι

77 2570 137 2597 Καὶ
153 2569 233 2596 πάλιν
252 2570 320 2605 μετὰ
337 2571 434 2606 μικρὺν
448 2571 686 2608 ὑποστρεφόμενος
707 2574 871 2611 ὁδήμαρχος
889 2576 944 2603 τῶν
956 2577 1100 2613 Πρασίνων
1116 2577 1185 2613 μετὰ
1195 2576 1243 2604 τοῦ
1257 2577 1344 2613 βήμου
1372 2575 1419 2604 τοῦ
1439 2574 1558 2613 ρουσιου,
1591 2572 1711 2600 ποιοῦσιν

78 2617 172 2643 ἐκεῖσε
186 2615 267 2650 δοχὴν
277 2617 389 2651 ἀντικρὺ
401 2616 447 2643 τοῦ
471 2617 617 2653 Ἀχιλλέως
636 2619 704 2655 πρὸς
723 2620 772 2656 τὴν
784 2622 875 2657 πύλην
885 2623 935 2658 τῆς
946 2623 1081 2659 Μελίτης,
1109 2624 1157 2651 καὶ
1185 2623 1266 2651 πάλιν
1280 2623 1349 2659 μετὰ
1384 2622 1481 2659 μικρὸν
1508 2621 1559 2655 τῆς
1584 2618 1712 2652 τοιαύτης

735 2687 852 2718 νΑιιιλΕ
871 2691 1074 2721 LECTIONES.

116 2744 141 2759 ﬂ
159 2742 279 2776 πανάγον
296 2747 324 2768 ut
340 2741 514 2778 supru,conj.
530 2741 620 2770 Leich.
661 2745 684 2761 "
699 2746 738 2777 ιις
752 2746 787 2772 τὰ
800 2745 846 2780 R.,
859 2748 898 2779 et;
909 2748 969 2775 cod.
991 2755 1132 2784 superscr.
1147 2756 1173 2782 τ,
1194 2748 1233 2780 εἰς
1249 2748 1294 2775 τὸν
1307 2747 1350 2775 ed.

1404 2746 1444 2764 η*
1456 2742 1633 2780 ἀρτοπωλῖων
1650 2731 1712 2768 cod-

585 2811 680 2840 JOAN.
694 2813 766 2841 JAC.
787 2813 913 2843 REISKll
930 2815 1215 2844 COMMENTARIUS.

120 2859 177 2895 (8t)
193 2859 310 2893 Quando
333 2858 489 2887 coenobium
508 2858 633 2887 indicare
661 2860 759 2888 volunt
788 2859 874 2888 Graeci

79 2895 121 2923 ub
136 2896 187 2923 hoc
201 2895 242 2922 vel
257 2895 305 2921 ilio
319 2898 455 2922 structum
470 2899 517 2922 aut
545 2895 771 2928 denomimntum,
797 2896 875 2923 adhi-

289 2944 425 2973 Pnaoa.
450 2944 510 2975 Gn.
530 2943 620 2974 CXll.

931 2862 995 2890 bent
1013 2867 1139 2890 neutrum
1153 2862 1259 2898 plurale
1278 2862 1321 2894 τά.
1341 2865 1371 2889 ut
1385 2859 1419 2888 τὰ
1439 2859 1648 2924 'Apaargtavob,
1677 2856 1714 2886 τὰ

931 2897 1050 2924 Ναοτοῦ.
1064 2898 1095 2924 τὰ
1110 2898 1261 2924 musam.
1279 2901 1332 2924 etc.
1350 2895 1411 2923 Vid.
1431 2905 1491 2924 nou.
1511 2896 1543 2923 10
1563 2915 1571 2922 .

931 2897 1050 2932 Ναρτοῦ,
1064 2898 1095 2924 τὶ
1110 2895 1261 2932 ’Πλῦϐρῖου,
1279 2901 1332 2924 ett‘.
1350 2895 1411 2923 VM.
1431 2895 1491 2931 pug.
1511 2895 1571 2924 102.

1476 2945 1495 2975 8
