2019 3146
255 146 307 180 327

769 145 1027 179 CONSTANTINI
1046 143 1384 175 PORPHYROGENITI

1835 144 1889 177 3‘23

255 209 438 241 precatusque
453 204 600 232 iustratum
617 202 689 231 sacri
704 202 811 234 altaris,
824 206 854 229 ut
869 201 949 235 solet,
961 204 1050 228 mutat

1105 208 1152 235 χης
1175 199 1326 235 εἰσέρχεται
1358 199 1398 230 εἰς
1417 199 1447 226 τὸ
1472 199 1673 234 θυσιαστήριον,
1688 199 1702 226 6
1721 199 1748 226 δὲ
1762 199 1890 235 βασιλεῦς

255 252 334 286 eique
349 251 540 286 apocombium
564 250 690 285 imponit,
707 253 734 276 et
750 256 812 276 cutn
829 248 984 284 patriarcha
1001 255 1050 282 per

255 298 382 325 dextrum
400 297 514 325 sacrarii
534 296 605 324 latus
623 296 656 323 ad
674 299 785 323 sanctas
805 295 905 330 januas
928 294 1046 322 bematis

255 342 384 370 discedit.
402 342 508 369 Interea
527 341 682 376 patriarcha
703 340 736 366 ad
761 339 955 367 celebrandum
974 338 1046 365 divi-

254 396 320 416 num
347 387 465 414 oﬂicium
487 387 516 414 in
533 386 655 414 sacrario
670 389 770 417 manet.
787 385 936 420 imperator
953 387 1044 410 autem

255 433 321 460 inde
351 440 499 467 egressus,
525 439 573 466 pcr
597 432 669 458 latus
695 430 813 465 gynaecei
837 429 953 462 transit,
980 429 1044 456 dum

255 478 366 506 interim
385 477 492 511 patricii
513 481 589 504 cstra
617 480 723 511 portam
740 475 860 503 cochleae
885 482 948 501 cum
975 478 1047 502 stra-

256 523 337 558 tcgis,
354 522 561 555 cerimoniario,
587 521 746 549 silentiariis
772 524 799 548 et
820 523 928 552 senatu,
956 519 1044 547 fausta

257 568 416 602 imperatori
441 567 663 602 apprecatttibus,
679 567 800 593 adstant.

1099 245 1248 280 εὐξάμενος
1265 245 1312 271 καὶ
1330 244 1438 276 ἐπιδοὺς
1454 245 1493 280 τῷ
1511 245 1684 281 πραιποσίτῳ
1698 245 1761 277 τοὺς
1773 245 1890 280 κηροὺς,

1098 292 1264 326 εἰσέρχεται.
1287 290 1385 317 Ἦνίκα
1399 290 1427 316 δὲ
1449 290 1541 325 μέλλει
1553 291 1724 325 εἰσέρχεσθαι
1740 291 1779 322 είς
1795 291 1825 317 τὸ
1839 291 1892 317 θυ-

1097 338 1265 373 σιαστήριον,
1290 338 1486 374 ὲπιῤῥέπουσιν
1509 338 1534 364 οἱ
1553 333 1750 373 μητροπολῖται
1775 338 1890 369 κατὰτὸ

1098 383 1158 414 ἔθος
1174 384 1208 410 τά
1221 384 1286 418 ἅγια
1300 383 1381 419 θύρια
1394 384 1461 419 πρὸς
1476 385 1521 410 τὺν
1535 383 1656 419 βασιλέα,
1673 384 1720 411 καὶ
1732 384 1894 419 προσκυνή-

1099 437 1148 461 σας
1162 430 1176 456 6
1194 429 1320 465 βασιλεὺς
1336 430 1399 462 τοὺς
1418 430 1461 456 ἐπ’
1476 431 1573 462 αὐταῖς
1598 430 1791 466 πεπαρμένους
1804 438 1886 457 σταυ-

1100 476 1173 511 ροὺς,
1192 476 1347 512 εἰσέρχεται
1364 477 1403 508 εἰς
1417 477 1448 503 τὸ
1461 476 1663 512 θυσιαστήριον,
1677 477 1726 503 καὶ
1738 476 1893 510 εὐξάμενος

1099 521 1255 554 ὑπαλλάξας
1269 522 1318 558 τὴν
1335 523 1415 557 ἁγίαν
1431 522 1581 557 τράπεζαν,
1607 523 1644 554 ὡς
1657 521 1774 548 εἰθισται
1802 520 1892 555 αὐτῷ.

1097 567 1205 603 τίθησιν
1217 569 1260 600 ἐπ’
1276 569 1344 604 αὐτῇ
1357 569 1526 604 ἀποκόμειον
1540 570 1587 596 καὶ
1606 569 1744 604 διέρχεται
1760 568 1829 604 μετὰ
1839 567 1893 595 τοῦ

257 614 428 649 πατριάρχου
445 613 489 640 διὰ
515 614 564 648 τῆς
587 614 707 648 πλαγίας
733 615 780 641 τοῦ
797 614 992 650 θυσιαστηρίου
1016 615 1049 641 ὲκ
1059 616 1153 649 δεξιῶν
1167 617 1248 653 μέχρι
1269 618 1324 645 τῶν
1339 618 1424 652 ἁγίων
1435 618 1525 654 θυρῶν
1551 618 1597 645 τοῦ
1632 618 1766 653 βήματος.
1804 617 1862 644 Καὶ
1876 617 1895 643 ὁ

259 663 308 698 μὲν
323 662 496 697 πατριάρχης
525 662 600 697 μένει
624 663 653 688 ὲν
666 662 705 696 τῷ
722 662 906 698 θυσιαστηρίῳ
923 663 992 697 πρὸς
1014 663 1046 690 τὸ
1066 665 1206 692 ἐκτελέσαι
1222 666 1271 702 τὴν
1287 667 1362 692 θείαν
1375 665 1558 701 λειτουργίαν,
1575 667 1588 691 6
1599 665 1627 691 δὲ
1661 664 1787 700 βασιλεὺς
1815 664 1898 697 ἐξελ-

257 708 312 735 θὼν
323 707 356 733 ὲκ
368 707 413 733 τοῦ
427 707 621 743 θυσιαστηρίου
650 708 786 743 διέρχεται
810 709 855 735 διὰ
882 709 932 744 τῆς
961 709 1078 743 πλαγίας
1097 711 1144 737 τοῦ
1157 711 1327 745 γυναικίτου,
1338 713 1362 738 ot
1376 712 1404 738 δὲ
1416 711 1556 747 πατρίκιοι
1574 712 1697 738 ἵστανται
1723 711 1822 744 ἐεωοεν
1840 710 1896 744 τῆς

257 755 347 789 πύλης
360 754 410 788 τῆς
426 754 589 789 είσαγούσης
603 756 642 786 εἰς
653 755 698 781 τὸν
712 755 822 790 κοχλιὰν
843 755 913 790 μετὰ
928 757 1101 792 στρατηγῶν,
1116 757 1165 793 τῆς
1179 758 1374 791 καταστάσεώς
1386 767 1418 785 τε
1448 758 1494 785 καὶ
1522 757 1719 793 σιλεντιαρίων,
1750 756 1818 792 μετὰ
1840 758 1896 792 τῆς

259 803 412 837 συγκλήτου
426 802 642 838 ὑπερευχόμενοι
662 803 708 829 τὸν
728 802 852 838 βασιλέα.

294 848 337 875 lV.
353 849 410 880 Hic,
425 856 440 876 a
456 848 593 883 praefectis
610 849 728 876 cubiculi
748 853 775 876 et
796 850 981 884 imperatoriis
997 849 1047 877 mi-

1135 851 1171 876 A’.
1192 850 1223 876 '0
1236 849 1264 876 δὲ
1283 849 1418 884 βασιλεὺς,
1435 848 1645 883 δηριγευὸμενος
1664 846 1717 874 ὑπό
1728 855 1757 873 τε
1771 846 1824 873 τῶν
1838 846 1897 881 ἀρ·

258 895 353 922 nistris
376 894 512 929 stipatus,
531 902 579 928 per
608 898 743 922 secretam
764 896 903 923 cochleam
928 897 1052 924 ascendit

257 946 283 968 et
299 940 445 975 capellam,
460 940 506 967 ubi
524 944 550 967 et
569 940 688 967 divinatn
705 941 842 976 liturgiam
864 942 994 974 celebrat,
1010 942 1052 970 in-

258 988 391 1023 greditur,
407 987 511 1021 ibique,
527 987 550 1014 si
568 987 619 1020 ipsi
638 987 738 1021 placet,
756 988 952 1022 patriarcham,
963 996 1052 1024 usque

258 1034 323 1061 dum
336 1037 455 1068 tempus,
468 1040 522 1067 quo
536 1040 636 1060 mensae
650 1033 799 1065 accuutbit,
814 1034 1050 1069 appropinquavit,

259 1083 417 1114 exspectat:
448 1079 490 1107 sin
507 1079 609 1117 minus,
631 1086 679 1113 per
703 1079 922 1113 catechumenia,
940 1087 955 1107 a
972 1080 1053 1108 dictis

260 1126 388 1160 stipatus,
405 1125 503 1152 transit
525 1132 662 1159 suumque
677 1125 836 1152 cubiculum
853 1126 929 1160 petit.
945 1125 1053 1160 Appro-

260 1172 412 1206 pinquante
425 1170 544 1197 convivii
568 1174 702 1205 tempore,
729 1169 827 1197 iisdem
845 1170 1051 1201 comitantibus,

260 1224 275 1244 e
290 1212 461 1243 cubiculo‘ad
479 1216 698 1247 eatechumenia,
710 1216 755 1242 ubi
771 1220 797 1243 et
813 1215 966 1243 veneranda
980 1223 1054 1243 men-

261 1269 292 1289 sa
317 1269 366 1289 sua
381 1265 446 1293 stat,
461 1260 594 1296 procedit.
610 1261 664 1296 62
690 1259 834 1288 Invitatum
847 1261 880 1288 ad
896 1262 1052 1289 convivium

261 1307 445 1344 patriarcham
474 1305 596 1341 praefecti
622 1306 750 1334 cttbiculo
764 1314 826 1334 cum
843 1307 1022 1335 cubicttlariis
1037 1315 1053 1335 a

262 1353 391 1380 tuaudato
409 1353 437 1379 in
453 1352 577 1384 cochlea,
594 1360 642 1387 per
654 1360 736 1387 quam
755 1353 875 1387 primum
892 1353 1052 1388 imperator,

262 1403 409 1434 antequam
431 1398 619 1433 processionis
644 1402 751 1433 tempus
773 1403 895 1432 venerat,
921 1399 1054 1426 ascende~

262 1450 316 1477 rat,
336 1445 475 1479 excipiunt
488 1451 606 1479 eumque
620 1451 668 1478 per
682 1443 879 1472 catechumena
895 1445 1052 1486 adducunt:

263 1493 405 1528 ingressus
421 1499 484 1519 cum
504 1492 669 1527 impcratore
688 1496 824 1521 versatur.
843 1492 949 1521 lntrant
972 1495 1054 1521 etiam

264 1539 423 1567 sacerdotes
439 1542 466 1565 et
481 1538 601 1566 sticltum
618 1538 734 1571 faciunt,
749 1545 916 1574 acceptoque
929 1539 1055 1574 .patriar-

264 1586 323 1613 citae
351 1585 524 1620 omophorio,
539 1588 660 1618 exeunt;
678 1585 827 1620 imperator
850 1589 876 1613 et
902 1585 1056 1620 patriarcha

265 1639 367 1659 mensa:
381 1631 513 1658 assident.
528 1630 579 1663 Qui
596 1634 740 1665 postquam
762 1631 857 1664 setnel,
874 1635 905 1658 ut
919 1632 986 1666 ipsis
997 1639 1057 1659 mos

263 1681 317 1710 est,
337 1681 429 1712 potum
453 1684 607 1712 sumpsere,
625 1677 730 1704 intrant
749 1677 842 1710 amici,
868 1677 1054 1712 omnibusque

264 1731 366 1751 mensa:
393 1723 491 1750 ritibus
507 1723 635 1755 servatis,
662 1727 780 1758 surgunt
801 1727 829 1750 et
854 1723 1057 1758 egrediuntur;

264 1778 328 1797 mox
355 1771 504 1805 imperator
525 1777 635 1804 quoque
658 1773 685 1797 et
700 1770 870 1804 patriarcha,
886 1769 932 1805 qui
949 1777 1060 1797 reman-

265 1820 369 1848 serant,
382 1824 396 1843 a
413 1815 548 1848 convivio,
564 1820 709 1850 postquam
723 1816 813 1843 adhuc
825 1816 908 1844 semel
920 1816 1059 1850 biberttnt,

266 1866 393 1896 surgunt.
425 1861 470 1888 Sic
495 1865 673 1896 posteaquam
701 1869 731 1888 sc
758 1861 875 1888 invicem
899 1861 1061 1901 adorarunt,

266 1907 422 1943 patriarcha
449 1907 598 1941 egreditur,
621 1914 701 1942 quem
723 1907 756 1935 ad
786 1907 887 1934 dictam
919 1907 1060 1935 cochleam

267 1953 388 1989 praefecti
405 1953 532 1980 cubiculo
548 1952 714 1980 conducunt.
732 1953 884 1988 Imperator
899 1961 914 1980 a
931 1954 1060 1981 cubiculo

268 1999 404 2035 praefectis
433 2004 460 2026 et
489 1999 675 2034 imperatoriis
706 1999 841 2027 ministris
866 2000 1005 2034 stipatus,
1025 2000 1060 2028 ad

268 2051 350 2071 suum
375 2043 532 2070 cubiculum
551 2043 616 2075 abit,
637 2048 743 2078 tempus
757 2044 943 2078 processionis
960 2052 1059 2080 exspes

268 2098 356 2119 ctans.
381 2091 440 2124 Quo
473 2091 728 2125 appropinquante,
751 2099 766 2118 e
790 2091 917 2119 cubiculo
943 2099 995 2119 suo
1025 2092 1058 2119 ad

267 2138 461 2166 catecltumcna
477 2144 560 2172 super
575 2137 765 2171 imperatorias
777 2141 870 2172 portas
887 2137 953 2170 abit,
968 2138 1059 2172 ibique

1103 897 1205 932 χόντων
1221 896 1268 923 τοῦ
1292 895 1483 923 κουσουκλείου
1497 895 1608 923 καὶτῶν
1624 894 1771 930 βασιλικῶν
1786 894 1898 921 οἰκεια-

1103 942 1170 973 κῶν,
1185 941 1330 976 ἀνέρχεται
1344 941 1388 968 διὰ
1403 941 1449 967 τοῦ
1466 940 1594 976 μυστικοῦ
1608 939 1717 974 κοχλιοῦ
1737 939 1783 965 καὶ
1799 938 1898 973 εἰσέρ-

1102 996 1180 1022 χεται
1192 988 1232 1018 είς
1242 988 1273 1014 τὺ
1291 987 1500 1023 παρακυπτικδν
1524 987 1591 1022 (56),
1607 986 1671 1013 ἔνθα
1692 987 1738 1012 καὶ
1749 985 1798 1020 τὴν
1814 985 1898 1011 θείαν

1103 1033 1274 1069 λειτουργίαν
1293 1033 1392 1059 ’τελεῖ-
1419 1033 1467 1060 καὶ¹
1489 1033 1514 1059 εί
1539 1033 1589 1068 μὲν
1605 1031 1711 1059 κελεύει
1724 1032 1738 1058 ὸ
1754 1031 1899 1066 βασιλεὺς,

1103 1079 1242 1114 ἐκδέχεται
1270 1079 1359 1105 ἐκεῖσε
1375 1079 1421 1105 τὸν
1443 1079 1628 1114 πατριάρχην,
1646 1078 1742 1113 μέχρις
1758 1078 1791 1104 ἂν
1805 1085 1901 1104 κατα-

1102 1124 1172 1160 λάϐῃ
1184 1124 1232 1151 τοῦ
1246 1124 1413 1159 άκουμὸίσαι
1428 1124 1484 1159 (37)
1498 1125 1578 1151 αὐτὸν
1593 1125 1620 1151 ἐν
1632 1125 1664 1159 τῇ
1678 1122 1814 1159 τραπέζῃ,
1827 1123 1851 1149 εἰ
1862 1122 1901 1149 δὲ

1105 1172 1141 1206 μή
1151 1179 1192 1205 γε,
1204 1171 1340 1206 διέρχεται
1347 1171 1391 1197 διὰ
1402 1171 1456 1197 τῶν
1467 1171 1699 1206 κατηχουμενίων,
1710 1168 1902 1204 δηριγευόμε-

1103 1225 1146 1248 νος
1161 1217 1213 1243 ὑπὸ
1238 1214 1291 1243 nm
1319 1217 1537 1252 προειρημένων,
1564 1217 1611 1244 καὶ
1632 1217 1782 1252 ἀπέρχεται
1809 1217 1836 1242 ὲν
1850 1215 1901 1250 τῷ

1104 1262 1212 1289 κοιτῶνι
1228 1262 1321 1290 αὐτοῦ.
1338 1263 1436 1290 Ἠνίκα
1451 1263 1478 1289 δὲ
1491 1263 1632 1298 καταλάσῃ
1647 1263 1661 1289 6
1674 1262 1721 1288 τοῦ
1737 1261 1899 1297 κλητωρίου

1103 1309 1210 1344 καιρὸς,
1227 1308 1366 1344 ἐξέρχεται
1381 1309 1395 1334 6
1410 1308 1535 1343 βασιλεὺς
1556 1308 1610 1335 ἀπὸ
1635 1307 1682 1334 τοῦ
1698 1307 1826 1339 κοιτῶνος
1841 1307 1901 1333 αὺ-

1103 1354 1161 1386 τοῦ,
1172 1354 1381 1390 δηριγευόμενος
1394 1354 1439 1380 ὑπ’
1450 1354 1550 1386 αὐτῶν,
1568 1354 1615 1380 καὶ
1635 1354 1785 1389 ἀπέρχεται
1797 1354 1826 1380 ὲν
1835 1354 1902 1386 τοῖς

1103 1401 1339 1437 κατηχουμενίοις,
1358 1402 1386 1428 ἐν
1398 1398 1438 1433 οἷς
1451 1401 1498 1427 καὶ
1513 1401 1530 1437 ἠ
1549 1401 1629 1436 τιμία
1641 1400 1767 1436 τράπεζα
1784 1400 1900 1427 ἵσταται

1105 1448 1198 1475 αὑτοῦ.
1221 1448 1275 1475 Καὶ
1306 1448 1338 1484 δὴ
1367 1447 1568 1478 καταλαϐόντος
1588 1446 1634 1473 τοῦ
1648 1446 1819 1482 πατριάρχου
1837 1446 1900 1473 ἀπὸ

1106 1494 1309 1530 προσκλήσεως,
1324 1493 1445 1529 δέχονται
1462 1493 1543 1520 αὑτὸν
1565 1492 1696 1528 ἄρχοντες
1709 1491 1756 1518 τοῦ
1777 1491 1901 1519 κουὸου-

1107 1540 1197 1567 κλείου
1214 1540 1284 1575 μετὰ
1295 1539 1525 1574 κουσικουλαρίων
1544 1540 1565 1556 ¹¹
1580 1539 1634 1566 ἀπὸ
1651 1538 1803 1570 κελεύσεως
1814 1539 1843 1565 ὲν
1853 1539 1900 1574 τῷ

1108 1586 1212 1621 κοχλιᾷ,
1239 1585 1274 1612 δι’
1299 1583 1329 1613 οὗ
1344 1585 1461 1621 ἀνῆλθεν
1478 1586 1492 1612 6
1517 1585 1645 1620 βασιλεὺς
1659 1586 1688 1612 ὲν
1706 1585 1825 1621 πρώτοις
1840 1586 1901 1621 πρὸ

1107 1632 1154 1659 τοῦ
1171 1632 1335 1660 καταλαϐεῖν
1354 1632 1404 1667 τὴν
1427 1632 1515 1668 λιτὴν,
1543 1632 1590 1658 καὶ
1604 1631 1789 1666 ἀποφέρουσιν
1813 1632 1901 1659 αὑτὸν

1108 1679 1152 1706 διὰ
1166 1678 1219 1706 τῶν
1232 1678 1454 1714 κατηχουμένων,
1468 1679 1515 1705 καὶ
1526 1677 1656 1705 εἰσελθὼν
1672 1677 1781 1705 ἑνοῦται
1792 1677 1830 1713 τῷ
1848 1678 1903 1713 βα-

1111 1725 1187 1752 σιλεῖ.
1206 1725 1385 1760 Εἰσέρχονται
1411 1724 1439 1751 δὲ
1459 1723 1507 1751 καὶ
1517 1724 1542 1750 οῐ
1558 1725 1641 1759 ἱερεῖς
1664 1724 1712 1751 καὶ
1727 1723 1833 1750 ποιοῦσι
1849 1724 1900 1751 τὸν

1111 1771 1210 1806 στίχον,
1231 1772 1279 1798 καὶ¹
1290 1770 1419 1802 λαϐόντες
1441 1772 1465 1797 οἱ
1480 1770 1557 1798 αὐτοὶ
1570 1771 1653 1806 ἱερεῖς
1663 1770 1710 1797 τοῦ
1725 1770 1901 1806 πατριάρχου

1110 1816 1140 1842 τὺ
1151 1816 1316 1852 ὠμοφόριον,
1325 1816 1492 1851 ἐξέρχονται,
1504 1816 1550 1842 καὶ
1561 1815 1723 1847 καθέζονται
1734 1815 1900 1850 ἀμφότεροι,

1111 1863 1125 1890 ὃ
1139 1871 1169 1889 τε
1188 1862 1315 1898 βασιλεὺς
1334 1863 1382 1889 καὶ
1408 1862 1421 1888 6
1439 1861 1622 1897 πατριάρχης,
1649 1862 1678 1887 ὲν
1694 1862 1728 1896 τῇ
1759 1860 1901 1898 τραπέζῃ.

1110 1908 1230 1935 Πιόντων
1247 1907 1274 1934 δὲ
1287 1908 1325 1939 ὡς
1340 1907 1456 1934 εῐθισται
1470 1907 1561 1938 αὐτοῖς
1576 1906 1645 1942 πρὸς
1657 1905 1742 1939 ἆπαξ,
1758 1906 1901 1941 είσέρχονς

1110 1963 1154 1981 ται
1167 1954 1191 1980 oi
1217 1953 1298 1987 φίλοι,
1319 1953 1366 1979 καὶ
1379 1953 1469 1987 πάσης
1493 1954 1542 1988 τῆς
1554 1952 1600 1979 τοῦ
1619 1953 1766 1988 τραπεζίου
1781 1952 1901 1980 ἀκολου-

1111 1996 1172 2029 θίας
1198 1995 1383 2031 τελεσθείσης,
1408 1996 1566 2023 ἀνίστανται
1591 1997 1639 2024 καὶ
1667 1997 1835 2032 ἐξέρχονται,
1850 1998 1902 2024 καὶ

1113 2043 1188 2078 μένει
1204 2043 1218 2069 6
1237 2043 1361 2078 βασιλεὺς
1374 2043 1443 2078 μετὰ
1457 2043 1503 2070 τοῦ
1515 2044 1684 2079 πατριάρχου
1700 2045 1729 2071 ὲν
1740 2044 1779 2079 τῷ
1794 2045 1903 2080 κλητω-

1112 2088 1171 2124 ρίῳ,
1181 2088 1323 2120 πιόντεςδὲ
1336 2088 1418 2116 πάλιν
1431 2088 1581 2125 ἀμφότεροι
1595 2089 1663 2124 πρὸς
1676 2089 1759 2121 ἅπαξ,
1770 2089 1901 2116 ἀνίσταν-

1111 2143 1165 2162 ται.
1183 2132 1250 2162 Εῐτα
1263 2135 1503 2171 προσκυνήσαντες
1514 2135 1646 2171 ἀλλήλους
1661 2135 1675 2162 δ
1686 2143 1715 2161 τε
1731 2136 1753 2151 ³⁸
1770 2135 1902 2171 βασιλεὺς

268 2187 384 2216 vestem,
399 2190 481 2218 quam
494 2182 544 2210 hoc
564 2182 677 2210 induere
698 2183 768 2210 festo
783 2183 861 2216 solet,
876 2183 960 2211 sumit
973 2192 979 2209 :
994 2191 1053 2218 prae-

1111 2183 1158 2209 καὶ
1174 2183 1188 2209 ὁ
1200 2179 1383 2217 πατριάρχης,
1398 2183 1412 2208 6
1428 2182 1476 2217 μὲν
1491 2181 1662 2217 πατριάρχης
1678 2181 1828 2217 ἐξέρχεται,
1837 2182 1903 2214 ,δια-

270 2229 378 2264 positus
394 2229 491 2255 tiaram
508 2227 591 2262 capiti
608 2227 668 2261 ejus
686 2227 811 2262 imponit,
829 2228 886 2263 ipse
900 2236 914 2254 a
931 2228 1057 2255 cubiculo

269 2275 396 2310 stipatus,
409 2274 510 2300 dictam
525 2272 722 2301 occidentalem
737 2274 878 2302 cochleam
894 2275 979 2307 subit,
996 2282 1056 2302 om-

271 2329 320 2348 nes
342 2328 406 2348 vero
432 2320 459 2346 iu
485 2320 559 2354 sagis
587 2320 731 2354 purpureis
761 2320 789 2347 in
821 2321 952 2348 nartltece
979 2326 1057 2348 extra

270 2367 389 2395 cochleae
408 2370 515 2402 portam
533 2373 586 2393 una
611 2373 672 2394 cum
692 2366 828 2402 prafectis
847 2366 975 2394 cubiculo
995 2374 1057 2394 etim

1111 2228 1227 2261 σώζουσι
1243 2229 1271 2254 δὲ
1285 2229 1367 2255 αὑτὸν
1382 2227 1512 2263 ἄρχοντες
1536 2228 1584 2254 τοῦ
1600 2227 1793 2254 κουόουκλείου
1815 2228 1899 2263 μέχρυ

1110 2274 1157 2301 τοῦ
1172 2275 1373 2310 προειρημένου
1387 2274 1507 2309 κοχλιοῦ.
1530 2273 1559 2300 '0
1570 2273 1597 2300 δὲ
1614 2273 1741 2308 βασιλεὺς
1756 2273 1900 2308 δηριγευόο

1113 2328 1192 2354 μενος
1206 2320 1258 2346 ὑπὸ
1270 2319 1324 2346 τῶν
1343 2320 1480 2355 ἀρχόντων
1497 2319 1543 2346 τοῦ
1555 2317 1745 2346 κουϐουκλείου
1758 2319 1804 2344 καὶ
1820 2318 1901 2353 βασι-

1111 2366 1195 2393 λικῶν
1219 2366 1374 2396 οίκειακῶν.
1393 2367 1544 2402 ἀπέρχεται
1563 2366 1591 2392 ὲν
1617 2365 1656 2400 τῷ
1672 2365 1780 2392 κοιτῶνι
1801 2364 1898 2397 αὑτοῦ,

917 2457 1034 2485 VARIE
1047 2455 1249 2486 LECTIONES.

308 2518 329 2536 "
342 2519 573 2555 κουὸικουλαρίων
588 2518 621 2546 Β.
636 2526 669 2547 ex
682 2517 844 2554 compendio
857 2517 929 2551 cod.,
945 2517 1168 2554 κονϐιχουλαρίου
1190 2516 1235 2544 ed.
1266 2517 1287 2532 ¹⁶
1299 2525 1329 2544 τε
1345 2525 1401 2547 otu.
1414 2517 1457 2545 ed.

777 2594 872 2623 JOAN.
887 2595 958 2623 JAC.
974 2594 1098 2623 REISKII
1113 2595 1401 2624 COMMENTARIUS.

309 2658 365 2694 (56)
388 2657 475 2693 Supra
489 2658 542 2694 iam
559 2657 599 2691 egi
624 2657 658 2694 de
685 2654 894 2694 hacvoceaCl.
923 2655 1056 2694 iﬁnterpres

273 2689 319 2721 hic
335 2689 462 2728 capellam
475 2689 659 2726 vertit."qttod
676 2699 729 2718 uon
747 2691 907 2728 improbem.
924 2689 1055 2728 Quamvis

273 2730 344 2757 enim
368 2725 476 2763 proprie
498 2725 650 2762 feuutrhm,
676 2728 744 2763 unde
768 2726 934 2763 prospiciet
959 2725 1055 2763 despici

273 2760 527 2797 quean'sig'nilicet,
552 2763 643 2796 procul
667 2762 748 2788 dubio
765 2765 853 2797 tamen
879 2760 916 2787 ibi
941 2760 1053 2797 capella,

274 2795 423 2825 oratorium
438 2802 507 2828 erat,
527 2795 620 2831 iniquo
636 2797 791 2831 imperatori
802 2795 892 2822 divino
907 2795 989 2821 cultui
1007 2803 1054 2821 va-

273 2839 360 2860 caret.
380 2833 470 2860 Facile
493 2833 544 2859 ltoc
559 2830 702 2865 intelligat.
721 2832 766 2863 qui
783 2830 934 2864 Lipsienscs
951 2835 1057 2857 nostras

273 2875 367 2896 sacras
380 2868 452 2899 ades
469 2871 497 2895 et
511 2868 536 2895 in
551 2867 585 2894 iis
599 2864 758 2895 numerosas
772 2864 887 2901 capellas
900 2865 1009 2893 viderit.
1022 2865 1058 2892 De

1108 2655 1291 2690 capellisrvitl.
1312 2655 1349 2681 Du
1361 2655 1452 2690 Cangc
1466 2655 1554 2684 Gloss.
1567 2655 1628 2683 Lat.
1646 2655 1674 2683 b.
1693 2663 1720 2683 v.

1145 2690 1205 2727 (37),
1219 2689 1318 2727 Scilnd
1335 2690 1493 2727 xatpbqjoﬁ
1518 2691 1757 2727 ἀχουμὸίσαιηθιιι
1768 2698 1786 2727 νο
1804 2690 1903 2727 καιρὸς

1108 2724 1178 2752 ὥστε
1192 2724 1372 2759 ἀκουμϐίσαι.
1385 2724 1420 2744 ἑ
1435 2724 1600 2760 F'requentcr
1615 2726 1675 2753 novi
1686 2725 1772 2753 Graeci
1784 2726 1831 2752 τοῦ
1851 2724 1902 2760 pro

1110 2759 1180 2786 ὥστε
1197 2765 1299 2794 ponunt
1316 2760 1347 2786 ad
1364 2768 1465 2787 morem
1484 2759 1639 2788 sanctorum
1660 2759 1900 2796 evangelistarum,

1110 2796 1165 2822 imo
1179 2797 1269 2830 potius
1285 2797 1529 2823 vetustissimorum
1547 2801 1573 2822 et
1592 2796 1756 2830 optimorum
1767 2803 1903 2829 quorum-

1110 2838 1163 2871 que
1178 2835 1329 2864 auctorum,
1342 2831 1387 2867 qui
1405 2830 1474 2858 ὥστε
1488 2835 1535 2858 aut
1549 2831 1631 2858 ἕνεκα
1642 2830 1902 2866 subintelligendutn

1110 2869 1247 2892 omlttttttl.

1110 2871 1247 2892 οιιιιῑιιιιιι.
