2052 3144
289 199 342 229 393

787 193 1040 224 CONSTANTINI
1056 191 1335 223 PORPHYROGEN
1343 193 1397 224 ITI

1859 193 1912 224 3N3

257 283 260 287 ,
291 257 390 292 potine,
409 254 620 290 archiepiscopi,
633 253 763 289 episcopi,
785 253 831 286 qui
858 252 926 279 forte
941 259 973 279 eo
986 251 1029 279 die
1050 251 1075 277 iu

1131 251 1345 285 συναπέρχονται
1361 250 1389 277 δὲ
1411 249 1486 286 αὐτῷ
1503 249 1711 285 μητροπολῖται,
1739 250 1919 285 ἁρχιεπίσκο-

291 303 357 330 urbe
374 306 528 334 versantur,
540 300 632 328 clerici
652 307 760 334 quoque
790 298 894 333 Magna:
911 297 1035 325 Ecclesirc
1051 303 1078 323 et

292 349 453 383 templorum
468 347 698 378 subnrbanorum,
715 350 741 372 et
754 345 908 379 quicunque
927 344 1009 370 vitam
1031 350 1079 370 so-

291 395 409 423 litariam
425 395 452 422 in
464 393 589 421 omnibus
617 391 789 419 monasteriis
819 398 867 425 per
883 390 953 416 hanc
978 397 992 416 a
1024 389 1078 416 Dco

290 441 453 469 custoditam
469 439 562 466 urbem
587 441 680 472 agunt,
694 437 794 463 abeunt
821 440 849 462 et
875 436 1002 470 hymnum
1027 441 1078 461 no-

291 490 417 513 cturnum
432 485 458 511 in
473 483 572 518 templo
586 481 739 509 venerando
752 480 875 507 recitant.
892 479 1004 506 Postera
1024 479 1077 511 die,

292 538 351 566 quae
364 531 501 557 Dominica
515 533 566 561 est,
582 527 734 562 patriarcha
753 533 816 553 eum
834 526 913 553 dictis
926 526 1051 552 omnibus
1064 533 1079 551 e

293 577 393 611 templo
406 584 466 603 cum
480 575 592 602 solemni
612 581 707 608 pompa
730 580 779 608 per
794 571 928 606 porticum
943 570 1076 605 publicam

293 622 482 657 progreditur;
496 621 642 654 imperator
657 626 732 649 vero,
744 625 759 645 e
774 618 872 652 palatio
885 624 1018 652 egressus,
1033 624 1078 644 sa-

292 674 354 701 gum
373 666 472 697 ferens,
487 673 536 700 per
549 669 654 700 portam
669 664 824 699 spatharieii
860 663 981 694 transit,‘
996 663 1079 697 stipa-

293 717 389 747 tusque
402 719 415 738 a
428 710 684 745 cubiculariis,sagis
697 711 753 736 suis
765 709 879 741 vestitis,
889 716 937 743 per
950 716 1079 744 magnan-

293 766 351 785 ram
376 761 403 784 et
434 757 563 783 transitus
587 756 646 791 ejus
672 756 825 790 superiores
843 761 944 790 perque
962 754 1078 790 ligneam

292 802 394 830 scalam
414 802 514 837 Magna:
530 802 658 840 Ecclesia:
680 801 874 828 catechumena
892 801 986 833 intrat,
1002 804 1027 827 et
1042 799 1078 826 ibi

292 856 353 875 cum
366 848 453 875 cereis
467 848 589 875 accensis
605 853 739 882 precatus,
752 851 806 874 tum
829 847 896 881 ipse,
914 851 969 873 tum
987 845 1078 873 caeteri

291 894 553 927 omnes,sccundum
569 894 691 921 ordinem
703 893 945 924 suum,mutatoria
961 892 1020 919 alba
1038 893 1078 919 in-

1133 305 1178 323 ποι
1192 296 1239 323 καὶ
1253 296 1408 328 ἐπίσκοποι,
1424 296 1482 322 ὅσοι
1496 295 1518 322 δ’
1531 295 1565 322 ἂν
1579 296 1696 331 τύχωσιν
1707 296 1784 328 ὄντες
1801 298 1833 331 τῇ
1850 297 1920 331 erit?)

1132 342 1224 377 ἡμέρα
1237 342 1266 368 ὲν
1280 342 1313 377 τῇ
1334 341 1421 374 πόλει,
1434 341 1534 376 ὁμοίως
1550 342 1597 368 καὶ
1619 342 1644 368 οἱ
1659 338 1785 376 κληρικοὶ
1797 343 1847 376 τῆς
1868 343 1923 369 Με-

1131 387 1218 422 γάλης
1247 386 1408 420 Ἐκκλησὶας
1435 386 1481 412 καὶ
1499 387 1523 412 οἱ
1540 386 1593 413 τῶν
1609 385 1660 418 ἔξω
1686 385 1839 420 ἐκκλησιῶν
1854 386 1921 421 (2t),

1132 433 1179 460 καὶ
1195 433 1252 460 ὅσοι
1262 432 1284 458 δ’
1300 432 1332 458 ἂν
1344 433 1372 458 ἐν
1384 433 1451 458 πᾶσι
1464 433 1520 464 τοῖς
1536 433 1727 468 μονοιστηρίοις
1743 432 1790 458 τὸν
1814 433 1921 468 μονήρη

1132 478 1189 513 βίον
1201 477 1332 504 ἀσκοῦσιν
1347 477 1376 503 ἐν
1399 477 1485 513 ταύτῃ
1512 480 1545 512 τῇ
1571 478 1749 513 θεοφυ).άκτῳ
1770 477 1856 509 πόλει,
1874 479 1923 504 καὶ

1131 523 1285 550 ἐκτελοῦσιν
1307 524 1426 555 ἅπαντες
1457 523 1603 558 παννύχιον
1621 523 1705 558 ὕμνον
1721 524 1749 550 ἐν
1771 523 1811 558 τῷ
1830 524 1924 557 σεπτῷ

1131 569 1197 604 ναῷ.
1216 570 1255 605 Τῇ
1268 569 1294 596 δὲ
1310 569 1383 604 ἑξῆς,
1400 570 1460 604 ἥτις
1476 569 1534 596 ἐστὶ
1558 570 1639 604 κυρία
1655 569 1710 595 τῶν
1726 569 1850 604 ἡμερῶν,
1877 569 1924 600 ἒξ-

1131 615 1241 650 έρχεται
1275 616 1289 642 6
1317 606 1493 651 πατριάρχης
1522 615 1592 650 μετὰ
1624 616 1678 641 τῶν
1710 615 1926 651 προρρηθέντων

1132 662 1260 688 ἁπάντων
1271 662 1302 688 ὲκ
1313 661 1359 688 τοῦ
1374 661 1438 688 ναοῦ
1454 661 1522 696 μετὰ
1539 662 1587 696 τῆς
1602 661 1688 695 λιτῆς,
1706 662 1753 688 καὶ
1768 662 1923 696 διέρχονται

1131 707 1175 734 διὰ
1189 707 1237 733 τοῦ
1264 707 1393 742 δημοσίου
1412 707 1538 742 ἐμϐόλου.
1558 707 1588 733 '0
1611 707 1639 733 δὲ
1660 707 1787 741 βασιλεὺς
1805 706 1924 739 ἐξελθὼν

1132 752 1186 778 ἀπὸ
1204 752 1250 778 τοῦ
1265 753 1408 784 παλατίου,
1426 752 1516 787 φορῶν
1532 752 1635 786 σαγίον,
1652 752 1696 778 διὰ
1709 752 1758 785 τῆς
1770 751 1858 785 πύλης
1872 750 1924 777 τοῦ

1133 797 1329 833 σπαθαρικίου,
1357 798 1406 824 καὶ
1430 797 1640 833 δηριγευόμενος
1655 797 1707 824 ὕπὸ
1721 805 1750 823 τε
1765 796 1819 823 τῶν
1834 797 1857 827 Ῥ
1873 795 1923 822 τοῦ

1133 842 1325 869 κουὸουκλείου
1341 843 1496 878 φορούντων
1520 844 1553 870 τὰ
1570 843 1652 877 σαγὶα
1667 843 1767 873 αὐτῶν,
1783 842 1923 876 διέρχεται

1130 888 1174 916 διὰ
1198 889 1249 923 τῆς
1276 889 1434 924 μανναὺρας
1454 889 1501 914 καὶ
1517 889 1571 914 τῶν
1586 888 1751 915 διαδατικῶν
1767 888 1852 922 αὐτῆς
1866 886 1924 913 τῶν

291 940 388 967 (luunt.
405 939 582 967 Processione
604 939 846 974 appropinquante,
867 938 1004 965 silentium
1030 938 1078 965 da-

1136 935 1290 970 ἀνωτέρων,
1323 935 1370 961 καὶ
1390 935 1434 961 διὰ
1458 935 1508 970 τῆς
1528 935 1634 969 ξυλίνης
1651 934 1752 964 σκάλας
1768 934 1923 968 εἰσέρχεται

292 990 346 1017 tur,
358 985 412 1020 93
432 986 579 1019 imperator
605 992 637 1011 ex
662 985 806 1012 metatorio
821 985 1076 1012 catechumenorum

293 1030 424 1064 procedit,
440 1037 519 1064 quem
538 1029 643 1063 patricii
669 1036 721 1055 una
745 1035 806 1055 cum
831 1028 957 1054 universo
982 1033 1078 1054 senatu

294 1076 321 1101 in
340 1083 437 1109 magno
455 1075 572 1102 triclinio
589 1074 685 1102 secreti
706 1074 857 1109 excipiunt,
872 1077 900 1101 et
922 1074 1076 1108 procidunt.

294 1120 396 1148 Deinde
412 1121 585 1155 pra‘posnus,
603 1120 679 1155 signo
695 1120 728 1146 ab
746 1120 907 1154 imperatore
931 1119 1004 1151 dato,
1021 1125 1078 1145 ma~

293 1166 379 1200 gistro
394 1165 603 1192 cerimoniarum
632 1164 789 1198 annuit,qui
804 1163 887 1190 dicit:
903 1172 912 1188 ι
933 1163 1049 1196 .lnbcte;
1066 1171 1076 1188 ι

293 1212 343 1247 ipsi
358 1221 366 1239 ι
380 1221 388 1237 ι
406 1211 433 1238 lu
450 1208 531 1238 multa
549 1211 672 1245 bonaque
688 1215 819 1244 tempora,
835 1219 843 1236 ν
865 1209 1025 1236 acclamant.

1130 983 1159 1008 ὲν
1175 983 1231 1013 τοῖς
1244 981 1470 1016 κατηχουμενίοις
1479 982 1528 1017 τῆς
1539 981 1668 1016 Μεγάλης
1685 980 1858 1015 Ἐκκλησὶας,
1874 980 1925 1006 καὶ

1131 1027 1259 1054 εἰσελθὼν
1284 1028 1298 1054 6
1327 1027 1452 1062 βασιλεὺς
1487 1028 1516 1054 ὲν
1547 1028 1603 1059 τοῖς
1625 1027 1852 1062 κατηχουμενίοις
1875 1026 1924 1052 καὶ

1131 1074 1286 1108 εὐξάμενος,
1301 1075 1392 1100 ἆπτων
1405 1074 1515 1108 κηροῦς,
1529 1073 1705 1105 ὑπαλλάσσει,
1724 1073 1857 1103 ὡσαύτως
1873 1071 1924 1098 καὶ

1131 1120 1231 1151 πάντες
1249 1120 1283 1146 τὰ
1298 1119 1368 1146 κατὰ
1397 1119 1446 1154 τὴν
1464 1119 1531 1146 ίδίαν
1545 1119 1631 1152 τάξιν,
1650 1118 1818 1152 ἀλλαξίματα
1830 1117 1927 1144 αὐτῶν

1131 1165 1166 1191 τὰ
1183 1166 1285 1200 ἇσπρα.
1298 1166 1352 1200 Τῆς
1375 1165 1402 1191 δὲ
1426 1165 1503 1200 λιτῆς
1529 1164 1704 1200 ὲγγιζούσης,
1721 1164 1820 1190 δίδοται
1833 1163 1925 1189 σιλὲν-

1133 1219 1200 1243 τιον,
1218 1211 1264 1237 καὶ
1277 1211 1414 1246 ἐξέρχεται
1443 1211 1456 1237 6
1485 1211 1612 1245 βασιλεὺς
1629 1211 1660 1237 ὲκ
1682 1211 1728 1237 τοῦ
1747 1208 1927 1244 μητατωρίου

291 1258 347 1285 τῶν
362 1257 593 1292 κατηχουμενίων,
607 1257 654 1283 καὶ
668 1257 790 1292 δέχονται
804 1255 884 1282 αὑτδν
895 1255 919 1281 οί
937 1255 1075 1288 πατρίκιοι
1094 1257 1123 1283 ἐν
1137 1257 1174 1292 τῷ
1205 1257 1313 1292 μεγάλῳ
1339 1257 1469 1292 τρικλίνῳ
1489 1257 1536 1283 τοῦ
1563 1257 1691 1292 σεκρέτου
1727 1257 1794 1292 μετᾶ
1832 1255 1928 1289 πάσης

293 1305 342 1340 τῆς
357 1305 508 1339 συγκλήτου
535 1304 582 1330 καὶ
601 1304 756 1330 πίπτουσιν.
774 1301 840 1329 Εἶτα
855 1301 944 1328 λαϐὼν
960 1301 1049 1337 νεῦμα
1069 1304 1083 1330 6
1111 1305 1290 1339 πραιτεόσιτης
1318 1304 1395 1339 παρὰ
1421 1305 1468 1330 τοῦ
1501 1303 1651 1339 βασιλέως,
1677 1304 1770 1330 δίδωσι
1799 1303 1838 1337 τῷ
1872 1302 1927 1337 τῆς

294 1353 488 1384 καταστάσεως
501 1353 548 1378 καὶ
561 1352 635 1386 λέγει
648 1359 654 1366 ’
673 1360 681 1377 ‹
697 1349 851 1377 Κελεύσατε
862 1357 869 1364 ·
889 1359 898 1375 ι
915 1349 962 1376 καὶ
978 1349 1056 1376 αὐτοὶ
1068 1351 1262 1387 ὑπερεύχονται
1277 1360 1284 1367 ·
1301 1361 1310 1376 ι
1325 1352 1370 1383 El;
1381 1352 1494 1383 πολλοὺς
1509 1352 1556 1378 καὶ
1575 1351 1693 1385 ἀγαθοὺς
1707 1351 1848 1386 χρόνους.»

329 1398 361 1426 Il.
373 1398 419 1425 Sic
432 1398 465 1425 ab
473 1398 597 1425 omnibus
608 1404 702 1424 cereos
718 1404 776 1423 cum
790 1396 888 1430 phialis
913 1396 1080 1429 gestantibus

293 1444 409 1478 stipatus
428 1448 454 1470 et
473 1437 522 1478 per
537 1449 660 1477 magnam
685 1441 823 1468 cochleam
841 1444 869 1467 et
892 1434 1078 1473 didascalium,

293 1490 339 1517 ubi
366 1489 431 1525 rycli
455 1487 595 1523 paschales
619 1487 837 1518 constituuntur,
859 1493 959 1520 perque
979 1486 1079 1513 scalam

293 1535 442 1569 digressus,
470 1541 594 1568 magnum
622 1533 777 1560 nartheccm
795 1539 847 1559 non
870 1532 966 1564 intrat,
986 1532 1032 1558 sed
1047 1531 1081 1559 ad

294 1580 387 1607 larvam
400 1586 479 1613 supra
494 1583 623 1606 metatum
636 1586 649 1604 a
666 1578 772 1612 trigono
787 1577 930 1604 divertitur
946 1585 953 1603 ι
970 1577 1082 1603 cerimo-

1164 1397 1200 1422 B'.
1217 1397 1350 1423 Κάκεῖθεν
1376 1396 1585 1432 δηριγευόμενος
1598 1397 1612 1423 6
1627 1396 1751 1430 βασιλεὺς
1774 1396 1827 1422 ὑπὸ
1853 1396 1927 1424 πᾶν·

1129 1445 1183 1468 τῶν
1203 1441 1392 1476 βασταζόντων
1419 1443 1502 1476 κηρία
1519 1442 1666 1476 ὑποφίαλα,
1689 1442 1851 1476 κατέρχεται
1878 1443 1924 1468 διὰ

1129 1487 1177 1513 τοῦ
1194 1486 1313 1521 μεγάλου
1328 1486 1437 1522 κοχλιοῦ
1457 1488 1503 1514 καὶ
1517 1487 1562 1514 διὰ
1574 1488 1622 1514 τοῦ
1643 1488 1841 1520 διδασκαλείου,
1856 1488 1924 1514 ἔνθα

1130 1532 1165 1558 τὰ
1186 1533 1336 1567 πασχάλια,
1358 1533 1406 1559 καὶ
1425 1533 1563 1560 κατελθὼν
1589 1534 1623 1560 τὰ
1641 1534 1784 1568 γραδή).ια,
1797 1535 1846 1560 οὐκ
1865 1535 1926 1561 εἰσ-

1131 1578 1242 1612 έρχεται
1258 1579 1287 1604 ὲν
1307 1577 1346 1612 τῷ
1360 1578 1471 1613 μεγάλῳ
1486 1578 1613 1613 νάρθηκι,
1635 1579 1692 1605 ἀλλ’
1704 1579 1834 1611 ἐκνεύσας
1858 1581 1924 1616 ἀρι-

292 1626 398 1653 niarius
420 1632 483 1652 vero
499 1625 532 1651 ad
556 1624 643 1651 scalas
678 1623 841 1651 constitutus
863 1623 920 1650 ait:
943 1631 952 1648 ι
971 1622 1079 1656 Caplate

1134 1624 1229 1658 στερδν
1256 1624 1300 1649 ἐπὶ
1322 1624 1352 1650 τὸ
1373 1624 1492 1658 μητάτον
1514 1624 1567 1650 ἀπὸ
1588 1624 1633 1650 τοῦ
1649 1625 1790 1659 τριγώνου,
1805 1626 1893 1660 λέγων
1910 1628 1926 1653 ὁ

293 1670 411 1704 Domini,
431 1680 441 1697 ι
460 1677 561 1706 perque
574 1669 673 1697 Scalam
684 1669 788 1705 athyris
802 1668 941 1696 descendit
954 1667 1079 1701 atqueibi

291 1718 491 1752 processionem
505 1715 616 1750 excipit.
633 1707 762 1742 Accensis
773 1720 862 1741 autem
875 1713 971 1746 cereis,
984 1720 1080 1747 preca-

291 1768 336 1790 tur
357 1767 385 1790 et
408 1761 588 1789 venerandam
606 1768 715 1788 crucem
737 1765 765 1787 et
783 1767 889 1787 sacrum
905 1754 1080 1794 Evangelium

292 1810 399 1839 adurat.
416 1807 598 1843 patriarcham
614 1807 709 1834 salutat
724 1811 751 1834 et
765 1811 828 1833 ante
842 1806 988 1832 solemnem
1004 1813 1082 1839 pom-

292 1860 354 1887 pam
379 1852 510 1886 procedit.
532 1851 744 1879 Ccrimoniarius
773 1851 945 1885 troparium:
980 1860 990 1876 (
1018 1850 1080 1877 Veri

293 1897 383 1926 cultus
397 1898 554 1932 imaginum,
576 1907 586 1924 ι
605 1898 721 1930 orditur,
740 1898 810 1931 quod
825 1904 918 1924 omnes
938 1897 1081 1930 proceden-

294 1947 335 1969 tes
347 1945 458 1969 cannnt.
473 1941 622 1976 Imperator
633 1942 746 1973 interea,
766 1941 918 1968 uartheccm
934 1941 1080 1975 ingressus,

294 1985 369 2013 sedet
381 1991 409 2012 et
430 1985 561 2019 tantisper
578 1985 640 2012 dum
660 1985 811 2019 patriarcha
828 1993 888 2012 cum
911 1986 1082 2019 proccssioae

294 2030 379 2062 venit,
394 2035 540 2066 exspectat.
556 2031 702 2065 Postquam
717 2038 784 2058 vero
799 2031 821 2058 is
834 2038 895 2058 cum
910 2032 1081 2064 processione

293 2076 411 2109 advenit,
432 2076 527 2111 surgit,
543 2080 570 2103 et
585 2081 698 2111 uterque
718 2077 751 2104 ad
769 2077 856 2112 regias
874 2081 965 2112 portas
990 2077 1081 2104 subsi-

292 2128 376 2155 stunt,
392 2123 435 2150 ubi
454 2123 602 2158 imperator
613 2123 722 2157 quidem
744 2129 804 2150 cum
819 2123 905 2151 cereis
923 2123 1080 2151 ardentibus

291 2174 428 2204 precatur,
438 2169 592 2204 patriarcha
605 2173 695 2195 autem
710 2168 939 2203 precesintroitus
953 2168 1079 2200 instituit,

292 2213 448 2248 imperator,
480 2213 563 2240 finitis
585 2213 729 2248 precibus,
756 2220 849 2240 cereos
869 2213 1023 2251 praeposito,
1037 2214 1081 2241 hic

292 2260 501 2287 cerimoniarum
513 2259 651 2293 magistro,
661 2258 754 2286 tradit.
769 2258 925 2286 Patriarcha
939 2264 1079 2294 postquam

294 2304 374 2330 ritum
401 2303 528 2330 introitus
560 2303 717 2334 celebravit,
742 2307 771 2330 et
798 2303 947 2338 imperator
971 2312 1078 2331 sacrum

295 2348 467 2383 Evangelium
488 2349 620 2381 adoravit,
641 2349 784 2382 prehensis
807 2349 921 2377 invicem
945 2350 1078 2383 manibus,

294 2401 342 2427 per
361 2393 479 2420 medium
495 2393 587 2428 templi
602 2397 760 2426 transeunt,
777 2400 876 2428 perque
893 2394 1079 2429 obliquitatem
1099 2388 1104 2393 ’

294 2438 416 2466 ambonis
433 2438 533 2465 soleant
558 2439 671 2469 intrant,
694 2440 834 2473 sacrisque
852 2439 943 2473 jauuis
959 2444 1048 2467 astant
1071 2449 1078 2466 :

294 2483 338 2510 ubi
353 2490 416 2510 eum
431 2482 519 2510 cereis
533 2483 680 2517 imperator
694 2488 830 2518 precatur,
842 2485 937 2511 deinde
947 2491 995 2511 eos
1009 2492 1079 2518 pra:«

295 2529 383 2563 posito
395 2529 491 2557 reddit.
513 2529 544 2556 Et
558 2534 699 2565 postquam
714 2530 772 2562 ipse
786 2535 813 2556 et
825 2529 978 2564 patriarcha
992 2537 1021 2556 se
1037 2530 1080 2556 iu-

295 2575 380 2602 vicem
409 2575 565 2609 adorarunt,
591 2575 636 2603 hic
668 2576 818 2603 sacrarium
845 2581 947 2602 saucue
967 2575 1081 2610 liturgiae

294 2621 461 2649 celebranda:
476 2629 566 2654 causa,
583 2622 740 2657 imperator,
755 2621 862 2648 divinos
871 2621 940 2648 ritus
952 2626 1080 2656 peractu-

1131 1668 1180 1701 τῆς
1190 1668 1382 1699 καταστάσεως
1395 1669 1464 1695 κατὰ
1477 1669 1586 1704 βαοροψ
1600 1679 1608 1695 ‹
1624 1670 1750 1696 Rau-lira
1761 1692 1768 1702 ,
1787 1672 1919 1706 Δύμηνιί

1132 1715 1180 1740 καὶ
1196 1715 1358 1749 κατέρχεται
1376 1715 1410 1741 τὰ
1427 1715 1561 1750 γραδήλια
1576 1715 1622 1741 τοῦ
1640 1716 1737 1750 ἀοὺρα,
1752 1717 1798 1742 καὶ
1814 1717 1925 1751 δέχεται

1132 1760 1220 1786 ἐκεῖσε
1243 1760 1291 1794 τὴν
1316 1760 1402 1795 λιτήν.
1417 1760 1505 1794 ’Λψας
1525 1761 1553 1787 δὲ
1570 1762 1672 1795 κηροὺς
1697 1763 1744 1788 καὶ
1759 1763 1922 1798 εὐξάμενος,

1132 1806 1282 1840 προσκυνεῖ
1311 1804 1355 1831 τὸν
1385 1804 1476 1840 τίμιον
1509 1807 1625 1842 σταυρὸν
1658 1808 1706 1833 καί⁸
1732 1807 1762 1834 τὸ
1786 1808 1925 1843 ἄχραντον

1132 1850 1310 1883 Εὐαγγὲλιον,
1332 1850 1463 1882 ὡσαύτως
1484 1851 1530 1878 καὶ
1553 1852 1705 1884 ἀσπάζεται
1717 1852 1762 1878 τὸν
1783 1854 1923 1888 πατριάρ-

1132 1904 1193 1930 χην,
1212 1896 1259 1922 καὶ.
1275 1896 1411 1930 διέρχεται
1426 1897 1581 1932 ἔμπροσθεν
1604 1898 1656 1933 τῆς
1671 1898 1759 1932 λιτῆς.
1779 1899 1808 1925 'U
1823 1900 1852 1926 δὲ
1873 1901 1923 1934 τῆς

1133 1941 1326 1972 καταστάσεως
1341 1941 1454 1977 ἄρχεται
1472 1942 1503 1969 τὸ
1513 1943 1673 1978 τροπάριον,
1694 1953 1703 1969 ι
1716 1944 1770 1979 Τὴν
1788 1944 1843 1971 τῶν
1856 1945 1926 1980 ἁλη-

1133 1985 1214 2012 θινῶν
1230 1985 1383 2020 δογμάτων,
1403 1996 1412 2012 ι
1430 1987 1460 2013 τδ
1485 1987 1550 2014 αὐτὸ
1577 1987 1734 2022 ψαλλόντων
1751 1989 1797 2016 καὶ
1811 1990 1925 2018 πάντων

1131 2032 1181 2066 τῆς
1209 2032 1408 2067 προελεύσεως.
1434 2033 1463 2060 Ὀ
1483 2034 1511 2060 δὲ
1540 2034 1678 2069 βασιλεὺς,
1696 2035 1824 2062 εἰσελθὼν
1840 2038 1869 2062 ἐν
1884 2036 1924 2071 τῷ

1132 2078 1258 2114 νάρθηκι,
1277 2079 1432 2111 καθέζεται.
1446 2080 1542 2115 μέχρις
1556 2080 1589 2107 ἂν
1604 2081 1746 2116 καταλάὃῃ
1759 2082 1772 2107 6
1785 2082 1924 2117 πατριάρ-

1131 2133 1182 2160 χης
1200 2125 1270 2161 μετὰ
1295 2125 1345 2160 τῆς
1371 2125 1456 2160 λιτῆς.
1477 2126 1531 2152 Καὶ
1554 2126 1601 2152 τοῦ
1616 2127 1785 2162 πατριάρχου
1797 2122 1923 2154 καταλα-

1131 2170 1235 2203 δόντος,
1253 2171 1393 2197 ἀνίσταται
1417 2172 1432 2197 ὁ
1457 2170 1601 2206 βασιλεὺς,
1623 2172 1670 2199 καὶ
1688 2172 1811 2199 ἵστανται
1833 2174 1926 2208 ἀμνό-

1131 2224 1205 2251 τεροι
1231 2216 1386 2251 ἔμπροσθεν
1408 2216 1462 2243 τῶν
1481 2217 1629 2251 βασιλικῶν
1649 2218 1752 2250 πυλῶν,
1771 2219 1818 2245 καὶ
1833 2221 1847 2246 6
1875 2220 1925 2254 μὲν

1135 2261 1261 2296 βασιλεὺς
1291 2262 1362 2296 ἅψας
1390 2264 1491 2297 κηροὺς
1516 2262 1665 2298 εὔχεται,δ
1689 2264 1717 2290 δὲ
1747 2266 1925 2300 πατριάρχης

1133 2307 1205 2333 τελεῖ
1222 2307 1270 2342 τὴν
1284 2308 1366 2343 εὐχὴν
1380 2309 1428 2343 τῆς
1451 2309 1566 2341 είσόδου,
1583 2310 1629 2336 καὶ
1648 2309 1796 2344 εὐξάμενος
1816 2311 1830 2337 ὀ
1844 2312 1924 2344 βατι-

1133 2352 1194 2383 λεὺς
1218 2353 1356 2379 ἐπιδίδωσι
1373 2354 1407 2379 τὰ
1424 2354 1508 2388 κηρία
1535 2354 1574 2388 τῷ
1593 2355 1776 2390 πραιποσίτῳ,
1794 2357 1926 2388 κάκεῖνος

1130 2397 1170 2432 τῷ
1182 2397 1231 2431 τῆς
1248 2398 1452 2431 καταστάσεως,
1467 2399 1519 2425 Τοῦ
1542 2399 1570 2425 δὲ
1591 2401 1758 2435 πατριάρχου
1774 2402 1824 2436 τὴν
1841 2403 1924 2437 εὐχὴν

1131 2443 1291 2475 τελέσαντος
1320 2445 1366 2471 καὶ
1391 2446 1630 2480 προσκυνήσαντος
1663 2447 1710 2473 τοῦ
1737 2447 1872 2481 βασιλέως
1896 2449 1926 2475 τὸ

1131 2489 1263 2524 ἄχραντον
1287 2490 1451 2525 Εὑαγγέλιον
1468 2510 1474 2522 ,
1501 2492 1688 2526 κρατήσαντες
1705 2492 1829 2527 ἀλλήλων
1852 2494 1859 2509 ¹
1875 2495 1925 2525 τὰς

1133 2535 1237 2569 χεῖρας,
1249 2535 1400 2570 διέρχονται
1414 2537 1496 2570 μέσον
1510 2537 1556 2564 τοῦ
1570 2537 1645 2569 ναοῦ.
1667 2539 1713 2564 καὶ
1724 2538 1767 2564 διὰ
1784 2539 1836 2573 τῆς
1854 2540 1920 2566 πλα-

1134 2580 1196 2613 γίας
1220 2581 1266 2607 τοῦ
1289 2580 1414 2616 ἄμϐωνος
1439 2582 1627 2616 ἐκνεύσαντες,
1654 2584 1823 2619 εἰσέρχονται
1847 2587 1876 2612 ἐν
1892 2587 1924 2620 τῇ

1135 2625 1238 2661 σωλαίᾳ
1254 2626 1300 2652 καὶ
1322 2627 1443 2653 ἵστανται
1462 2628 1618 2664 ἔμπροσθεν
1638 2629 1692 2656 τῶν
1713 2630 1797 2664 ἁγίων
1819 2630 1924 2665 Θυρών,

951 2689 1067 2717 VARle
1085 2690 1283 2728 LECTIONEVS.

337 2737 360 2753 ”
375 2735 428 2764 ὺπό
441 2744 470 2762 τε
489 2736 553 2763 τῶν.
569 2736 676 2772 Aliquid
693 2736 789 2763 deesse
808 2735 916 2762 videtur
930 2734 964 2762 Β.

1004 2736 1010 2751 ¹
1027 2736 1212 2771 κρατήσαντες
1222 2739 1250 2765 δὲ
1264 2739 1386 2775 ἀλλήλων
1401 2742 1444 2769 ed.

805 2804 899 2832 JOAN.
914 2805 984 2832 JAC.
1005 2805 1127 2834 REISKII
1142 2807 1426 2838 COMMENTARIUS.

331 2866 388 2906 (Et)
405 2866 478 2894 Alias
493 2867 521 2894 αἱ
537 2866 590 2898 ἔξω
604 2865 727 2894 ecclesia:
752 2868 815 2892 sunt
841 2864 1009 2892 suburbanae.
1035 2865 1083 2893 llic
1104 2871 1192 2894 autem
1222 2873 1285 2903 puto
1302 2877 1369 2898 resse
1402 2870 1520 2898 urbanas
1542 2871 1659 2907 reliquas
1689 2876 1785 2908 praeter
1812 2872 1844 2902 S.
1874 2875 1927 2901 So.

295 2901 399 2932 vitiat“.
