2052 3144
233 177 287 210 503

731 177 990 210 CONSTANTINI
1009 180 1350 219 PORPHYROGENITI

1815 182 1870 215 5οί

234 237 323 265 russo,
346 236 362 258 ι
378 229 569 258 eerimoniario
587 229 696 266 alioque
713 231 866 261 silentiario
884 238 1015 262 sustenta-

1073 235 1122 263 ὄλα
1131 236 1202 263 κατὰ
1213 237 1263 272 τὴν
1276 236 1423 272 συνήθειαν
1433 236 1463 263 ὲν
1473 236 1513 272 τῷ
1521 237 1737 272 χρυσοτρικλίνῳ
1748 237 1796 264 καὶ⁸
1807 246 1871 264 στα-

233 282 287 309 tus,
305 276 456 312 ingreditur
469 281 497 304 et
508 284 562 304 una
574 283 636 304 cum
650 277 809 306 silentiariis
825 280 940 315 primam
956 280 1021 308 ado‘

233 322 367 349 rationem
379 323 501 354 exhibet.
517 324 664 350 secundam
677 324 703 350 in
720 324 810 351 medio
824 325 954 358 triclinio,
966 330 1022 353 ter-

231 369 297 395 tiam
313 369 454 404 qnmlama
470 369 567 396 throno
582 369 737 397 intervallo.
749 369 810 397 Mox
828 372 861 398 ab
880 371 913 398 iis
934 371 1022 399 dedu-

231 416 398 448 t‘ili§,1lPlieS
411 423 443 442 ae
452 422 539 450 genua
558 415 647 448 magni
669 420 696 443 et
715 415 831 444 minoris
846 417 1022 452 imperatoris

232 461 383 495 Osculalur,
395 467 421 488 et
434 462 563 496 expansis
573 462 714 494 manibus,
727 467 870 497 postquam
881 464 1022 492 codicillos

230 517 246 536 a
263 509 382 537 dominis
404 502 521 544 accepit,
542 509 652 537 dextras
668 516 763 537 eorum
777 511 928 545 osculatur,
949 513 1021 540 ceri—

231 557 381 583 moniarius
410 563 471 582 eum
492 556 525 583 ad
546 555 646 588 Ineunt,
663 555 707 583 ubi
733 557 844 584 tertium
863 559 1019 592 procubuit,

231 601 347 634 reducit,
363 606 391 628 et
408 602 514 636 patricii
534 609 549 628 a
567 601 715 636 magistris,
731 603 838 631 caeteris
851 604 976 638 patriciis
989 612 1021 632 ac

230 648 390 675 silentiariis
415 648 589 680 circumdati,
615 648 728 681 intrant,
756 656 771 676 e
791 650 891 684 quibus
915 655 1020 679 tantum

230 695 337 729 patricii
353 694 454 729 gratias
469 694 586 721 dominis
612 698 707 728 agunt,
729 695 829 729 reliqui
853 703 918 723 vero
941 704 1021 724 sena-

231 745 313 772 tores,
329 739 456 774 quoniam
472 748 525 768 non
550 748 620 768 unus
635 741 676 768 sui
692 741 797 769 ordinis
813 747 954 777 promotus
967 746 1019 775 est,

231 786 302 813 haud
320 787 475 821 procidunt.
496 786 636 814 Postremo
665 787 692 814 in
706 787 812 815 solenni
834 788 966 823 obsequio
986 788 1020 816 ad

229 831 432 864 consistorium,
456 832 518 859 inde
541 832 580 865 ad_
600 832 744 860 ecclesiam
761 833 828 872 abit,
854 834 899 861 ubi
916 833 1020 870 reliqua

227 877 319 903 omnia
338 884 386 911 pro
403 884 481 905 more
497 877 578 905 etiam
592 885 606 904 a
626 878 734 906 czeteris
747 879 868 913 patriciis
884 887 1020 914 peragun-

1073 282 1141 310 θῶσι
1161 283 1364 319 κονσιστώριον,
1383 284 1481 318 κρατεί
1505 284 1518 310 6
1541 284 1590 318 τῆς
1607 283 1805 316 καταστάσεως
1823 284 1871 311 τὶν

1073 329 1219 364 ὀφείλοντα
1228 330 1417 365 προῦληθῆναι
1427 330 1466 362 είς
1478 329 1508 356 τὸ
1516 329 1664 367 πούλπιτον
1675 329 1729 356 τῶν
1739 330 1871 365 ἀργυρῶν

1073 375 1166 402 πυλῶν
1177 375 1246 410 μετὰ
1254 375 1335 402 ἄλλοι)
1346 375 1539 410 σιλεντιαρίου,
1549 375 1596 401 καὶ
1607 375 1715 410 ἔρχεται
1723 375 1737 401 6
1746 375 1768 391 ³⁸
1776 375 1869 402 ὀστιά-

1073 429 1131 455 ριος
1147 421 1236 455 μόνος,
1253 421 1301 448 καὶ
1311 421 1419 448 ἵσταται
1435 422 1476 453 είς
1490 422 1521 448 τὸ
1532 421 1613 456 βῆλον
1631 421 1743 453 ἔσωθεν,
1764 422 1810 450 καὶ
1823 422 1869 448 ὅτε

1072 466 1141 503 λάϐῃ
1152 466 1181 493 τὸ
1189 465 1280 502 νεῦμα
1291 467 1366 501 παρὰ
1372 466 1420 494 τοῦ
1429 467 1625 502 πραιποσίτου,
1635 467 1728 501 κρούει
1736 466 1766 493 τὸ
1774 467 1867 502 βῆλον,

1072 513 1119 539 καὶ
1134 512 1245 548 ἐπαίρει
1256 513 1322 540 αὖτὺ
1333 515 1346 540 6
1357 513 1549 548 σιλεντιάριος,
1558 513 1605 540 καὶ
1613 513 1769 548 εἰσέρχεται
1777 513 1791 539 6
1801 521 1872 548 προ-

1054 574 1058 577 ·
1073 558 1184 595 ϐληθεὶς
1194 559 1339 595 πατρίκιος
1349 560 1403 586 ἀπὸ
1418 559 1514 594 σαγίου
1528 560 1605 595 ῥοῆς,
1615 559 1801 596 κρατούμενος
1814 559 1868 586 ὑπὸ

1071 605 1120 632 τοῦ
1129 606 1178 640 τῆς
1191 604 1388 637 καταστάσεως
1399 606 1446 632 καὶ
1457 605 1551 641 έτέρου
1563 605 1756 641 σιλεντιαρίου,
1765 605 1812 631 καὶ
1822 604 1869 630 πί-

1071 660 1133 678 πτει
1146 652 1214 687 μετὰ
1223 650 1278 678 τῶν
1290 651 1480 688 σιλεντιαρίων
1491 653 1505 679 6
1519 651 1687 687 προϐληθεὶς
1701 651 1732 678 τὸ
1745 651 1870 687 πρῶτον,

1071 698 1101 725 τὸ
1117 697 1244 732 δεύτερον
1263 698 1358 725 πίπτει
1375 699 1423 730 είς·
1435 698 1486 734 τὴν
1500 698 1592 734 μέσην·
1605 697 1652 725 τοῦ
1673 697 1823 733 τρικλίνου,
1837 696 1872 724 τὸ

1071 743 1163 778 τρίτον
1177 744 1272 770 πίπτει
1290 743 1344 770 ἀπὸ
1358 743 1543 779 διαστήματος
1558 743 1607 771 τοῦ
1625 744 1732 776 σένζου.
1751 743 1807 769 Καὶ
1817 743 1867 778 φέ-

1072 795 1166 823 ρουσιν
1182 788 1275 821 αὑτὸν,
1286 788 1334 815 καὶ
1351 788 1446 815 πίπτει
1463 788 1620 824 ἔμπροσθεν
1638 788 1686 815 τοῦ
1705 787 1865 821 ὑποποδίου,

1072 834 1120 861 καὶ
1134 834 1207 869 φιλεῖ
1226 835 1291 867 τοὺς
1311 835 1396 867 πόδας
1409 835 1457 862 τοῦ
1479 835 1601 871 μεγάλου
1615 835 1748 871 βασιλέως
1767 833 1816 861 καὶ
1829 833 1866 861 τὰ

1071 879 1118 907 δύο
1132 880 1216 907 αὑτοῦ
1231 881 1345 915 γόνατα,
1359 881 1462 917 ὁμοίως
1479 881 1527 908 καὶ
1541 880 1589 908 τοῦ
1601 881 1714 917 μικροῦ,
1726 881 1774 908 καὶ
1787 880 1879 907 ἁπλοῖ-

228 926 283 954 tur,
300 929 333 949 ex
346 922 463 950 erelesia
485 931 550 950 vero
567 922 723 956 discedens,
740 931 837 960 sagum
854 932 1015 961 purpureun

1073 926 1124 958 τὰς
1151 927 1248 961 χεῖρας
1275 927 1322 953 ml.
1339 926 1474 962 λαμϐάνει
1493 926 1570 963 παρὰ
1593 927 1648 954 τῶν
1671 926 1810 954 δεσποτῶν
1832 926 1870 953 τὰ

226 974 348 1002 gestans,
361 970 471 997 domum
487 971 555 998 abit.

1073 972 1247 1006 κωδικέλλια,
1260 973 1309 1000 καὶ
1324 973 1398 1008 φιλεῖ
1408 973 1458 1005 τὰς
1478 975 1573 1009 χεῖρας
1586 973 1640 1000 τῶν
1655 973 1805 1004 δεσποτῶν,
1819 972 1869 1000 καὶ

225 1015 401 1042 ὀπισθοποδεῐ
429 1016 511 1043 αὐτδν
541 1017 556 1043 6
575 1017 625 1053 τῆς
653 1018 868 1050 καταστάσεως,
894 1017 959 1046 ἔνθα
989 1019 1021 1046 τὸ
1046 1018 1138 1054 τρίτον
1163 1019 1371 1054 προσεκύνησε,
1391 1020 1439 1046 καὶ
1463 1020 1634 1055 εἰσέρχονται
1670 1020 1694 1046 ol
1728 1019 1868 1054 πατρίκιος

226 1062 282 1090 διπό
295 1071 325 1089 τε
341 1063 499 1098 μαγίστρων
516 1063 630 1091 καὶτῶν
648 1065 752 1093 λοιπῶν
768 1066 932 1101 πατρικίων,
957 1066 1142 1102 κρατούμενοι
1178 1060 1234 1093 ὑπο
1254 1067 1454 1103 σιλεντιαρῐων,
1496 1065 1765 1102 ἀπευχαριστοῦντες
1811 1067 1868 1101 τοῖς

225 1107 371 1139 δεσπόταις
382 1108 521 1143 πατρίκιοι
534 1109 581 1136 καὶ
594 1110 673 1145 μόνον
683 1118 690 1125 ·
706 1111 732 1137 οἱ
743 1111 772 1137 δὲ
787 1110 876 1137 λοιποὶ
895 1111 1072 1147 συγκλητικοὶ
1089 1111 1121 1138 οὐ
1134 1138 1138 1141 ,
1154 1112 1311 1146 πίπτουσιν,
1347 1113 1386 1145 ὡς
1421 1113 1458 1148 μὴ
1477 1113 1627 1148 γενομένου
1670 1112 1867 1147 συγκλητικοῦ.

225 1154 283 1181 Καὶ
303 1154 456 1190 ἀπέρχεται
481 1155 677 1192 ὀψικευόμενος
707 1158 735 1184 ὲν
758 1158 1016 1194 τᾷμκονσιστωρίῳ,
1038 1159 1086 1186 καὶ
1101 1159 1189 1192 οὕτως
1199 1160 1367 1196 ἀπέρχονται
1385 1162 1414 1188 ἐν
1429 1162 1463 1197 τῇ
1479 1161 1623 1196 ἐκκλησίᾳ,
1639 1161 1688 1188 καὶ
1717 1161 1751 1188 τὰ
1785 1160 1869 1187 torui

225 1200 315 1227 πάντα
331 1201 494 1236 πληροῦται,
507 1201 618 1237 ὡς’ἐχει
641 1204 658 1239 ἠ
675 1203 815 1240 συνήθεια,
836 1204 884 1232 καὶ
899 1205 946 1231 ἐπὶ
965 1206 1020 1232 τῶν
1038 1205 1151 1239 λοιπῶν,
1164 1207 1212 1233 καὶ
1228 1208 1273 1234 ὅτε
1290 1207 1430 1243 ἀναχωρεῖ
1459 1207 1514 1235 ἀπὸ
1531 1210 1581 1243 τῆς
1595 1208 1756 1243 ἐκκλησίας,
1789 1207 1869 1243 φορεῖ

225 1247 274 1276 καὶ
289 1248 371 1281 αὐτὸς
388 1250 484 1284 σαγίον
496 1249 634 1285 ἀληθινὸν,
652 1252 699 1279 καὶ
719 1252 807 1284 οὕτως
824 1254 963 1290 ἀναχωρεῖ
978 1255 1020 1286 είς
1037 1255 1083 1282 τὸν
1098 1251 1174 1282 οἷκον
1186 1255 1280 1283 αὐτοῦ.

449 1296 527 1332 ιω
544 1296 659 1325 CAPUT
677 1297 796 1326 XLVIII.

326 1341 496 1369 Observanda
513 1343 540 1369 in
554 1345 720 1377 promotion:
738 1345 923 1379 patriciorum.

260 1383 282 1412 Ι.
296 1383 460 1418 lmperatore
487 1394 623 1415 cameram
653 1396 738 1424 prope
766 1390 894 1424 templum
924 1381 1017 1418 Sancti

1357 1302 1483 1330 ΚΕΦΑΛ.
1511 1302 1584 1330 Mll'.

1073 1345 1152 1372 Ὅσα
1163 1346 1211 1372 δεῖ
1222 1346 1471 1380 παραφυλάττειν
1480 1347 1530 1375 ἐπὶ
1545 1347 1680 1382 προϐολῇ
1690 1349 1866 1382 πατρικίων.

1107 1393 1148 1418 Α¹.
1170 1392 1307 1419 Εἰσελθὼν
1328 1394 1341 1419 6
1370 1393 1497 1428 βασιλεὺς
1516 1395 1556 1425 εἰς
1580 1393 1629 1430 τὴν
1655 1393 1786 1429 καμάραν
1815 1395 1868 1429 τὴν

225 1426 363 1456 Theodori
375 1429 445 1457 intra
460 1430 548 1458 velum
562 1431 697 1465 ingresso,
706 1434 865 1468 praepositus
874 1434 1015 1462 vestitores

1069 1435 1152 1464 οὖσαν
1171 1438 1240 1473 πρὸς
1258 1438 1305 1465 τὸν
1323 1426 1386 1466 ναὸν
1402 1439 1450 1466 τοῦ
1468 1439 1560 1474 Ἀγίου
1574 1426 1712 1476 Θεοδώρου
1728 1426 1802 1466 ένδον
1817 1426 1868 1467 τόδ

224 1478 316 1505 vocat,
337 1475 384 1508 qui
402 1475 489 1509 ipsum
513 1477 605 1504 tunica
629 1477 756 1510 induunt,
773 1479 871 1513 hisque
885 1480 1017 1514 egressis,

225 1527 240 1546 a
254 1521 400 1555 praeposito
421 1527 578 1556 coronatur,
597 1523 695 1551 deinde
713 1532 728 1551 e
747 1532 854 1553 camera
878 1526 924 1553 ubi
937 1533 1017 1554 coro-

225 1570 306 1593 natus
325 1570 366 1594 est
385 1567 475 1602 prodit
498 1573 580 1603 atque
596 1569 621 1596 in
641 1569 739 1598 throno
752 1579 801 1598 suo
826 1571 852 1599 in
866 1573 1013 1608 chrysotri-

225 1611 308 1639 clinio
323 1613 472 1641 constituto
486 1614 573 1643 sedet.
589 1616 697 1644 Interea
715 1618 834 1651 praefecti
848 1619 973 1646 cubiculo
983 1619 1017 1647 ab

1072 1483 1166 1518 βήὶου,
1179 1485 1375 1520 προσκαλεῖται
1387 1486 1401 1512 6
1412 1486 1592 1521 πραιπόσιτος
1605 1487 1669 1518 τοὺς
1685 1486 1866 1522 βεστήτορας,

1071 1530 1119 1556 καὶ
1146 1530 1344 1564 περιϐάλλουσι
1370 1532 1422 1567 τὴν
1449 1531 1561 1566 χλανίδα
1589 1531 1633 1558 τὸν
1661 1531 1790 1566 βασιλέα,
1816 1532 1865 1558 καὶ

1070 1576 1174 1602 τούτων
1194 1576 1369 1610 ἐξελθόντων,
1387 1578 1519 1612 στέφεται
1541 1578 1594 1604 ὑπὸ
1608 1578 1656 1605 τοῦ
1670 1577 1863 1613 πραιποσίτου,

1071 1622 1168 1650 ἔπειτα
1199 1623 1339 1659 ἐξέρχεται
1359 1625 1392 1651 ἐκ
1412 1624 1460 1659 τῆς
1484 1625 1622 1660 καμάρας,
1648 1625 1677 1651 ὲν
1699 1622 1863 1661 ᾖὲστέφθη,

224 1661 340 1692 utroque
365 1658 462 1692 latere,
485 1661 645 1689 cubicularii
664 1667 692 1690 et
718 1664 978 1698 spathocubicttlarii
1000 1674 1015 1693 a

1070 1669 1117 1696 καὶ
1132 1669 1253 1697 ἀνελθὼν
1278 1670 1424 1704 καθέζεται
1448 1671 1495 1699 ἐπὶ
1517 1671 1565 1698 τοῦ
1590 1671 1684 1703 σένξου
1707 1671 1790 1698 αὑτοῦ
1816 1671 1863 1697 τοῦ

226 1708 302 1738 tergo
315 1703 405 1731 throni
426 1705 452 1732 in
468 1705 573 1736 circulo
584 1713 688 1741 astant,
708 1716 737 1738 ut
756 1715 798 1737 est
813 1710 1014 1745 semicirculus,

224 1757 278 1784 quo
293 1757 341 1784 per
356 1756 420 1778 octo
440 1752 499 1779 vela
521 1752 672 1787 ingressuri
696 1756 790 1783 venire
813 1757 930 1785 debent:
949 1765 1016 1793 pro-

171 1807 178 1813 ι
225 1797 385 1830 tospalharii
400 1805 466 1825 vero
480 1800 598 1827 eunuchi
612 1808 696 1835 prope
711 1802 838 1829 thronum
849 1804 1014 1832 consistunt.

225 1841 327 1869 Deinde
345 1849 520 1871 mensurator
537 1851 584 1872 aut
597 1846 678 1873 etiam
701 1848 795 1882 papias
814 1848 908 1883 palatii
925 1851 1015 1885 magni

223 1886 390 1913 thuribuium
406 1889 500 1921 sumit,
519 1894 545 1916 et
560 1897 575 1917 a
591 1890 650 1918 velo
666 1891 775 1919 sublato
800 1893 1015 1929 cltrysotriclinii

222 1938 284 1958 cum
301 1931 380 1959 tluure
394 1933 519 1966 veniens,
541 1935 731 1970 imperatorem
747 1938 883 1972 incensat,
897 1948 953 1976 quo
973 1946 1015 1970 ter

223 1976 307 2008 facto,
324 1977 450 2006 discedit.
477 1979 552 2008 Tunc
572 1982 745 2016 przepositus,
772 1986 850 2020 signo
865 1993 880 2013 a
904 1987 1013 2015 domino

221 2029 342 2058 accepto,
356 2025 412 2052 abit
424 2030 451 2052 et
466 2033 557 2053 coram
586 2027 751 2062 imperatore
765 2030 791 2058 in
811 2033 900 2060 medio
913 2034 1013 2069 prazfc-

221 2075 328 2097 ctorum
341 2071 458 2099 cubiculi
481 2077 546 2106 stat,
565 2070 744 2111 manibusque
769 2085 820 2105 una
838 2086 898 2107 cum
922 2081 1012 2109 tunica

219 2124 269 2143 sua
282 2118 420 2152 expansis,
437 2119 538 2154 impera
545 2124 772 2151 Iorem-veueratu
778 2132 799 2155 r.
811 2133 863 2153 non
874 2127 1012 2155 inclinatis

220 2167 311 2190 tamen
327 2164 458 2199 genibus;
475 2167 518 2194 cet
533 2167 606 2195 enim
624 2172 728 2197 tantum
743 2171 848 2206 species
871 2174 1011 2203 adoratio-

217 2209 271 2242 nis,
296 2210 403 2245 qualem
429 2212 498 2240 ordo
522 2213 576 2241 diei
603 2216 728 2250 requirit.
746 2217 792 2246 Sic
819 2226 881 2247 cum
905 2222 1010 2250 duobus

218 2256 350 2288 ostiariis,
366 2257 412 2291 qui
433 2263 498 2286 ante
521 2259 608 2294 ipsum
623 2262 714 2296 virgas
734 2271 798 2291 suas
819 2265 845 2292 in
870 2268 1006 2301 tripetone

217 2306 335 2334 geslulll.
352 2303 536 2337 progreditur,
555 2305 700 2340 magistros
714 2315 728 2334 a
752 2309 945 2339 cerimoniario
961 2321 1008 2340 or-

217 2347 326 2374 «linutos
347 2348 457 2382 reperit,
475 2356 576 2384 eosque
591 2353 753 2386 przepositus
775 2355 909 2384 advocat:
927 2363 1006 2386 extra
1025 2343 1047 2371 ο

216 2392 306 2419 velum
331 2398 415 2426 porta:
438 2395 655 2430 chrysotriclinii
680 2398 733 2426 duo
767 2400 911 2431 silentiarii
933 2410 1009 2432 stant

216 2442 243 2463 et
258 2439 400 2466 arcessitis
418 2448 432 2466 a
445 2442 592 2475 pra-posito
608 2443 757 2478 magistris,
775 2446 864 2474 velum
888 2455 904 2475 a
926 2445 1009 2477 silen-
1031 2468 1034 2470 ν

217 2483 308 2510 tiariis
323 2491 430 2512 sursum
451 2486 564 2520 tollitur,
584 2493 611 2516 et
623 2489 777 2525 ingreditur
787 2493 905 2527 primum
917 2495 1006 2524 velum

215 2530 410 2562 rnagistrorum
423 2539 484 2559 cum
501 2536 658 2569 pra-posito,
676 2537 723 2571 qui
737 2545 821 2573 prope
832 2539 897 2568 illud
906 2543 1008 2570 consti-

217 2579 301 2606 tutus.
316 2575 379 2602 dum
391 2582 452 2611 post
464 2585 493 2606 se
508 2581 654 2614 magistros
663 2582 757 2616 habet,
768 2585 890 2613 ostiariis
901 2587 1008 2622 signum

214 2621 261 2648 tlut
274 2622 343 2650 intra
362 2623 450 2651 velum
467 2626 614 2656 stantibus.
626 2628 710 2657 Porro
723 2632 885 2666 praepositus
897 2621 1005 2669 iuvclo,

214 2668 293 2704 signo
309 2670 342 2696 ab
360 2669 526 2705 imperatore
541 2679 664 2709 accepto,
691 2679 871 2706 mensuratori
895 2685 942 2707 aut
959 2668 1008 2707 cu-

215 2715 350 2743 biculario
363 2717 451 2745 velum
472 2719 579 2746 tollenti
593 2722 682 2756 capite
693 2723 798 2756 annuit,
811 2729 839 2752 et
854 2725 1007 2761 ingreditur

214 2763 387 2798 prrpositus,
401 2773 538 2801 suumque
551 2766 640 2795 lacum
662 2774 787 2805 occupat.
805 2771 927 2808 Magistri
943 2781 1007 2801 vero

1072 1715 1217 1751 ἱσταμένου
1235 1717 1276 1749 εἰς
1287 1717 1317 1744 τδ
1335 1718 1571 1753 χρυσοτρίκλινον.
1587 1718 1712 1744 Στάντων
1725 1718 1746 1733 ³³
1763 1718 1792 1744 δὲ
1810 1717 1865 1743 τῶν

1069 1762 1209 1798 ἀρχόντων
1228 1763 1275 1790 τοῦ
1296 1763 1488 1790 κουὸουκλείου
1506 1764 1582 1790 ἐνθεν
1598 1763 1736 1796 κάκεῖθεν,
1752 1764 1776 1790 οἱ
1799 1772 1864 1789 κου-

1070 1807 1241 1844 βικουλάριοι
1269 1809 1315 1836 καὶ
1339 1809 1364 1836 οἱ
1398 1809 1707 1845 σπαθοκουϐικουλάριοι
1739 1810 1863 1836 ἵστανται

1068 1853 1159 1881 ὀπίσω
1175 1853 1268 1889 κύκλῳ
1283 1855 1330 1881 τοῦ
1346 1855 1451 1888 σένζου,
1469 1854 1561 1887 καθώς
1574 1856 1632 1881 ἐστι
1646 1855 1675 1881 τὸ
1686 1854 1861 1889 ἡμικύκλιον,

1068 1899 1112 1926 διὰ
1123 1900 1154 1926 τὸ
1176 1899 1337 1936 χωρηθῆναι
1354 1900 1418 1932 τοὺς
1433 1900 1581 1936 μέλλοντας
1599 1900 1729 1926 εἰσελθεῖν
1742 1900 1785 1926 διὰ
1807 1899 1862 1926 τῶν

1067 1945 1140 1972 ὀκτὼ
1153 1945 1242 1982 βήλων
1253 1954 1261 1961 ·
1277 1948 1301 1973 ol
1311 1946 1340 1972 δέ
1351 1947 1592 1982 πρωτοσπαθάριοι
1603 1946 1725 1981 εὐνοῦχοι
1737 1947 1862 1973 ἵστανται

1067 1992 1182 2028 πλησίον
1210 1993 1257 2019 τοῦ
1284 1992 1389 2025 σένζου.
1410 1993 1477 2020 Εἶτα
1500 1992 1591 2020 λαϐὼν
1620 1993 1665 2020 τὸν
1692 1992 1824 2027 θυμιατδν
1847 1992 1862 2019 ὀ

1067 2038 1261 2075 μινσουράτωρ
1276 2039 1292 2074 ἢ
1305 2038 1351 2066 καὶ
1368 2040 1382 2066 6
1403 2039 1509 2071 παπίας
1523 2039 1571 2066 τοῦ
1595 2039 1726 2067 παλατίου
1746 2039 1794 2066 τοῦ
1811 2048 1862 2074 με-

1065 2085 1161 2120 γάλου,
1174 2085 1262 2121 θυμιᾷ
1276 2086 1330 2112 ἀπὸ
1350 2085 1398 2112 τοῦ
1419 2085 1565 2125 αἰρομένου
1585 2085 1667 2120 βήλου
1689 2085 1736 2112 τοῦ
1759 2094 1861 2120 χρυσο-

1064 2131 1215 2168 τρικλίνου,
1237 2132 1286 2158 καὶ
1308 2132 1454 2167 ἀνέρχεται
1473 2132 1581 2168 θυμιῶν
1602 2132 1648 2158 τὸν
1674 2131 1796 2167 βασιλέα,
1813 2133 1862 2158 καὶ

1063 2177 1144 2204 τοῦτο
1158 2177 1245 2204 ποιῶν
1264 2178 1296 2204 ἐκ
1310 2178 1402 2212 τρίτου
1421 2177 1569 2212 ὑποχωρεῖ.
1584 2177 1640 2203 Καὶ
1661 2177 1752 2204 λαϐὼν
1769 2177 1860 2212 νεῦμα

1062 2225 1077 2250 6
1095 2223 1276 2259 πραιπόσιτος
1295 2223 1371 2257 παρά
1397 2222 1444 2249 τοῦ
1466 2222 1609 2257 βασιλέως,
1635 2222 1786 2258 ἀπέρχεται
1812 2223 1860 2249 καὶ

1064 2269 1171 2295 ἵσταται
1184 2268 1339 2304 ἔμπροσθεν
1349 2269 1395 2295 τοῦ
1410 2268 1542 2304 βασιλέως
1556 2269 1640 2303 μέσον
1654 2268 1707 2295 τῶν
1719 2269 1860 2304 ἀρχόντων

1062 2314 1110 2341 τοῦ
1125 2314 1328 2346 κουϐουκλείου,
1348 2315 1396 2341 καὶ
1416 2314 1583 2349 ἐφαπλώσας
1598 2315 1646 2346 τὰς
1660 2315 1753 2350 χεῖρας
1774 2315 1860 2341 αὑτοῦ

1062 2360 1132 2395 μετὰ
1147 2359 1193 2386 τοῦ
1217 2360 1352 2394 ximam-4
1368 2359 1463 2393 αὑτοῦ,
1482 2360 1632 2395 προσκυνεί
1656 2360 1702 2386 τὸν
1728 2360 1857 2395 βασιλέα.

1063 2397 1100 2442 μὴ
1119 2406 1215 2437 κλίνας
1241 2405 1275 2432 τὰ
1290 2405 1403 2440 γόνατα,
1425 2406 1450 2432 εί
1479 2406 1516 2441 μὴ
1535 2405 1614 2441 μόνον
1633 2405 1663 2432 τὺ
1687 2405 1781 2440 σχῆμα
1807 2406 1859 2440 τῆς

1064 2453 1288 2488 προσκυνήσεως,
1303 2452 1332 2480 δν
1347 2453 1450 2488 τρόπον
1466 2453 1482 2488 ὴ
1498 2451 1549 2486 τῆς
1564 2451 1671 2488 ἡμέρας
1685 2452 1760 2485 τάξις
1774 2453 1860 2478 tiu-.1:-

1061 2500 1111 2525 τεῖ.
1133 2498 1188 2525 Καὶ
1206 2496 1257 2524 εἶθ’
1282 2498 1370 2530 οὕτως
1385 2498 1525 2533 ἐξέρχεται
1544 2499 1613 2534 μετὰ
1628 2498 1674 2525 δύο
1696 2498 1857 2532 ὸστιαρίων,

1062 2544 1217 2579 ἔμπροσθεν
1231 2545 1314 2571 αὑτοῦ
1329 2544 1520 2579 βασταζόντων
1538 2546 1584 2571 καὶ
1601 2545 1636 2571 τὰ
1647 2543 1747 2580 βεργία
1765 2543 1857 2570 αὐτῶν

1060 2592 1089 2617 ὲν
1105 2591 1143 2626 τῷ
1154 2590 1311 2626 τριπέτωνι,
1323 2591 1370 2618 καὶ
1386 2589 1508 2626 εὑρίσκει
1519 2591 1582 2622 τοὺς
1598 2590 1766 2626 μαγίστρους
1781 2590 1858 2624 ἡτοι-

1062 2636 1215 2671 μασθέντας
1239 2636 1315 2672 παρὰ
1331 2635 1377 2663 τοῦ
1393 2636 1442 2671 τῆς
1467 2636 1672 2668 καταστάσεως.
1700 2635 1748 2662 καὶ
1767 2643 1855 2671 προσ-

1060 2682 1184 2708 καλεῖται
1211 2682 1309 2714 αὐτοὺς
1327 2683 1341 2709 6
1359 2682 1555 2717 πραιπόσιτος·
1579 2683 1626 2709 καὶ
1654 2682 1778 2709 ἵστανται
1801 2680 1856 2713 ἔξω

1060 2728 1108 2755 τοῦ
1127 2728 1208 2763 βήλου
1227 2729 1276 2764 τῆς
1291 2729 1378 2764 πύλης
1398 2728 1446 2755 τοῦ
1457 2729 1681 2764 χρυσοτρικλίνου
1697 2727 1744 2754 δύο
1763 2727 1854 2753 σιλεν-
1872 2746 1877 2748 -

1060 2774 1172 2810 τιάριοι,
1189 2776 1236 2802 καὶ
1248 2776 1331 2812 ἡνίκα
1348 2775 1558 2812 προσκληθῶῖιν
1571 2775 1595 2801 ιε
1612 2775 1662 2810 μά,
1673 2783 1758 2810 ιστροι
1775 2772 1853 2809 παρά

859 2864 974 2892 VAlllJE
999 2865 1196 2893 LECTIONLS.

216 2902 220 2907 ‘
249 2897 272 2915 "‘
289 2901 302 2927 ὀ
315 2909 369 2928 om.
387 2903 431 2930 ed.
471 2905 491 2921 3-"
507 2905 639 2934 ίσῖάιῖων
655 2911 699 2935 ed.

1124 2915 1133 2927 \
