2052 3144
228 181 280 212 507

749 183 1003 229 CONSTANTINI
1025 188 1307 220 PORPilYROGEN
1313 189 1366 220 1T1
1407 195 1409 197 '

1807 189 1863 221 508

228 245 323 265 rursus
347 238 495 271 ingressus,
525 237 551 265 in
573 245 623 265 suo
642 239 739 267 ordine
760 245 828 275 stat,
842 248 870 269 et
887 243 964 279 signo
984 243 1017 270 ab

1077 244 1236 281 Βεστήτορες
1250 247 1296 272 καὶ
1315 247 1328 272 ὸ
1348 245 1492 280 λογοθέτης
1509 245 1555 271 καὶ
1570 246 1584 271 ὸ
1601 244 1710 276 δεκανὸς
1730 245 1863 278 sistens;

227 284 391 316 imperatore
405 282 482 317 dalo,
497 283 523 310 in
539 284 657 313 medium
679 287 777 322 pergit,
807 287 934 322 factaque
951 290 1017 316 ado-

227 328 344 359 ratione,
358 335 420 354 cum
434 328 555 356 ostiariis
572 334 599 356 et
612 330 696 366 virgis
713 331 874 366 tripelonem
893 333 972 367 petit,
986 341 1018 360 ac

226 372 342 397 comites
357 371 516 399 scholarum
528 373 561 399 ad
574 374 700 407 quintum
716 376 804 403 velum
821 378 956 410 perducit,
972 379 1018 412 qui

226 416 348 448 eosdem,
361 423 391 443 ac
402 417 516 451 priores,
530 417 598 445 ritus
611 419 766 448 observant.
780 421 943 456 Praepositus
955 431 1019 451 vero

228 462 372 494 accedens,
400 462 427 489 in
451 471 501 491 suo
525 463 583 492 loco
609 465 744 499 subsistit,
762 474 794 495 ac
817 475 911 495 rursus
939 469 1017 504 signo

229 502 304 539 dato,
322 508 348 535 in
362 508 479 536 medium
500 511 582 543 venit,
601 511 707 544 adorat,
723 517 750 540 et
764 521 902 547 egressus.
924 515 1017 542 candi-

230 552 308 580 (latos
326 554 358 581 ad
372 554 458 582 velum
471 561 576 584 sextum
594 557 678 589 ducit,
694 559 739 592 qui
751 564 779 586 et
794 559 856 594 ipsi,
873 565 1016 595 postquam

231 598 373 632 solemnia,
403 606 434 627 ut
447 601 575 634 diximus,
605 603 790 638 celebrarunt,
820 604 847 632 in
861 613 910 633 suo
923 607 1018 634 ordine

231 646 397 672 consistunt.
414 646 514 674 lterum
530 650 690 683 pra‘posilus
709 650 859 685 ingressus,
875 657 935 686 post
953 653 1019 680 ado-

231 690 375 723 rationem,
394 691 568 726 domesticos,
592 694 679 720 velum
709 695 867 728 septimum,
898 697 1018 730 adducit,

231 736 276 770 qui
295 737 403 763 easdem
416 738 580 766 cerimonias
591 739 756 767 observant:
773 741 870 769 deinde
881 747 1020 776 octavum,

231 781 419 815 exprmfectos.

1069 291 1099 317 οὗ
1126 290 1283 323 πίπτουσιν,
1310 290 1368 317 ἀλλ’
1388 290 1512 317 ἵστανται
1537 289 1648 316 tmen
1663 291 1710 317 τοῦ
1733 291 1863 327 σεκρέτου

1070 336 1147 363 ἐνθεν
1173 337 1310 368 κάκεῖθεν,
1339 337 1356 371 ὴ
1379 336 1418 362 δὲ.
1433 335 1597 370 σύγκλητος,
1623 336 1660 367 ὡς
1689 336 1862 372 προείρηται,

1070 381 1222 408 ἐπελθοῦσα
1238 381 1342 408 ὲκτελεῖ
1358 381 1475 412 ἅπαντα,
1489 381 1527 412 ὡς
1539 381 1585 408 καὶ
1598 383 1622 408 oi
1638 381 1780 416 πρότερον.
1797 379 1864 408 Εἶτα

1070 425 1192 452 ἀνελθὼν
1205 426 1227 442 ⁸³
1246 425 1328 453 πάλιν
1340 427 1354 453 ὁ
1371 426 1562 461 πραιπόσιτος,
1577 427 1684 453 ἵσταται
1698 428 1727 453 ἐν
1738 428 1770 462 τῇ
1788 426 1863 459 τάξει

1071 473 1165 506 αὑτοῦ,
1186 475 1234 501 καὶ
1253 474 1343 502 λαϐὼν
1366 474 1442 509 παρὰ
1464 474 1511 501 τοῦ
1535 474 1668 509 βασιλέως
1693 473 1791 509 νεῦμα,
1809 475 1864 500 εισ-

1075 520 1184 555 έρχεται
1207 522 1298 556 μέσον,
1331 521 1378 548 καὶ
1405 521 1597 556 προσκυνήσας
1625 521 1765 556 ἐξέρχεται
1795 521 1865 555 μετὰ

1073 566 1222 601 ὀστιαρίων
1234 568 1280 593 καὶ
1297 566 1415 602 βεργίων
1430 568 1459 593 ἐν
1470 566 1508 601 τῷ
1525 566 1682 601 τριπέτωνι,
1698 566 1746 592 xal.
1760 566 1866 600 εἰσάγει

1072 611 1136 642 τοὺς
1154 611 1276 646 κόμητας
1293 612 1347 638 τῶν
1364 611 1468 646 σχολῶν
1479 612 1517 642 εἰς
1532 612 1562 637 τὸ
1577 614 1597 637 ε’
1609 611 1689 646 βῆλον
1699 619 1706 627 ·
1727 611 1865 638 ἐκτελοῦσι

1073 657 1100 683 δὲ
1117 658 1165 684 καὶ
1182 658 1259 684 αὐτοὶ
1282 657 1392 692 ὁμοίως.
1415 657 1444 684 Ὀ
1462 657 1490 683 δὲ
1517 657 1698 691 πραιπὸσιτος
1722 657 1869 692 ἀνέρχεται

1073 702 1120 728 καὶ
1143 702 1252 729 ἵσταται
1275 703 1304 729 ἐν
1326 704 1358 738 τῇ
1388 702 1463 734 τάξει
1489 702 1582 733 αὑτοῦ,
1609 702 1656 728 καὶ
1679 702 1756 734 αὖθις
1776 702 1867 728 λαϐὼν

1073 746 1162 781 νεῦμα
1185 748 1340 783 εἰσέρχεται
1363 748 1403 779 εἰς
1425 748 1454 773 τὸ
1474 747 1556 782 μέσον
1571 747 1618 774 καὶ
1645 748 1803 782 προσκυνεῖ.
1820 748 1867 774 καὶ

1075 793 1191 825 ἐξελθὼν
1216 795 1323 828 εἰσάγει
1351 793 1538 824 κανδιδάτους,
1556 793 1638 827 βῆλον
1655 792 1693 825 ς’,
1711 793 1758 819 καὶ
1778 793 1867 830 αὐτοὶ,

231 827 270 859 ὡς
294 829 464 864 προείρηται,
481 830 515 857 τὰ
545 832 648 867 συνήθη
674 833 879 867 ἐκτελέσαντες,
897 835 1022 863 ἵστανται
1041 839 1072 865 ὲν
1086 842 1117 875 τῇ
1136 841 1210 873 τάξει
1227 840 1326 867 αὐτῶν.
1343 840 1399 867 Καὶ
1411 839 1425 865 ὁ
1441 840 1619 874 πραιπόσιτος
1654 839 1782 866 είσελθὼν
1814 841 1869 866 πά-

232 874 274 900 λιν
290 875 336 901 καὶ
353 877 557 911 προσκυνήσας,
567 879 673 912 εἰσάγει
686 879 873 915 ὅομεστίκους,
887 881 968 917 eam
981 883 1003 915 ζ’
1017 893 1024 900 ι
1046 885 1093 911 καὶ
1112 888 1190 914 αὐτοὶ.
1205 886 1360 914 ἐκτελοῦσιν
1372 886 1483 922 ὁμοίως.
1519 885 1586 913 Εἶτα
1623 887 1727 920 εἰσάγει
1740 886 1802 918 τοὺς
1815 887 1869 912 duo

232 921 371 956 ιπάρχων,
390 921 473 957 βῆλον
485 927 521 957 η’.

269 966 313 995 lll.
329 968 397 995 Octo
418 974 508 996 autem
530 972 596 998 velis
615 973 651 999 ita
669 974 824 1007 completis,
845 984 906 1002 cum
925 983 1021 1004 octavo

1111 978 1148 1005 Γ.
1169 978 1226 1006 Καὶ
1240 978 1423 1005 τελεσθέντων
1433 977 1487 1004 τῶν
1502 981 1526 1011 η’
1539 977 1637 1013 βὴλων,
1651 976 1869 1012 συνεισέρχονται

237 1014 447 1042 rerimoniarius
460 1020 488 1042 et
501 1016 668 1045 silcntiarius
681 1019 759 1054 145
773 1022 807 1046 ab
818 1026 932 1056 utroque
943 1023 1026 1051 latere

235 1063 296 1093 post
319 1064 452 1087 secretum
487 1061 600 1095 intrant,
628 1068 656 1089 et
679 1065 703 1090 si
725 1066 886 1094 candidatus
908 1069 1027 1101 patrici-.1:

235 1105 375 1140 dignitatis
395 1107 422 1133 in
439 1114 493 1134 uno
510 1115 543 1135 ex
563 1109 606 1136 his
626 1109 694 1146 velis
715 1110 856 1145 ingressus
873 1118 925 1144 est,
944 1114 1027 1147 inque

235 1150 294 1178 loco
305 1152 402 1179 secreti
419 1156 482 1186 stat,
498 1154 644 1188 imperator
655 1157 842 1190 prmpositum,
862 1162 888 1185 et
902 1166 982 1193 quem
994 1161 1027 1186 ad

236 1199 345 1233 patricii
361 1199 521 1234 dignitatem
532 1201 647 1228 evehere
663 1202 731 1235 vult,
749 1208 838 1237 vocat,
855 1212 955 1231 nomen
969 1205 1028 1239 ejus

236 1244 391 1278 praeposito,
403 1246 427 1272 is
435 1246 628 1274 cerimoniario
637 1247 750 1281 indicat,
758 1249 803 1283 qui
817 1257 910 1277 secum
920 1255 1028 1285 sumpto

236 1289 388 1317 silentiario
404 1295 432 1318 ct
450 1292 609 1325 candidato,
636 1294 728 1321 statim
743 1301 791 1322 eos
817 1295 845 1322 in
862 1297 982 1323 medium
999 1297 1026 1323 in

235 1340 413 1368 conspectum
441 1336 614 1371 imperatoris
644 1340 783 1373 producit.
818 1341 846 1368 Si
871 1349 937 1369 vero
959 1341 1027 1370 foris

236 1381 346 1411 mansit,
371 1388 433 1410 cum
459 1381 566 1409 scilicet
591 1382 652 1416 ejus
673 1383 792 1419 dignitas
807 1385 858 1420 ipsi
875 1393 937 1413 cum
966 1392 1028 1414 octo

236 1426 303 1452 velis
319 1426 427 1453 intrare
448 1435 502 1454 non
521 1428 667 1461 permittit,
693 1430 901 1459 cerimoniarius
913 1439 946 1460 ac
958 1441 1028 1461 unus

236 1479 254 1498 ο
269 1471 429 1499 silentiariis
439 1480 500 1499 cum
512 1480 545 1500 eo
561 1480 694 1507 remanet,
712 1475 862 1510 imperator
874 1485 940 1504 vero
955 1486 1023 1512 pra:-

237 1515 354 1549 positnm
371 1521 449 1543 vocat
471 1524 503 1544 ac
520 1525 618 1546 nomen
639 1521 817 1554 promovendi
836 1522 890 1556 ipsi
912 1522 1027 1557 indicat,

237 1561 399 1595 prapositus
423 1562 449 1589 in
478 1563 567 1591 medio
590 1570 698 1593 secreto
719 1566 826 1599 adorat,
854 1567 950 1596 deinde
966 1577 1026 1596 cum

238 1606 341 1633 duobus
360 1607 482 1636 ostiariis
502 1615 641 1644 egressus,
656 1618 718 1638 eum
743 1612 860 1640 arcessit
875 1620 1028 1649 sagumquc

1081 1025 1152 1059 μετὰ
1178 1024 1224 1050 τοῦ
1251 1025 1344 1058 ὀγδόου
1364 1024 1446 1059 βήλου
1465 1024 1479 1050 ὁ
1500 1023 1550 1058 τῆς
1570 1022 1764 1054 καταστάσεως
1781 1023 1827 1048 καὶ
1843 1023 1869 1049 οἱ

1079 1070 1255 1105 σιλεντιὰριοι
1279 1070 1355 1096 ἐνθεν
1382 1070 1510 1097 κάκεῖθεν
1531 1069 1642 1096 ὖπισθεν
1659 1068 1707 1096 τοῦ
1728 1069 1868 1104 σεκρέτου,

1080 1115 1126 1141 καὶ
1142 1115 1166 1140 εἰ
1184 1115 1233 1149 μὲν
1247 1114 1370 1150 εἰσῆλθεν
1385 1115 1399 1140 ὁ
1418 1114 1521 1149 μέλλων
1539 1113 1661 1147 γίνεσθαι
1680 1113 1824 1147 πατρίκιος
1841 1115 1870 1138 ἐν

1079 1161 1119 1187 ἐνὶ
1134 1160 1187 1187 τῶν
1202 1161 1301 1195 βήλων,
1316 1161 1364 1187 καὶ
1377 1160 1484 1186 ἵσταται
1495 1161 1523 1186 ὲν
1535 1161 1567 1194 τῇ
1585 1160 1649 1195 δοχῇ
1666 1159 1713 1186 τοῦ
1728 1160 1868 1195 σεκρέτου,

1081 1207 1279 1242 προσκαλεῖται
1295 1206 1309 1232 ὁ
1325 1205 1450 1241 βασιλεὺς
1465 1207 1509 1233 τὸν
1525 1206 1715 1242 πραιπὸσιτον,
1727 1205 1774 1232 καὶ
1786 1205 1816 1231 ὃν
1835 1205 1870 1232 ἂν

1079 1251 1180 1287 κελεύῃ
1194 1251 1216 1266 ⁸⁸
1243 1250 1427 1285 προϐαλέσθαι
1452 1250 1606 1286 πατρίκιον,
1627 1250 1702 1284 λέγει
1726 1250 1756 1276 τὸ
1783 1250 1870 1284 δνομα

1079 1295 1163 1322 αὑτοῦ
1178 1296 1217 1330 τῷ
1232 1295 1416 1331 πραιποσίτῳ,
1431 1295 1556 1326 κάκεῖνος
1569 1294 1642 1327 λέγει
1661 1294 1700 1329 τῷ
1711 1294 1766 1328 ,τῆς
1783 1303 1868 1320 κατα-

1080 1343 1212 1373 στάσεως,
1242 1343 1368 1373 κάκεῖνος
1394 1341 1485 1368 λαϐὼν
1507 1341 1565 1376 μετ’
1583 1341 1665 1368 αὺτοῦ
1691 1341 1869 1376 σιλεντιάριον

1079 1389 1126 1415 καὶ
1148 1388 1194 1414 τὸν
1220 1387 1350 1422 μέλλοντα
1374 1387 1579 1422 προϐληθῆναι,
1609 1387 1739 1422 ἐξαίφνης
1771 1387 1868 1419 ἄγουσι

1079 1435 1125 1461 καὶ
1146 1435 1236 1461 ἱστᾶσι
1249 1433 1272 1450 ⁸⁵
1289 1434 1371 1468 μέσον
1389 1433 1543 1469 ἔμπροσθεν
1563 1433 1609 1460 τοῦ
1628 1434 1772 1468 βασιλέως.
1795 1433 1825 1460 Ei
1839 1433 1869 1459 δὲ

1080 1481 1132 1513 ἔξω
1150 1480 1270 1514 ἔμεινεν,
1287 1479 1324 1510 ὡς
1343 1479 1380 1514 μὴ
1402 1479 1480 1512 ἀξίας
1500 1478 1582 1513 οὔσης
1597 1479 1646 1514 τῆς
1666 1478 1769 1510 τάξεως
1784 1478 1868 1505 αὑτοῦ

1080 1525 1211 1552 εἰσελθεῖν
1229 1521 1297 1561 μετὰ
1310 1525 1363 1552 τῶν
1374 1528 1399 1558 η’
1415 1525 1515 1560 βήλων,
1532 1525 1606 1560 μένει
1623 1525 1681 1560 μετ’
1693 1525 1775 1551 αὑτοῦ
1793 1525 1806 1551 ὁ
1819 1525 1869 1559 τῆς

1079 1571 1273 1604 καταστάσεως
1290 1571 1360 1606 μετὰ
1383 1570 1565 1606 σιλεντιαρίου
1578 1571 1648 1602 ἐνὸς,
1669 1572 1683 1597 ὁ
1697 1571 1725 1597 δὲ
1742 1570 1867 1605 βασιλεῦς

1079 1618 1276 1654 προσκαλεῖται
1288 1620 1332 1645 τδν
1345 1618 1524 1653 πραιπόσιτον
1538 1618 1584 1644 κα)⁸
1595 1617 1723 1652 γνωρίζει
1737 1617 1768 1644 το
1783 1617 1870 1652 ὅνομα

238 1653 349 1679 rubrum
364 1659 513 1687 gestantem
530 1656 649 1684 adducit.
671 1657 884 1686 Ccrimoniarius
900 1664 927 1687 et
942 1661 1024 1688 silen-

1079 1649 1127 1692 τοῦ
1143 1665 1285 1700 μέλλοντος
1303 1649 1500 1700 προϐληθῆναι,
1516 1665 1529 1689 ὁ
1545 1664 1573 1690 δὲ
1593 1649 1772 1698 στραιπόσιτος
1786 1649 1870 1689 ἵστα-

238 1697 334 1724 tiarius
344 1705 405 1725 eum
417 1699 594 1734 comitantur,
614 1706 643 1728 et
660 1701 688 1729 in
703 1703 792 1730 medio
810 1708 918 1732 secreto
934 1713 1025 1732 coram

237 1743 402 1777 imperatore
425 1746 608 1779 constituunt,
633 1748 795 1782 praepositus
820 1757 957 1777 cameram
983 1752 1027 1778 in-

236 1795 356 1823 gressus,
381 1789 488 1818 tabulas
515 1798 530 1818 a
550 1793 739 1820 secundicerio
756 1795 840 1821 sumit
859 1803 960 1829 easque
980 1797 1028 1823 im-

238 1835 358 1867 peratori
377 1835 470 1863 tradit.
485 1835 631 1863 Adducunt
641 1844 706 1864 vero
719 1838 895 1866 candidatum
907 1841 1027 1867 cerimo-

239 1878 343 1906 niarius
356 1879 534 1914 silentiarius,
550 1889 669 1916 eumque
681 1888 743 1911 ante
756 1885 838 1917 pedes
854 1885 1028 1920 imperatoris

238 1929 425 1958 prosternunt,
448 1934 527 1961 quos,
553 1928 717 1956 adoratione
737 1928 821 1963 facta,
836 1938 913 1965 aeque
927 1939 958 1959 ac
980 1940 1027 1967 ge-

241 1978 305 2002 nna,
324 1971 422 1998 deinde
436 1978 463 1999 et
483 1981 593 2006 manus,
614 1974 712 2002 tabulis
730 1976 860 2010 acceptis,
879 1977 1028 2006 osculatur.

239 2015 317 2044 Tunc
332 2017 420 2050 ipsum
439 2022 513 2045 retro
530 2018 676 2046 abductum
692 2021 718 2047 in
730 2021 819 2049 medio
842 2028 948 2050 secreto
959 2024 1030 2051 inter

240 2062 358 2090 cubiculi
371 2063 515 2098 praefectos
529 2065 711 2100 constituunt,
736 2067 786 2102 ipsi
808 2068 951 2096 silentiarii
968 2078 1030 2105 par-

241 2110 289 2136 tim
310 2109 343 2136 ad
358 2110 493 2143 dextram,
521 2112 621 2146 partim
648 2113 681 2140 ad
703 2114 844 2142 sinistram
874 2116 1028 2147 discedunt,

240 2163 357 2190 quorum
379 2156 402 2184 is
416 2157 460 2191 qui
477 2158 511 2185 ad
526 2160 649 2186 dextram
665 2164 722 2188 stat
735 2161 852 2195 primum
868 2162 1028 2197 magistrum

239 2201 324 2234 ducit,
340 2205 368 2229 et
382 2201 414 2229 ad
432 2203 556 2230 dextram
580 2206 697 2238 promoti
723 2207 830 2240 patricii
848 2208 954 2242 statuit,
971 2210 1027 2243 qui,

239 2248 398 2276 adoratione
409 2249 492 2282 facta,
514 2250 673 2284 imperatori
703 2259 834 2286 prospera
856 2260 1027 2289 apprecatur,

1077 1719 1122 1736 ται
1136 1710 1218 1745 μέσον
1234 1710 1281 1736 τοῦ
1299 1710 1442 1744 σεκρέτου,
1466 1709 1514 1736 καὶ
1529 1709 1734 1744 προσκυνήσας,
1752 1708 1869 1741 ἐξελθὼν

1079 1755 1148 1790 μετὰ
1159 1755 1207 1782 δύο
1225 1754 1383 1790 ὀστιαρίων,
1402 1754 1596 1789 προσκαλεῖται
1623 1755 1713 1787 αὐτδν,
1735 1755 1782 1781 καὶ
1809 1755 1870 1780 εῐσ-

1078 1802 1150 1834 άγει,
1167 1801 1302 1836 φοροῦντα
1320 1800 1415 1834 σαγίον
1434 1800 1506 1834 ῥοῆς.
1529 1799 1667 1835 Κρατοῦσι
1680 1800 1707 1826 δὲ
1719 1800 1801 1826 αὐτὶν
1815 1801 1829 1826 ὃ
1839 1808 1870 1826 τι

1078 1847 1128 1881 τῆς
1153 1846 1347 1877 καταστάσεως
1366 1846 1413 1872 καὶ
1431 1846 1620 1881 σιλεντιάριος,
1649 1846 1696 1872 καὶ
1723 1847 1827 1872 ἱστᾶσιν
1845 1846 1872 1863 “-

1080 1892 1160 1918 αὑτὸν
1179 1893 1259 1926 μέσον
1276 1891 1323 1918 τοῦ
1339 1891 1468 1926 σεκρέτου
1487 1891 1641 1927 ἔμπροσῦεν
1661 1891 1708 1918 τοῦ
1725 1891 1868 1926 βασιλέων,

1079 1938 1092 1964 ὁ
1115 1938 1142 1964 δὲ
1166 1938 1344 1974 πραιπόσιτος
1363 1937 1493 1964 εἰσελθὼν
1512 1939 1539 1964 ἐν
1563 1940 1597 1973 τῇ
1622 1938 1736 1972 καμάρᾳ
1757 1937 1804 1963 καὶ
1822 1937 1870 1968 τὰς

1080 1985 1187 2016 πλάκας
1201 1984 1256 2020 (81)
1273 1984 1350 2019 παρὰ
1371 1983 1418 2009 τοῦ
1435 1983 1563 2018 δευτέρου
1590 1983 1689 2016 λαϐὼν,
1715 1983 1870 2009 ἐπιδίδωσι-ι

1080 2029 1165 2061 αὐτὰς
1183 2028 1221 2064 τῷ
1237 2028 1351 2064 βασιλεῖ.
1368 2029 1520 2062 Ἀγουσιδὲ
1534 2029 1579 2056 τὸν
1602 2028 1733 2064 μέλλοντα
1751 2028 1871 2063 προϐὶητ

1080 2075 1160 2113 ϐῆναι
1186 2076 1200 2102 ὁ
1214 2075 1266 2108 τῆς
1289 2076 1487 2107 καταστάσεως
1510 2075 1557 2101 καὶ
1572 2076 1585 2102 ὁ
1607 2075 1798 2109 σιλεντιάριος,
1823 2075 1871 2101 καὶ

1081 2121 1224 2156 ῥίπτουσιν
1249 2121 1330 2147 αὑτὶν
1348 2122 1387 2152 είς
1407 2121 1470 2152 τοὺς
1491 2120 1573 2152 πόδας
1589 2120 1634 2146 τοῦ
1661 2120 1802 2154 βασιλέως,
1823 2120 1872 2146 καὶ

1080 2168 1275 2201 προσκυνήσας
1300 2167 1452 2198 ἀσπάζεται
1479 2167 1587 2199 αὐτοὺς,
1604 2164 1663 2192 εἶτα
1682 2166 1717 2192 τὰ
1732 2166 1753 2182 ⁸⁷
1769 2165 1872 2199 γόνατα

1080 2213 1174 2243 αὑτοῦ,
1188 2210 1248 2238 εἶτα
1263 2211 1354 2238 λαϐὼν
1370 2212 1419 2243 τὰς
1447 2211 1554 2243 πλάκας
1579 2211 1632 2238 ἀπὸ
1656 2210 1703 2237 τσῦ
1725 2210 1868 2245 βασιλέως,

1081 2258 1154 2292 φιλεῖ
1179 2257 1227 2284 καὶ
1245 2257 1295 2288 τὰς
1318 2258 1413 2292 χεῖρας
1428 2257 1521 2283 αὑτοῦ.
1549 2257 1603 2282 Καὶ
1631 2256 1760 2287 λαϐόντες
1788 2255 1871 2282 αὺτδν

240 2294 337 2322 deinde
356 2296 390 2322 ad
405 2296 550 2324 stationem
568 2305 645 2324 suam
659 2298 839 2333 ordinemque
855 2299 922 2326 abit.
937 2299 1024 2328 Preci-

1081 2303 1267 2338 ἀποφέρουσιν
1279 2303 1481 2337 ὀπισθοφανῶς,
1499 2304 1545 2334 καὶ
1564 2302 1674 2329 ἱστῶσιν
1691 2303 1772 2328 αὐτὴν
1789 2302 1873 2336 μέσοκ

240 2340 290 2367 lius
303 2344 392 2367 autem
412 2346 446 2369 et
460 2342 575 2370 solemni
601 2343 750 2378 gratiarum
775 2344 882 2372 actione
904 2353 918 2372 a
941 2347 1028 2381 primo

239 2386 373 2419 magistro
389 2387 520 2420 peractis,
545 2388 638 2415 statim
653 2389 822 2417 silentiarins
841 2391 874 2418 ad
889 2391 1027 2420 sinistram

239 2431 406 2458 constitutus
430 2434 590 2468 magistrum
606 2434 639 2461 ab
651 2435 705 2462 alio
721 2435 807 2463 latere
818 2436 939 2469 adducit,
953 2446 1027 2464 eunt-

239 2483 292 2510 que
307 2477 340 2503 ail
367 2479 506 2506 sinistram
531 2482 646 2514 promoti
671 2482 778 2516 patricii
796 2481 880 2516 sistit,
907 2484 964 2518 ipse
983 2494 1028 2511 su-

1081 2349 1128 2375 τοῦ
1145 2349 1274 2384 σεκρέτου
1290 2349 1445 2382 ἀναμεταξὶι
1461 2349 1515 2374 τῶν
1533 2349 1578 2374 τοῦ
1603 2348 1793 2374 κουϐουκλειου
1818 2348 1870 2382 ἀρ-

1083 2395 1195 2429 χᾶντων,
1210 2394 1413 2430 διαμερίζονται
1431 2395 1458 2421 ἰὲ
1475 2396 1499 2421 οἱ
1525 2395 1712 2430 σλλελίτιὶνριοι,
1730 2396 1753 2422 οἱ
1773 2394 1823 2429 μὲν
1839 2395 1871 2426 ὲκ

1082 2440 1187 2472 δεξιῶν,
1203 2441 1227 2467 οἱ
1248 2440 1277 2466 δὲ
1293 2441 1322 2473 ἐξ
1339 2441 1498 2476 εὐωνύμων,
1516 2442 1562 2467 καὶ
1586 2441 1676 2466 λαϐὼν
1693 2441 1706 2468 ὸ
1722 2441 1809 2474 δεξιὸς
1825 2441 1872 2469 τὸν

1084 2487 1191 2522 πρῶτον
1206 2487 1368 2523 μάγιστρον,
1391 2488 1452 2522 ἄγει
1472 2488 1554 2514 αὐτὸν
1575 2489 1622 2514 καὶ
1650 2487 1757 2523 ἵστησιν
1784 2489 1812 2514 ἐν
1831 2488 1871 2522 τῷ

872 2539 990 2568 νΑιιιΑς
1020 2541 1223 2572 LECTIONES.

275 2582 297 2598 "
312 2581 411 2618 ἀνέλθῃ
428 2581 472 2610 ed.
511 2582 533 2599 “
546 2583 651 2611 κελεύει
669 2585 731 2612 cod.
748 2585 1001 2620 προϐάλλεσθαιεά.

1040 2588 1062 2604 ⁸⁸
1084 2589 1173 2616 ἴστασι
1185 2590 1229 2617 ed.

1267 2591 1290 2606 “
1304 2590 1410 2617 ἴστασιν
1421 2590 1464 2618 ed.
1503 2590 1525 2606 ⁸⁷
1538 2590 1573 2620 τὰ
1583 2598 1638 2618 om.
1653 2591 1715 2618 cod.
1731 2595 1758 2617 et
1773 2591 1816 2617 ed.

738 2642 835 2672 JOAN.
847 2643 918 2671 JAC.
940 2643 1068 2672 REISKII
1082 2646 1367 2675 COMMENTARIUS.

238 2690 354 2726 vertitur
384 2687 475 2726 eade
495 2695 542 2722 re;
571 2689 669 2722 πελλός
687 2691 762 2726 νοΙίιη
791 2691 964 2726 appellabant
989 2693 1027 2725 id,

237 2726 309 2760 quod
337 2725 486 2761 ὐποκιρῤος
514 2725 642 2761 deinceps
667 2725 813 2754 dicebant.'
828 2725 915 2754 Color
942 2728 966 2755 is
986 2733 1028 2754 est

238 2761 319 2788 hodie
348 2760 426 2788 nobis
457 2760 491 2787 de
519 2760 658 2795 capucinis
686 2762 828 2789 monachis
865 2761 1027 2795 appellatus,

239 2796 311 2829 quod
328 2803 421 2822 eorum
440 2795 549 2829 caputia
567 2795 608 2822 vel
626 2794 819 2829 frocci,panuo
840 2794 944 2824 soleant
964 2805 1027 2824 ('on-

239 2830 302 2858 iecti
331 2837 392 2857 esse
410 2830 490 2864 hujus
512 2830 622 2857 coloris.
660 2830 709 2857 Est
739 2837 830 2857 autent
864 2832 1028 2859 dilutissime

242 2864 327 2894 ruins.
353 2865 425 2892 inter
443 2865 533 2892 albmn
552 2871 579 2891 et
601 2865 702 2897 rufum,
725 2865 771 2892 sed
791 2867 830 2893 sie
854 2871 882 2893 ut
896 2866 928 2894 ad
955 2867 1027 2895 hunc

243 2899 339 2933 magis,
362 2907 442 2934 quam
459 2900 492 2927 ad
506 2900 592 2933 illum,
607 2901 728 2933 acccdal,
746 2902 883 2936 rat/lyra".

1116 2695 1172 2731 (8|)
1187 2695 1304 2722 Tabulas
1317 2696 1358 2722 vel
1375 2694 1514 2731 codicillos
1532 2694 1691 2731 patriciatus
1710 2693 1807 2731 quibus
1822 2701 1870 2731 pa.

1082 2728 1206 2757 triciaius
1224 2730 1363 2757 tribuitur.
1387 2729 1456 2756 Sunt
1475 2728 1591 2764 propria
1618 2729 1745 2756 eburnea:
1773 2728 1872 2754 tabulas

1081 2764 1229 2800 diptyehaa,
1244 2773 1290 2792 seu
1304 2766 1416 2792 duarum
1431 2766 1545 2796 alarum,
1561 2765 1705 2799 pllcatilcs,
1735 2771 1795 2800 qua;
1814 2773 1827 2787 ιι
1840 2771 1872 2788 c-

1081 2800 1126 2826 dio
1142 2798 1190 2826 suo
1201 2800 1507 2838 continebanl_tl_iploma
1534 2798 1644 2838 honoris
1659 2801 1685 2825 in
1713 2798 1870 2838 membrana

1084 2840 1248 2869 t-xaratum;
1278 2843 1304 2862 ν.
1321 2832 1430 2870 p.15i3
1462 2835 1506 2861 ubi
1535 2835 1631 2861 tabula:
1652 2841 1711 2860 cum
1740 2832 1873 2859 codicilli:

1080 2875 1107 2898 et
1123 2878 1149 2904 p.
1167 2870 1229 2904 155,
1249 2870 1293 2900 tibi
1309 2869 1405 2898 (obuia:
1416 2869 1512 2906 absque
1526 2870 1654 2896 codicillis
1667 2872 1866 2899 memorantur,

1575 2912 1584 2923 ο
