2076 3145
171 156 221 190 601

577 157 626 186 DE
644 157 870 188 CERIMONIIS
884 159 994 188 AULE
1013 159 1233 190 ΒΥΖΑΝΤΙΝΑΈ
1255 162 1328 192 LIB.
1354 163 1378 192 Ι.

1737 167 1791 197 602

170 221 277 240 στεπτοι
293 212 422 238 δεσπόται
438 211 485 238 σὺν
501 213 562 244 ταῖς
576 212 762 246 Αὐγούσταις·
785 224 794 239 4
812 215 826 240 6
841 214 903 247 λαὸς
919 216 952 243 ἐκ

1004 215 1136 250 hymnum
1164 218 1218 244 toui
1239 218 1293 245 obl.
1318 218 1372 244 IV:
1396 227 1405 244 4
1421 217 1440 244 A
1467 220 1519 246 Deo
1549 221 1684 250 ﬁrmatum
1710 224 1792 251 robur

166 259 206 292 γ’·
224 269 233 284 4
262 259 422 288 Ἀνάτειλον.
441 268 448 284 4
471 259 526 286 Καὶ
538 257 588 286 εἴθ’
603 259 689 291 οὕτως
706 260 830 294 λέγουσιν
845 261 947 288 ἀπελα-

165 305 237 332 τικὸν
253 304 380 340 δρομικὸν
395 305 440 340 ἦχ.
452 313 482 332 π.
495 304 532 331 α’·
556 315 564 331 4
580 306 616 332 Τὸ
631 306 830 342 θεοπρόϐλητον
846 308 945 340 κράτος

164 352 212 386 τῆς
234 351 370 386 ὑμετέρας
399 351 506 384 δυάδος,
532 353 545 378 6
567 352 642 378 δεῖνα
668 353 847 388 αὐτοκράτωρ
869 354 914 379 καὶ
933 355 947 380 6

162 399 233 425 δεῖνα
248 398 338 432 ήδόξα
360 398 411 432 τῆς
429 397 581 433 πορφύρας,
604 399 646 425 ὲκ)
653 399 761 433 άμψατε
776 399 822 426 ἐπὶ
835 399 945 430 δούλους

161 444 295 479 γνησίους,
311 445 514 479 εὐφραίνοντες,
527 445 667 475 δεσπόται,
683 447 729 472 τὸν
750 446 813 472 λαὸν
827 446 914 480 ὑμῶν.
932 455 941 471 4

161 491 213 517 Καὶ
228 491 308 517 πάλιν
320 490 444 523 λέγουσιν
465 491 490 517 ol
506 491 666 526 κράκταιη
679 491 843 523 Ἂνάτειλον,
858 491 888 517 τὸ
899 491 944 525 ὀρ-

160 535 264 567 θόδοξον
290 537 408 571 κράτος’
427 546 435 562 4
453 538 468 563 6
483 537 546 567 λαὸς
559 537 591 563 ὲκ
608 540 631 570 γ’
642 545 649 552 ⁸
675 547 684 562 4
706 536 866 563 ’Λνάτειλον.
888 545 897 561 4
913 536 944 562 Οἱ

161 583 290 618 κράκται·
311 592 321 608 4
347 583 509 617 Ἃνάτειλον,
522 584 576 610 τῶν
593 583 736 617 Ῥωμαίων
753 584 767 609 6
786 583 885 614 πόθοςι
905 592 913 607 4
931 583 945 608 6

159 628 219 660 λαὸς
234 629 265 655 ἐκ
276 627 299 662 γ’
310 636 317 643 '
340 639 348 654 4
361 630 540 656 Ἄνάτειλον.)
567 630 599 656 Οἱ
610 630 728 665 κράκται
739 650 745 661 ,
763 639 772 654 4
794 629 944 656 Ἀνάτειλον

1002 262 1142 297 utriusque
1159 268 1289 297 vestrum,
1305 265 1338 293 N.
1358 267 1507 301 imperator
1524 273 1550 295 et
1572 269 1602 295 N.
1619 269 1703 304 gloria
1729 278 1792 304 pur-

1000 315 1085 340 purae,
1104 308 1237 336 illustrate
1252 311 1336 338 radiis
1348 313 1445 339 vestris
1459 314 1536 340 vobis
1547 321 1643 342 servos
1652 315 1789 343 addictos!

999 353 1162 385 exhilarate,
1182 355 1296 388 domini,
1321 357 1449 391 populum
1469 359 1610 386 vestrum!
1631 369 1640 385 4
1662 360 1791 389 Cantores

1000 397 1124 425 iterum:
1153 409 1162 425 4
1180 400 1311 433 Exorere,
1339 403 1421 430 robur
1448 410 1528 431 recta:
1545 406 1624 432 lideil
1647 415 1656 431 4
1679 407 1791 442 populus

998 446 1039 468 ter
1055 451 1061 469 :
1077 451 1086 468 4
1104 443 1240 472 Exorere!
1259 455 1268 472 4
1283 447 1418 474 Cantores
1433 455 1440 473 :
1455 457 1464 473 4
1482 448 1609 480 Exorare,
1627 450 1790 477 desiderium

999 485 1183 516 Romanorum
1199 491 1205 515 l
1220 501 1228 517 4
1241 492 1354 526 populus
1370 498 1411 520 ter
1424 502 1450 519 :4
1465 493 1603 521 Exorare!
1617 504 1626 520 4
1641 495 1790 526 Cantores:

1001 540 1009 556 4
1030 532 1148 562 Exorare
1163 536 1291 570 gaudium
1306 542 1332 564 et.
1349 538 1434 572 gloria
1451 539 1567 566 nostra!‘
1578 549 1586 565 4
1605 541 1720 574 populus
1733 546 1789 568 ter:

1001 589 1009 604 4
1029 579 1164 608 Exorare!
1188 590 1197 606 4
1214 582 1364 609 Cantores:
1381 592 1390 608 4
1411 582 1528 611 Exorere
1542 583 1574 612 N.
1592 585 1626 612 Ν.
1646 586 1792 620 imperator

999 628 1202 655 Romanorum!
1218 637 1227 654 4
1253 629 1366 663 populus
1388 631 1486 657 clamat
1509 637 1569 658 ter:
1593 642 1601 656 4
1626 632 1756 659 lixurere!
1780 643 1788 659 4

159 675 173 708 ἡ
188 674 258 710 χαρὰ
274 676 352 710 ἡμῶν
364 675 410 702 καὶ
425 675 488 708 δόξα
500 684 507 690 ·
523 685 532 701 4
544 675 557 701 6
571 675 632 706 λαὸς
647 677 679 701 ὲκ
694 674 732 709 γ’·
749 685 757 700 4
779 674 941 701 Ἀνάτειλον.
958 682 966 697 4
990 673 1022 699 Ol
1047 673 1165 708 κράκται
1177 681 1183 687 ·
1207 683 1216 698 ‹
1250 673 1402 701 Ἀνάτειλον
1418 676 1432 701 6
1450 675 1538 701 6a'4'va‘
1553 678 1598 702 καὶ
1619 677 1632 703 6
1651 677 1724 703 δεῖνα.
1744 678 1791 704 αὖ·

158 722 321 757 τοκράτορες
338 712 496 757 Ῥωμαίων·
516 732 526 748 4
547 722 660 756 φθογγεί
675 724 720 749 καὶ
742 724 756 749 6
771 723 833 754 λαὸς
849 723 880 748 ἐκ
899 723 943 754 γ’·
963 728 972 744 4
998 720 1158 761 ’Λνάῖειλοι
1178 729 1186 746 4

193 769 227 795 ιε’.
246 769 308 796 Τῶν
319 769 346 796 δὲ
361 770 498 796 δεσποτῶν
512 770 640 796 ἀνιόντων
655 769 702 795 ἐπὶ
715 769 762 796 τοῦ
779 769 946 802 καθίσματος

160 814 203 841 καὶ
227 815 382 848 ἱσταμένων
405 815 559 849 ἔμπροσθεν
577 813 624 841 τοῦ
649 814 770 847 σέντςου,
788 821 946 847 κατασφρα-

1038 766 1070 793 ν.
1087 765 1232 801 Postquam
1246 774 1311 794 vero
1323 768 1424 795 domini
1443 768 1469 795 in
1483 773 1636 803 suggestum
1658 770 1790 797 ascende-

1001 816 1065 838 runt.
1080 817 1108 839 et.
1131 818 1193 839 ante
1215 813 1340 840 thronum
1368 817 1452 846 stant,
1479 819 1600 841 extrema
1626 816 1714 842 tunica
1742 823 1790 842 sua

159 860 262 894 γίζουσι
279 862 350 894 μετᾶ
361 861 383 876 ⁷³
399 862 429 888 τὸ
438 861 522 896 ἄκρον
535 861 588 887 τῶν
604 861 745 895 χλανιδίων
760 860 860 891 αὐτῶν,
872 859 949 893 πρῶ-

1000 859 1087 893 primo
1106 859 1232 892 populum
1251 859 1369 886 medium
1388 867 1434 886 seu
1451 861 1476 887 in
1493 860 1582 887 medio
1602 861 1790 895 constitutum,

159 915 201 932 τον
222 907 274 940 μὲν
299 907 391 941 μέσον,
411 908 494 942 ἦγουν
512 908 541 934 τὸ
557 907 708 942 μεσοδίμην
727 906 750 923 ⁷⁸
763 907 831 941 (45),
849 906 944 932 ἔπειτα

158 952 200 978 τὸν
216 952 263 979 τοῦ
284 953 397 979 Βενέτου
419 953 505 988 δῆμον
518 962 524 968 ·
547 951 597 980 εἶθ’
612 954 699 980 οὕτως
717 955 762 979 τον
777 953 824 979 τοῦ
842 953 945 988 Πρασί-

157 1006 212 1029 νου,
231 999 282 1024 καὶ
304 999 335 1034 δὴ
354 999 408 1025 τῶν
432 1000 569 1026 δεσποτῶν
585 1000 800 1034 σφραγιζόντων,
822 999 946 1033 λέγουσιν

157 1044 180 1069 οι
196 1043 298 1078 δῆμοι·
327 1055 335 1069 4
365 1046 469 1078 Ἀγιος,
499 1046 586 1079 ἅγιος,
608 1047 695 1079 ἅγιος.
723 1056 730 1071 4
761 1046 793 1071 Οἱ
815 1046 944 1081 κράκται,

160 1098 168 1114 4
186 1089 290 1123 Πολλὰ,
307 1091 402 1122 πολλὰ,
428 1092 530 1118 πολλὰ·
551 1102 560 1117 4
574 1093 588 1118 6
607 1092 681 1134 ξαδς,
705 1101 714 1117 4
737 1092 825 1118 Πολλὰ
842 1092 889 1126 ἔτη
906 1093 945 1124 εἰς

157 1135 252 1162 πολλὰ.
272 1145 282 1162 4
303 1137 335 1162 Οἱ
352 1137 488 1172 κρᾶκται·
509 1147 518 1163 4
542 1138 571 1164 ὐ
593 1138 666 1164 δεῖνα
682 1138 727 1163 καὶ
745 1139 759 1164 6
781 1138 854 1164 δεῖνα
871 1138 946 1171 φιλό-

156 1190 273 1216 χριστοι,
300 1183 330 1208 ὲν
351 1182 410 1217 Θεῴ
423 1184 515 1209 νικᾶτε
527 1191 533 1197 '
555 1193 563 1209 4
581 1184 629 1210 καὶ
641 1184 655 1210 6
672 1183 735 1215 λαὸς
749 1185 780 1210 ὲκ
796 1187 819 1218 γ’
835 1185 944 1218 ὁμοίως.

157 1229 209 1255 Καὶ
224 1225 285 1254 οἷον
301 1229 385 1263 μέρος
402 1230 458 1263 ἔχει
477 1229 652 1264 προτίμητιν,
669 1230 802 1263 λέγουσιν,
830 1238 838 1254 4
856 1229 946 1264 Οὐρά-

157 1282 204 1301 νιε·
220 1285 228 1301 4
241 1275 313 1301 καὶὸ
321 1275 397 1306 dati:
408 1276 430 1291 ⁷⁵
441 1276 509 1310 (Η),
523 1285 533 1300 4
549 1276 648 1310 Στέψον
657 1277 744 1307 νίκαις
755 1278 816 1307 τοὺς
827 1277 945 1311 βασιλεῖς

156 1320 244 1355 ἡμῶν.
265 1331 275 1347 4
305 1322 384 1348 Καὶό
400 1322 484 1353 ἀντὶς.
511 1332 519 1347 4
539 1322 656 1354 Τούτους
682 1323 914 1358 συμὸασίλευσον·
933 1333 942 1349 4

157 1367 201 1392 καὶ
215 1367 230 1392 6
252 1367 344 1399 ἀντὶς,
364 1377 373 1392 4
399 1368 430 1394 'H
455 1368 563 1401 ἐξουσία
587 1370 603 1403 ἡ
626 1369 693 1396 ἄνω.
713 1378 721 1394 4
747 1371 801 1396 Καὶ
823 1371 837 1396 6
859 1370 943 1402 ὰντὶς,

160 1422 168 1438 4
184 1414 413 1449 Κοσμοπόοητοι·
435 1424 443 1440 4
462 1416 509 1441 καὶ
523 1416 537 1442 6
559 1415 646 1448 ἀντὶς,
667 1425 676 1440 4
698 1417 862 1451 Μιμήσασθε
877 1416 945 1442 Θεοῦ

157 1459 378 1494 φιλανθρωπίαν.
396 1470 404 1486 4
422 1461 453 1487 Οἱ
477 1461 616 1496 "pistum,
636 1471 645 1487 4
673 1462 728 1496 Τὴν
745 1462 848 1488 ἄνωθεν
870 1462 946 1495 ἐξου-

159 1506 232 1532 σίαν’
256 1516 267 1532 4
300 1507 346 1533 καὶ
360 1508 374 1533 6
395 1507 487 1539 ἁντὶς,
509 1517 518 1532 4
539 1508 635 1542 Ἡμεῖς
656 1508 695 1538 δὲ,
717 1505 740 1534 ὦ
765 1508 943 1542 στρατοπεδα,

1000 905 1098 933 deinde
1119 905 1260 937 Venetam,
1273 911 1412 939 postremo
1426 905 1569 933 Prasinum
1589 906 1706 941 signant,
1719 907 1789 940 quod

1000 951 1062 978 dum
1085 955 1179 986 agunt,
1198 950 1330 978 factiones
1346 951 1497 978 acclamant
1514 959 1521 978 :
1547 960 1556 977 4
1577 951 1704 983 Sam-tus,
1724 960 1789 979 sau<

999 1003 1070 1030 ctus,
1086 996 1215 1024 sanctus!
1232 1005 1241 1022 4
1259 996 1391 1024 Cantores
1405 1006 1411 1024 :
1428 1007 1437 1023 4
1463 997 1575 1030 Multos,
1596 997 1703 1031 multos,
1720 998 1790 1025 mul-

1001 1049 1042 1072 tos
1052 1063 1060 1070 .
1072 1053 1082 1070 4
1096 1044 1212 1078 Populus
1226 1052 1232 1070 τ
1254 1052 1263 1069 4
1276 1043 1373 1071 Multos
1389 1051 1473 1072 anuos
1492 1045 1517 1071 in
1534 1045 1650 1072 multosl
1665 1055 1674 1070 4
1690 1045 1788 1071 Canto-

1001 1101 1043 1120 res
1056 1101 1063 1120 :
1078 1103 1087 1119 4
1103 1093 1182 1128 185
1192 1093 1224 1121 N.
1235 1093 1379 1120 N.Cl4risti
1390 1097 1523 1125 amantes,
1540 1093 1565 1118 in
1579 1092 1632 1118 Deo
1647 1091 1762 1117 vincite!
1777 1100 1786 1115 ι

1000 1139 1112 1174 populus
1125 1139 1219 1166 eadem
1235 1143 1296 1166 ter:
1319 1144 1412 1174 postea
1436 1145 1466 1166 ea
1485 1137 1577 1169 factio,
1599 1144 1658 1171 quae
1679 1137 1790 1170 reliquis

1000 1185 1162 1217 antefertur,
1182 1186 1268 1214 dicit:
1292 1194 1300 1211 4
1323 1185 1462 1213 leestis!
1480 1194 1488 1210 4
1515 1184 1658 1218 respondet
1684 1182 1788 1209 altera:

1002 1241 1012 1257 4
1037 1231 1164 1259 Victoriis
1187 1232 1364 1266 imperatores
1386 1235 1494 1258 nostros
1512 1237 1611 1257 corona
1630 1230 1637 1256 i
1662 1239 1671 1254 4
1698 1228 1790 1256 Factio

1000 1277 1093 1311 prior:
1112 1286 1121 1303 4
1142 1277 1208 1305 Cum
1227 1277 1269 1304 his
1284 1285 1394 1313 regnum
1416 1278 1494 1312 gere!
1516 1286 1525 1303 4
1558 1276 1658 1303 altera:
1679 1286 1687 1302 4
1711 1275 1790 1303 Pote-

1001 1329 1058 1350 sxas
1076 1331 1211 1358 suprema.
1227 1333 1237 1349 4
1258 1322 1414 1358 Respondet
1438 1324 1575 1357 superior:
1601 1321 1700 1350 40rl4is
1720 1322 1790 1349 desi-

1000 1369 1120 1396 derium!
1138 1378 1147 1394 4
1181 1369 1283 1396 altera:
1321 1377 1329 1394 4
1359 1369 1480 1396 Divinam
1502 1369 1671 1396 clementiam
1700 1367 1790 1394 innita-

1001 1416 1063 1442 mini
1078 1416 1085 1442 l
1101 1425 1110 1441 4
1124 1415 1234 1443 Prasina
1247 1424 1255 1442 :
1269 1425 1277 1441 4
1298 1415 1457 1450 Sttpremunt
1475 1416 1659 1451 maiestatem!
1677 1425 1686 1442 4
1705 1415 1788 1441 altera

1002 1461 1100 1488 factio:
1122 1471 1130 1488 4
1153 1461 1208 1489 Nos
1228 1470 1307 1495 vero,
1329 1470 1345 1488 0
1367 1462 1512 1494 exercitus,
1540 1463 1675 1496 quomodo
1697 1462 1789 1488 hostes

1001 1508 1214 1542 superabitnus?
1236 1517 1244 1533 4
1271 1508 1376 1534 Prasini
1393 1516 1399 1534 :
1428 1517 1436 1533 4
1455 1509 1511 1541 Dei,
1534 1509 1578 1541 qui
1595 1508 1716 1535 dominos
1734 1507 1789 1534 Ro-

159 1551 213 1582 πῶς
227 1552 422 1586 τροπὼτωμεν
445 1553 608 1587 πολεμίους
628 1563 637 1578 4
655 1553 679 1580 οἱ
696 1553 843 1588 Πράτινοι·
862 1563 870 1578 4
891 1553 944 1579 Τοῦ

1003 1561 1142 1580 manorum
1152 1554 1303 1585 coronavit,
1323 1554 1402 1580 [idem
1411 1558 1438 1581 et
1449 1554 1602 1588 mquitalem
1618 1553 1787 1580 dominorum

159 1598 309 1632 στέᾦαντος
322 1599 387 1630 τοὺς
401 1599 534 1628 δεσπότας
554 1599 696 1634 Ῥωμαίων
711 1599 778 1626 Θεοῦ
799 1599 946 1632 φυλάττον-

158 1651 204 1674 τας
217 1643 239 1658 ⁷⁸
270 1644 322 1678 τὴν
346 1643 447 1675 πίστιν,
464 1643 511 1669 καὶ
540 1643 589 1679 τὴν
616 1644 825 1678 εὐγνωμοσύνην
849 1644 947 1670 δεσπο-

159 1689 219 1716 τῶν.
241 1700 252 1715 4
280 1689 334 1715 Καὶ
358 1689 483 1722 λέγουσιν
505 1690 529 1716 οἱ
556 1689 685 1724 κράκται,
704 1699 713 1714 4
732 1689 829 1721 Πολλὰ,
850 1689 945 1722 πολλὰ,

160 1736 258 1763 πολλά·
284 1745 293 1761 4
311 1737 324 1761 6
339 1735 414 1767 λαὸς,
433 1745 441 1760 4
461 1735 549 1761 Πολλὰ
567 1735 613 1769 ἐτη
636 1736 675 1766 εἰς
690 1735 782 1762 πολλά.
805 1745 814 1761 4
833 1736 865 1762 Ol
879 1736 946 1771 κρά-

160 1789 233 1808 ιιται·
255 1791 265 1807 4
287 1781 382 1808 Πολλοὶ
395 1782 459 1816 ὑμῖν
473 1783 576 1817 χρόνοι.
590 1783 621 1808 τὸ
640 1782 787 1817 πρόόλημα
801 1783 849 1816 τῆς
865 1783 948 1817 Τριά-

159 1828 215 1859 δος·
243 1837 254 1854 4
283 1829 308 1854 οἱ
326 1828 468 1863 Πράτινοι·
487 1837 497 1853 4
523 1829 553 1855 ’Π
567 1828 665 1863 ἐκλογὴ
681 1829 730 1863 τῆς
748 1829 862 1863 Τριάδος
874 1836 880 1843 ·
901 1837 911 1854 4
934 1829 948 1854 6

159 1875 218 1906 λαὸς
234 1875 270 1902 ἐκ
290 1875 326 1909 γ’..
349 1884 358 1900 4
387 1875 483 1902 Πολλοὶ
509 1876 574 1909 ὑμῖν
601 1875 705 1910 χρόνοι·
726 1885 735 1900 4
755 1876 780 1901 οἱ
800 1875 946 1910 Πράσινοι·

163 1931 171 1947 4
187 1922 280 1955 Ἀγιε,
299 1931 309 1946 4
325 1922 355 1947 Οἱ
372 1921 507 1955 κράκται·
528 1931 535 1946 4
553 1921 649 1947 Πολλοὶ
664 1921 727 1956 ὑμῖν
738 1922 838 1956 χρόνοι,
850 1922 864 1948 6
875 1921 948 1947 δεῖνα

160 1967 204 1993 καὶ
216 1967 230 1993 6
245 1967 322 1992 δεῖνα
345 1967 543 2001 αὐτοκράτορες
572 1966 714 2001 Ῥωμαίων
726 1974 733 1981 '
756 1968 769 1993 6
785 1966 848 1998 λαδς
864 1968 895 1994 ὲκ
912 1966 947 2001 γ’,

163 2023 172 2039 4
189 2013 289 2039 Πολλοὶ
302 2013 367 2046 ὑμῖν
388 2013 488 2048 χρόνοι.
510 2021 519 2038 4
541 2014 572 2039 Οἰ
588 2013 720 2047 κράκται·
740 2022 749 2038 4
773 2013 867 2040 Πολλοὶ
882 2013 950 2048 ὑμῖν

159 2058 263 2093 χρόνοι,
281 2059 306 2085 οἱ
323 2058 488 2092 θεράποντες
505 2058 551 2085 τοῦ
575 2059 677 2093 Κορὶου
689 2067 695 2074 ⁸
712 2069 721 2084 4
745 2060 758 2084 6
773 2059 836 2090 λαὸς
858 2060 890 2085 ἐκ
912 2059 946 2093 γ’,

164 2113 172 2129 4
187 2105 286 2130 Πολλοὶ
303 2105 367 2139 ὑμῖν
389 2105 488 2140 χρόνοι.
506 2115 515 2130 4
533 2105 587 2131 Καὶ
603 2105 683 2131 πάλιν
697 2105 821 2137 λέγουσιν
835 2106 858 2130 οἱ
883 2106 949 2139 κρά-

161 2157 240 2177 κται·
265 2160 274 2176 4
300 2151 391 2184 Πᾶσην
416 2151 502 2186 χαρὰν
522 2151 610 2186 ἔχειὴ
632 2151 764 2182 πολιτεία,
789 2152 829 2178 ὅτι
856 2152 948 2185 βλέπει

161 2197 220 2228 τοὺς
245 2196 330 2228 ἰδίους
352 2196 500 2228 δεσπότας-
519 2206 527 2221 4
547 2198 662 2231 φοογγεῖ
682 2198 728 2223 καὶ
749 2199 762 2224 6
778 2198 840 2228 λαδς
856 2199 887 2224 ἐκ
901 2197 926 2231 Ῡ¹
940 2206 946 2212 ’

163 2249 172 2267 4‘
191 2243 295 2277 Πολλὴν
324 2242 379 2277 ἔχει
407 2243 494 2277 χαρὰν
517 2243 533 2278 ή
561 2243 694 2270 πολιτεία.
715 2253 724 2268 4
753 2245 784 2270 Ui
809 2244 945 2278 xpdtxnt'

165 2298 172 2313 4
197 2289 292 2323 Ὑμεῖς
309 2289 444 2324 ὑπάρχετε
463 2290 564 2325 ἠχαρὰ
575 2290 628 2316 τῶν
649 2291 807 2325 Ῥωμαίων⁸
829 2301 838 2317 4
857 2292 870 2318 6
885 2291 949 2322 λαὸς

163 2335 192 2360 ἐκ
203 2335 237 2368 γ’,
258 2344 268 2360 4
285 2335 375 2368 "A745.
394 2345 402 2360 4
426 2336 457 2361 Ol
481 2335 615 2369 κράκται·
634 2345 643 2360 4
665 2336 759 2371 Ὑμεῖς
778 2337 914 2372 ὑπάρχετε
934 2339 948 2363 6

164 2380 244 2411 7.606;
264 2381 319 2406 τῶν
339 2380 499 2414 Ῥωμαίων
519 2390 528 2406 4
548 2381 561 2407 6
578 2380 641 2412 λαὸς
662 2382 694 2407 ἐκ
712 2381 745 2415 γ’,
765 2392 773 2406 4
794 2383 915 2416 ’Λγιε⁷⁷.
935 2392 944 2408 4

163 2426 214 2452 Καὶ
227 2423 282 2453 οἷον
297 2427 379 2462 μέρος
388 2427 442 2462 ἔχει
455 2427 632 2462 προτὶμησιν,
648 2428 771 2461 λέγουσιν
783 2430 807 2454 οἱ
819 2429 912 2455 τούτου
925 2429 946 2445 ⁷³

163 2473 300 2505 κρὰκται-
324 2482 333 2498 4
358 2473 387 2499 '0
407 2473 480 2499 δεῖνα
507 2474 553 2499 καὶ
573 2474 587 2499 6
610 2474 683 2500 δεῖνα
712 2474 888 2509 φιλόχριπτοι,
919 2476 948 2501 ὲν

163 2518 220 2552 θεῷ
234 2519 342 2545 νικᾶτε·
363 2528 372 2544 4
391 2519 436 2546 καὶ
452 2520 465 2545 6
478 2520 541 2552 λαὸς
559 2520 590 2546 ὲκ
605 2519 639 2554 γ’,
651 2521 681 2546 τὸ
694 2521 757 2548 αὐτὸ
771 2521 798 2547 δὲ
816 2521 889 2556 λέγει
902 2524 950 2549 καὶ

999 1605 1149 1626 servantes.
1169 1609 1178 1625 4
1206 1599 1289 1627 Porro
1309 1606 1454 1627 cantores:
1486 1609 1496 1625 4
1528 1600 1645 1633 Multos,
1680 1600 1788 1631 multos,

1001 1645 1116 1672 mullos!
1138 1655 1146 1670 4
1175 1646 1309 1680 populus:
1340 1655 1350 1670 4
1372 1644 1470 1673 Multos
1485 1653 1571 1672 annos
1595 1646 1619 1672 in
1641 1645 1753 1672 multosl
1776 1654 1785 1670 4

999 1691 1132 1718 Cantores
1149 1700 1156 1716 :
1174 1701 1182 1716 4
1202 1691 1285 1718 Multa
1305 1691 1381 1719 vobis
1404 1697 1535 1725 tempora,
1559 1691 1787 1726 propugnaculum

1001 1737 1153 1764 Trinitatis!
1167 1737 1291 1764 4Prasiui
1309 1747 1315 1764 :
1337 1746 1346 1763 4
1365 1737 1634 1765 ElectiuTriuitatis!
1651 1747 1658 1763 4
1677 1736 1788 1772 populus

1000 1789 1061 1809 ter:
1081 1793 1090 1808 4
1107 1783 1190 1810 Multa
1202 1784 1279 1810 vobis
1293 1784 1429 1818 tempora!
1451 1792 1458 1809 4
1479 1783 1583 1810 Prasini
1599 1792 1605 1810 :
1625 1793 1634 1809 4
1653 1783 1785 1810 Saneteh

1000 1829 1152 1856 Cantores:
1166 1838 1174 1854 4
1190 1829 1270 1856 Multa
1288 1830 1363 1856 vobis
1377 1835 1506 1864 tempora,
1517 1829 1547 1858 Ν.
1563 1830 1596 1856 N.
1614 1830 1789 1863 imperatores

1001 1875 1199 1901 Romanorum!
1224 1883 1232 1900 4
1259 1875 1372 1909 populus
1401 1881 1460 1902 ter:
1480 1884 1489 1901 4
1520 1875 1600 1902 Multa
1624 1875 1699 1902 vobis
1720 1880 1787 1902 lem-

1000 1923 1079 1956 pora!
1102 1931 1110 1947 4
1132 1921 1281 1948 Cantores:
1311 1930 1320 1946 4
1343 1920 1424 1948 Multa
1448 1921 1523 1948 vobis
1545 1925 1677 1955 tempora,
1695 1919 1787 1946 famuli

1001 1967 1121 1995 Domini!
1138 1977 1147 1993 4
1167 1968 1284 2002 populus
1309 1972 1372 1995 ter:
1393 1977 1401 1992 4
1421 1967 1501 1994 Multa
1524 1968 1597 1994 vobis
1625 1972 1754 2001 tempora.
1776 1975 1786 1991 4

1001 2015 1104 2042 ltursus
1117 2019 1258 2041 cantores:
1278 2023 1287 2039 4
1309 2013 1417 2047 Quaqu
1438 2021 1489 2040 non
1508 2014 1605 2048 gaudio
1626 2014 1721 2039 civitas
1741 2020 1788 2038 ex-

1000 2059 1099 2092 sultat,
1124 2059 1186 2086 dum
1209 2059 1333 2086 dominos
1353 2065 1419 2086 suos
1448 2058 1584 2084 intuetur!
1605 2067 1613 2083 4
1637 2057 1734 2084 clamat
1761 2061 1788 2082 et

1001 2105 1116 2139 populus
1141 2110 1200 2132 ter:
1230 2115 1238 2130 4
1264 2104 1364 2138 Insigni
1392 2104 1484 2130 laetitia
1509 2103 1603 2129 civitas
1625 2102 1750 2128 exsultat.
1774 2110 1783 2126 4

1000 2151 1160 2178 Cantores:
1191 2161 1199 2176 4
1229 2151 1280 2177 Vos
1308 2150 1434 2184 gaudium
1465 2148 1648 2174 Romanorum
1676 2147 1755 2178 estis;
1774 2156 1782 2172 4

1001 2196 1114 2231 populus
1139 2200 1202 2222 ter:
1235 2204 1244 2220 4
1261 2194 1368 2221 Sancte.
1390 2203 1399 2219 4
1431 2193 1585 2219 Cantores:
1615 2200 1624 2216 4
1644 2191 1696 2218 Vos
1720 2191 1785 2218 estis

1003 2242 1166 2270 desiderium
1181 2241 1379 2273 Romanorum;
1396 2249 1405 2265 4
1418 2238 1530 2274 populus
1542 2243 1584 2265 ter
1597 2248 1602 2265 :
1623 2246 1632 2262 4
1650 2237 1760 2270 Sancte;
1773 2246 1782 2261 4

1002 2295 1029 2317 et
1041 2296 1207 2324 quaecunque
1222 2287 1303 2314 factio
1320 2286 1429 2320 reliquis
1443 2284 1651 2318 atttecellitmjus
1662 2289 1786 2310 cantores

1003 2337 1115 2363 dicunt:
1136 2343 1144 2360 4
1164 2332 1197 2360 Ν.
1211 2333 1242 2360 Ν.
1258 2332 1360 2359 Christi
1378 2338 1507 2363 amantes,
1524 2331 1550 2358 in
1569 2330 1623 2357 Deo
1640 2330 1754 2362 vincite;
1775 2338 1784 2353 4

1004 2383 1054 2410 hoc
1075 2382 1138 2408 item
1164 2379 1277 2415 populus
1298 2384 1325 2405 et
1344 2379 1465 2413 opposita
1485 2377 1576 2410 factio,
1601 2377 1660 2403 alba
1681 2383 1787 2410 quoque

1000 2434 1027 2457 et
1042 2436 1128 2461 russa,
1147 2432 1283 2462 repetunt.
1301 2427 1399 2460 quibus
1418 2432 1531 2460 uterque
1547 2425 1661 2459 populus
1678 2431 1786 2458 respou-

1001 2476 1062 2502 4lenl
1079 2480 1103 2502 et
1116 2475 1228 2501 dicunt:
1246 2482 1255 2498 4
1275 2472 1306 2499 N.
1329 2471 1360 2499 N.
1377 2472 1499 2506 Augusti,
1520 2476 1546 2497 lu
1564 2471 1672 2497 vincas!
1693 2478 1702 2495 4
1719 2475 1746 2496 et
1764 2469 1787 2496 si

1002 2522 1096 2549 Veneti
1115 2521 1276 2556 praecipuam
1298 2519 1404 2545 laudem
1425 2517 1532 2550 habent,
1550 2523 1674 2544 cantores
1693 2523 1786 2544 eorum

798 2592 913 2621 VARUZ
931 2592 1133 2622 LEC'I‘IONES.

242 2638 307 2671 μετὸ
323 2637 385 2664 eod.
410 2673 413 2674 ν
441 2639 463 2654 ⁷⁵
476 2639 641 2674 μεσοδὴμιον
655 2639 699 2666 ed.

749 2641 771 2656 7"
784 2640 837 2667 Pro
852 2642 939 2673 ἁντὶς,
957 2643 984 2669 l4.
1002 2650 1027 2668 e.
1045 2641 1146 2671 ἀντίος,
1165 2638 1207 2666 ed.
1224 2637 1332 2673 ubique
1345 2636 1385 2673 ἄνν
1398 2645 1450 2667 τις·

1503 2636 1526 2650 ⁷⁸
1545 2634 1725 2669 φυλάττοντες
1739 2633 1783 2669 ed.

201 2667 286 2710 veil”
303 2683 310 2700 ³
325 2667 482 2710 οίγκρ-ίκταί
499 2681 505 2688 ⁸
528 2684 536 2700 ί
549 2667 642 2709 ’Ῠὶιεῖς
668 2675 805 2710 ὑπάρχετε
820 2677 834 2702 6
857 2667 939 2708 7:660:
958 2667 1177 2710 τῶννῬωμαῖὼν
1192 2681 1200 2688 ·
1216 2681 1225 2698 4
1250 2673 1264 2698 6
1281 2667 1354 2703 ’λαὸς
1379 2672 1411 2698 ἐκ
1440 2671 1464 2704 γ’
1489 2680 1497 2696 4
1516 2667 1604 2703 "Ain,
1627 2679 1634 2694 4
1662 2675 1718 2694 om.
1739 2667 1783 2694 ed.

167 2706 187 2722 ’ί
202 2707 302 2734 τούτων
322 2709 366 2735 ed.

652 2753 746 2781 JOAN.
760 2753 830 2781 ne.
848 2754 973 2781 REISKI.
987 2743 1272 2781 COMMI'ZNTARIUS.

203 2801 255 2836 (ὦῦ)
275 2801 407 2828 Videntur
433 2801 517 2829 fuisse
535 2801 644 2837 gradus,
661 2802 686 2828 in
706 2801 803 2836 quibus
819 2802 950 2829 consiste-

171 2841 236 2876 rent,
253 2843 299 2863 nul
312 2837 438 2864 sederent
457 2836 545 2870 rivos,
558 2837 602 2872 qui
619 2838 650 2864 ad
681 2837 825 2864 factionem
851 2836 949 2864 nullam

169 2875 342 2906 llUIUIHTI‘Clll.

1041 2801 1095 2836 (Μ)
1114 2800 1146 2828 Μ.
1157 2800 1336 2827 constanteré
1350 2798 1435 2830 ἀντές,
1447 2798 1527 2836 idest
1545 2804 1617 2836 mune
1629 2795 1784 2836 exordii-at-

1005 2830 1051 2862 ubi:
1068 2830 1199 2866 66v:£0;,
1218 2836 1377 2865 contrarius,
1395 2841 1425 2859 ιη’
1449 2833 1597 2858 (ιιΙΓριέηγὶο
1615 2835 1696 2856 stans.
1716 2830 1785 2856 I‘ltu-

1005 2880 1045 2899 nu:
1061 2877 1120 2899 sunt
1136 2875 1158 2898 et
1177 2871 1338 2904 :uttipltunte.
