2076 3145
236 173 290 206 639

727 175 985 207 CONSTANTINI
1005 177 1343 209 PORPHYROGENITI

1811 178 1862 209 640

237 233 373 264 promunt,
388 229 498 264 aurigas
511 229 538 257 in
554 229 681 258 curribus
694 231 856 259 constitutos
865 236 928 259 ante
938 232 1022 267 ipsam

1080 233 1169 269 μόσια,
1197 235 1376 269 κατέρχονται
1402 233 1445 259 ἐπ’
1469 232 1604 268 ὀχήμασιν
1627 232 1658 258 ὲκ
1682 232 1737 258 τῶν
1761 231 1862 267 θυρῶν,

237 275 384 303 factionem
404 275 552 310 accipiunt,
563 281 590 303 et
614 276 749 305 saltantes
765 277 799 305 ad
814 284 913 305 metam
931 286 1026 314 usque,

236 321 382 348 stationem
401 326 506 357 petunt.
531 321 589 355 Quo
607 327 751 358 postquam
780 331 937 358 pervenere,
959 332 1028 359 prae-

235 367 316 394 fectis
339 373 513 394 numerorum
531 367 637 402 signum
653 368 742 400 datur,
769 369 795 396 hi
814 369 980 397 descendunt
1000 375 1028 397 et

237 413 272 440 ad
289 417 385 445 metas,
399 413 480 447 inque
494 414 601 441 caeteris
615 414 681 441 locis
698 413 789 449 Euripi
815 422 896 450 supra
908 423 1029 443 comme-

238 459 363 492 tttoratis,
377 459 423 486 ubi
448 461 539 487 acervi
561 460 666 487 olerum
682 468 715 488 ac
731 461 915 495 placentarum
926 462 1026 497 jacent,

239 505 404 532 subsistunt.
415 506 522 541 Auriga:
536 511 680 541 postquam
696 515 757 534 cum
771 515 853 542 grege
861 508 985 535 factionis
996 509 1028 535 ad

238 551 385 578 stationem
399 559 507 585 venere,
524 553 560 580 ibi
577 553 602 580 in
614 553 738 580 curribus
752 553 915 587 subsistunt,
933 554 1029 581 factio—

239 597 311 624 narii
355 597 445 626 fausta
475 599 631 633 imperatori
661 605 852 633 apprecantur,
873 607 926 634 quo
946 600 1028 632 facto,

239 643 343 678 aurigis
360 644 510 671 victoribus
523 645 671 679 imperator
684 652 802 672 coronas
818 653 865 680 per
877 646 1027 672 actuarium

238 694 268 716 et
293 689 426 716 vicarium
449 689 553 717 mittit:
570 690 596 717 lii
624 691 738 725 digressi
761 698 808 718 eos
831 694 972 724 coronant,
1003 695 1030 718 et

238 742 334 761 rursus
346 735 378 762 ad
393 743 551 763 consessum
571 741 756 763 revertuntur.
772 736 849 764 Tunc
867 737 948 768 factio
971 742 1028 765 sta-

239 780 287 806 tim
302 781 408 807 veniam
423 780 537 808 abeundi
550 781 631 817 inque
643 782 730 815 platea
747 782 863 809 saltandi
881 783 958 816 petit,
975 790 1028 817 qua

239 826 274 854 ab
303 826 466 861 imperatore
497 833 620 863 accepta,
648 829 674 856 in
702 829 831 864 plateam,
859 837 919 864 quae
941 830 1028 856 media

238 873 400 907 appellatur,
417 875 599 909 progreditur.
619 874 665 903 Sic
685 881 778 910 postea
801 875 949 910 imperator
967 883 1028 902 sur-

239 919 289 953 git.
318 919 395 947 turba
417 928 481 948 vero
517 922 606 956 populi
635 922 784 954 descendit,
813 926 841 949 et
871 929 903 949 ex
924 916 1065 949 acervisB

237 964 311 992 olera
330 965 524 1002 placentasque
541 968 634 1000 sumit,
653 967 714 995 dum
735 968 836 995 interea
861 968 949 1002 pisces
972 968 1028 1002 plu-

239 1012 324 1039 rimos
340 1012 366 1039 in
384 1013 508 1040 navicula
521 1013 642 1048 plaustro
654 1014 781 1049 imposita
795 1014 944 1046 advehunt,
960 1019 987 1041 et
999 1014 1026 1041 in

240 1057 328 1085 solum
343 1059 408 1086 circi
424 1059 666 1095 prnjiciunt:quos
680 1060 772 1087 itidem
789 1060 865 1087 turba
881 1060 1026 1087 commixta

239 1105 332 1139 pepuli
350 1105 451 1140 diripit.

1078 279 1126 306 καὶ
1141 280 1320 312 κατελθόντες
1332 281 1356 306 oi
1376 279 1422 306 τοῦ
1442 280 1602 314 νικήσαντος
1621 279 1721 313 μέρους
1735 278 1862 313 δημόται,

1079 326 1186 361 αἴρουσι
1214 326 1318 360 δάφνας
1341 326 1373 352 ἐκ
1395 325 1441 352 τοῦ
1468 325 1569 359 λογίου,
1586 325 1634 351 καὶ
1658 325 1781 360 δέχονται
1800 324 1865 356 τοὺς

1078 371 1204 406 ἡνιόχους
1227 372 1399 406 ἐπιδιφρίους
1417 371 1574 406 ἔμπροσθεν
1596 371 1643 397 τοῦ
1660 370 1742 397 αὐτοῦ
1764 371 1864 405 δήμου,

1078 417 1126 444 καὶ
1139 408 1269 449 σάξαντες
1299 417 1378 452 μέχρι
1402 417 1450 444 τοῦ
1477 417 1677 451 ἁντικάμπτου,
1704 417 1865 452 ἀνέρχονται

1079 464 1108 490 ὲν
1127 462 1166 498 τῷ
1193 463 1322 497 στάματι.
1351 463 1553 499 Ἀνερχομένων
1577 463 1605 489 δὲ
1629 461 1730 493 αὐτῶν,
1763 462 1865 488 δίδοται

1079 509 1166 544 νεῦμα
1183 511 1239 541 τοῖς
1255 510 1368 544 ἄρχουσι
1385 509 1438 535 τῶν
1448 509 1609 543 ταγμάτων,
1627 509 1674 535 καὶ
1687 507 1866 539 κατελθόντες

1079 556 1201 582 ἵστανται
1217 556 1245 582 ὲν
1260 558 1315 587 τοῖς
1329 556 1492 591 καμπτῆρσι
1507 555 1554 582 καὶ
1571 556 1599 581 ὲν
1621 556 1678 586 τοῖς
1695 554 1864 589 προειρημέ-

1079 611 1134 634 νοις
1150 602 1252 633 λοιποῐς
1265 603 1358 633 τόποις
1374 602 1420 628 τοῦ
1434 602 1462 628 εὑ
1469 602 1557 636 ρίπου,
1569 601 1633 627 ἔνθα
1645 601 1673 627 αί
1690 600 1795 627 στοισαὶ
1810 600 1866 626 τῶν

1079 649 1203 683 λαχάνων
1223 648 1336 674 καὶτῶν
1351 647 1526 674 πλακούντων
1545 648 1624 674 εἰσίν.
1643 646 1782 677 Ἐλθόντες
1798 646 1826 672 δὲ
1840 646 1866 672 οἱ

1079 694 1179 729 ἡνίοχοι
1198 693 1332 728 μετὰτῶν
1347 693 1472 728 δημοτῶν
1496 693 1544 719 τοῦ
1566 693 1665 728 μέρους
1691 693 1721 718 ὲν
1743 692 1782 727 τῷ
1800 692 1867 719 στά-

1081 749 1156 775 pars,
1174 740 1297 766 ἵστανται
1323 740 1410 766 ἐκεῖσε
1434 739 1595 774 ἑπιδίφριοι,
1618 739 1666 765 καὶ
1689 738 1866 772 ἀκτολογοῦσι

1081 784 1140 819 μετ’
1156 785 1294 820 εὐφημίας
1315 785 1340 810 οἱ
1356 784 1402 811 τοῦ
1419 785 1517 819 μέρους
1536 784 1575 818 τῷ
1595 783 1709 818 βασιλεῖ,
1727 784 1773 810 καὶ
1797 784 1866 818 μετᾶ

1078 831 1129 865 τὴν
1142 830 1339 866 συμπλήρωσιν
1359 832 1408 865 τῆς
1430 830 1567 865 εὐφημίας
1591 830 1749 856 ἀποστέλλει
1775 830 1866 861 αὐτοῖς

1079 878 1134 908 τοῖς
1160 878 1286 911 νικηταῖς
1311 876 1429 911 ἡνιόχοις
1451 877 1465 902 ὁ
1495 875 1622 911 βασιλεὺς
1647 876 1796 910 στεφάνους
1822 876 1867 902 διὰ

1079 923 1126 949 τοῦ
1141 922 1304 957 ἁκτουαρίου
1330 922 1377 948 καὶ
1399 921 1445 948 τοῦ
1468 921 1607 957 δευτέρου,
1627 921 1675 948 καὶ
1691 921 1867 953 κατελθόντες

1082 967 1209 1001 στέφουσι
1220 967 1283 998 τοὺς
1297 967 1433 1002 ἡνιόχους,
1450 967 1498 994 καὶ
1519 967 1678 1003 ἀνέρχονται
1695 967 1776 993 πάλιν
1788 967 1817 992 ἐν
1829 967 1867 1002 τῷ

1080 1013 1237 1047 καθίσματι.
1258 1013 1312 1040 Καὶ
1327 1014 1428 1045 εὐθέως
1453 1013 1565 1048 ἄρχεται
1582 1013 1612 1040 τὸ
1633 1013 1717 1049 μέρος
1731 1013 1868 1040 αίτεῖσθαι

1081 1060 1128 1086 τοῦ
1140 1060 1257 1092 ἐξελθεῖν
1272 1061 1319 1086 καὶ
1336 1060 1465 1095 χορεῦσαι
1481 1061 1521 1091 εἰς
1534 1060 1584 1094 τὴν
1602 1060 1743 1097 πλατεῖαν,
1759 1059 1806 1086 καὶ
1818 1059 1868 1085 λα-

1081 1106 1173 1137 6όντες
1198 1106 1248 1141 τὴν
1268 1106 1376 1141 αἴτησιν
1392 1106 1468 1141 παρὰ
1488 1106 1536 1132 τοῦ
1553 1107 1696 1141 βασιλέως,
1713 1107 1869 1142 ἐξέρχονται

239 1152 268 1176 ἐν
281 1152 315 1186 τῇ
339 1151 420 1187 μέσῃ.
443 1152 498 1180 Καὶ
522 1151 573 1180 εἷθ’
593 1153 680 1185 οὕτως
704 1153 845 1180 ἀνίσταται
858 1153 872 1179 ό
887 1152 1023 1188 βασιλεὺς,
1042 1153 1089 1180 καὶ
1109 1153 1179 1188 μετὰ
1200 1153 1231 1180 τὸ
1251 1153 1401 1187 ἀναστῆναι
1422 1154 1467 1179 τὸν
1495 1152 1606 1187 βασιλέα
1642 1154 1804 1188 κατέρχεται
1838 1155 1868 1180 τδ

240 1198 343 1234 πλῆθος
353 1199 375 1215 ⁶¹
389 1199 434 1225 τοῦ
449 1199 524 1231 λαοῦ,
537 1200 585 1226 καὶ
598 1201 721 1235 αἴρουσιν
738 1201 769 1227 ἐκ
790 1200 844 1226 τῶν
861 1199 976 1226 στοιΰῶν
994 1199 1027 1225 τά
1043 1207 1072 1226 τε
1089 1199 1193 1234 λάχανα
1208 1199 1256 1226 καὶ
1280 1201 1329 1231 τὰς
1362 1199 1545 1232 πλακοῦντας,
1569 1201 1598 1225 ὲν
1620 1200 1648 1226 δὲ
1666 1200 1704 1232 τῷ
1719 1199 1792 1235 αὐτῷ
1813 1200 1869 1226 είσ⁸

239 1244 353 1279 φέρουσι
378 1245 504 1280 χέλανδον
531 1247 682 1281 φερόμενον
708 1246 754 1272 ἐπὶ
775 1246 883 1280 ἀμάξης
905 1245 1007 1280 πλῆθος
1035 1244 1144 1281 ἰχθύων,
1169 1246 1216 1272 καὶ
1237 1245 1380 1280 ῥίπτουσιν
1408 1245 1479 1271 αὐτὰ
1498 1245 1520 1260 δ’
1547 1246 1593 1272 ἐπὶ
1608 1245 1722 1280 ἐδάφους
1760 1247 1789 1272 ὲν
1829 1245 1868 1280 τῷ

239 1293 363 1327 1.1mm?)-
398 1293 505 1328 αἴρουσι
538 1293 566 1320 δὲ
594 1293 640 1320 καὶ
675 1293 764 1320 ταῦτα
791 1293 821 1320 τὸ
848 1294 950 1329 πλῆθος
982 1293 1028 1320 τοῦ
1048 1293 1124 1320 λαοῦ.

276 1339 308 1367 ν.
326 1339 484 1374 imperator,
510 1345 540 1366 ut
567 1340 695 1370 diximus,
718 1348 732 1366 ιι
755 1340 853 1368 throno
877 1341 973 1376 surgit,
1001 1345 1028 1368 ct

240 1385 377 1419 praefectis
394 1384 517 1412 cubiculo
533 1386 737 1418 comitantibus,
762 1393 808 1420 per
822 1385 925 1413 medios
941 1386 1025 1420 patri-

239 1432 297 1458 cios
311 1435 337 1458 et
355 1435 491 1465 strategos
514 1431 539 1458 iu
562 1431 692 1463 triclinio,
710 1431 737 1458 in
755 1439 810 1466 quo
830 1439 862 1459 eo
879 1433 922 1459 die
936 1433 1028 1460 convi-

240 1477 314 1504 vium
341 1477 474 1510 celebrat,
491 1477 653 1505 constitutos
678 1478 776 1505 transit
798 1487 805 1505 :
827 1478 877 1513 ipsi
898 1478 975 1513 longa
999 1485 1029 1505 ac

242 1522 332 1549 felicia
347 1526 469 1556 tempora
487 1523 511 1549 ei
529 1528 720 1556 apprecantur.
735 1522 800 1549 lude
815 1523 968 1550 cubiculum
982 1531 1031 1558 pe-

242 1570 283 1602 tit,
299 1569 417 1604 dumque
435 1569 595 1604 pratpositus
619 1576 633 1595 a
657 1569 745 1604 capite
764 1569 823 1604 ejus
839 1577 967 1596 coronam
982 1570 1024 1596 de-

242 1614 300 1647 mit,
320 1614 463 1641 vestitores
478 1614 591 1646 intrant,
610 1619 647 1646 et,
661 1614 750 1641 tunica
763 1614 812 1649 ipsi
828 1619 922 1646 exuta,
943 1614 1030 1641 disce-

241 1660 318 1687 dunt.
346 1660 495 1694 Imperator
521 1667 669 1695 egressus,
694 1661 822 1695 pretiosae
849 1667 949 1687 mensa:
975 1668 1031 1688 sum

240 1715 301 1734 cum
327 1707 433 1738 amicis,
450 1714 518 1742 quos
540 1707 572 1734 ad
592 1707 747 1734 convivium
771 1706 888 1740 vocavit,
907 1706 1028 1733 assidet:

241 1755 385 1786 postquam
402 1759 467 1779 vero
483 1751 603 1779 surrexit
619 1756 646 1778 et
661 1751 798 1786 paulisper
813 1752 924 1786 quievit,
945 1752 1031 1779 donec

240 1798 332 1824 omnia
349 1797 383 1824 ad
398 1802 537 1825 certamen
552 1801 647 1832 parata
657 1797 722 1828 sint,
735 1801 886 1831 exspectat.
901 1796 1031 1825 Veniente

240 1843 432 1872 cerimoniario
443 1848 469 1871 et
485 1844 630 1877 prmposito
643 1843 792 1876 indicante,
806 1843 897 1870 omnia
912 1843 968 1877 jam
985 1851 1032 1878 pa-

242 1895 300 1917 rata
314 1897 386 1921 esse,
401 1890 563 1924 pra-positus
578 1890 770 1923 imperatorem
789 1888 822 1915 de
834 1896 866 1916 eo
885 1889 1030 1917 certiorem

242 1937 317 1968 facit,
336 1937 381 1971 qui
396 1944 444 1970 per
466 1937 598 1971 lapideam
618 1937 718 1964 scalam
736 1938 768 1964 ad
790 1938 944 1965 cubiculum
962 1939 1029 1971 abit,

243 1983 388 2018 tunicaque
403 1988 430 2010 et
444 1990 544 2010 corona
570 1991 619 2018 pro
633 1990 708 2010 more
725 1984 857 2011 induitur.
881 1984 1000 2020 Stipatus
1016 1993 1030 2012 a

241 2029 359 2057 cubiculi
389 2029 537 2065 praefectis,
555 2035 758 2064 perangustum
780 2030 926 2058 triclinium
951 2031 1030 2066 202

241 2076 275 2103 ad
302 2083 443 2110 magnum,
461 2076 487 2103 in
500 2084 554 2112 quo
577 2084 609 2104 co
631 2076 674 2104 die
687 2076 773 2109 epulae
793 2075 984 2110 instituuntur,
1001 2085 1031 2105 se

240 2121 358 2155 confert,
374 2127 401 2150 et
417 2122 452 2150 ibi
465 2130 526 2150 cum
546 2122 681 2158 prafectis
694 2123 811 2151 cubiculi
822 2128 909 2155 stans,
924 2130 1030 2158 praepo-

240 2168 304 2200 sito,
323 2168 345 2195 is
361 2168 486 2199 ostiario,
515 2168 621 2203 signum
648 2169 707 2200 dat.
736 2169 844 2204 patricii
869 2173 897 2197 et
917 2169 1030 2204 strategi

240 2213 421 2246 adducuntur,
438 2218 466 2241 et
489 2219 634 2249 postquam
658 2215 850 2250 imperatorem
870 2215 1029 2247 adorarunt,

239 2259 401 2294 praepositus
427 2260 493 2287 dicit

239 2313 301 2332 cum
326 2310 421 2333 senatu
447 2306 520 2333 foras
554 2306 710 2341 progressi,
742 2307 776 2334 ab
809 2311 924 2341 utraque
952 2311 1029 2341 parte

240 2356 330 2379 astant
347 2352 533 2386 :iutperatore
547 2359 613 2379 vero
634 2353 661 2379 in
687 2357 765 2386 porta
785 2353 943 2383 constituto.
965 2352 1028 2379 dicti

240 2404 337 2425 omnes
345 2404 375 2424 se
387 2401 573 2432 prosternunt,
585 2401 613 2424 et
628 2401 772 2431 postquam
787 2404 940 2428 surrexere,
958 2404 1027 2431 pra:-

241 2441 345 2476 pnsitus
359 2450 374 2469 a
389 2441 517 2469 mandato
525 2442 716 2469 cerimoniario
728 2441 832 2476 signum
843 2442 889 2469 dat
901 2448 928 2470 et
942 2442 1008 2469 dicit
1020 2450 1028 2470 :

244 2495 253 2512 ι
271 2486 385 2520 anete;
398 2497 408 2513 ι
426 2487 476 2522 ipsi
494 2488 576 2514 multa
589 2488 714 2522 bonaque
735 2493 856 2522 tempora
875 2495 1029 2523 apprecan-

242 2538 296 2560 utr.

1116 1339 1156 1367 E'.
1195 1339 1225 1366 '0
1253 1339 1282 1366 δὲ
1310 1338 1454 1374 βασιλεὺς,
1483 1338 1520 1369 ὡς
1547 1337 1719 1373 προείρηται,
1748 1337 1867 1369 ἀναστὰς

1081 1385 1135 1412 ἀπὸ
1150 1384 1197 1411 τοῦ
1213 1383 1324 1416 αέντζου
1340 1384 1387 1410 καὶ
1404 1383 1618 1418 δηριγευόμενος
1635 1382 1687 1408 ὑπὸ
1702 1382 1757 1408 τῶν
1769 1382 1867 1417 ἀρχόν-

1081 1439 1135 1456 των
1146 1430 1192 1456 τοῦ
1207 1429 1410 1461 κουὸουκλείου,
1435 1429 1571 1464 διέρχεται
1589 1428 1670 1462 μέσον
1686 1427 1739 1453 τῶν
1761 1436 1791 1453 τε
1818 1435 1868 1454 πα-

1082 1476 1195 1512 τρικίων
1219 1477 1265 1502 καὶ
1293 1475 1473 1511 στρατηγῶν,
1507 1474 1631 1502 ἑστώτων
1654 1474 1744 1500 αὐτῶν
1773 1474 1802 1500 ἐν
1829 1474 1869 1506 τῷ

1082 1522 1224 1558 τρικλίνῳ,
1247 1523 1275 1549 ὲν
1288 1519 1310 1556 ᾧ
1331 1522 1431 1557 ἀριστᾷ
1452 1523 1484 1556 τῇ
1513 1521 1581 1556 αὐτῇ
1611 1520 1713 1555 ἡμέρᾳ,
1739 1519 1816 1546 αὐτοὶ
1840 1519 1870 1545 δὲ

1083 1569 1282 1604 ὑπερεύχονται
1305 1569 1346 1595 τό⁸
1368 1577 1377 1594 t
1395 1569 1440 1599 Ei;
1463 1567 1575 1598 πολλοὺς
1600 1567 1647 1592 καὶ
1665 1565 1782 1599 ἀγαθοὺς
1805 1565 1869 1599 χρό‹

1082 1623 1153 1644 νους.
1174 1623 1182 1639 t
1213 1613 1269 1640 Καὶ
1287 1614 1440 1648 εἰσέρχεται
1457 1613 1485 1639 ὲν
1503 1612 1542 1647 τῷ
1564 1611 1683 1644 κοιτῶνι,
1697 1611 1824 1642 λαϐόντος
1839 1610 1868 1636 δὲ

1081 1659 1128 1686 τοῦ
1145 1659 1326 1694 πραιποσίτου
1340 1659 1370 1685 τὸ
1386 1658 1496 1693 στέμμα
1512 1658 1565 1684 ἀπὸ
1581 1658 1630 1692 τῆς
1639 1657 1759 1692 κεφαλῆς
1775 1657 1867 1689 αὑτοῦ,

1082 1705 1251 1740 εἰσέρχονται
1280 1705 1304 1731 οί
1329 1704 1502 1739 βεστὴτορες,
1528 1704 1575 1729 καὶ
1591 1703 1797 1736 ἀπαλλάξαντες
1818 1703 1868 1736 τὴν

1081 1751 1201 1786 χλανίδα,
1216 1750 1382 1785 ἐξέρχονται.
1400 1750 1454 1777 Καὶ
1470 1748 1585 1781 ἐξελθὼν
1600 1749 1614 1774 ὁ
1631 1749 1768 1784 βασιλεὺς,
1801 1748 1868 1774 καθ-

1081 1797 1172 1828 έζεται
1198 1797 1244 1822 ἐπὶ
1267 1798 1316 1831 τῆς
1340 1796 1435 1831 τιμίας
1464 1796 1547 1822 αὑτοῦ
1576 1795 1716 1830 τραπέζης
1735 1795 1804 1829 μετὰ
1822 1794 1869 1821 καὶ

1082 1842 1176 1876 φίλων,
1199 1839 1235 1868 ὧν
1252 1841 1285 1868 ἂν
1304 1842 1420 1873 κελεύει,
1442 1843 1489 1868 καὶ
1514 1840 1634 1872 ἀναστὰς
1659 1841 1712 1867 ἀπὸ
1734 1841 1780 1867 τοῦ
1802 1841 1869 1874 κλη-

1081 1888 1178 1923 τωρίου
1196 1889 1242 1915 καὶ
1262 1889 1359 1923 μικρὸν
1379 1889 1619 1923 ἀναπαυσάμενος,
1646 1888 1797 1922 ἐκδέχεται,
1823 1887 1870 1921 μὲ-

1082 1943 1143 1970 χρις
1158 1934 1190 1960 ἂν
1205 1935 1239 1961 τὰ
1254 1935 1342 1961 πάντα
1361 1935 1560 1969 ἐτοιμασθῶσιν
1572 1935 1600 1959 ἐν
1623 1933 1662 1968 τῷ
1677 1933 1783 1967 ἱππικῷ
1799 1933 1868 1968 (25).

1088 1981 1225 2010 Ἐλθόντος
1239 1980 1267 2007 δὲ
1290 1981 1336 2007 τοῦ
1351 1982 1400 2014 τῆς
1415 1981 1610 2012 καταστάσεως
1629 1980 1674 2007 καὶ
1687 1980 1869 2015 γνωρίσαντος

1082 2027 1120 2063 τῷ
1148 2027 1341 2062 πραιποσίτῳ,
1378 2027 1414 2058 ὡς
1441 2028 1482 2054 ὅτι
1508 2027 1608 2062 ἕτοιμά
1633 2028 1690 2053 ἐστι
1720 2027 1829 2056 πάντα,
1856 2026 1871 2052 6

1082 2073 1261 2108 πραιπόσιτος
1275 2073 1352 2107 δηλοί
1364 2073 1402 2108 τῷ
1422 2073 1545 2107 βασιλεῖ·
1574 2073 1587 2099 ό
1615 2073 1643 2099 δὲ
1660 2072 1788 2107 βασιλεὺς
1802 2079 1871 2098 κατ-

1082 2119 1191 2155 έρχεται
1220 2119 1264 2146 διὰ
1289 2119 1340 2153 τῆς
1362 2119 1467 2153 λιθίνης
1509 2119 1622 2151 σκάλας,
1646 2119 1693 2145 καὶ
1718 2119 1872 2153 εἰσέρχεται

1082 2166 1111 2192 ὲν
1131 2165 1169 2201 τῷ
1197 2165 1318 2196 κοιτῶνι,
1343 2165 1390 2192 καὶ
1410 2165 1604 2199 περιὸἅλλεται
1630 2165 1680 2200 τὴν
1698 2165 1810 2200 χλανίδα
1824 2165 1871 2192 καὶ

1081 2211 1112 2237 τὸ
1141 2212 1252 2247 στέμμα
1281 2211 1352 2238 κατὰ
1382 2211 1538 2244 συνήθειαν.
1574 2211 1628 2238 Καὶ
1655 2211 1872 2246 δηριγευόμενος

521 2269 528 2287 :
546 2270 555 2286 ι
574 2259 680 2288 Jubete.
701 2270 711 2286 ι
730 2260 839 2288 Patricii
868 2265 895 2288 et
920 2260 1029 2295 strategi

1084 2257 1137 2284 ὑπὸ
1148 2257 1202 2284 τῶν
1224 2257 1363 2292 ἀρχόντων
1385 2255 1432 2283 τοῦ
1457 2256 1649 2283 κουσουκλείου
1678 2257 1814 2292 διέρχεται
1827 2257 1871 2282 διὰ

1081 2303 1128 2331 τοῦ
1143 2303 1235 2330 στενοῦ
1249 2303 1398 2338 τρικλίνου,
1425 2303 1472 2329 καὶ
1494 2302 1634 2337 ἐξέρχεται
1655 2303 1683 2328 ἐν
1699 2302 1737 2338 τῷ
1761 2301 1872 2337 μεγάλῳ

1081 2349 1228 2385 τρικλίνῳ,
1256 2349 1284 2375 ὲν
1312 2345 1447 2384 ᾦάριστᾷ
1470 2349 1503 2383 τῇ
1533 2348 1601 2383 αὐτῇ
1631 2349 1741 2383 ἡμέρᾳ..
1773 2348 1870 2374 κάκεῖ-

1083 2404 1112 2422 σε
1127 2394 1211 2427 ἑστὼς
1228 2396 1286 2430 ἅμα
1298 2396 1354 2426 τοῖς
1380 2395 1493 2430 ἄρχουσι
1514 2394 1560 2421 τοῦ
1579 2394 1781 2425 κουεουκλείου,
1798 2392 1870 2420 νεύει

1083 2441 1121 2476 τῷ
1135 2441 1321 2476 πραιποτίτῳ,
1338 2442 1463 2472 κάκεῖνος
1478 2440 1517 2476 τῷ
1543 2440 1683 2474 όστιαρίῳ,
1705 2440 1752 2466 καὶ
1765 2439 1871 2474 εἰσάγει

1083 2486 1244 2522 πατρικίους
1271 2487 1318 2512 καὶ
1344 2486 1526 2521 στρατηγοὺς,
1549 2485 1596 2512 καὶ
1622 2484 1872 2520 προπυνησάντων

1083 2533 1122 2568 τῷ
1144 2532 1264 2567 βασιλεῖ,
1290 2531 1363 2566 λέγει
1386 2532 1400 2558 ὁ
1427 2531 1626 2566 πραιπόσιτοςα
1658 2530 1867 2558 (Κελεὺσατε.ι

241 2580 296 2607 Καὶ
320 2578 474 2612 ἐξελθόντες
491 2579 544 2614 ἔξω
557 2581 606 2617 τῆς
623 2581 710 2617 πύλης
726 2581 755 2608 οῖ
777 2589 807 2607 τε
829 2579 967 2614 πατρίκιοι
1000 2579 1048 2606 καὶ
1069 2579 1217 2614 στρατηγοὶ
1232 2578 1289 2613 ἅμα
1317 2579 1350 2613 τῇ
1387 2577 1542 2612 συγκλήτῳ,
1570 2577 1693 2604 ἵστανται
1719 2577 1794 2604 ἔνθεν
1823 2576 1872 2602 κά-

892 2648 1009 2676 νΑῐιιλΕ
1023 2646 1168 2675 LECTION
1174 2646 1227 2674 ES.

276 2709 298 2725 δι
310 2708 374 2739 τοὺς
395 2707 440 2734 πλ.
460 2707 504 2736 ed.
544 2707 567 2723 δ’
586 2707 685 2738 αὐτοὺς
697 2706 740 2734 cd.
776 2695 779 2698 I

739 2760 834 2789 .IOAN.
851 2760 923 2789 JAC.
939 2759 1062 2787 BEISKII
1077 2756 1363 2787 COMMENTARIUS.

276 2825 332 2862 (25)
353 2824 417 2852 Post
439 2825 510 2862 hanc
525 2830 618 2850 vocom
632 2826 691 2849 erat
704 2820 839 2862 in_codice
858 2819 1028 2860 spatium,ut
1077 2815 1375 2862 lttdAopvlc‘apertit‘tphvel
1393 2819 1588 2862 Ko‘filerldl‘flno.
1615 2817 1680 2862 Nam
1693 2861 1696 2862 ν
1709 2818 1870 2860 plerumque

241 2855 306 2889 nota
322 2855 503 2887 distinctionis
513 2864 538 2885 et
552 2865 627 2886 nom:
635 2855 816 2887 tractationis,
826 2860 853 2882 et
866 2855 890 2881 in
907 2855 1028 2888 margine

243 2896 408 2930 adscriptum
430 2899 490 2922 erat
505 2894 570 2928 Ana,
594 2893 620 2921 id
642 2897 683 2920 est
707 2891 807 2926 δείλης,
823 2891 983 2918 observanda
1000 2890 1028 2917 in

1079 2860 1129 2880 vox
1144 2852 1234 2887 δείλης
1259 2851 1359 2886 scripta
1390 2857 1448 2880 crat
1477 2854 1503 2881 in
1529 2854 1578 2882 hoc
1606 2851 1770 2889 codice'pcr
1787 2851 1871 2889 genti-

1078 2896 1140 2916 num
1157 2896 1184 2923 η.
