2076 3145
186 162 201 190 (ἲ
206 161 221 190 -ἰ
231 159 241 190 ι

184 218 273 244 κεῖσε·
303 212 416 248 navsse:
439 215 468 243 δε
492 216 540 243 καὶ
557 216 605 244 τοῦ
632 217 764 253 βασιλέως
787 218 816 245 ἐν
835 219 868 254 τῇ
890 218 972 255 πύλῃ,

181 271 250 296 των,
274 261 345 289 νεύει
366 263 381 289 6
399 263 580 298 πραιπόσιτος
605 263 660 290 ἀπὸ
686 264 837 296 κελεύσεως
860 264 898 300 τῷ
923 265 972 300 τῆς

603 163 650 193 DE
665 163 891 194 CERIMONIIS
906 163 1018 194 Αἱ]ιέ
1034 163 1258 195 ΒΥΖΑΝΤῙΝΛΕ
1277 165 1353 198 LIB.
1374 166 1399 197 Ι.

1769 170 1824 203 642

994 219 1140 247 πίπτουσιν
1167 221 1192 247 οι
1217 221 1414 256 προειρημένοι
1430 221 1565 256 ἅπαντες,
1602 223 1650 251 καὶ
1685 224 1821 252 avum...

1008 266 1212 299 καταστάσεως,
1247 267 1294 293 καὶ
1320 267 1408 301 λέγει·
1439 269 1616 297 «Κελεύσατε
1631 279 1661 297 ·ι
1687 271 1765 299 αὐτοὶ
1792 272 1823 299 δὲ

181 308 400 344 ὑπεριύχονταιο
432 318 442 334 ‹
463 308 511 341 El;
538 309 652 341 πολλοὺς
680 310 728 337 καὶ
758 310 879 345 ἀγαθοὺς
910 311 1023 346 χρόνους
1059 321 1067 337 ι

217 353 266 388 ς’.
301 355 357 382 Kal.
388 351 440 381 εἷθ’
463 354 551 386 οὕτως
585 355 731 390 κατασχὼν
759 357 790 384 τὸ
811 357 896 392 ἀκρον
925 358 975 393 τῆς

177 400 303 435 χλανίδος
323 399 372 427 τοῦ
387 400 521 435 βασιλέως
538 401 552 426 ό
565 403 616 436 τὴς
628 403 823 435 καταστάσεως
834 404 881 430 καὶ
892 404 973 438 ποιή-

182 454 232 478 σας
257 446 416 482 ρωσθέλιον,
454 447 569 474 ἐπιδιδοῖ
592 448 632 483 τῷ
657 448 773 484 βασιλεῖ.
809 447 876 476 Εἶτα
901 451 974 477 ἐκεί-

178 494 225 520 θεν
253 494 467 530 δηριγευόμενος
483 495 497 521 6
521 494 647 530 βασιλεὺς
674 496 728 522 ὑπὸ
751 496 805 522 τῶν
832 497 973 532 ἀρχόντων

176 541 224 568 τοῦ
251 540 444 567 κουὸουκλείου
459 561 467 573 ,
498 542 652 578 πατρικίων
675 551 704 568 τε
731 543 778 569 καὶ
800 543 972 579 στρατηγῶν,

176 587 324 621 ἀνέρχεται
345 587 373 612 ὲν
398 586 438 621 τῷ
463 587 617 622 καθίσματι
635 587 704 623 μετὰ
722 587 811 623 μόνων
839 587 894 614 τῶν
923 587 972 614 τοῦ

178 633 372 659 κουεουκλείου
399 633 538 668 ἀρχόντων
565 634 612 660 καὶ
643 634 689 660 δύο
720 633 897 668 μαγ).α6ιτῶν
926 634 974 660 καὶ

178 680 342 716 σπαοαρίων
363 680 554 715 βασταζόντων
582 681 734 716 διστράλια,
749 681 903 716 φορούντων
928 680 974 707 καὶ

176 727 210 753 τὰ
224 727 330 754 σπαθία
354 726 456 757 αὐτῶν,
484 727 522 758 ὡς
548 727 576 753 ὲν
605 727 713 762 ἑκάστῳ
735 727 850 762 ἱππικῷ.
884 727 974 754 ’Λνελε

177 771 232 799 θὼν
249 772 280 798 δὲ
296 773 325 798 ἐν
340 772 379 808 τῷ
400 773 503 808 σὲντζῳ
514 773 528 798 6
549 773 677 808 βασιλεὺς
691 774 739 800 καὶ
755 773 910 808 σφραγίσας
924 773 970 799 τὸν

176 818 241 844 λαὸν
265 818 299 844 ἐκ
315 817 419 853 τρίτου,
447 818 603 851 καθέζεται,
624 819 673 846 καὶ
688 819 757 853 μετὰ
773 819 823 854 τὴν
847 819 974 854 συμπλή-

177 872 262 899 ρωσιν
277 865 327 899 τῆς
353 865 493 899 εὐφημίας
513 865 653 900 ἐξέρχεται
677 867 691 891 6
710 866 893 901 πραιπόσιτος
917 868 974 894 ἀπὸ

177 910 342 943 κελεύσεως,
359 912 406 936 καὶ
419 910 492 936 νεύει
509 912 564 941 τοῖς
582 919 611 936 τε
627 912 785 946 πατρικίοις
804 912 852 939 καὶ
869 921 972 948 στρατ-

176 957 273 992 ηγοῖς,
302 956 432 984 ἀπελθεῖν
457 958 572 984 ἕκαστον
597 958 625 983 ἐν
651 959 684 992 τῇ
711 958 787 991 τάξει
817 958 901 986 αὑτοῦ
925 959 974 986 καὶ

176 1002 316 1038 καθέδρα·
341 1002 524 1030 τελεσθέντων
542 1003 570 1029 δὲ
589 1003 644 1030 τῶν
660 1002 680 1030 δ’
704 1003 801 1038 βαῖων,
827 1005 973 1033 ἀνίσταται

173 1050 187 1076 6
199 1049 331 1084 βασιλεὺς
351 1050 406 1075 ἀπὸ
420 1049 466 1076 τοῦ
480 1049 661 1084 καθίσματος,
681 1049 728 1076 καὶ
746 1051 902 1083 ἱσταμένων
915 1051 971 1078 τῶν

174 1094 332 1129 πατρικίων
345 1096 374 1121 ἐν
389 1091 411 1128 ᾧ
428 1096 527 1130 ἀριστᾷ
539 1095 552 1121 6
567 1095 694 1130 βασιλεὺς
711 1096 852 1131 τρικλίνῳ,
885 1097 933 1123 καὶ
948 1097 971 1113 ⁸³

174 1142 391 1177 ἂηριγευόμενος
405 1142 457 1168 ὑπὸ
473 1142 527 1168 τῶν
545 1143 684 1177 ἀρχιιντων
698 1142 745 1169 τοῦ
765 1143 970 1176 κουϐουκλείου,

172 1189 314 1223 διέρχεται
345 1189 427 1223 μέσον
454 1189 562 1222 αὐτῶν,
594 1190 672 1216 αὐτοὶ
698 1190 727 1217 δὲ
752 1190 970 1225 ὑπερεύχονται·

176 1244 186 1261 ι
200 1235 248 1266 Εἰς
266 1235 382 1266 πολλοὺς
402 1235 450 1262 καὶ
467 1235 587 1270 ἀγαθοὺς
612 1237 737 1271 χρόνους.
757 1246 767 1262 ι
791 1238 845 1263 Καὶ
857 1236 971 1264 διελθὼν

172 1282 216 1309 διὰ
235 1281 289 1308 τοῦ
318 1282 412 1309 στενοῦ
429 1282 579 1317 τρικλίνου,
604 1283 758 1318 εἰσέρχεται
772 1284 802 1310 ὲν
816 1283 855 1318 τῷ
869 1283 970 1310 κοιτῶ-

172 1336 207 1358 νι.
223 1329 277 1355 καὶ
294 1328 453 1361 ἀπαλλάξας
477 1329 508 1355 τό
536 1337 566 1355 τε
584 1329 696 1364 στέμμα
722 1330 771 1356 καὶ
784 1330 834 1364 τὴν
858 1329 970 1365 χλανίδα

173 1373 272 1405 αὑτοῦ,
285 1373 480 1409 περιβάλλεται
493 1374 598 1408 σαγίον,
617 1376 665 1401 καὶ
681 1375 846 1410 κατέρχεται
861 1376 904 1402 διὰ
921 1376 968 1402 τοῦ

174 1419 313 1454 μυστικοῦ
333 1419 456 1455 κοχλιοῦ,
481 1422 528 1447 καὶ
553 1421 765 1456 δηριγευόμενος
788 1422 840 1448 ὑπὸ
860 1423 970 1449 πάντων

171 1467 217 1493 τοῦ
241 1466 456 1498 κουσουκλείου,
482 1467 620 1503 διέρχεται
642 1468 687 1494 διὰ
703 1468 752 1495 τοῦ
776 1469 960 1502 αὺγουστέως,

989 361 1013 389 Α
1064 357 1108 385 Vl.
1124 358 1186 386 Mox
1214 359 1438 393 cerimoniarius,
1465 361 1578 389 collecta
1594 367 1717 391 extrema
1731 365 1822 393 tunica

1029 405 1216 438 imperatoris,
1246 405 1426 433 rltostlielium
1457 406 1533 439 facit,
1559 408 1640 442 idque
1663 409 1822 444 imperatori

1028 451 1121 478 tradit.
1134 452 1184 485 Qui
1201 460 1215 478 τι
1231 452 1370 487 praefectis
1385 452 1523 487 cubiculo,
1538 455 1660 489 patriciis
1673 463 1705 483 ac
1719 455 1821 484 strate-

1026 499 1066 533 gis
1080 500 1207 533 stipatus,
1234 507 1296 527 cum
1321 500 1388 527 solis
1403 500 1529 528 cubiculo
1553 501 1701 536 praefectis,
1717 503 1823 531 duobus

1027 545 1201 572 manclavitis
1214 550 1242 573 et
1252 546 1402 580 spatlrariis
1417 546 1550 574 dextralia
1567 548 1734 582 spathasque
1745 556 1822 582 suas,

1027 596 1056 618 nt
1085 591 1112 618 in
1143 593 1272 619 omnibus
1292 592 1490 620 certaminibus
1520 594 1695 629 equestribus
1722 596 1822 628 solent,

1026 638 1206 672 gestantibus,
1238 639 1270 666 atl
1295 647 1456 667 consessum
1485 647 1564 667 suum
1599 641 1732 668 ascendit.
1750 641 1823 669 Cou-

1026 691 1123 711 sceuso
1138 691 1202 711 vero
1220 685 1331 718 throno,
1355 688 1452 720 terque
1478 686 1576 721 populo
1592 686 1710 720 signato,
1733 689 1821 720 sedet,

1025 735 1064 761 et,
1077 729 1273 758 acclamatione
1288 731 1376 764 flnila,
1394 733 1556 767 praepositus
1569 741 1583 760 ιι
1601 734 1729 761 tuandato
1744 742 1824 770 egre-

1026 776 1111 809 ditur,
1127 778 1249 811 patriciis
1265 783 1292 805 et
1304 779 1430 813 strategis
1447 779 1555 814 signum
1576 780 1633 811 dat,
1650 784 1679 807 ut
1697 781 1729 807 ad
1744 781 1822 808 ordi-

1026 829 1086 850 nem
1104 823 1248 858 locumque
1265 831 1346 851 suum
1368 825 1466 859 singuli
1488 833 1518 853 se
1539 826 1684 860 recipiant.
1700 826 1824 859 Quatuor

1024 868 1123 903 palmis
1139 869 1294 902 celebratis,
1312 870 1462 905 imperator
1477 879 1491 898 a
1510 872 1607 900 throno
1621 873 1720 908 surgit,
1738 877 1763 900 et
1776 881 1824 908 ps-

1026 912 1112 940 triciis
1127 913 1154 940 in
1175 913 1305 945 triclinio,
1334 914 1378 942 ubi
1397 915 1552 942 convivium
1571 916 1703 948 celebrat,
1719 918 1822 945 consli-

1026 958 1100 989 Iutis,
1118 965 1132 984 a
1159 958 1294 992 prmfeclis
1313 960 1440 987 cubiculo
1471 961 1597 995 stipatus,
1629 969 1677 996 per
1702 963 1821 990 medium

1027 1003 1133 1030 illorum
1148 1006 1257 1036 transit.
1269 1005 1332 1032 dum
1346 1005 1435 1033 iclicia
1452 1007 1501 1042 ipsi
1516 1015 1548 1034 ac
1558 1007 1684 1035 diuturna
1698 1013 1822 1043 tempora

1027 1055 1222 1084 apprecantur.
1238 1049 1304 1078 Inde
1333 1059 1381 1086 per
1395 1058 1539 1088 angustum
1558 1054 1705 1081 triclinium
1723 1056 1756 1082 ad
1774 1063 1821 1082 cn-

1026 1095 1145 1123 biculum
1162 1096 1229 1129 abit,
1251 1097 1296 1124 ubi
1318 1105 1420 1125 corona
1448 1107 1496 1126 sua
1517 1104 1546 1126 et
1565 1101 1655 1127 tunica
1683 1102 1820 1136 deposita,

1025 1150 1119 1177 sagum
1135 1143 1234 1175 induit,
1252 1151 1355 1179 perque
1386 1151 1520 1173 secretam
1535 1147 1689 1179 cochleam,
1708 1148 1822 1176 cubicu-

1025 1188 1101 1216 lariis
1116 1190 1243 1218 omnibus
1256 1193 1463 1226 comitantibus,
1486 1201 1534 1229 per
1549 1200 1723 1229 augusteum,
1747 1196 1821 1230 apsi-

1025 1237 1097 1268 dem,
1112 1237 1295 1271 triconcltum,
1320 1247 1423 1275 perque
1445 1242 1635 1277 monotltyrum
1650 1247 1677 1270 et
1699 1244 1822 1278 porticus

1024 1282 1190 1312 Sanctorum
1204 1284 1250 1312 XL
1262 1293 1374 1313 aureum
1389 1287 1536 1315 triclinium
1552 1289 1704 1323 ingreditur
1719 1299 1725 1316 :
1741 1290 1820 1318 cubi-

1024 1328 1120 1356 cularii
1157 1338 1222 1358 vero
1255 1335 1367 1365 astant,
1399 1337 1428 1360 et
1468 1334 1626 1369 imperatori
1656 1335 1757 1363 multos
1788 1343 1822 1362 ac

1025 1375 1118 1403 felices
1154 1384 1240 1405 atmos
1278 1379 1439 1414 apprccati,
1470 1381 1615 1408 discedunt
1655 1381 1820 1417 domumqtte

1025 1422 1135 1451 abeunt.

997 1469 1091 1504 ἀψίδος
1118 1479 1148 1497 τε
1187 1472 1234 1498 καὶ
1267 1472 1313 1500 τοῦ
1339 1473 1497 1509 τρικόγχου,
1524 1474 1569 1501 διὰ
1592 1474 1640 1501 τοῦ
1669 1474 1820 1510 μονοθύρου

173 1513 217 1540 καὶ
240 1515 299 1540 τῶν
319 1513 482 1540 διαδατικῶν
497 1514 551 1541 τῶν
572 1514 669 1548 Ἀγίων
689 1518 725 1548 μ’,
741 1515 788 1542 καὶ
802 1516 954 1550 εἰσέρχεται
974 1517 1003 1542 ὲν
1026 1517 1065 1552 τῷ
1089 1519 1320 1555 χρυσοτρικλίνῳ·
1356 1521 1469 1552 στάντες
1493 1521 1522 1547 δὲ
1554 1521 1579 1548 οἱ
1608 1521 1656 1548 τοῦ
1703 1521 1818 1548 100600-

173 1560 266 1587 πλείου
286 1561 334 1587 καὶ
350 1559 566 1595 ὑπερευξάμενοι
583 1560 628 1586 τὸν
645 1560 777 1594 ϐασιλέα,
812 1570 821 1587 ι
837 1560 884 1592 Εἰς
910 1560 1023 1593 πολλοὺς
1045 1563 1093 1589 καὶ
1124 1563 1243 1598 ἀγαθοὺς
1262 1565 1384 1600 χρόνους,
1406 1575 1415 1591 ι
1463 1566 1618 1602 ἐξέρχονται
1652 1567 1700 1594 καὶ
1733 1567 1820 1602 ἁπέρ.

174 1616 270 1642 χονται
285 1606 387 1634 οἶκαδε.

176 1667 259 1693 Ὅσα
276 1666 324 1692 δεῖ
338 1665 489 1693 τελεῖσθαι
504 1665 542 1699 τῇ
557 1665 717 1699 παραμονῇ
737 1665 790 1693 τοῦ
801 1666 970 1701 laxas-moi

1025 1665 1195 1692 Observatum
1233 1666 1263 1701 in
1293 1666 1385 1701 vigilia
1407 1666 1576 1700 hippodromi
1609 1667 1742 1694 lachanici
1772 1676 1820 1695 seu

209 1701 434 1735 ὶπποδρομιόυ,
470 1701 567 1734 ἤγουν
599 1701 652 1727 τοῦ
678 1702 834 1734 γενεθλίου
860 1702 972 1735 ταύτης

210 1737 271 1771 τῆς
286 1736 493 1771 θεορυλάκτοι
512 1737 562 1763 καὶ
579 1736 745 1769 βασιλίδος
760 1737 888 1770 πόλεως.

213 1794 319 1822 ’ἰστέον
337 1793 447 1826 εἰδέναι,
472 1794 514 1821 ὃτι
537 1794 562 1820 οί
578 1793 633 1820 τῶν
655 1793 702 1820 δύο
723 1794 816 1830 μερῶν
835 1794 972 1830 δήμαρχοι

178 1841 251 1876 μετά
265 1849 294 1867 τε
310 1840 366 1866 τῶν
384 1840 600 1874 δευτερευόντων
615 1839 663 1866 καὶ
681 1840 735 1867 τῶν
753 1840 855 1867 λοιπῶν
871 1841 971 1875 ἀρχόν-

176 1895 230 1914 των
241 1886 299 1913 τῶν
312 1885 404 1922 μερῶν
418 1886 466 1912 καὶ
477 1885 532 1912 τῶν
548 1885 674 1920 δημοτῶν
688 1885 785 1913 ἀπίασι
801 1886 832 1912 τὸ
847 1886 970 1919 δειλινὸν,

175 1933 293 1964 ἕκαστος
304 1934 344 1966 είς
356 1933 386 1959 τὸ
404 1932 470 1959 ίδιον
484 1932 610 1965 στάΰλον,
623 1933 671 1959 καὶ
684 1932 786 1964 εὐθέως
797 1933 811 1959 ὁ
829 1933 972 1969 θεωρητὴς

176 1979 296 2007 ἑκάστου
315 1979 413 2015 μέρους
429 1978 554 2014 ταϐρίζει
573 1978 605 2005 τὸ
624 1978 779 2014 τρίπλοκον,
796 1978 843 2005 καὶ
863 1979 938 2013 λέγει
958 1979 973 2005 6

176 2026 239 2058 λαὸς
260 2027 292 2052 ἐκ
314 2025 340 2060 γ’
352 2033 360 2041 ⁸
389 2034 398 2051 ι
415 2025 498 2058 Νίκα,
514 2025 621 2051 Βένετε⁶
637 2034 647 2051 ι
678 2025 780 2060 ὁμοίως
793 2027 840 2051 καὶ
853 2026 877 2052 οί
895 2025 972 2060 Πρά-

177 2080 259 2106 σινοι,
281 2082 290 2098 ι
306 2073 436 2108 Πράσινε.
456 2082 466 2099 ›
481 2073 537 2099 Kal
559 2072 668 2108 δέχεται
684 2073 699 2099 6
720 2073 871 2107 φωνοδόλος
884 2073 973 2106 λέγων

179 2119 286 2155 μεγάλῃ
313 2120 345 2153 τῇ
375 2119 472 2154 φωνῇ·
504 2119 640 2154 «Ἐχεται
665 2119 679 2145 6
698 2118 804 2153 βοηθῶν
815 2119 888 2153 ’ἡμῖν
919 2119 973 2153 ’1η-

179 2165 242 2196 σοῦς
260 2164 305 2180 ⁸⁵·
322 2173 332 2190 ι
362 2165 378 2190 6
415 2163 497 2195 λαός·
532 2174 541 2190 ι
564 2164 622 2190 Ἀεὶ
647 2164 721 2191 νίκα.
742 2173 751 2190 ι
778 2164 809 2190 Οἱ
834 2164 972 2200 κράκται·

181 2219 189 2235 ι
203 2207 250 2241 Εἷς
260 2209 282 2224 ⁸⁵
298 2211 312 2236 6
331 2209 408 2242 856;,
429 2211 460 2236 σὺ
474 2210 572 2242 αὐτοὺς
590 2210 679 2236 σῶσον
694 2217 702 2225 ⁸
720 2219 730 2236 ι
750 2210 764 2235 6
779 2209 859 2241 λαός⁶
879 2220 887 2236 ι
906 2210 971 2242 Nal,

179 2255 277 2291 Κύριε.
295 2265 306 2282 ι
332 2256 387 2282 Kal.
402 2256 447 2282 ὅτε
461 2255 608 2289 ἑξέλϐωσιν
627 2256 675 2283 ἐπὶ
691 2256 722 2282 τὸ
736 2255 860 2291 ἐξάερον,
877 2255 972 2291 κρούει

179 2303 193 2328 6
217 2302 361 2338 θεωρητὴς
386 2303 436 2337 τὴν
464 2302 599 2338 ταϐραίαν
625 2306 661 2337 γ’,
689 2302 736 2329 καὶ
756 2303 831 2336 λέγει
854 2303 868 2328 6
888 2303 971 2334 λαός·

183 2355 192 2372 ι
211 2347 286 2382 Νικᾷ
304 2348 321 2383 ὴ
344 2347 436 2377 πίστις
449 2348 504 2374 τῶν
529 2348 673 2382 βασιλέων,
686 2349 750 2384 νικᾷ
772 2349 789 2383 ὴ
807 2348 898 2380 πίστις
918 2347 973 2374 τῶν

181 2393 353 2427 Δίιγουστῶν,
376 2394 443 2429 νικᾷ.
473 2395 489 2429 ὴ
523 2393 614 2425 πίστις
635 2394 685 2428 τῆς
714 2394 818 2425 πόλεως
842 2394 889 2420 καὶ
919 2393 974 2420 τῶν

183 2438 326 2465 Βενέτωνι
356 2439 391 2473 (οἱ
422 2440 567 2474 Πράσινοι,
596 2439 813 2475 ιΠρασίνωνι).
844 2439 900 2466 Καὶ
928 2439 973 2465 λέ-

183 2493 276 2518 γουσιν
293 2486 318 2512 οἱ
333 2485 464 2521 κράκται·
487 2495 496 2512 ι
518 2486 548 2513 '0
566 2486 640 2513 δεῖνα
658 2486 707 2513 καὶ
726 2487 740 2512 6
753 2486 827 2513 δεῖνα
847 2486 974 2522 μεγάλων

184 2531 326 2565 βασιλέων,
341 2533 386 2558 ναὶ
401 2533 462 2559 εἰπὲ
478 2534 492 2559 6
502 2532 577 2559 δεῖνα
590 2533 637 2559 καὶ
657 2534 671 2559 6
690 2532 766 2559 δεῖνα
781 2533 909 2567 μεγάλων
926 2532 974 2567 βα-

185 2579 287 2606 σιλέων·
305 2589 314 2605 ι
336 2579 384 2605 καὶ
405 2580 419 2606 6
444 2579 526 2610 λαόςι
548 2589 558 2605 ‹
575 2579 674 2615 Κύριε,
699 2579 803 2615 βοήθει.
819 2589 829 2606 ι
853 2580 884 2606 Ol.
907 2579 974 2614 κρά-

184 2631 252 2651 κταισ
269 2634 278 2650 ι
297 2622 348 2655 Εἷς
364 2625 441 2657 Θεὸς,
457 2627 489 2652 σὺ
503 2626 601 2657 αὐτοὺς
619 2625 718 2652 σῶσον·
739 2635 748 2651 ι
767 2626 781 2652 6
793 2625 867 2656 λαός
886 2635 894 2651 ι
907 2626 971 2658 Ναὶ,

184 2671 278 2707 Κύριε.
295 2681 304 2698 ι
326 2673 381 2699 Kal.
401 2671 451 2699 εἷθ’
464 2672 550 2704 οὕτως
563 2672 673 2706 λέγεται
697 2673 728 2699 τὸ
746 2673 876 2707 δρομικὸν
892 2672 971 2706 ποίη-

183 2723 216 2748 μα
241 2718 400 2754 ἔμπροσθεν
418 2718 465 2746 τυῦ
490 2719 671 2755 ἱπποδρομίω
682 2727 690 2735 ο
712 2729 721 2745 ι
738 2720 770 2746 ΟΞ
787 2719 841 2745 τῶν
856 2719 972 2753 ἀγώνων

183 2760 210 2786 σὲ
232 2764 413 2800 δυσωποῦμεν
425 2765 470 2793 τὸν
483 2765 549 2792 Θεὸν
565 2764 646 2800 ἡμῶν
669 2765 717 2791 καὶ
745 2764 870 2800 Σωτῆραί
895 2764 974 2795 νίκας

1059 1700 1202 1738 ιίὶεηαιαίί
1216 1700 1296 1734 hujus
1317 1700 1333 1728 ir
1355 1701 1409 1728 Deo
1430 1701 1569 1729 custodiae
1593 1707 1618 1729 et
1638 1703 1820 1738 imperatoria:

1059 1735 1142 1763 urbis.

1058 1792 1177 1820 Duarum
1196 1791 1344 1820 factionum
1362 1793 1509 1828 principes,
1523 1794 1630 1826 vicarii,
1644 1793 1741 1829 reliqui
1756 1795 1815 1822 fac-

1023 1840 1127 1867 tionutn
1144 1839 1266 1873 pra-fecti
1292 1845 1318 1866 et
1332 1840 1447 1875 populus
1466 1840 1570 1875 vesperi
1593 1841 1626 1868 ad
1649 1840 1754 1868 stabula
1770 1848 1819 1869 sua

1023 1886 1134 1916 abeunt.
1149 1886 1195 1913 ubi
1211 1886 1350 1920 inspector
1366 1885 1582 1921 uniuscujusque
1596 1887 1724 1915 factionis
1735 1888 1817 1923 203

1023 1930 1158 1965 triplicem
1177 1930 1309 1957 scuticam
1330 1931 1423 1962 sumit,
1442 1929 1542 1965 populo
1557 1936 1598 1958 ter
1620 1932 1789 1960 acclamante
1811 1945 1819 1963 ε

1025 1983 1035 2000 ι
1059 1975 1156 2009 Vince.
1181 1975 1304 2004 Venetel
1323 1985 1333 2002 ι
1346 1976 1472 2004 similiter
1483 1976 1608 2004 Prasini:
1628 1986 1638 2003 ι
1655 1977 1785 2006 Prasiuel
1807 1986 1817 2003 ι

1023 2020 1180 2049 Praecentor
1199 2030 1266 2050 voce
1293 2023 1364 2050 elata
1388 2023 1462 2050 canit
1486 2032 1493 2050 :
1521 2033 1531 2049 ί
1554 2023 1693 2052 Habemus
1711 2024 1817 2056 Iesum,

1024 2069 1176 2105 adjutorem
1194 2073 1318 2097 nostrum
1333 2079 1340 2102 ;
1359 2079 1369 2096 ι
1387 2070 1521 2105 populus:
1536 2079 1545 2096 ι
1567 2071 1682 2105 Semper
1700 2071 1786 2098 vince.
1806 2081 1816 2097 ι

1024 2116 1157 2143 Cantores
1181 2123 1189 2142 :
1211 2125 1221 2141 ι
1242 2115 1314 2143 Deus
1327 2123 1367 2147 es,
1381 2121 1409 2142 tu
1428 2116 1501 2150 ipsos
1522 2123 1615 2150 serva;
1640 2125 1650 2142 ι
1678 2117 1817 2151 populus;

1027 2170 1036 2187 ι
1054 2161 1105 2195 Ita,
1127 2161 1256 2188 Domine!
1272 2170 1282 2187 ι
1296 2161 1410 2194 Quando
1429 2162 1456 2189 in
1474 2162 1574 2189 atrium
1591 2169 1762 2196 processere,
1777 2163 1819 2190 in-

1024 2213 1134 2242 spector
1150 2208 1254 2235 scutica
1275 2212 1316 2234 ter
1331 2208 1450 2239 insonat,
1465 2209 1564 2243 popqu
1574 2209 1682 2236 dicente
1697 2217 1704 2235 :
1724 2218 1734 2235 ι
1756 2209 1820 2237 Vin-

1025 2254 1063 2281 cit
1085 2254 1271 2288 Augustorum
1292 2255 1531 2288 Augustarumque
1547 2254 1623 2287 fides,
1643 2254 1729 2281 vincit
1743 2254 1820 2281 urbis

1025 2308 1058 2328 ac
1073 2299 1238 2328 Venetorum
1258 2301 1342 2328 fides!
1366 2309 1375 2326 ι
1395 2300 1537 2336 (Prasiui:
1557 2309 1567 2326 ι
1587 2300 1774 2328 Prasinorum.
1793 2298 1815 2333 ι)

990 2335 1010 2361 D
1025 2347 1160 2374 Cantores
1177 2353 1184 2372 :
1201 2355 1210 2372 ι
1234 2346 1265 2374 Ν.
1280 2352 1306 2374 et
1320 2347 1352 2374 Ν.
1372 2354 1534 2381 Insgnorum
1549 2347 1759 2382 imperaturum!
1775 2347 1817 2374 dic

1022 2393 1146 2427 omnino,
1164 2400 1325 2426 magnorum
1339 2393 1550 2427 imperatorum;
1566 2402 1575 2418 ι
1590 2392 1702 2427 populus
1716 2401 1723 2420 :
1738 2402 1747 2418 ι
1765 2392 1818 2420 Do-

1026 2438 1107 2469 mine,
1134 2437 1244 2472 adjuva.
1272 2447 1282 2464 ι
1302 2438 1436 2466 Cantores
1460 2447 1467 2465 :
1487 2447 1496 2463 ι
1523 2437 1562 2465 Tu
1587 2437 1658 2464 Deus
1680 2445 1721 2471 es,
1745 2437 1820 2472 ipsos

1024 2491 1120 2517 serva;
1138 2493 1147 2511 ι
1164 2485 1280 2520 populus
1299 2494 1305 2512 :
1323 2495 1332 2510 ι
1348 2485 1399 2515 Ita.
1413 2484 1542 2511 Domine!
1563 2493 1572 2509 ι
1589 2483 1634 2511 Sic
1648 2489 1740 2518 postea
1754 2485 1816 2512 drc—

1025 2530 1125 2557 micurn
1150 2538 1262 2558 carmen
1281 2535 1346 2557 ante
1366 2531 1468 2557 circum
1487 2530 1638 2558 recitatur:
1663 2540 1671 2554 ι
1692 2530 1746 2558 Nos
1763 2530 1820 2558 fac-

1024 2577 1133 2604 tionarii
1165 2583 1191 2604 te
1218 2577 1301 2604 Deum
1325 2584 1357 2603 ac
1375 2580 1542 2604 servatorem
1564 2583 1686 2604 nostrum
1702 2583 1818 2604 venera-

1025 2624 1102 2650 mur!
1121 2623 1255 2651 Victorias
1272 2622 1382 2650 Venetis
1393 2624 1529 2651 concede!
1548 2633 1557 2649 ι
1574 2623 1711 2658 (Prasiui:
1727 2632 1737 2648 ι
1753 2622 1820 2650 Pra-

1026 2672 1141 2706 sinisli)
1157 2672 1236 2699 Adsis
1260 2671 1393 2707 benignus
1412 2671 1529 2700 Uranie!
1555 2671 1691 2707 (Prasini:
1708 2669 1820 2705 iOIym-

1029 2718 1122 2753 pioli)
1135 2723 1163 2744 ut
1178 2718 1277 2746 iterum
1292 2721 1353 2754 post.
1368 2718 1510 2746 victoriam
1523 2717 1727 2752 tripudiemusa
1738 2716 1821 2743 Aliud

1029 2771 1141 2791 carmen
1160 2763 1229 2792 albte
1246 2772 1253 2792 :
1273 2773 1282 2790 ι
1313 2763 1439 2800 Deipara,
1461 2771 1521 2799 qua:
1541 2763 1648 2790 ﬁrmum
1669 2762 1746 2797 quasi
1761 2767 1819 2797 teg-

833 2842 949 2870 νΑιιιλΕ
971 2842 1175 2871 LECTIONES.

215 2904 235 2918 ⁵³
255 2903 301 2929 καὶ
313 2910 376 2940 om,
391 2903 436 2932 ed.
476 2903 499 2919 “
516 2903 592 2940 ἔχετε
609 2905 654 2933 τὸν
670 2907 684 2931 ό
704 2903 853 2941 βοηθοῦντα
868 2904 932 2940 ὑμῖν
948 2903 1054 2940 Ἰησοῦν
1069 2903 1113 2933 ed.
1152 2905 1175 2921 ⁸⁵
1192 2902 1232 2936 εἷς
1247 2904 1290 2933 cd.
1309 2904 1410 2939 ultique
1425 2903 1452 2930 in
1462 2909 1537 2937 seqq.
