2076 3145
211 171 264 204 647

706 164 963 200 CONSTA'NTINI
974 161 1314 195 PORPHYROGENITI

1782 155 1834 189 6&8

212 234 273 263 gem
289 225 412 257 redeunt,
429 223 605 252 factionarios
622 227 742 256 sumunt,
765 229 796 250 ac
808 220 940 250 saltantes
964 219 999 246 ad

1070 218 1108 245 ῶν
1125 217 1240 253 ἡνιόχων
1254 216 1290 243 τὰ
1307 215 1435 251 δημόσια,
1460 214 1507 241 καὶ
1532 213 1688 248 κάμπτουσι
1713 212 1842 247 καμπτδν

213 280 314 303 metam
328 274 458 306 Prasinze,
475 277 505 300 ut
519 279 601 307 supra
626 271 758 304 diximus,
785 269 933 297 divertont.
951 265 1001 293 Po-

213 326 318 349 stremo
334 320 369 348 ad
385 319 530 347 stationem
548 325 578 346 se
590 316 744 348 conferunt,
761 314 1003 343 descenditactua-

216 368 283 400 rius,
304 375 352 395 eos
363 366 486 399 dimittit,
499 371 527 393 et
544 364 584 392 sic
601 365 626 391 in
644 363 780 399 publicum
798 361 928 390 saltantes
940 367 1004 395 pro-

213 414 326 441 cedunt.

325 543 361 570 De
380 544 458 578 bigis,
480 543 610 578 quomodo
630 542 750 569 ordinari
771 542 892 569 debeant.

254 588 282 616 Si
305 593 442 615 certamen
467 592 606 622 equestre,
624 587 668 614 ubi
689 587 839 622 imperator
865 587 1005 619 adoratur,

217 634 380 667 instituitur,
398 633 464 668 bigae
480 634 507 660 in
525 633 613 668 primo
626 632 751 664 critario,
763 632 861 667 bigarit
875 632 900 658 in
917 632 1006 658 curri-

218 681 278 712 bus,
295 685 379 711 stant,
394 684 422 707 et
437 680 598 713 imperatore
612 679 747 711 veniente,
767 683 884 712 quatuor
899 677 1007 713 aurigae

218 728 362 758 accedunt,
377 733 475 753 aureas
486 725 555 760 pilas
570 729 716 759 occupant,
729 729 757 751 et
773 724 834 751 inde
846 723 958 756 reversi,
973 723 1006 750 ad

218 778 282 798 suas
300 770 386 797 lineas
396 770 516 796 redeunt.
535 768 642 801 Postea,
657 768 734 803 signo
746 768 781 795 ab
792 768 916 796 actuario
931 768 1005 799 dato,

219 821 316 842 rursus
338 814 451 846 intrant,
466 813 601 839 armillam
628 819 739 839 auream
764 816 883 846 sumunt,
902 819 935 839 ac
962 819 1006 839 re-

219 860 332 886 deuntes
354 866 415 885 cum
439 857 544 884 facibus
562 857 595 884 ad
614 856 747 884 factiones
764 857 907 888 accedunt,
929 856 1008 892 bigae

1054 263 1190 299 Πρασίνου
1214 262 1262 290 καὶ
1278 262 1403 294 Βενέτου,
1431 260 1480 287 καὶ
1495 259 1623 301 ἔρχονται
1647 259 1686 290 εις
1706 258 1755 285 τὸν
1777 257 1843 284 ἴδιον

1053 308 1150 343 δῆμον,
1167 307 1217 334 καὶ
1234 306 1381 342 ἐπαίρουσι
1401 306 1463 338 τοὺς
1485 305 1616 340 δημότας,
1634 304 1681 330 καὶ
1698 303 1845 334 σάσσοντες

1055 353 1229 388 κάμπτουσιν
1244 372 1252 384 ,
1279 352 1317 384 ὡς
1336 352 1518 387 προείρηται,
1543 350 1669 384 καμπτδν
1696 347 1845 384 Πρασινου.

1054 398 1110 426 Καὶ
1139 398 1265 434 ἔρχονται
1294 398 1334 429 εις
1364 397 1395 423 τὸ
1422 397 1532 432 στὰμα,
1560 395 1608 422 καὶ
1639 395 1806 430 κατέρχεται
1832 394 1847 420 6

1055 444 1228 478 ἁκτουάριος,
1254 444 1302 471 καὶ
1320 443 1433 470 ἀπολύει
1462 442 1572 474 αὐτοὺς,
1601 441 1648 469 καὶ
1677 441 1846 476 ἀπέρχονται

1055 491 1214 526 χορεύοντες
1230 491 1269 522 εἰς
1290 490 1321 517 τὸ
1336 490 1476 526 δημόσιον.

1099 537 1170 571 Περὶ
1187 536 1247 564 τῶν
1256 537 1372 572 βηγῶν,
1387 536 1450 570 ,πῶς
1460 535 1506 563 δεῖ
1519 535 1613 568 αὐτὰς
1638 534 1801 562 τελεῖσθαι.

1100 583 1223 610 Ἱππικοῦ
1254 583 1391 618 ἀγομένου
1429 582 1676 618 προσκυνησίμου,
1706 581 1734 608 αἱ
1764 579 1849 615 βῆγες

1058 631 1182 658 ἵστανται
1210 631 1250 662 εἰς
1267 630 1297 656 τὸ
1312 631 1421 666 πρῶτον
1445 630 1597 665 χριτὰριον,
1613 626 1662 654 καὶ
1672 627 1696 653 οἱ
1722 625 1849 661 βητάριοι

1058 677 1150 704 ὲπὰνω
1163 677 1217 703 τῶν
1227 676 1369 712 ἁρμάτων,
1385 677 1432 703 καὶ
1445 675 1631 711 ἁνερχομένου
1642 673 1690 700 τοῦ
1701 671 1847 708 βασιλέως,

1058 723 1233 758 ἐμϐαίνουσιν
1256 724 1282 750 οἱ
1296 722 1316 749 δ’
1332 723 1434 758 ἡνίοχοι
1454 722 1502 749 καὶ
1519 720 1687 756 λαμϐάνουσι
1711 718 1746 745 τὰ
1760 718 1852 753 χρυσᾶ

1058 769 1164 796 πισσία·
1186 769 1233 796 καὶ
1245 769 1418 805 στρέφονται,
1438 769 1486 795 καὶ
1517 768 1642 794 ἵστανται
1654 767 1694 797 εἰς
1711 764 1760 796 τὰς
1781 763 1850 795 ιδίας

1058 815 1221 850 διασφαγάς.
1249 816 1305 842 Καὶ
1339 813 1388 842 εἷθ’
1421 815 1508 845 οὓτως
1532 814 1607 840 νεύει
1634 813 1648 839 6
1671 810 1846 845 ἀκτουάριος,

1059 861 1106 888 καὶ
1128 862 1210 889 πάλιν
1237 862 1405 898 εισέρχονται
1433 862 1480 888 καὶ
1505 859 1690 895 λαμϐάνουσιν
1710 857 1764 884 ἀπὸ
1785 855 1852 890 ψελ-

218 910 283 930 vero
303 903 413 929 abeunt.
435 901 534 936 Bigarii
559 905 659 933 vestes,
679 899 811 928 Venetam
838 907 918 934 unus,
941 901 1009 928 alter

1068 909 1118 935 tlou
1127 909 1217 945 "(29)
1235 909 1348 945 χρυσοῦ,
1369 909 1417 935 καὶ
1442 907 1659 942 ὑποστρέφοντες
1686 902 1855 938 ἒκφωτιζου-

221 948 371 979 Prasinatn.
389 947 439 974 alis
456 946 533 981 quasi
556 946 714 978 instructas,
727 953 743 973 e
758 946 929 974 centunculis
945 954 1008 974 con-

221 996 316 1026 fectas,
330 994 411 1029 208
428 1001 442 1020 a
464 998 540 1028 tergo
555 993 588 1020 ad
609 993 718 1021 lumbos
744 999 840 1028 usque,
859 1000 908 1028 pro
927 993 1011 1029 galeis

222 1048 286 1068 vero
301 1040 465 1068 cameluttcia
480 1047 495 1067 e
508 1040 678 1067 centunculis
692 1043 810 1074 gestant.

1064 963 1107 982 σιν
1123 955 1180 990 (50)
1194 956 1241 982 ἐπὶ
1260 956 1324 987 τοὺς
1337 955 1451 990 δήμους,
1469 954 1517 981 καὶ
1526 952 1699 980 ἐκϐαίνουσιν
1715 951 1743 977 αἱ
1759 949 1853 984 βῆγες,

1065 1001 1179 1036 Φοροῦσι
1196 1001 1225 1028 δὲ
1239 1002 1263 1028 o!
1280 1001 1408 1036 βηγάριοι
1433 1001 1540 1035 ἱμάτια,
1552 1001 1565 1026 ὀ
1579 999 1627 1035 μὲν
1639 995 1678 1029 εἶς
1703 996 1825 1038 Βένττον.
1840 994 1856 1020 6

1066 1045 1094 1072 δὲ
1107 1047 1201 1082 ἔτερος
1216 1047 1352 1082 Πράσινον
1364 1065 1371 1078 ,
1387 1045 1484 1080 ἔχοντα
1499 1042 1704 1080 ὥσπεργπτερά,
1720 1040 1773 1068 ἀπὸ
1795 1048 1858 1067 κεν·

221 1087 342 1114 τούκλων
354 1087 377 1102 ⁸⁸
388 1086 560 1123 ὲρῤαμμένα,
579 1085 691 1113 ὄπισθεν
703 1087 743 1118 εἰς
757 1087 806 1119 τὰς
823 1087 893 1122 ψύας
906 1088 1007 1122 αὐτῶν,
1029 1091 1091 1119 ἀντὶ
1110 1093 1137 1120 δὲ
1152 1094 1299 1121 κασσιδῑων
1335 1094 1449 1129 φοοοῠσι
1469 1090 1644 1127 καμελαύκια
1685 1087 1857 1116 κεντουκλέῑσ

221 1143 254 1160 να
265 1135 299 1160 ".

222 1184 288 1210 Acta
306 1189 363 1217 post
379 1182 516 1210 victoriam
534 1182 564 1209 in
582 1181 673 1209 eodem
690 1181 829 1209 certamine
841 1187 1013 1218 reportatum.

258 1230 278 1257 l.
300 1229 365 1257 Post
384 1232 500 1265 palmam
525 1230 672 1257 secundam
697 1234 824 1258 cantores
847 1239 880 1258 τι
906 1230 1016 1262 Multos.

224 1277 335 1309 multos,
367 1276 482 1303 multos!
516 1285 525 1302 ι
556 1275 695 1311 populus:
715 1284 725 1301 ς
752 1275 850 1304 Multos
871 1283 958 1304 annos
990 1277 1016 1304 in

225 1323 342 1351 multos!
363 1332 373 1349 ι
394 1323 526 1351 Cantores
542 1331 549 1350 :
566 1332 575 1349 (
595 1322 677 1349 Multa
691 1322 767 1350 vobis
781 1326 912 1357 tempora,
927 1323 1016 1350 divina

225 1370 371 1404 majestas!
389 1369 507 1404 (Prasini
520 1378 527 1396 :
541 1377 550 1394 ι
564 1367 802 1403 Propugnaculum
815 1368 972 1396 Trinitatis!
993 1371 1016 1404 ι)

225 1417 340 1451 populus
361 1420 401 1442 ter
424 1426 430 1443 :
448 1425 458 1441 ι
477 1414 559 1441 Multa
581 1415 658 1442 vobis
677 1419 797 1449 tempora
822 1415 851 1441 ιι
874 1415 990 1451 (Prasiui
1009 1424 1016 1442 :

228 1471 237 1487 ι
263 1461 364 1488 Sancte
389 1461 429 1496 r!)
451 1460 584 1488 Cantores
607 1468 615 1487 :
642 1469 652 1486 ‹
681 1460 762 1487 Multa
789 1461 865 1488 vobis
886 1465 1017 1496 tempora,

226 1508 260 1535 N.
284 1507 317 1535 N.
341 1507 529 1535 Romanorum
555 1507 755 1541 imperatores!
777 1516 787 1534 ι
813 1508 927 1542 populus
950 1513 991 1535 ter
1010 1518 1017 1535 :

229 1563 238 1580 ι
259 1553 343 1581 Multa
369 1553 445 1580 vobis
464 1553 600 1587 tempora!
624 1562 633 1579 ι
661 1552 780 1588 (Prasini
800 1561 807 1580 :
826 1562 835 1579 ι
857 1553 956 1580 Sancte
975 1563 984 1579 ι
998 1555 1017 1588 i)

227 1599 375 1627 Cantores:
393 1607 402 1624 ι
418 1598 500 1625 Multa
515 1597 590 1626 vobis
608 1603 740 1632 tempora,
757 1597 850 1625 famuli
869 1598 990 1626 Domini!
1007 1609 1015 1624 I

231 1645 346 1680 populus
368 1649 410 1671 ter
427 1652 433 1671 :
452 1653 462 1669 ε
489 1644 569 1671 Multa
590 1644 668 1672 vobis
685 1644 821 1678 tempora!
843 1653 852 1670 ι
878 1643 1016 1678 (Prasiui:

231 1699 241 1716 ι
269 1690 388 1717 Sancte!
416 1689 439 1726 ι)
464 1690 596 1718 Cantores
621 1699 627 1718 :
651 1698 660 1715 ι
681 1689 764 1716 Multa
784 1690 861 1717 vobis
885 1695 1017 1725 tempora,

228 1737 260 1764 N.
288 1736 321 1765 Ν.
354 1738 481 1773 Augustae
513 1738 717 1765 Romanorum!
751 1746 761 1763 ι
799 1737 913 1772 populus
943 1742 984 1764 ter
1011 1746 1018 1764 :

230 1793 240 1809 ε
259 1784 340 1811 Multa
363 1785 438 1811 vobis
456 1784 597 1818 tempora!
623 1793 633 1810 ι
653 1783 769 1818 (Prasini
794 1791 802 1810 :
819 1792 829 1809 ι
857 1782 957 1811 Sancte
979 1781 1020 1818 ll)

228 1829 359 1857 Cantores
377 1838 385 1856 :
405 1838 415 1855 ι
434 1829 542 1856 Domini
561 1829 636 1856 orbis
653 1834 800 1860 terrarum,
818 1829 948 1863 suscipite
969 1827 1023 1856 Ve-

229 1881 306 1904 netos
326 1877 481 1910 precantes!
501 1885 510 1901 ι
532 1875 650 1911 (Prasini
667 1884 698 1903 τι
718 1875 865 1902 Prasinos!
885 1874 910 1910 ι)
935 1882 1023 1909 popu-

231 1922 273 1949 lus
289 1927 349 1949 ter:
367 1930 378 1947 ι
401 1921 520 1949 Sancte!
539 1930 549 1947 ι
572 1920 706 1948 Cantores
726 1929 733 1948 :
755 1930 764 1947 ι
787 1920 821 1949 Ut
839 1922 911 1948 servi
928 1929 1024 1957 rogare

230 1966 381 1994 audemus!
413 1975 424 1992 ι
459 1965 575 2001 populus
601 1971 642 1993 ter
668 1975 675 1992 :
699 1977 708 1991 ι
736 1965 852 2000 Sancte;
880 1975 889 1992 ι
917 1966 1023 1994 Prasini

231 2011 367 2039 similiter.
395 2011 530 2039 Cantores
553 2020 560 2038 :
589 2020 599 2037 ‹
620 2010 687 2038 Cntn
711 2012 809 2039 timore
828 2011 954 2040 dominos
979 2013 1021 2039 in-

232 2058 302 2085 tueri
323 2057 471 2091 audemus;
494 2057 608 2092 populus
625 2062 668 2084 ter
691 2065 699 2084 :
721 2065 730 2082 ι
752 2056 868 2085 Sancte!
890 2067 900 2084 ι
917 2058 1024 2086 Prasini

231 2104 368 2132 similiter.
386 2103 518 2131 Cantores
542 2112 549 2130 :
569 2113 579 2129 ι
599 2102 697 2130 Merito
721 2104 883 2131 iuvat-amitti
911 2104 1026 2132 beneﬁci

231 2150 389 2185 principes!
425 2159 434 2176 ι
462 2149 576 2185 populus
600 2154 667 2177 ter:
690 2158 701 2175 ι
735 2149 851 2178 Sancte!
880 2159 889 2177 ι
917 2150 1024 2178 Prasini

231 2196 367 2224 similiter.
386 2196 539 2224 Cantores:
560 2203 570 2222 ‹
589 2196 630 2223 Ad
644 2203 739 2230 preces
759 2203 904 2223 servorum
920 2202 1027 2224 vestro-

231 2250 290 2270 rum
307 2241 492 2275 Venetorum;
510 2251 519 2267 ι
534 2243 649 2277 populus
665 2247 706 2270 ter
719 2251 726 2269 :
741 2251 750 2268 ι
763 2242 880 2270 Sancte!
895 2252 904 2268 ι
919 2242 1025 2270 Prasini

230 2288 367 2316 similiter.
393 2287 527 2316 Cantores
550 2297 558 2315 :
584 2298 594 2315 ‹
617 2288 732 2316 Praemia
757 2289 844 2316 servis
875 2290 984 2322 vestris,
1003 2290 1025 2317 si

1102 1188 1195 1214 Ἀκτα
1208 1186 1268 1214 ἀπὸ
1279 1186 1366 1219 νίκης
1378 1186 1422 1218 εις
1437 1184 1471 1211 τὸ
1482 1183 1556 1211 αὐτὸ
1572 1183 1593 1199 ⁸⁸
1610 1180 1818 1215 ἱπποδρόμων.

1101 1233 1141 1260 Δ’.
1160 1233 1226 1260 ’Λπδ
1239 1231 1287 1259 τοῦ
1300 1232 1427 1264 δευτέρου
1447 1230 1525 1265 βαϊου
1536 1229 1662 1262 λέγουσιν
1674 1228 1698 1253 οἱ
1725 1227 1857 1262 κράχται·

1070 1289 1079 1306 ι
1093 1280 1193 1312 Πολλὰ,
1222 1278 1318 1310 πολλὰ,
1346 1277 1431 1304 πολλά
1445 1285 1451 1291 ·
1471 1285 1481 1303 ι
1495 1277 1509 1303 6
1524 1275 1589 1306 λαός
1600 1283 1607 1289 ·
1628 1283 1638 1299 ι
1654 1273 1742 1304 Πολλὰ
1756 1272 1804 1305 ἐτη
1818 1272 1859 1302 sl;

1068 1325 1164 1352 πολλά.
1179 1335 1187 1351 ι
1202 1326 1234 1352 0!
1250 1325 1370 1360 xpdmit
1381 1331 1388 1338 '
1408 1332 1417 1348 ι
1431 1322 1528 1349 Πολλοὶ
1543 1322 1609 1355 ὑμῖν
1617 1320 1720 1355 χρόνοι,
1735 1319 1752 1353 ἡ
1768 1317 1860 1348 ἔνθεος

1069 1371 1191 1407 βασιλεία
1203 1381 1213 1396 ι
1240 1373 1248 1405 (
1264 1370 1289 1396 οἱ
1304 1369 1437 1404 Πράσινοι
1447 1376 1455 1383 ·
1475 1377 1484 1393 ι
1499 1367 1536 1394 Τὸ
1551 1365 1699 1401 πρόϐλημα
1715 1364 1764 1398 τῆς
1775 1363 1860 1398 Τριά-

1068 1418 1130 1448 δος⁶
1151 1417 1176 1452 ι)
1190 1416 1238 1442 καὶ
1255 1416 1270 1442 ὁ
1285 1414 1349 1445 λαὺς
1369 1414 1401 1440 ὲκ
1415 1416 1455 1447 γ’·
1474 1421 1483 1438 ι
1499 1411 1595 1439 Πολλοὶ
1611 1412 1674 1446 ὑμῖν
1689 1409 1778 1446 χρόνοι
1797 1417 1806 1434 ι
1824 1407 1860 1438 (οἱ

1069 1463 1209 1498 Πράσινοι·
1227 1470 1236 1487 ι
1251 1461 1333 1494 Ἀγιε
1343 1469 1353 1485 ι
1368 1460 1388 1494 ).
1402 1458 1572 1494 Οἱκράκται·
1587 1466 1596 1483 ι
1608 1455 1703 1483 Πολλοὶ
1716 1456 1780 1490 ὑμῖν
1796 1453 1861 1489 χρό-

1067 1518 1119 1540 νοι,
1138 1509 1153 1534 6
1167 1508 1241 1535 δεῖνα
1253 1507 1300 1533 καὶ
1318 1508 1332 1534 ὀ
1345 1506 1421 1533 δεῖνα
1439 1504 1641 1540 αὐτοκράτορες
1670 1499 1824 1535 Ῥωμαίων·
1848 1508 1857 1524 ι

1068 1556 1115 1582 καὶ
1131 1555 1145 1581 ὁ
1164 1554 1229 1585 λαὸς
1241 1554 1274 1580 ὲκ
1290 1556 1326 1587 γ’·
1346 1562 1355 1578 ι
1372 1551 1468 1578 Πολλοὶ
1484 1552 1548 1586 ὑμῖν
1561 1550 1652 1585 χρόνοι
1666 1558 1675 1574 ι
1691 1547 1736 1582 (οἰ
1758 1547 1863 1582 Πράσιο

1068 1609 1118 1628 νοι·
1133 1610 1142 1627 ι
1160 1601 1238 1635 ’Δγιε
1255 1610 1264 1626 ι
1276 1601 1296 1635 ).
1311 1600 1343 1626 Οἱ
1356 1599 1476 1634 κράκται
1487 1605 1493 1612 ·
1512 1606 1521 1622 ι
1538 1595 1635 1623 Πολλοὶ
1649 1595 1713 1629 ὑμῖν
1730 1591 1862 1628 χρόνοι,οῑ

1068 1647 1232 1682 θεράποντες
1248 1646 1294 1672 τοῦ
1312 1645 1424 1681 Κυρίου·
1437 1653 1446 1670 ι
1461 1644 1475 1670 6
1489 1643 1553 1674 λαις
1566 1644 1598 1669 ὲκ
1610 1644 1647 1676 γ’*
1663 1650 1672 1666 ι
1691 1639 1788 1666 Πολλοὶ
1798 1638 1864 1672 ὑμῖν

1071 1693 1178 1729 χρόνοι)
1193 1694 1227 1729 (u‘!
1238 1693 1367 1728 Πράσινοι
1378 1700 1385 1707 ·
1401 1701 1410 1716 ‹
1420 1691 1498 1724 Ἂγιε
1511 1689 1545 1724 ι).
1557 1689 1588 1715 Ol.
1599 1687 1716 1723 κράκται
1727 1694 1734 1702 ·
1747 1695 1756 1711 ι
1767 1683 1864 1711 Πολλοὶ

1072 1741 1136 1774 ὑμῖν
1148 1740 1249 1776 χρόνοι,
1264 1739 1278 1765 ὁ
1293 1738 1368 1764 δεῖνα.
1383 1737 1430 1763 καὶ
1444 1736 1458 1762 6
1472 1736 1545 1762 δεῖνα
1561 1733 1718 1768 Αὐγοῦσται
1728 1732 1782 1758 τῶν
1798 1731 1866 1758 Ῥω-

1076 1786 1175 1821 μαίων·
1191 1793 1200 1810 ι
1224 1785 1271 1811 καὶ
1289 1785 1304 1811 6
1323 1784 1387 1815 λαὸς
1403 1785 1434 1810 ὲκ
1447 1782 1487 1816 γ’·
1505 1791 1514 1807 ι
1534 1781 1630 1808 Πολλοὶ
1657 1780 1721 1815 ὑμῖν
1742 1778 1833 1813 χρόνοι
1852 1786 1862 1802 ι

1075 1832 1111 1868 (οἱ
1125 1831 1267 1866 Πράσινοι·
1287 1830 1383 1862 (Ἃγιε
1397 1829 1432 1863 ι).
1445 1828 1477 1855 Οἱ
1493 1827 1611 1863 κράκται
1621 1835 1628 1842 ·
1644 1835 1653 1851 t
1667 1824 1801 1851 Δεσπόται
1816 1823 1866 1858 τῆς

1072 1877 1247 1912 οἰκουμένης,
1276 1875 1390 1908 δέξασθε
1409 1875 1540 1906 Βενέτους
1562 1870 1811 1908 παρακαλοῦντας»
1823 1870 1866 1904 (οι

1074 1924 1215 1960 Πράσινοισ
1230 1932 1239 1949 ι
1257 1923 1410 1957 Πρασίνους
1421 1922 1445 1957 ι)
1458 1930 1465 1938 '
1480 1921 1529 1948 καὶ
1545 1920 1628 1952 ὁλαδς
1640 1920 1672 1946 ὲκ
1680 1922 1714 1953 γ’·
1730 1927 1739 1944 t
1751 1918 1839 1952 Ἆγις.
1854 1926 1863 1942 ι

1074 1971 1106 1997 0!
1120 1970 1247 2004 κράκταν
1269 1978 1278 1995 ι
1294 1969 1339 2000 Ὠς
1357 1968 1445 1995 δοῦλοι
1460 1967 1605 2003 τολμῶμεν
1623 1964 1832 2001 παρακαλέσαι·
1854 1973 1864 1989 ι

1073 2018 1088 2044 6
1109 2017 1174 2048 λαὸς
1200 2017 1232 2043 ὲκ
1257 2019 1301 2050 7'-
1319 2025 1328 2042 ι
1351 2015 1450 2050 Ἂγιε¹
1474 2024 1483 2040 ι
1501 2015 1525 2041 οῑ
1546 2013 1678 2049 Πράσινοι
1701 2011 1810 2046 ὁμοίως.
1834 2010 1867 2037 οι

1077 2062 1197 2098 κράκται
1213 2070 1220 2077 ·
1245 2071 1254 2087 ι
1275 2061 1353 2098 Μετὰ
1368 2060 1452 2095 φόϐου
1476 2059 1656 2093 δυσο›ποῦμεν
1681 2058 1744 2088 τοὺς
1767 2055 1867 2082 δεσπόο

1074 2116 1138 2140 τας·
1155 2117 1164 2134 ι
1186 2109 1200 2135 6
1213 2107 1279 2139 λαὸς
1294 2108 1326 2134 ὲκ
1342 2111 1367 2141 γ’
1378 2114 1385 2121 ’
1404 2115 1413 2132 ι
1429 2106 1509 2140 Ἀγιε
1522 2114 1530 2122 ·
1546 2115 1555 2131 ι
1572 2105 1597 2131 οἱ
1611 2104 1742 2139 Πράσινοι
1754 2101 1867 2136 ὁμοίως.

1075 2154 1107 2181 Οἱ
1122 2153 1243 2190 κράκται
1258 2161 1265 2168 ·
1284 2162 1294 2179 ι
1313 2151 1496 2184 Ἀνεξικάχως
1525 2150 1722 2187 παρακλήθητε
1749 2148 1862 2184 εὐεργέ-

1074 2208 1138 2227 ται·
1155 2209 1164 2226 ι
1179 2199 1267 2231 ὁλαδς
1288 2200 1320 2225 ἐκ
1344 2197 1384 2233 γ’·
1400 2207 1410 2224 ι
1428 2198 1522 2232 Ἀγιε·
1540 2207 1549 2223 ι
1568 2198 1592 2223 οἱ
1610 2196 1741 2231 ιιρᾶσινοι
1753 2195 1866 2229 ὁμοίως.

1077 2246 1109 2272 οι
1125 2245 1242 2281 κράκται
1254 2253 1260 2260 ο
1281 2252 1290 2270 t
1305 2243 1352 2275 Εἰς
1364 2243 1413 2279 τὴν
1429 2244 1524 2277 δέησιν
1537 2243 1591 2269 τῶν
1605 2242 1706 2269 δούλων
1726 2241 1804 2276 ὐμῶν
1817 2240 1867 2266 Bs-

1077 2291 1162 2317 νέτων
1174 2299 1182 2307 ·
1198 2300 1208 2316 ι
1219 2291 1233 2317 6
1244 2290 1308 2322 λαὸς
1317 2290 1349 2316 ὲκ
1361 2289 1400 2323 γ’·
1415 2299 1424 2315 ι
1440 2289 1521 2323 ’Δγιε
1535 2296 1543 2304 ·
1558 2298 1567 2314 ι
1579 2289 1605 2314 οι
1615 2288 1744 2323 Πράσινοι
1754 2286 1866 2321 ὁμοίως.

228 2333 372 2368 iubetis,»
396 2334 512 2369 populus
526 2339 567 2361 ter
589 2342 598 2361 :
616 2343 626 2360 ι
649 2333 768 2362 Sancte!
787 2343 797 2360 ι
825 2334 931 2363 Prasini
952 2336 1016 2363 simi

1083 2338 1114 2364 οι
1133 2337 1253 2372 κράκται
1267 2344 1274 2351 ·
1297 2345 1306 2362 ι
1324 2336 1451 2370 Δημόσια
1471 2337 1527 2367 τοῖς
1549 2334 1650 2366 δούλοις
1671 2333 1759 2369 ὑμῶν,
1774 2335 1799 2360 ει
1827 2341 1870 2359 κε-

230 2379 302 2406 liter.
324 2379 476 2406 Cantores:
497 2389 506 2405 ι
528 2379 655 2412 Domine,
673 2387 751 2407 serva
775 2381 897 2409 dominos
921 2380 1023 2408 Roma-

232 2426 345 2452 norum!
374 2435 384 2451 ι
406 2425 521 2460 populus
542 2430 583 2453 ter
606 2435 612 2453 :
635 2435 645 2452 ι
668 2425 792 2458 Domine,
809 2434 899 2455 serva.
922 2436 932 2453 ι
955 2427 1024 2454 Can-

231 2476 328 2498 t0res:
351 2480 359 2496 ι
382 2470 505 2504 Domine,
522 2478 600 2499 serva
628 2479 643 2498 a
663 2477 688 2499 te
703 2474 863 2501 coronatos!
884 2482 894 2499 ι
912 2474 1026 2508 populus

232 2522 275 2544 ter
298 2525 307 2544 :
332 2526 342 2543 ι
374 2517 498 2551 Domine,
516 2518 612 2545 serva!
644 2527 653 2544 ι
681 2517 815 2546 Cantores
835 2527 843 2546 :
863 2528 873 2545 ι
901 2519 1024 2551 Domine.

231 2569 310 2589 serva
340 2562 477 2598 principes
501 2563 575 2590 orbis
601 2563 749 2591 terrarum!
780 2573 789 2590 ι
818 2563 933 2600 populus
956 2568 1022 2592 ter:

234 2617 244 2634 ι
263 2608 385 2642 Domine,
402 2615 490 2636 serva.
510 2618 519 2635 ι
537 2608 692 2636 Cantores:
711 2617 721 2634 ι
742 2608 850 2636 Etcum
866 2609 932 2643 ipsis
951 2610 1022 2636 Deus

233 2655 260 2681 in
287 2655 365 2682 nobis
393 2655 539 2689 operetur!
569 2664 579 2681 ι
610 2655 725 2690 populus
756 2661 796 2682 ter
821 2664 828 2682 :
860 2664 869 2681 ‹
900 2655 1024 2689 Domine,

1073 2383 1166 2410 λεύετε
1177 2391 1184 2399 ι
1200 2392 1209 2408 ι
1221 2383 1235 2408 6
1245 2382 1307 2413 λαὸς
1314 2383 1346 2408 ἐκ
1357 2386 1382 2416 γ’
1395 2389 1401 2396 ·
1413 2391 1422 2407 ι
1437 2382 1533 2415 ’Ἀγιε·
1548 2391 1557 2407 ι
1576 2382 1600 2407 οἰ
1612 2380 1743 2415 Πράσινοι
1755 2379 1866 2414 ὁμοίως.

1076 2429 1108 2456 Οἱ
1118 2429 1236 2462 κράκται
1251 2435 1258 2442 ⁶
1277 2428 1390 2463 (Κύριε,
1408 2427 1495 2453 σῶσον
1511 2427 1575 2458 τοὺς
1585 2426 1719 2456 δεσπότας
1728 2425 1783 2451 τῶν
1802 2424 1869 2450 Ῥω‹

1076 2475 1174 2510 μαίων·
1190 2484 1199 2500 ι
1215 2475 1229 2501 6
1240 2474 1303 2506 λαὸς
1323 2476 1356 2501 ὲκ
1370 2478 1405 2509 γ¹’
1424 2474 1536 2511 (Κύριε,
1552 2473 1649 2500 σῶσον.
1665 2482 1674 2498 ι
1687 2473 1718 2499 Οἱ
1732 2472 1850 2507 κράχται
1861 2479 1868 2486 ”

1080 2531 1088 2547 ι
1102 2521 1200 2556 Κύριε,
1229 2521 1315 2547 σῶσον
1333 2522 1397 2553 τοὺς
1412 2522 1444 2548 ἑκ
1472 2520 1519 2547 σοῦ
1536 2519 1738 2556 ὲστεμμένους·
1753 2529 1761 2544 ι
1775 2518 1789 2544 6
1807 2517 1870 2549 λαὸς

1075 2567 1108 2594 ὲκ
1126 2565 1150 2601 γ
1161 2575 1168 2583 ·
1181 2576 1191 2592 ι
1216 2567 1314 2602 Κύριε,
1332 2567 1430 2594 σῶσον.
1445 2576 1454 2592 ι
1468 2567 1500 2593 Οἱ
1516 2567 1634 2601 κράκται
1647 2573 1655 2580 ⁵
1667 2575 1676 2592 ι
1703 2565 1800 2600 Κύριε,
1823 2563 1872 2589 σῶ-

1076 2620 1122 2638 σον
1140 2613 1203 2644 τοὺς
1219 2613 1352 2645 δεσπότας
1375 2614 1426 2648 τῆς
1445 2613 1624 2650 οἰκουμένης·
1641 2621 1650 2638 ι
1668 2612 1682 2637 6
1697 2611 1761 2642 λαὸς
1780 2611 1812 2636 ἐκ
1833 2612 1870 2642 τ’·

1079 2668 1088 2684 ι
1107 2658 1205 2694 Κύριε,
1221 2659 1317 2687 σῶσον.
1339 2668 1348 2684 ι
1377 2659 1408 2686 0!.
1428 2659 1562 2694 κράκται·
1584 2668 1594 2685 ι
1610 2659 1664 2686 Καὶ
1681 2657 1730 2685 σὺν
1751 2657 1843 2688 αὐτοῖς
1857 2655 1873 2682 6

876 2714 996 2742 νΑιιιιΕ
1017 2715 1220 2744 LECTIONES.

269 2759 291 2775 ⁵⁷
307 2759 359 2786 ἀνὰ
374 2759 486 2795 omni)
504 2761 580 2797 conj.
596 2761 631 2788 Β.
671 2760 695 2777 ⁵⁸
711 2761 872 2789 κενόούκλου
886 2763 948 2791 cod.
986 2763 1010 2780 "
1029 2765 1202 2792 κεντουλεινᾶ
1216 2766 1260 2794 ed.
1299 2766 1322 2784 ⁸⁸
1335 2766 1374 2798 εἰς
1393 2766 1459 2794 αὐτὸ
1473 2766 1517 2794 ed.

734 2806 912 2836 JOANJAC.
930 2808 1057 2837 REISKII
1073 2809 1358 2839 COMMENTARIUS.

269 2849 326 2898 i3?!
346 2850 905 2898 ε’ξῖνξεξ...ῑῖεςῂιὲέξξλὲἔῖιι,υηυεηαίεστιε
928 2857 1062 2884 armi/lam
1074 2865 1193 2898 aurem-

270 2885 327 2912 (30)
346 2885 378 2912 In
395 2885 483 2912 altum
493 2885 626 2914 sublevem
639 2892 663 2914 et
674 2885 817 2917 ostentant.
