2076 3145
183 144 236 176 649

599 148 648 177 DE
668 148 900 181 CERIMONIIS
922 150 1032 181 AULKE
1051 151 1274 182 ΒΥΖΛΝΤΙΝΕ
1287 153 1359 184 LIB.
1379 154 1403 184 Ι.

1766 157 1819 190 G50

183 203 248 233 Θεὸς
278 202 349 237 ἡμᾶς
379 203 540 238 συνεργήσει
568 212 574 218 ⁸
593 213 601 229 3
621 205 635 230 6
652 204 716 236 λαὸς
740 207 772 232 ὲκ
798 205 832 240 γ’,
853 216 862 232 «
881 207 973 242 Κύριε,

1030 208 1121 234 serva!
1145 217 1153 233 3
1177 207 1308 236 Caulares
1327 218 1334 235 :
1357 218 1366 234 ι
1389 208 1510 243 Duininc,
1533 218 1611 239 serva
1631 212 1821 247 imperatores,

183 247 284 275 σῶσον.
298 257 307 274 3
327 249 358 275 Οἱ
381 250 518 286 κράκταιο
542 259 550 276 «
571 251 667 286 Κύριε,
692 252 778 278 σῶσον
795 253 859 285 τοὺς
884 253 980 280 δεσπό-

180 303 228 326 τας
253 295 301 321 σὺν
331 296 390 328 ταῖς
414 296 580 331 αὺγούσταις
604 297 653 324 καὶ
675 300 731 330 τοῖς
753 301 978 336 πορφυρογεννψ

179 349 236 372 τοις
252 348 258 354 ·
277 350 286 366 3
302 342 316 367 6
334 341 397 374 λαὸς
414 343 446 369 ὲκ
457 341 492 377 γ”
512 353 520 368 ι
537 343 636 378 Κύριέ,
654 345 752 372 σῶσον.
772 355 780 371 3

218 386 255 414 B'.
277 387 331 414 Καὶ
347 387 400 414 ἀπὸ
411 388 456 414 τοῦ
470 388 602 424 τετάρτου
618 390 697 425 βαῒου
712 392 875 427 κατέρχεται
888 394 901 419 6
917 393 978 427 ματ-

179 441 252 468 στωρ
274 434 344 468 μετὰ
368 433 414 473 τοῆ
432 434 509 467 λαοῦ,
537 436 584 462 καὶ
612 437 721 464 ἵσταται
750 437 908 473 ἔμπροσθεν
925 439 972 467 τοῦ

178 479 277 513 δήμου.
305 478 335 505 ’0
350 479 379 506 δὲ
399 480 540 515 δήμαρχος
568 481 703 516 ἀπομένει
730 483 800 518 μετὰ
816 484 871 510 τῶν
898 493 975 519 πρω-

178 525 259 551 τείων
276 525 334 552 ἄνω
362 526 403 558 εἰς
421 526 468 553 τὸν
485 527 582 562 δῆμον.
612 526 679 556 Εἶτα
706 529 833 564 λέγουσιν
849 532 872 557 οἱ
900 531 975 558 κάτω

177 570 319 605 ἱστάμενοι
338 572 475 607 κρὰκται·
493 582 502 598 «
522 573 556 599 Εἴ
568 583 593 600 τι
612 575 670 610 (51)
689 576 703 601 6
715 575 781 607 Θεὸς
800 575 944 611 ὠνόμασε·
962 586 972 602 3

176 617 222 642 καὶ
240 616 435 652 ἀποκρίνονται
454 618 509 645 ἄνω
523 620 562 651 εἰς
578 620 623 646 τὸν
633 620 728 656 δῆμον·
743 631 753 646 «
769 621 866 657 Τίμιον
879 622 909 649 τὸ
924 622 973 649 Βέ-

175 671 249 689 νετον
264 673 273 689 3
292 664 327 698 (οἱ
347 665 490 700 Πράσινοι,
509 675 518 692 «
532 667 560 693 τὸ
579 667 735 703 Πράσινον).
751 678 760 693 3
781 670 811 696 ΟΞ
838 670 972 704 κρὰκται·

177 719 187 736 ‹
204 709 233 736 ’0
246 709 355 746 βοηθῶν
370 712 433 744 τοὺς
448 712 584 745 δεσπότας
595 714 632 729 ⁶¹·
655 724 707 741 3—
729 724 738 741 ι
751 713 796 747 Εἷς
815 716 828 741 6
847 716 924 749 Θεὸς,
937 726 946 742 3
959 717 973 743 6

173 756 247 789 λαὸς,
270 758 319 784 καὶ
331 757 366 784 τὰ
381 758 473 786 λοιπά.
506 757 572 786 Εἶτα
601 760 762 796 ἀνέρχονται
778 762 802 789 οἱ
825 762 929 799 ἡνίοχοι
943 764 972 789 ἐν

173 805 225 835 τοῖς
237 803 356 838 ἅρμασι,
374 804 523 840 φοροῦντες
548 807 582 833 τὰ
598 807 726 842 δημόσια,
752 808 799 835 καὶ
825 808 969 842 σάσοουσι,

172 850 217 876 κιὶ
231 850 245 876 6
279 850 364 884 δῆμος
381 851 538 887 ἔμπροσθεν
568 853 659 879 αὐτῶν
675 854 811 886 λεγόντων
827 854 855 881 τὸ
869 854 967 890 δρομι-

171 896 218 923 κόν
232 905 239 911 ·
275 906 284 922 «
307 897 452 931 Ἀγέιλλου,
472 898 582 932 Βένετε,
615 899 639 926 oi
663 900 793 927 δεσπόται
809 901 938 936 ἐνίκησαν
955 911 964 927 3

172 942 216 977 (οἱ
231 937 368 978 Πράσινοι
386 953 394 969 ι
407 945 553 980 Πράσινε).
574 955 581 969 3
605 946 660 972 Kal
679 946 723 973 ὅτε
755 946 869 973 ἔλθωσιν
884 948 923 978 εἰς
938 947 969 973 τὸ

171 989 203 1019 Π,
223 989 382 1024 ἔμπροσθεν
393 991 446 1017 τῶν
467 991 601 1026 βασιλέων
622 992 746 1020 ἵστανται
772 993 819 1020 καὶ
842 993 968 1028 λέγουοιν

170 1035 192 1060 οἱ
207 1035 340 1069 κράκτειι,
353 1036 467 1068 (Πολλὰ,
479 1037 575 1069 πολλὰ,
588 1037 674 1065 πολλά.
686 1047 693 1053 ·
708 1048 717 1064 3
734 1039 748 1065 6
760 1039 834 1071 λαὸς,
851 1048 859 1064 «
876 1039 966 1067 Πολλὰ

174 1081 220 1116 ἕτη
239 1083 283 1112 εἰς
296 1081 392 1109 πολλά.
411 1092 420 1107 3
437 1083 468 1108 υἱ
489 1084 608 1118 κράκται
623 1092 629 1099 '
651 1094 660 1110 «
672 1084 768 1112 Πολλοὶ
785 1086 848 1120 ὑμῖν
863 1086 965 1121 χρόνοι,

169 1126 185 1160 ἡ
203 1125 299 1157 ἔνθεος
315 1126 451 1161 βασιλεία,
471 1137 480 1153 3
501 1128 545 1164 (οἱ
564 1129 708 1163 Πράσινοι,
731 1139 739 1155 «
755 1131 772 1166 ή
792 1130 893 1166 ἐκλογὴ
916 1131 966 1166 τῆς

168 1172 303 1206 τριάδος).
316 1181 325 1197 3
338 1172 366 1198 Ὀ
378 1172 441 1204 λαὸς
455 1173 487 1200 ἐκ
496 1173 601 1208 τρίτου,
616 1183 625 1200 ‹
637 1173 732 1201 Πολλοὶ
761 1175 824 1210 ὑμῖν
839 1176 940 1212 χρόνοι,
954 1187 962 1202 3

169 1218 292 1254 (οἱΠράσ
305 1219 524 1254 νοι‹”Αγιε).1οἱ
534 1221 663 1256 κράκται·
680 1221 848 1256 «Πολοὶὺμῖν
863 1223 962 1257 χρόνοι,
977 1254 979 1256 η

167 1265 181 1290 6
190 1264 267 1291 δεῖνα
284 1265 332 1292 καὶ
347 1265 361 1292 6
379 1266 455 1292 δεῖνα
470 1267 672 1302 αὐτοκράτορες
684 1267 829 1301 Ῥωμαίων
839 1275 846 1282 ·
860 1278 868 1293 3
878 1269 891 1294 ὁ
900 1268 965 1300 λαὸς

167 1310 198 1336 ἐκ
213 1310 331 1345 τρίτου;
362 1320 371 1336 «
387 1311 484 1337 Πολλοὶ
515 1312 578 1346 ὑμῖν
610 1313 714 1347 χρόνοι,
736 1322 745 1338 3
764 1313 797 1348 (oi
817 1314 962 1348 Πρᾶσινοι,

170 1358 306 1393 ‹”Δγιε),»
321 1358 352 1384 Οἱ
364 1358 483 1394 κράκται
497 1366 503 1373 ·
519 1368 528 1384 «
549 1359 628 1385 Πολοὶ
645 1359 709 1394 ὑμῖν
725 1361 829 1395 χρόνοι,
842 1362 865 1387 οἱ
881 1361 964 1396 θερά-

167 1413 265 1436 ποντες
295 1404 344 1431 τοῦ
362 1405 482 1440 Κυρίου·
504 1414 513 1430 3
529 1405 542 1431 6
556 1405 619 1438 λαός
646 1407 678 1433 ὲκ
704 1406 816 1442 τρίτου,
844 1416 853 1432 «
868 1407 964 1434 Πολλοὶ

166 1449 229 1484 ὑμῖν
263 1449 366 1485 χρόνοι.
384 1460 393 1476 3
409 1450 441 1476 Οἱ
469 1450 607 1486 κράκταιξ
626 1459 635 1476 «
652 1450 747 1478 Πολλοὶ
769 1452 834 1486 ὑμῖν
859 1452 961 1486 χρόνοι,

166 1496 179 1522 6
200 1496 278 1523 δεῖνα
301 1497 349 1523 καὶ
372 1496 386 1522 6
406 1496 479 1523 δεῖνα
504 1496 654 1531 αὐγοῦσται
672 1497 725 1523 τῶν
748 1497 909 1532 Ῥωμαίων·
923 1508 932 1523 3
949 1498 963 1523 ὁ

1032 259 1161 289 augustas
1183 260 1209 282 et
1225 255 1482 290 porphyrogenitos!
1504 267 1513 283 3
1530 258 1644 293 populus
1661 264 1701 286 tx-r
1721 269 1726 286 :
1748 269 1756 285 «
1777 260 1824 288 Do-

1032 300 1115 331 mine,
1129 301 1224 328 serva!
1244 310 1252 325 3
1767 307 1770 309 ‘

1065 390 1097 418 ll.
1119 389 1183 417 Post
1205 396 1330 426 quartam
1353 392 1467 425 palmam
1486 393 1615 427 magister
1637 403 1698 422 cum
1724 397 1822 432 populo

1029 437 1178 468 descendit,
1193 442 1219 464 «-t
1238 442 1300 464 ante
1317 438 1462 465 factionem
1485 439 1609 467 subsistit
1632 450 1638 467 2
1657 442 1820 471 demarchus

1028 484 1055 511 in
1077 484 1136 511 loco
1151 484 1284 519 superiori
1303 492 1362 511 cum
1378 485 1546 520 principibus
1560 487 1585 512 in
1599 487 1718 515 factione
1733 497 1820 516 rema-

1028 535 1082 557 net.
1096 529 1198 556 Deinde
1217 535 1341 557 cantores
1360 530 1430 558 infra
1451 533 1590 558 constituti
1615 534 1706 561 dicunt
1729 543 1735 562 :
1760 545 1770 560 «
1790 535 1818 562 Si

1026 574 1097 602 Deus
1112 575 1232 606 vocavit;
1252 585 1261 602 3
1287 576 1451 610 respondent
1469 585 1549 612 supra
1568 579 1593 604 in
1612 579 1728 607 factiOnc
1751 590 1817 608 con-

1025 622 1130 650 stituti:
1146 633 1154 649 «
1168 623 1300 650 Venulum
1314 631 1422 659 gregem
1441 626 1640 654 venerandum!
1659 637 1668 652 3
1683 628 1818 663 (Prasini,

1027 676 1036 692 «
1056 666 1220 703 Prasinnm).
1234 678 1243 694 3
1258 669 1388 698 Cantores
1403 679 1409 698 :
1427 680 1437 696 ‹
1455 671 1505 704 Qui
1523 672 1645 700 dominos
1666 674 1790 709 adjuvat!
1807 686 1816 702 3

1025 713 1138 747 populus
1164 721 1172 740 :
1196 723 1204 738 ι
1235 715 1303 742 Deus
1329 723 1358 742 es
1376 725 1385 742 3
1417 720 1443 742 et
1457 721 1570 744 czetera.
1591 718 1691 747 Deinde
1705 721 1816 756 aurigm,

1022 759 1103 794 207
1116 760 1221 794 publica
1234 761 1341 795 [ιι-τείνει.
1355 761 1484 796 ferentes,
1504 771 1602 791 currus
1619 768 1815 800 conscendunt,

1024 805 1141 832 factione
1168 814 1231 833 ante
1254 807 1326 842 ipsos
1344 808 1494 835 dronticum
1520 818 1630 838 carmen
1658 814 1815 842 recitante:

1025 851 1170 883 «Exsulta,
1200 851 1311 886 Veneto,
1338 854 1438 882 domini
1464 855 1604 884 vicerunt!
1631 866 1640 883 3
1678 858 1813 894 (Prastni,

1023 905 1032 922 «
1056 897 1192 929 Prasine).
1219 909 1228 925 3
1250 900 1282 926 Et
1300 901 1408 935 quando
1433 902 1466 928 ad
1493 903 1516 929 [ι
1536 910 1696 938 pervenere,
1721 914 1814 934 coram

1022 942 1233 976 imperatoribus
1261 952 1348 977 stant,
1370 953 1497 976 cantores
1523 950 1644 979 dicunt:
1667 961 1676 977 «
1703 952 1811 987 Multos,

1021 989 1130 1021 multm,
1143 991 1258 1024 multos;
1278 1001 1287 1018 3
1306 993 1419 1028 populus
1433 1003 1438 1021 :
1455 1003 1464 1020 «
1486 995 1584 1023 Multos
1599 1005 1685 1027 annos
1701 999 1726 1027 in
1743 1002 1814 1029 mui<

1020 1037 1070 1060 tos.
1097 1044 1107 1059 3
1137 1034 1269 1063 Cantores
1296 1045 1302 1062 :
1325 1046 1334 1062 r
1365 1037 1445 1066 Multa
1468 1040 1546 1068 vobis
1567 1046 1700 1077 tempora,
1723 1045 1812 1073 divina

1020 1081 1166 1115 tnajeslas!
1188 1092 1196 1108 3
1213 1083 1328 1117 (Pr-asini
1347 1094 1353 1111 :
1373 1095 1382 1111 «
1404 1085 1506 1114 Electio
1522 1089 1679 1124 trinitatis!)
1702 1100 1711 1117 3
1724 1099 1810 1127 popu-

1019 1127 1060 1155 lus
1085 1133 1126 1154 ter
1153 1138 1159 1156 :
1189 1138 1198 1155 «
1232 1129 1312 1157 Multa
1342 1131 1419 1159 vobis
1450 1135 1587 1168 tempora!
1622 1145 1631 1162 3
1661 1135 1777 1172 (Prasini
1803 1148 1810 1166 :

1021 1183 1029 1199 «
1058 1173 1188 1210 Sancte!)
1217 1185 1226 1202 3
1256 1175 1417 1206 Cantores:
1443 1188 1452 1205 «
1479 1179 1561 1208 Multa
1583 1181 1658 1210 vobis
1678 1188 1810 1220 tempora,

1018 1219 1048 1246 Ν.
1074 1219 1108 1247 Ν.
1133 1220 1311 1256 imperatores
1338 1223 1542 1259 Romanorum;
1568 1237 1578 1253 3
1602 1229 1715 1264 populus
1735 1219 1809 1259 iter:

1019 1275 1027 1291 «
1051 1265 1132 1293 Multa
1155 1267 1231 1294 vobis
1253 1270 1390 1304 tempera!
1410 1279 1420 1296 3
1445 1270 1560 1307 (Prasini
1582 1283 1588 1301 :
1617 1283 1626 1300 «
1646 1274 1777 1312 Sancte!)
1798 1287 1807 1303 3

1016 1312 1167 1341 Cantores:
1183 1323 1192 1340 «
1210 1314 1292 1342 Multa
1310 1316 1386 1343 vobis
1398 1321 1529 1353 tempora,
1542 1319 1636 1348 famuli
1654 1322 1777 1351 Domini!
1798 1333 1808 1350 3

1016 1359 1130 1393 populus
1154 1366 1216 1388 ter:
1236 1371 1245 1387 «
1264 1361 1347 1389 Multa
1369 1364 1444 1391 vobis
1464 1367 1603 1400 tempora!
1625 1376 1635 1393 3
1652 1367 1808 1398 Cantores:

1017 1413 1027 1431 «
1055 1405 1135 1433 Multa
1157 1407 1233 1435 vobis
1257 1412 1391 1444 tempora.
1412 1409 1444 1437 N.
1468 1409 1501 1438 N.
1526 1411 1654 1448 Angusta:
1673 1414 1811 1444 Romano-

1017 1459 1093 1484 rum;
1110 1462 1118 1478 3
1137 1453 1250 1488 populus
1261 1458 1320 1482 ter:
1336 1464 1344 1481 «
1365 1455 1448 1484 Multa
1459 1457 1537 1485 vobis
1553 1461 1691 1494 tempora!
1705 1470 1714 1487 3
1733 1461 1811 1497 (Pra-

1015 1498 1067 1524 sini
1086 1509 1091 1525 ;
1115 1508 1124 1524 «
1152 1499 1278 1535 Sancte!)
1300 1511 1309 1528 3
1326 1501 1460 1531 Cantores
1477 1512 1484 1531 :
1510 1513 1519 1530 «
1540 1503 1623 1533 Multa
1644 1508 1721 1535 vobis
1739 1513 1809 1537 tem-

166 1543 227 1575 λαὸς
245 1545 296 1578 γ’,ι
311 1543 406 1569 Πολλοὶ
420 1544 484 1578 ὑμῖν
495 1543 599 1578 χρόνοι,
613 1553 621 1569 3
637 1544 671 1577 (οι
683 1544 843 1579 Πράσινοι,ι
857 1545 958 1579 ’ΖΔ-με).

1018 1552 1091 1579 pora,
1107 1546 1220 1579 domini,
1241 1555 1302 1574 cum
1319 1549 1443 1584 angustis
1458 1551 1620 1587 conjugibus
1648 1559 1674 1580 et
1692 1555 1810 1591 porphy-

167 1591 196 1617 οι
211 1590 353 1626 κράκται²
375 1598 384 1615 «
405 1588 502 1616 Πολλοὶ
519 1589 584 1625 ὑμῖν
598 1589 701 1625 χρόνοι,
728 1589 868 1622 δεσπόται,
900 1592 948 1618 σὺν

165 1637 225 1667 ταῖς
256 1634 424 1669 αὺγούσταις
448 1634 496 1661 καὶ
523 1635 579 1666 τοῖς
602 1636 871 1671 πορφυρογεννήτοις
888 1644 895 1650 ⁶
921 1646 929 1662 3
947 1637 961 1662 6

165 1678 228 1710 λαὸς
260 1677 297 1712 γ’,
321 1687 330 1704 «
352 1679 447 1706 Πολλοὶ
472 1678 538 1713 ὑμῖν
565 1679 669 1714 χρόνοι,
698 1688 707 1705 3
737 1680 788 1715 (οἱ
812 1681 954 1716 Πράσινοι,

167 1725 276 1761 Ἀγιε).
294 1739 304 1752 3
325 1727 356 1752 Οἱ
371 1726 507 1762 κράκται,
529 1734 538 1751 «
558 1725 656 1758 Πολλὰ,
693 1727 789 1760 πολλὰ,
821 1727 922 1754 πολλὰ·
948 1737 957 1754 3

165 1772 178 1797 ὸ
206 1771 290 1803 λαὸς,
326 1780 335 1797 «
364 1770 452 1797 Πολλὰ
484 1771 532 1806 ἐτη
561 1771 602 1802 εἰς
637 1771 732 1798 πολλά.
766 1781 775 1797 3
809 1773 840 1798 Οἱ
887 1773 956 1806 κρά-

165 1825 226 1844 xm
243 1826 250 1833 δ
281 1826 291 1842 «
314 1817 447 1843 Δεσπύται
466 1818 516 1852 τῆς
541 1817 717 1853 οἰκουμένης,
739 1817 852 1850 δέξασθε
878 1818 956 1845 Bavi-

165 1872 226 1895 uu;
265 1863 509 1898 παρακαλοῦντας,
530 1873 539 1889 3
579 1863 628 1899 (οἱ
655 1863 786 1899 Πράσινοι
803 1885 810 1897 ,
830 1874 838 1890 ι
856 1865 959 1900 Πρασι-

165 1919 224 1942 νους
236 1911 245 1944 )
259 1919 265 1924 ·
283 1920 293 1936 3
310 1911 324 1936 6
336 1910 399 1941 λαὸς
416 1910 449 1935 ἐκ
461 1908 496 1943 γ’,
516 1919 525 1934 «
542 1910 633 1944 Ἀγιε.
656 1919 665 1935 3
685 1911 716 1936 Οἱ
731 1911 866 1945 κρακτέι·
891 1921 900 1936 «
917 1911 961 1943 Ὠς

165 1956 251 1982 δοῦλοι
264 1956 411 1991 τολμῶμεν
420 1956 614 1991 παρακαλέσαι
628 1965 635 1972 ·
650 1966 659 1982 3
679 1958 692 1983 ό
705 1957 768 1989 λαὸς
784 1961 818 1992 τ,
830 1957 934 1992 ιἈγιε,
948 1968 958 1984 3

165 2003 195 2029 Οἱ
214 2003 333 2038 κρᾶκται
347 2011 354 2019 ·
375 2012 383 2029 «
404 2002 483 2030 Μετὰ
509 2003 593 2037 φόὸου
618 2003 805 2039 δυσωποῦμενᾴ
825 2005 889 2035 τοὺς
915 2005 958 2031 δε-

167 2050 266 2081 σπότας
279 2058 286 2065 ·
305 2059 314 2075 3
328 2051 341 2076 6
360 2049 424 2081 λαὸς
435 2053 470 2084 γ’,
493 2059 502 2076 «
518 2049 608 2084 ”Αγιε.
624 2060 632 2076 3
652 2050 685 2078 Οἱ
701 2051 818 2086 κράκται
831 2057 839 2065 ⁸
855 2060 864 2076 «
883 2051 959 2078 Ἀνε-

167 2096 283 2131 (mare);
312 2097 518 2134 παρακλήθητε,
538 2096 684 2132 εὐεργέται
712 2104 743 2122 '3
777 2098 790 2123 6
819 2097 882 2129 λαὸς
920 2098 956 2132 γ’,

167 2145 272 2177 ιἈγιε.
292 2153 301 2169 3
321 2145 352 2170 Oi
372 2144 507 2180 κράκται·
522 2154 531 2170 «
545 2145 591 2176 Et;
607 2144 657 2179 τὴν
672 2143 765 2178 δέησιν
785 2143 841 2170 τῶν
854 2143 957 2170 δούλων

164 2192 240 2227 ὑμῶν
255 2193 389 2226 Βενέτων,
405 2192 550 2228 (Πράσινοι
562 2192 596 2225 ⁸⁸,
616 2200 626 2217 ‹
642 2191 805 2227 Πρασίνων)
818 2200 824 2205 ·
841 2201 849 2217 3
861 2193 875 2218 6
890 2191 955 2223 λαὸς

164 2242 195 2274 τ’,
215 2249 223 2265 ι
241 2239 333 2273 ῗΛγιε.
346 2248 356 2265 3
370 2239 400 2265 Oi
418 2238 537 2274 κράκται
548 2246 555 2254 '
570 2247 579 2264 «
595 2237 793 2272 Στεφανώσατε
809 2238 872 2269 τοὺς
893 2237 955 2265 δού-

164 2285 223 2318 λους
237 2285 325 2321 ὑμῶν,
335 2286 360 2312 εἰ
375 2284 501 2312 κελεύετε
513 2293 520 2299 ·
535 2293 545 2310 3
556 2285 570 2311 6
582 2284 645 2315 λαὸς
660 2284 692 2311 ἐκ
711 2283 815 2320 τρίτου,
829 2285 951 2318 «Ἆγιν»

165 2332 185 2358 οἱ
197 2333 328 2367 Πράσινοι
340 2331 452 2366 ὁμοίως.

194 2378 279 2404 1”¹.οἱ
311 2378 447 2413 κράκται·
479 2377 597 2413 «Κύριε,
614 2376 702 2403 σῶσον
730 2377 793 2409 τοὺς
821 2376 956 2408 δεσπότας

170 2423 331 2458 Ῥωμαίων
355 2433 364 2449 3
390 2424 404 2450 ὀ
435 2422 502 2454 λαὸς
527 2424 559 2449 ἐκ
585 2422 621 2457 γ’,
656 2432 665 2449 «
699 2422 796 2459 Κύριε,
828 2422 925 2450 σῶσον.
945 2432 954 2448 3

166 2470 193 2496 Οἱ
218 2470 357 2504 κράκται·
378 2480 387 2495 «
412 2470 512 2503 Κύριε,
531 2470 617 2496 σῶσον
645 2469 709 2502 τοὺς
731 2470 762 2496 ἐκ
780 2468 827 2495 σοῦ
856 2469 955 2504 ἐστεμ-

166 2517 259 2550 μένους
275 2525 282 2532 ·
315 2526 324 2542 3
354 2517 368 2543 ὀ
393 2516 457 2548 λαὸς
479 2516 511 2543 ἐκ
533 2515 568 2550 γ’,
596 2526 605 2541 «
632 2515 730 2552 Κύριε,
762 2516 860 2542 σῶσον.
885 2525 893 2541 ι
925 2516 955 2543 οι

1017 1592 1161 1625 rogeuitis!
1190 1601 1199 1618 3
1221 1593 1335 1628 populus
1362 1603 1370 1623 :
1403 1604 1413 1622 «
1436 1596 1518 1624 Multa
1540 1598 1618 1626 vobis
1634 1602 1769 1635 tempora!
1796 1611 1805 1628 3

1016 1636 1133 1671 (Prasiui
1148 1647 1155 1665 :
1176 1647 1185 1664 «
1207 1639 1335 1677 Sancte!)
1351 1650 1360 1667 3
1376 1641 1508 1670 Cantores
1523 1652 1530 1670 :
1547 1653 1557 1670 «
1573 1643 1681 1678 Multos,
1697 1646 1807 1679 multos,

1017 1683 1125 1716 multos,
1154 1693 1163 1710 3
1188 1685 1303 1720 populus
1322 1696 1329 1714 :
1354 1696 1363 1713 «
1384 1687 1481 1716 Multos
1503 1695 1589 1717 annos
1607 1690 1633 1717 ill
1657 1691 1774 1720 multost
1796 1701 1806 1718 3

1014 1729 1168 1759 Cantores:
1187 1740 1197 1757 «
1219 1732 1324 1760 Domini
1345 1734 1419 1762 orbis
1441 1740 1531 1768 terrae,
1547 1736 1676 1772 suscipite
1691 1736 1809 1766 Venetos

1015 1778 1176 1811 precantes!
1199 1787 1208 1804 3
1227 1778 1343 1813 (Prasini
1359 1787 1366 1806 :
1386 1789 1395 1806 «
1413 1781 1570 1818 Prasiuos!)
1592 1792 1601 1808 3
1616 1784 1729 1819 populus
1741 1789 1782 1813 ter
1799 1798 1808 1817 ς

1013 1832 1023 1849 ‹
1043 1823 1157 1851 Sancte!
1175 1833 1184 1850 3
1198 1824 1346 1853 Cantores:
1360 1835 1369 1853 «
1384 1827 1418 1855 Ut
1430 1829 1615 1863 serviprecari
1628 1830 1778 1865 audemus;
1794 1842 1805 1859 3

1013 1871 1127 1906 populus
1149 1875 1190 1898 ter
1209 1880 1217 1898 :
1251 1881 1260 1898 «
1280 1871 1395 1900 Sancte!
1418 1883 1427 1900 3
1448 1874 1603 1903 Cantores:
1623 1885 1632 1902 «
1652 1876 1809 1905 Verecunde

1013 1917 1151 1943 intuemur
1173 1923 1200 1944 et
1220 1925 1281 1945 cum
1301 1919 1399 1946 timore
1416 1919 1561 1955 dominos;
1579 1931 1589 1948 3
1606 1922 1723 1957 populus
1741 1928 1782 1950 tcr
1798 1932 1805 1950 :

1015 1971 1024 1987 «
1041 1962 1158 1995 Sancte.
1179 1972 1188 1989 3
1210 1963 1365 1992 Cantores:
1385 1973 1394 1990 «
1413 1965 1490 1994 Haud
1510 1966 1580 1995 male
1598 1968 1712 1995 beneﬁci
1729 1969 1804 2003 prin-

1013 2009 1089 2043 cipes
1119 2009 1299 2037 invocamini!
1323 2020 1332 2036 3
1374 2011 1490 2047 populus
1518 2017 1558 2040 ter
1579 2021 1586 2041 :
1626 2023 1635 2040 «
1659 2013 1768 2043 Sancte.
1794 2025 1803 2042 3

1013 2055 1144 2083 Cantores
1162 2064 1169 2082 :
1190 2065 1198 2082 «
1218 2056 1244 2082 In
1259 2064 1353 2090 preces
1372 2065 1515 2085 servorum
1529 2063 1693 2091 vestrorum.
1714 2059 1804 2088 Vene-

1014 2103 1122 2129 torum!
1143 2111 1152 2128 3
1170 2102 1285 2137 (Prasini
1305 2112 1311 2130 :
1331 2112 1341 2129 «
1358 2102 1564 2140 Prasinorum;)
1581 2114 1591 2131 3
1613 2107 1726 2141 populus
1743 2111 1802 2135 ter:

1014 2157 1024 2174 «
1046 2147 1160 2175 Sancte!
1184 2157 1193 2173 3
1209 2147 1342 2175 Cantores
1364 2157 1371 2176 :
1394 2157 1403 2174 «
1421 2148 1557 2177 Coronate
1578 2157 1673 2178 servos
1688 2155 1804 2182 vestros,

1011 2194 1032 2221 si
1046 2193 1150 2229 piacet;
1171 2203 1181 2220 3
1200 2194 1314 2229 populus
1333 2198 1375 2221 ter
1394 2202 1401 2221 :
1419 2203 1428 2220 «
1443 2194 1558 2223 Sancte!
1577 2205 1586 2222 3
1606 2195 1714 2225 Prasini
1728 2197 1804 2225 simi-

1011 2239 1081 2267 liter.

1045 2373 1089 2400 111.
1102 2373 1251 2402 Cantores:
1267 2384 1276 2400 «
1294 2374 1418 2410 Domine,
1429 2384 1506 2405 serva
1523 2378 1650 2407 dominos
1664 2379 1802 2408 Romano-

1009 2428 1068 2448 rum
1079 2421 1101 2447 !3
1115 2420 1228 2455 populus
1238 2425 1279 2448 ter
1289 2431 1295 2450 :
1307 2422 1446 2457 «Domine,
1455 2431 1560 2453 serva.3
1571 2425 1718 2453 Cantores:
1731 2426 1802 2454 «Do-

1009 2468 1094 2501 mine,
1108 2476 1184 2494 serva
1201 2475 1216 2495 a
1232 2472 1257 2495 te
1269 2471 1430 2496 coronatos!
1444 2479 1453 2496 3
1465 2472 1579 2506 populus
1596 2477 1650 2500 ter:
1668 2483 1677 2498 «
1688 2473 1802 2502 Domine

1009 2523 1097 2543 serva.
1106 2524 1114 2540 ι
1127 2515 1275 2549 Cantores;
1289 2516 1426 2549 «Domine,
1435 2524 1511 2544 serva
1521 2517 1708 2554 imperatores,
1718 2528 1802 2556 angn-

165 2563 292 2597 κράκται·
317 2572 326 2589 «
350 2563 447 2598 Κύριε,
474 2563 560 2589 σῶσον
581 2563 644 2594 τοὺς
663 2562 796 2595 δεσπότας
814 2562 862 2589 σὺν
887 2563 948 2596 ταῖς

1019 2566 1070 2595 tas,
1079 2562 1368 2597 etporpbyrogenitos!
1377 2573 1385 2588 3
1400 2563 1514 2598 populus
1524 2569 1578 2593 ter:
1591 2565 1730 2600 «Domine,
1742 2575 1799 2594 ser-

805 2654 922 2683 VARIIE
947 2654 1151 2683 LECTIONES.

201 2716 221 2731 “
236 2714 368 2745 δεσπότας
382 2711 447 2746 εἶςό
461 2714 554 2746 Θεός.ό
570 2713 633 2746 λαός
658 2713 706 2740 καὶ
725 2722 751 2742 τ.
770 2714 795 2740 λ.
813 2714 857 2741 ed.
897 2713 1068 2749 ⁶¹Πράσινοι,
1087 2722 1095 2738 «
1117 2711 1260 2747 Πρασινων
1277 2721 1287 2738 3
1310 2719 1366 2740 om.
1380 2714 1424 2741 ed.

662 2793 758 2821 JOAN.
771 2793 842 2821 JAC.
857 2793 985 2821 REISKII
1003 2791 1290 2821 COMMENTARIUS.

199 2855 395 2895 (31)_,_Scns_usn
405 2855 721 2895 etcnnslructiohuius
744 2855 872 2895 gictionis
894 2855 953 2895 hate

166 2896 225 2919 est:
243 2890 277 2919 Εἴ
289 2900 315 2918 τι
337 2892 351 2917 ὁ
377 2891 443 2922 Θεὸς
463 2893 553 2926 τίμιον
574 2891 727 2927 ὠνόμασεν,
747 2891 807 2918 ἐστὶ
827 2890 905 2918 τοῦτο
920 2890 952 2917 τὸ

267 2939 404 2968 ΡΑτιιοι.
427 2937 487 2968 Gn.
511 2938 595 2970 CXII

1006 2853 1131 2890 Βένετον,
1153 2853 1176 2880 εἰ
1196 2852 1269 2890 Deus
1285 2853 1570 2890 qiiquid__honorabil¢
1590 2855 1743 2890 appellavit,
1759 2863 1797 2886 eu

1004 2889 1071 2916 illud
1091 2888 1214 2923 Venetus,
1229 2888 1270 2916 vel
1286 2888 1367 2923 factio
1390 2887 1492 2917 Veneta.

1554 2937 1589 2969 21
