2076 3145
163 164 216 196 577

562 163 622 193 ’ΒΕ
637 158 866 192 CERIMOXIIS
884 159 993 190 AUL/E
1010 157 1231 189 ΒΥΖᾹΝΤΙΝΕ
1254 158 1326 189 LIB.
1356 159 1382 189 Ι.

1740 156 1795 188 678

164 221 265 249 ταόςα·
284 230 293 246 t
319 221 369 255 Γὴν
395 221 478 255 καλὴν
503 219 610 255 ἡμέραν
635 220 793 255 ποιήσωμεν
814 217 882 254 μετὰ
912 217 956 244 τοῦ

1014 215 1196 244 celebremus!
1226 220 1267 242 ter
1294 220 1399 248 sancte,
1427 215 1545 242 dominis
1573 214 1703 242 auxilium
1728 215 1808 243 επεν,

160 267 307 303 ’δημάρχου
325 267 379 293 τῶν
406 266 558 293 Βενέτωνη
572 266 578 292 !
592 266 737 300 Τριοάγιε,
753 264 886 300 βοήθησον
898 263 960 295 τοὺς

164 314 308 344 δεσπότας,
340 313 387 339 καὶ
415 313 447 338 σὺ
473 312 572 343 αὐτοὺς
598 311 768 346 θεράπευσον
795 310 842 336 ἐπὶ
864 309 959 339 πᾶσιν,

166 358 322 390 πλεονάζων
333 358 382 393 τῆς
394 357 466 392 ζωῆς
480 357 569 384 αὐτῶν
584 357 708 392 χρόνους,
723 357 771 383 σὺν
781 357 840 387 ταῖς
856 355 961 390 τιμίαις

166 405 331 438 αὑγούσταις
350 405 379 430 ὲν
407 405 440 440 τῇ
474 404 604 439 πορφύρα
626 405 666 436 εἰς
690 403 798 429 τελείαν
822 401 962 438 χαρμονὴν

165 451 218 477 τῶν
239 451 385 485 Ῥωμαίων
421 450 468 476 καὶ
504 450 626 476 Βενέτων
655 450 710 476 τῶν
737 449 858 484 γνησίων
885 448 962 483 ὑμῶν

166 496 346 523 δούλων.Ἐσ·
363 496 454 529 "Avis,
465 495 602 529 τρισάγιε,
611 495 675 526 τοὺς
685 494 818 525 δεσπότας
833 493 960 527 φύλαττε,

167 541 279 575 Πνεῦμα
306 540 337 567 τὸ
367 541 511 574 πανάγιον,
545 541 594 572 τὰς
623 539 776 574 αὑγούστας
806 539 960 565 σκέπασονι

164 586 264 622 Κύριε,
275 586 348 621 ζωὴν
364 586 455 613 αὐτῶν
468 586 512 613 διὰ
522 586 570 622 τὴν
587 585 660 621 ζωὴν
675 585 754 621 ὴμῶν
767 585 773 611 !
786 586 827 612 ἔσ.
843 585 869 612 ἄ.
885 583 911 611 οἷ
921 584 960 611 ισ-

166 633 264 668 Κύριε,
276 634 367 667 χαῖρε,
384 633 454 668 καλὴ
470 641 517 659 σου
540 633 645 668 ἡμέραι
671 633 720 667 ὅλη
738 633 828 668 ἡμέρα
844 633 962 666 σήμερον

164 680 234 714 καλή
257 688 303 705 σου
331 679 424 714 ἡμέρα
453 679 578 713 γίνεταιὶ
599 679 614 705 ὁ
631 679 705 705 δεῖνα
734 677 962 714 πρωτοσπαθὰριε

168 724 214 751 καὶ
227 724 365 760 δὴμαρχε,
392 724 484 751 πολλοὶ
511 733 557 751 σου
583 724 691 760 χρόνοι·
717 725 731 750 ὁ
758 724 877 754 ἀναστὰς
897 723 963 754 Θεὸς

167 771 244 806 ἡμῶν
261 770 344 805 ζωὴν,
361 770 456 804 ὑγείαν
468 770 549 797 δώσει
568 779 620 796 σοι.
637 769 691 796 Τοῦ
707 769 838 796 δεσπότου
853 770 961 803 γνήσιε,

167 815 196 841 τὸ
210 815 281 842 Θείον
295 816 444 850 περισώσει
469 824 510 847 σε,
530 817 578 842 καὶ
591 816 701 843 πλείονα
720 816 877 851 δωβήοηται
897 815 963 848 Θεὸς

167 862 181 887 ό
195 862 368 896 ἐπουράνιος,
383 861 428 888 ἴνα
449 861 626 896 εὐτυχοῦντός
645 869 693 888 σου
710 861 819 896 ὁρῶμεν
839 861 886 888 καὶ
901 870 963 896 χαι-

169 905 296 942 ρώμεθαι
321 905 401 932 τοῦτο
426 907 534 938 πάντως
559 906 664 939 γίνεται
691 902 806 941 προνοίᾳ
825 906 873 933 τοῦ
893 907 962 934 Θεοῦ
980 900 1002 927 Β

168 951 256 986 ἡμῶν.
281 950 380 983 Ἀξίως
395 959 438 978 σοι
455 951 591 986 εὐχόμεθα
609 951 728 984 Βένετοι,
744 952 909 986 παγκόσμιε,
921 953 962 978 ὃτι

167 998 391 1032 ὑπερϐάλλουσαν
405 997 479 1032 ἔχεις
507 997 695 1030 καλοθέλειαν,
710 997 759 1024 καὶ
781 998 864 1032 εὐχὰς
884 997 964 1032 κομί-

167 1042 243 1074 ζεσαι
258 1042 290 1068 ὲκ
305 1042 359 1069 τῶν
374 1042 543 1076 ἀγαπώντων
561 1050 591 1068 σε
602 1050 609 1057 ·
628 1043 665 1074 ὡς
676 1042 731 1078 γὰρ
747 1042 901 1078 ἀγαπῶμεν
909 1051 962 1074 σοι.

167 1087 251 1119 ἀξίως
278 1095 308 1114 σε
331 1087 485 1123 εὐχόμεθα.
502 1087 545 1114 ἵνα
572 1088 711 1123 ἀδιάδοχος
740 1088 835 1125 μείνῃς
855 1088 963 1115 διοικῶν

168 1133 252 1167 ἡμᾶς.
273 1132 304 1159 ἒσ
314 1141 321 1148 ο
347 1133 506 1165 ’(ὶάναστὰς
529 1133 596 1165 Θεὸς
606 1134 686 1169 ἡμῶν
696 1155 703 1166 ,
717 1134 834 1168 φύλαττε
849 1135 894 1160 τὸν
917 1135 964 1169 δὴ-

162 1186 284 1213 .μαρχον.
305 1187 314 1204 t
337 1179 447 1209 Ίστέον,
464 1179 504 1205 ὅτι
519 1180 567 1205 καὶ
593 1179 618 1205 οἱ
636 1179 682 1206 τοῦ
699 1180 799 1215 μέρους
818 1179 873 1206 τῶν
887 1180 962 1215 Πρα-

169 1223 249 1249 σιιων
264 1223 313 1258 τὴν
340 1223 436 1259 ὁμοίαν
458 1223 534 1256 τάξιν
559 1224 606 1250 καὶ
620 1224 782 1251 ἀκολουθίαν
797 1223 911 1251 ποιῶσιν
923 1224 962 1260 τῷ

139 1261 150 1275 ⁶
169 1266 226 1302 ἰδίῳ
241 1267 384 1303 δημάρχῳ,
394 1268 440 1294 καὶ
453 1268 489 1294 τὰ
503 1268 573 1295 αὐτὰ
588 1268 659 1296 ἆκτα
670 1269 865 1303 ἀκτολογοῦσιν
876 1269 961 1305 αὐτῷ.

167 1312 227 1347 Χρὴ
252 1313 408 1346 γινώσκειν,
423 1313 476 1345 ὅτι,
498 1313 549 1347 τῆς
575 1313 778 1350 προῤῥηθείσης
798 1314 900 1346 τάξεως
915 1314 963 1341 καὶ

167 1355 329 1388 ἀκολουθίας
353 1356 527 1392 τελεσθείσης
553 1358 582 1384 ὲν
605 1358 644 1391 τῷ
664 1357 712 1384 τοῦ
725 1358 867 1394 δημάρχου
883 1359 961 1393 οῐκῳ,

167 1401 290 1436 ἁψικειὴι
305 1402 359 1428 ἀπὸ
372 1403 426 1429 τῶν
437 1403 526 1429 ἐκεῖσε
539 1403 620 1430 αὑτὸν
635 1403 648 1429 ὁ
657 1403 742 1438 δῆμος
753 1403 806 1433 ἓως
819 1404 866 1430 τοῦ
881 1404 962 1431 ἱππο-

166 1447 292 1482 δρομίαν,
303 1447 425 1483 δηλονότι
435 1449 516 1476 αὑτοῦ
531 1449 678 1484 ἱσταμένου
695 1450 724 1476 εν
739 1449 778 1485 τῷ
792 1449 896 1484 δεκάτῳ
914 1459 963 1476 κα-

167 1492 286 1527 γκέλλῳ,
300 1493 355 1520 Καὶ
367 1493 462 1521 τούτου
475 1495 564 1520 ἐκεῖσε
577 1494 738 1529 ἱσταμένου,
757 1494 838 1521 πάλιν
854 1495 962 1522 ἵσταται

166 1539 277 1574 ὸδῆμος
291 1539 448 1574 ἁκτολογῶν
463 1540 539 1576 αὐτῷ
555 1541 641 1568 ταῦτα
654 1541 660 1567 !
680 1541 711 1568 οι
725 1541 842 1576 κράκται
852 1548 860 1556 ο
884 1551 892 1566 t
909 1542 965 1568 Κα-

1013 269 1106 288 curatn
1132 267 1228 288 eorum
1254 262 1280 288 in
1307 261 1434 289 omnibus
1464 261 1583 296 suscipe,
1602 261 1684 288 vitam
1712 268 1807 289 eorum

1012 314 1114 342 augens
1129 315 1190 334 cum
1207 306 1371 334 venerandis
1390 307 1608 342 imperatricibus
1625 308 1652 333 in
1676 315 1808 342 purpura,

1013 354 1047 380 ad
1059 353 1214 389 perfectam
1231 353 1356 380 laetitiam
1375 352 1559 380 Romanorum
1578 361 1610 380 ac
1628 352 1808 385 Venetorum,

1013 407 1138 427 verorum
1152 407 1292 427 servorum
1310 403 1429 426 tuorum.
1450 399 1560 431 Sancte.
1578 404 1618 426 ter
1633 404 1736 432 sancte,
1762 401 1809 426 do-

1014 445 1103 472 minos
1113 445 1236 472 custodi!
1255 444 1373 478 Spiritus
1381 443 1562 474 sanctissime.
1575 449 1704 479 augustas
1715 448 1791 472 tuere
1801 445 1808 471 l

1017 491 1142 523 Domine.
1155 490 1237 518 vitam
1257 491 1377 525 ipsorum
1399 497 1447 525 per
1461 494 1581 517 nostram
1594 490 1695 516 vitam!
1715 489 1808 524 Salve,

1015 537 1138 570 Domine,
1157 536 1269 571 pulchra
1288 541 1330 564 est
1354 537 1412 564 haec
1429 536 1488 563 dies
1508 537 1572 562 tua!
1605 536 1733 563 hodierna
1753 536 1810 562 dies

1015 587 1070 610 tota
1086 583 1198 617 pulchra
1213 583 1259 610 tibi
1289 583 1348 610 dies
1363 583 1405 610 lit!
1424 582 1457 609 N.
1479 583 1699 618 protospatharie
1717 588 1745 610 et
1760 583 1809 610 de-

1015 631 1139 662 tuarche,
1164 630 1247 657 multa
1265 630 1312 656 tibi
1341 630 1477 664 Ictttpora!
1499 629 1578 662 Deus,
1598 629 1643 664 qui
1663 630 1810 657 emortuis

1015 677 1176 709 resurrexit,
1194 676 1296 704 salvam
1314 677 1390 704 vobis
1411 677 1494 703 vitam
1519 677 1666 704 concedat!
1685 676 1809 704 Gettttine

1015 723 1192 750 Dominorttm
1214 723 1324 755 latttttle,
1353 723 1481 750 divinitas
1503 726 1530 750 te
1546 728 1700 755 conservet,
1717 723 1810 757 plura~

1015 776 1067 801 que
1083 769 1154 796 Deus
1169 769 1290 797 caelestis
1316 769 1363 796 tibi
1382 769 1525 800 concedat.
1551 773 1581 795 ut
1604 772 1630 795 te
1649 768 1754 796 felicem
1770 768 1810 795 vi-

1015 815 1128 842 deamus
1150 819 1178 842 et
1193 815 1376 850 gaudeamus!
1401 815 1453 842 hoc
1474 822 1555 842 omne
1575 815 1745 849 pr0videntia
1761 816 1809 843 Dei

1016 862 1103 889 nostri
1120 861 1229 888 accidit.
1246 861 1343 888 Merito
1360 861 1408 889 tibi
1428 869 1477 889 nos
1499 860 1606 893 Veneti,
1622 861 1808 893 ornatissime.

1015 913 1206 941 apprecantur,
1220 907 1291 940 quod
1307 905 1574 940 superabundantem
1591 904 1807 932 benevolentiam

1015 953 1111 983 habes,
1131 958 1158 980 et
1170 959 1266 987 preces
1282 959 1296 978 a
1314 951 1464 978 cultoribus
1484 951 1535 978 tuis
1550 951 1651 985 accipis
1667 959 1675 977 :
1690 954 1718 977 ttt
1735 950 1808 977 enim

1015 1003 1042 1026 te
1056 1006 1191 1030 amamus,
1220 998 1257 1025 ita
1283 1003 1308 1024 et
1325 997 1412 1024 fausta
1439 997 1485 1024 tibi
1510 996 1572 1031 iure
1598 1005 1776 1032 apprecamur
1799 1004 1807 1024 :

1014 1045 1097 1080 220
1111 1049 1141 1071 ut
1154 1044 1213 1076 sine
1226 1051 1383 1071 successore
1399 1043 1444 1070 diu
1459 1043 1531 1070 inter
1551 1051 1599 1070 nos
1616 1043 1807 1070 commoreris.

1016 1089 1086 1117 Deus
1102 1095 1205 1122 noster,
1220 1089 1265 1124 qui
1278 1089 1437 1121 resurrexit,
1450 1089 1624 1116 demarchunt
1633 1089 1780 1117 custodiat.
1795 1098 1804 1115 ι

1014 1134 1086 1162 Grex
1101 1133 1274 1161 Prasittorutn
1291 1135 1416 1160 eumdem
1447 1133 1570 1160 ordinem
1586 1133 1724 1168 ritumque
1745 1141 1810 1168 erga

1014 1187 1092 1207 suum
1106 1181 1243 1207 tribunum
1256 1180 1382 1207 observat
1395 1179 1546 1214 eademque
1554 1184 1613 1207 aeta
1631 1179 1682 1213 ipsi
1698 1181 1807 1208 accinit.

1014 1224 1074 1258 Quo
1101 1225 1154 1252 ritu
1178 1229 1206 1253 et
1221 1225 1310 1252 cilicio
1336 1225 1362 1252 in
1387 1225 1490 1252 aedibus
1511 1225 1570 1260 ejus
1590 1230 1710 1259 peracto,
1728 1226 1810 1253 l'aclio

1015 1271 1152 1298 tribunum
1181 1279 1261 1299 suum
1293 1271 1355 1298 inde
1375 1271 1408 1298 ad
1432 1271 1535 1299 circum
1565 1271 1723 1305 comitatur,
1750 1272 1810 1307 ipso

1014 1317 1120 1345 scilicet
1145 1317 1172 1344 in
1195 1317 1302 1345 decimo
1318 1317 1442 1345 cattcello
1465 1317 1626 1348 constituto,
1653 1325 1708 1352 quo
1723 1317 1808 1351 facto,

1015 1371 1110 1391 rursus
1121 1363 1237 1398 populus
1252 1363 1377 1391 consistit
1395 1363 1466 1391 hunc
1482 1363 1511 1390 in
1526 1364 1634 1390 modttm
1652 1364 1701 1398 ipsi
1714 1364 1808 1391 accla-

1015 1417 1111 1436 mans:
1131 1418 1140 1434 t
1161 1409 1277 1437 Pulchre
1299 1409 1407 1442 venisti,
1433 1409 1534 1437 famule
1556 1410 1707 1444 principum
1723 1418 1736 1436 a
1754 1409 1809 1438 Deo

1015 1456 1224 1483 coronatorum!
1240 1465 1250 1482 ι
1267 1455 1382 1490 populus
1397 1464 1404 1483 :
1424 1464 1434 1482 ς
1450 1455 1569 1483 Pulchre
1579 1455 1693 1484 venisti!
1709 1465 1717 1479 ν
1735 1455 1808 1484 Can-

1016 1506 1088 1528 tores
1111 1509 1120 1527 :
1138 1510 1147 1527 t
1170 1501 1289 1528 Pulchre
1307 1501 1414 1534 venisti,
1444 1509 1458 1528 a
1484 1501 1652 1537 principibus
1670 1502 1808 1530 benevolis

1015 1545 1156 1580 promote!
1184 1554 1193 1571 ι
1210 1545 1324 1580 populus
1342 1554 1349 1572 :
1370 1555 1379 1571 t
1407 1544 1524 1573 Pulchre
1547 1546 1661 1573 venisti!
1683 1555 1692 1572 ι
1710 1546 1809 1574 Canto-

167 1584 219 1616 λῶ;
236 1583 319 1620 ἦλθες
331 1606 339 1618 ,
362 1586 533 1614 θεοστέπτων
549 1589 563 1614 ὁ
588 1587 698 1620 δοῦλοςι
716 1597 737 1627 ι.
750 1588 764 1614 ὁ
780 1587 854 1620 λαὸς,
875 1598 884 1614 t
905 1589 964 1615 Κα-

1017 1599 1079 1618 res:
1094 1601 1103 1617 ε
1119 1591 1234 1619 Pulchre
1247 1591 1356 1624 venisti,
1371 1591 1521 1619 illustribus
1541 1592 1692 1627 majoribus
1705 1593 1780 1619 orte!
1795 1602 1805 1618 ›

167 1630 221 1662 λῶς
242 1629 348 1667 ἧλθεςῐ’
366 1642 375 1658 ι
395 1633 427 1660 0!
440 1633 557 1668 κράκται
571 1642 577 1650 ·
590 1643 598 1659 t
617 1634 708 1666 καλῶς
726 1631 822 1670 ἦλθες,
841 1634 961 1670 προϐολὴ

168 1677 321 1712 εὐεργετῶν
347 1679 353 1704 l
372 1688 381 1704 ι
401 1679 416 1705 ὁ
436 1679 515 1712 λαός·
543 1688 553 1706 t
576 1680 674 1712 Καλῶς
694 1679 796 1716 ἦλθεςι
816 1690 825 1707 ι
844 1681 876 1707 Οἱ
891 1681 962 1716 κρά-

168 1731 248 1750 κται·
271 1733 280 1750 t
296 1725 394 1756 Καλῶς
419 1723 512 1761 ἦλθες,
535 1726 549 1752 ὁ
569 1726 683 1762 εὐγενὴς
707 1727 738 1753 ἑκ
762 1727 924 1762 προγόνωνῐ
949 1736 958 1752 ›

168 1769 276 1801 ὁλαόςο
299 1781 308 1797 ι
332 1771 428 1803 Καλῶς
456 1769 556 1808 ἦλθεςῐ
579 1781 588 1798 ι
607 1773 638 1800 Οἰ
661 1772 780 1808 κράκται
795 1781 802 1788 °
831 1782 840 1799 ι
863 1773 961 1805 Καλῶς

167 1814 258 1851 ἦλθες,
282 1818 296 1843 ὁ
317 1817 391 1844 δεῖνα
425 1819 654 1854 πρωτοσπαθάριε
682 1819 729 1846 καὶ
759 1819 883 1855 δήμαρχε
907 1819 961 1846 τῶν

168 1861 322 1888 Βενέτωνει
351 1862 380 1889 ’0
409 1863 485 1895 λαὸς,
503 1864 615 1895 ιΚαλῶς
642 1861 757 1899 ﬁxam.
775 1865 808 1891 Οἱ
829 1864 958 1900 κράκται·

169 1917 178 1933 t
200 1909 271 1935 Ἀλλ’
287 1910 301 1935 ὁ
319 1909 427 1936 πάντων
445 1910 563 1946 Ποιητής
588 1911 634 1937 καὶ
649 1912 821 1947 Amr-cornu:
844 1912 874 1938 Ὀ
894 1911 959 1944 λαὸς

169 1954 291 1987 (Καλῶς
315 1954 414 1991 mox!
437 1966 445 1982 ν
476 1957 507 1983 Οἰ
523 1956 652 1992 κράκταισ
675 1957 724 1983 t'O
741 1957 860 1988 ἀναστὰς
871 1966 962 1993 παρα-

166 2001 248 2034 δόξως
266 2003 298 2028 ὲκ
314 2003 428 2036 τάφουῐ»
452 2003 481 2030 ’0
492 2003 565 2036 λαὸς,
587 2004 699 2036 ιΚαλῶς
712 2002 793 2039 ἦλθες
805 2006 828 2031 ἰ)
847 2005 877 2031 Οἱ
892 2006 960 2040 κρά-

167 2057 229 2076 κται
241 2059 247 2065 -
268 2048 339 2075 ιΚαὶ
354 2049 383 2075 τὸ
397 2050 474 2084 χαῖρε
489 2048 613 2080 δεδωκὼς
626 2048 681 2084 (Si)
702 2050 865 2085 μυροψόροις
878 2051 884 2076 l
899 2059 908 2076 ι
933 2051 961 2078 '0

170 2096 246 2130 λαὸς,
262 2106 271 2121 ι
290 2095 389 2127 Καλῶς
404 2094 501 2131 ἧλθεςῐ
521 2104 530 2121 ι
548 2096 579 2122 Οἱ
593 2096 721 2131 κράκται·
743 2105 752 2121 t
766 2097 835 2128 Τοὺς
847 2097 960 2133 χρόνους

168 2151 214 2169 σου
227 2142 405 2176 πληθύνειείς
417 2142 491 2176 μήκη
501 2141 604 2177 χρόνων
617 2142 623 2167 ι
637 2151 645 2167 ι
658 2142 686 2167 ’0
693 2141 767 2175 xm,
783 2151 791 2168 ι
806 2142 904 2174 Καλῶς
912 2141 961 2179 ἦλ-

166 2188 211 2220 θες
225 2189 231 2214 l
253 2188 286 2214 οι
309 2188 436 2223 κράκταν
458 2197 467 2213 t
481 2188 532 2213 Ἕσ
542 2196 548 2202 ·
569 2197 578 2213 t
597 2187 611 2213 ὁ
624 2187 690 2219 Θεὸς
702 2189 716 2214 ὸ
730 2188 807 2221 ἆγιος
818 2209 824 2221 ,
843 2189 961 2222 φύλαττε

165 2235 210 2261 τὸν
234 2234 374 2269 δήμαρχον
390 2243 398 2251 ο
416 2243 424 2260 ι
446 2234 494 2260 καὶ
508 2234 522 2260 ὸ
544 2233 610 2265 λαὸς
621 2233 722 2268 ὁμοίως
748 2234 780 2260 ἐκ
794 2237 828 2269 γ’.
852 2235 960 2267 ’ῐστέον,

1015 1638 1153 1672 populus:
1175 1647 1184 1663 t
1202 1637 1318 1665 Pulchre
1330 1638 1446 1665 venisti!
1467 1647 1476 1662 ι
1493 1639 1642 1665 Cantores:
1664 1647 1674 1664 ι
1693 1637 1808 1666 Pulchre

1014 1684 1123 1715 venisti,
1135 1683 1168 1710 N.
1187 1684 1405 1718 protospatltarie
1424 1689 1452 1710 et
1471 1685 1578 1711 tribune
1594 1683 1775 1711 Venetorum!
1793 1693 1804 1710 ι

1013 1731 1129 1766 populus
1146 1739 1153 1758 :
1178 1740 1186 1756 ι
1205 1729 1322 1758 Pulchre
1334 1731 1446 1758 venisti!
1469 1741 1478 1757 ι
1498 1731 1653 1759 Cantores:
1670 1740 1680 1756 ι
1701 1731 1808 1758 Mont-

1014 1777 1088 1803 nittm
1113 1775 1228 1803 Creator
1251 1781 1278 1803 et
1305 1775 1453 1809 Dominus;
1473 1785 1482 1802 ι
1503 1776 1636 1810 populus:
1653 1784 1663 1801 ι
1692 1775 1808 1803 Pulchre

1014 1819 1130 1848 venisti!
1155 1829 1164 1846 ι
1186 1820 1337 1848 Cantores:
1359 1829 1368 1847 ‹
1387 1821 1438 1854 Qui
1454 1821 1643 1848 admirandum
1657 1820 1683 1848 in
1699 1821 1806 1848 tnodunt

1012 1872 1028 1893 e
1053 1866 1179 1901 sepulcro
1205 1867 1372 1899 resurrexit;
1403 1877 1412 1894 ι
1431 1868 1546 1902 populus
1565 1876 1572 1894 :
1591 1876 1601 1893 ι
1618 1867 1735 1894 Pulchre
1760 1874 1808 1894 ve-

1013 1914 1093 1942 nisti!
1112 1923 1122 1940 t
1137 1915 1272 1942 Cantores
1292 1924 1298 1942 :
1314 1923 1323 1940 ε
1342 1914 1372 1941 Et
1389 1920 1526 1949 unguenta
1540 1913 1685 1942 aﬂerenles
1702 1913 1805 1941 saluta-

1013 1961 1067 1994 vit;
1086 1970 1095 1987 ι
1123 1962 1240 1997 populus
1267 1971 1273 1988 :
1297 1971 1308 1988 σ
1339 1961 1457 1990 Pulchre
1477 1961 1591 1989 venisti!
1623 1970 1632 1987 ι
1649 1959 1805 1988 Cantores:

1016 2017 1025 2033 ι
1041 2008 1133 2035 Annos
1151 2013 1257 2036 vestros
1274 2008 1388 2035 multum
1400 2008 1514 2042 augeat!
1536 2017 1545 2033 ι
1562 2007 1678 2042 populus
1692 2015 1699 2033 :
1717 2016 1726 2032 t
1741 2004 1806 2032 Pu!-

1012 2053 1078 2081 chre
1093 2053 1206 2081 venisti!
1229 2062 1238 2079 ι
1255 2053 1406 2081 Cantores:
1424 2062 1433 2078 ι
1453 2053 1523 2080 Deus
1541 2055 1646 2084 sancte,
1665 2051 1804 2078 tribunum

1012 2105 1164 2132 conserva;
1199 2108 1207 2124 ι
1236 2097 1350 2133 populus
1374 2098 1468 2125 eadem
1488 2101 1538 2123 ter.
1563 2096 1698 2123 Caeterum
1722 2095 1805 2121 factio

1015 2145 1126 2172 l’rasina
1145 2144 1273 2172 eumdem
1291 2144 1372 2170 ritum
1391 2143 1516 2177 idemque
1531 2141 1647 2168 cilicium
1673 2147 1738 2175 erga
1757 2140 1804 2166 de-

1015 2191 1155 2217 marrhttm
1168 2198 1246 2217 suum
1259 2189 1399 2221 observat,
1411 2189 1506 2216 eadem
1520 2188 1572 2222 ipsi
1585 2190 1644 2214 acta
1654 2188 1806 2220 eodemque
1850 2196 1855 2202 ·

1015 2235 1040 2262 itt
1054 2236 1113 2262 loco
1132 2236 1242 2262 accinit.

165 2282 205 2307 ὅτι
236 2281 285 2307 καὶ
316 2281 340 2306 οἱ
363 2279 409 2306 τοῦ
434 2279 534 2314 μέρους
549 2278 602 2305 τῶν
618 2279 762 2314 Πρασίνων
774 2278 823 2313 τὴν
848 2280 945 2314 ὁμοίαν
969 2279 1046 2312 τάξιν
1057 2281 1104 2307 καὶ
1119 2279 1279 2308 ἀκολουθίαν
1291 2279 1404 2306 ποιῶσιν
1421 2277 1460 2313 τῷ
1477 2277 1534 2313 ῑδὲῳ
1548 2276 1690 2312 δημάρχῳ,
1707 2275 1753 2302 καὶ
1769 2275 1804 2302 τὰ

166 2327 236 2355 αὐτὰ
257 2327 329 2354 dm:
347 2325 540 2357 ἀκτολογοῦσιν
559 2324 632 2359 αὐτῷ
650 2325 696 2350 καὶ
731 2325 761 2350 ὲν
795 2324 834 2360 τῷ
872 2324 946 2360 αὺτῷ
964 2326 1049 2360 τόπῳ.

442 2392 566 2419 ΚΕΦΑΔ.
583 2391 649 2419 HA'.

181 2440 255 2465 Ὅσα
273 2438 321 2466 δεῖ
336 2437 581 2472 παραφυλάττειν
592 2438 642 2465 ἐπὶ
659 2439 858 2475 νυμφαγωγίῳ
869 2439 936 2475 (82).

200 2486 240 2521 Τῇ
255 2485 362 2521 ἑσπέρᾳ
375 2485 540 2521 ἀπέρχονται
554 2485 589 2512 τὰ
600 2484 646 2511 δύο
664 2485 736 2521 μέρη
757 2485 827 2520 μετὰ
843 2485 891 2512 καὶ
905 2486 959 2512 τῶν

1289 2389 1402 2418 CAPUT
1420 2389 1537 2417 LXXXI.

1155 2438 1327 2466 Obunanda
1347 2438 1374 2464 in
1385 2444 1487 2471 sponsi:
1501 2435 1667 2463 deductione.

1050 2484 1162 2519 Vesperi
1179 2486 1238 2513 duae
1252 2484 1383 2512 factiones
1397 2491 1459 2511 cum
1472 2482 1529 2510 suis
1540 2480 1648 2516 organis
1664 2484 1693 2509 et
1704 2486 1802 2516 sponsa

831 2562 947 2590 VARle
968 2563 1170 2592 LECTIONES.

207 2619 230 2635 ⁸⁵
251 2619 354 2646 ΣΧΟΛ.
371 2618 480 2651 Ἰστέον,
500 2619 542 2646 ὅτι
555 2617 602 2645 τοῦ
617 2618 704 2654 δήμου
717 2617 941 2652 άκτολογοῦντος,
959 2619 1037 2646 αὐλεῖ
1051 2620 1081 2646 τὸ
1097 2619 1221 2655 ὄργανον.

679 2685 737 2714 1οΛ
745 2686 776 2713 Ν.
790 2686 859 2714 JAC.
873 2687 1001 2716 RElSKll
1019 2686 1305 2717 COMMENTARIUS.

202 2744 258 2780 (8!)
273 2744 460 2779 lntelliguntut-
483 2751 540 2772 tres
566 2746 695 2773 mulieres
711 2751 845 2780 unguenta
862 2747 895 2773 ad
914 2753 957 2774 se-

170 2781 309 2813 pulchrum
327 2781 428 2807 Christi
446 2781 585 2813 ferentes;
603 2781 657 2807 vid.
677 2780 866 2815 Evattgelistas
897 2789 958 2816 pas-

171 2817 270 2841 sionem
286 2819 312 2841 et
338 2817 564 2842 resurrectionem
589 2816 690 2842 Christi
720 2817 915 2850 describetttes,
931 2822 958 2844 et

173 2850 207 2876 Du
225 2851 315 2886 Cattge
333 2850 422 2876 Glo~s.
437 2850 483 2878 Gr.
501 2859 526 2876 ν.
542 2852 710 2886 Μυροςρόροι.

205 2885 259 2920 (δε)
280 2884 374 2920 Neque
390 2885 439 2913 hoc
451 2886 477 2913 itt
493 2887 592 2921 capite,
605 2884 693 2921 neque
707 2887 734 2914 in
750 2891 880 2922 sequente
893 2891 958 2922 puto

1013 2754 1168 2775 sermonem
1184 2746 1217 2773 de
1233 2746 1347 2782 Augusti
1366 2745 1468 2781 nuptiis
1487 2751 1558 2782 esse,
1579 2747 1624 2782 sed
1646 2743 1680 2770 de
1694 2743 1801 2782 demar-

1013 2783 1056 2809 chi
1076 2787 1191 2809 tantum.
1206 2779 1411 2816 Νυμῷαγώγιον
1426 2785 1468 2807 est
1481 2779 1615 2816 deductio
1643 2783 1755 2816 sponsg
1772 2779 1800 2804 in

1013 2818 1084 2844 ardes
1100 2821 1204 2852 sponsi,
1222 2811 1302 2851 quam
1316 2811 1448 2852 sequitur
1462 2814 1494 2840 τὸ
1509 2812 1675 2847 στεφάνωμα
1688 2819 1738 2840 seu
1748 2811 1801 2840 lm-

1013 2850 1288 2888 positio'corouartttn
1304 2850 1476 2886 nttplialium.
