2068 3147
1525 118 1542 129 ο

249 172 304 202 31.3
738 162 991 195 CONSTANTINI
1013 161 1238 193 PORPHYROG
1243 161 1349 192 ENITI
1825 161 1882 193 8H

253 233 357 263 nasque
383 229 409 253 et
427 223 624 252 multitudinem
647 221 792 250 invalidam
813 221 1069 256 jumentorumque,

1070 224 1085 251 Α
1102 219 1226 254 φύλακας
1242 220 1402 255 ὲνήλλαττον
1414 217 1458 245 διὰ
1470 217 1516 244 τὸν
1532 217 1657 245 πλεῖστον
1668 219 1760 246 κόπον.
1780 219 1817 246 Οὐ
1833 220 1886 257 γὰρ

253 270 383 306 quidquid
400 270 434 298 ad
449 269 676 297 claudicationem
692 267 838 294 deductum
854 271 902 293 aut
923 265 1044 292 vulneri-

1095 266 1146 301 τὴν
1166 265 1281 292 εὐθεῖαν
1304 264 1488 300 περιεπάτουν
1515 264 1603 296 αὐτοὶ,
1633 265 1701 291 ἀλλὰ
1716 265 1766 301 τὴν
1782 275 1888 302 τραχυ-

252 319 303 346 bus
317 317 471 345 confectum
482 319 567 343 esset.
584 313 632 341 His
645 313 801 348 imponebat
815 317 896 347 caput
911 311 951 339 vel
971 311 1046 346 capi-

1096 311 1179 346 τέραν
1205 311 1253 337 καὶ
1276 310 1455 337 δυσεπίϐατον
1470 317 1477 325 ·
1511 308 1583 336 οὕτω
1605 309 1633 336 δὲ
1656 310 1822 346 κινούμενοι,
1837 313 1888 343 τὰς

253 370 361 392 laneum
379 368 427 390 aut
440 363 548 393 ducem.
564 360 744 395 exiguamque
766 357 881 386 addebat
901 357 1046 385 militarem

1095 357 1196 389 νύκτας
1223 356 1496 392 περιχαρακωθέντες
1532 359 1579 382 καὶ
1601 356 1651 391 τὴν
1678 357 1762 393 ἄλλην
1794 359 1885 392 ἀσφά-

252 417 373 442 manum,
392 408 560 444 jubebatque
575 412 622 433 eos
640 405 666 432 itt
681 404 807 432 viciniam
838 411 899 431 sese
923 402 1046 438 recipere

1094 401 1170 428 λειαν
1201 403 1363 437 ποιήσαντες
1390 402 1435 429 διὰ
1468 403 1531 433 τοὺς
1564 403 1780 438 νυχτοπολέμους
1797 425 1804 436 ,
1837 405 1888 430 ἁν-

253 456 335 483 cnstvi
349 454 465 489 alicujus
488 452 644 480 munitioris
660 455 687 478 et
701 452 734 478 ad
751 450 825 477 illum
841 449 977 485 propioris
993 453 1046 475 lra-
1094 447 1240 475 επαύοντο.

262 507 348 533 ctum,
369 507 385 528 e
401 506 455 534 quo
469 498 650 526 descensurus
671 497 696 524 in
711 497 844 524 hosticum
864 499 923 522 erat
946 494 1094 522 exercitus.
1122 495 1223 522 Deinde
1245 494 1394 529 deptttabat
1427 495 1544 524 selectos
1567 504 1582 524 e
1618 496 1782 523 themattbus
1819 505 1881 524 ma—

262 547 380 583 nipulos,
401 545 498 581 partim
519 550 701 580 praecessuros
723 543 854 570 fossatum
873 548 919 569 seu
942 539 1092 568 exercitum
1115 540 1289 575 hostiumque
1325 542 1444 568 subitum
1473 543 1602 570 insuitttm
1629 550 1784 575 aversuros,
1818 550 1884 576 par-

257 596 310 623 tim
347 595 544 622 subsecuturos
578 591 664 623 alios;
699 597 768 624 quos
791 594 942 624 postremos
977 587 1170 623 notophylacas
1196 596 1242 615 seu
1272 589 1398 616 custodes
1431 591 1546 625 tergoris
1578 589 1714 626 appellare
1744 595 1802 615 tuos
1828 593 1887 616 est.

255 641 356 669 llorum
393 639 606 673 tergicustodum
632 641 691 664 erat
719 643 766 663 eos
791 636 895 667 venari,
925 637 970 669 qui
1001 640 1047 661 aut
1067 635 1188 663 imbelles
1212 640 1259 662 attt
1297 642 1394 671 segnes
1421 641 1510 664 castra
1548 645 1601 664 non
1630 641 1832 663 assectarentur
1861 635 1889 667 el

254 688 340 715 aciem
371 685 538 713 desererent.
566 682 617 710 Alii
632 682 666 709 ab
687 686 802 716 utroque
838 681 923 709 latere
947 681 1150 709 comitabantur
1179 687 1331 709 moventem
1371 683 1531 715 exercitum,
1565 690 1634 718 quos
1661 681 1884 717 plagiuphylacas

252 740 299 760 seu
329 732 443 760 laterum
474 731 600 759 custodes
635 730 817 766 appellabant.
845 730 946 758 Horum
980 735 1039 757 erat
1058 731 1205 758 observare
1218 736 1300 765 atque
1319 737 1461 764 coercere,
1474 730 1497 758 si
1515 731 1560 765 qui
1575 731 1607 758 ad
1622 731 1727 758 hostem
1761 729 1887 757 transfu-

254 785 319 813 gere
332 778 503 805 molirentur.
514 777 615 805 Omnes
628 780 718 804 autem
737 776 774 810 hi,
788 781 842 804 tam
855 783 1048 812 pratcursores,
1087 783 1168 811 quam
1195 777 1393 811 subsequentes
1408 781 1436 804 et
1452 784 1467 803 a
1485 776 1615 804 lateribus
1631 776 1804 808 comitantes,
1819 779 1887 802 tan-

251 830 308 851 tum
337 824 475 852 distabant
500 832 513 851 a
530 823 644 858 fossato,
665 830 695 852 ut
721 833 860 860 nunquam
886 826 942 854 suis
971 830 1049 853 extra
1069 830 1243 858 conspectum
1260 830 1367 857 essent;
1387 825 1469 861 idque
1489 825 1586 860 duplici
1603 825 1717 858 ratione,
1742 832 1775 851 tte
1809 823 1887 851 scili-

251 874 292 898 cet
321 870 372 905 ipsi
391 871 509 899 hostium
539 877 664 906 paterent
697 872 813 905 insidiis,
831 872 962 900 fossatum
998 880 1072 904 vero,
1094 873 1127 899 ab
1154 872 1253 900 illisue
1270 873 1345 900 hoste
1363 874 1520 900 imminente
1542 872 1722 902 admouitunt,
1737 878 1797 898 sese
1824 877 1886 897 ma-

253 922 313 944 ture
341 917 426 951 possit
455 917 494 944 illi
509 918 668 952 excipiendo
693 925 861 952 comparare.
876 919 926 952 Qui
952 919 1060 945 tandem
1081 926 1173 946 coram
1205 919 1366 954 imperatore
1389 920 1512 954 proxime
1546 918 1719 946 ambularent
1744 921 1822 945 erant
1851 923 1886 944 ex

251 963 297 991 illo
322 964 494 1000 pmissimum
512 965 631 992 themate
647 966 686 992 vel
711 966 848 999 districtu,
865 967 911 1001 qui
940 967 1048 994 hostico
1066 967 1205 1002 proximus
1233 971 1317 994 esset.
1337 967 1420 994 Periti
1443 968 1516 995 enim
1549 971 1627 994 erant
1651 970 1678 993 et
1698 966 1812 998 viarum,
1836 972 1888 999 per

253 1016 321 1044 quas
342 1010 435 1038 hostes
461 1014 487 1037 et
522 1010 652 1038 invadere
677 1015 704 1038 et
732 1015 828 1039 rursus
856 1019 886 1038 se
924 1011 1076 1038 subducere
1096 1015 1217 1046 possent,
1240 1015 1266 1038 et
1283 1011 1414 1044 locorum,
1435 1012 1462 1038 in
1489 1011 1586 1046 quibus
1615 1016 1696 1045 agere
1721 1013 1855 1042 amarent,
1871 1015 1888 1035 e

251 1055 405 1089 modorum,
428 1055 526 1090 quibus
553 1061 599 1082 aut
624 1056 749 1090 insidias,
768 1063 815 1085 aut
830 1057 903 1085 acies
921 1058 1043 1093 bellaque
1064 1059 1200 1086 instrttcre
1216 1057 1345 1086 solerent.
1366 1057 1393 1085 In
1419 1057 1462 1085 his
1489 1062 1519 1085 et
1539 1057 1565 1084 itt
1584 1057 1730 1092 postremis
1765 1055 1889 1083 custodi-

252 1102 304 1128 bus
341 1101 565 1136 permutabantur
592 1107 619 1129 et
650 1102 853 1131 renovabantur
892 1103 1041 1131 identidem
1080 1102 1291 1131 sollicitudinum
1319 1104 1412 1136 vices;
1443 1103 1663 1139 quandoquidem
1688 1102 1746 1130 haec
1774 1102 1828 1129 duo
1841 1106 1888 1136 ge'

251 1156 316 1177 nera
333 1149 478 1185 plurimum
501 1150 620 1177 laborem
653 1150 810 1179 tolerarent.
838 1149 896 1179 Non
913 1152 984 1179 enim
1003 1156 1104 1179 rectam
1124 1156 1151 1179 et
1165 1152 1317 1186 expeditam
1341 1151 1424 1184 viam,
1456 1151 1503 1178 sed
1531 1151 1696 1185 asperiorem
1733 1153 1759 1177 et
1796 1149 1888 1177 minus

251 1196 419 1223 commodam
444 1195 528 1223 ibant.
563 1194 591 1222 In
614 1195 686 1224 hunc
720 1197 830 1224 modum
854 1203 1042 1232 promoventes
1062 1197 1192 1232 interdiu,
1215 1198 1325 1225 coibant
1358 1205 1407 1232 per
1426 1201 1532 1224 noctem
1553 1196 1622 1224 intra
1644 1194 1756 1227 vallum.
1791 1195 1889 1222 rebur

251 1247 304 1275 que
324 1242 488 1270 necessariis
511 1245 605 1269 contra
626 1247 776 1270 nocturnos
791 1242 908 1270 hostium
926 1244 1042 1279 impetus
1063 1243 1195 1278 praevisis,
1221 1243 1364 1279 capiebant
1386 1243 1514 1278 quietem.

860 1419 1298 1463 ΚΩΝΣΤΑΝΤΙΝΟΥ

661 1516 700 1539 EN
718 1516 823 1546 ΧΡΙΣΤῼ
836 1512 892 1547 (57)
911 1515 1030 1540 ΒΔΣιΛΕι
1051 1517 1157 1548 Atilng
1182 1517 1328 1542 ΒΔΣΙΛΕΩΣ
1342 1516 1495 1547 ΡΩΜΑΙΩΝ,

953 1577 1024 1599 ΪΙΟΥ
1045 1574 1187 1599 ΔΕΟΝΤΟΣ

742 1633 803 1656 ΤΟΥ
817 1632 964 1657 ΔΟΙΔΙΜΟΥ
978 1633 1030 1656 ΚΑΙ
1054 1633 1232 1657 ΣΟΦΩΤΔΤΟΥ
1245 1632 1400 1661 ΒΔΣΙΔΕΩΣ,

449 1690 609 1715 ΔΠΟΓΟΝΟΥ
624 1693 659 1715 ΔΕ
675 1691 835 1716 ΒΑΣΙΛΕιοῖ
858 1693 919 1717 ΤΟΥ
940 1691 1180 1717 ΔΝΔΡΙΚΩΤΔΤΟΥ
1199 1693 1249 1717 ΚΑΙ

873 1693 919 1717 ὈΥ
940 1691 1180 1717 ΔΝΔΡΙΚΩΤΔΤΟΥ
1199 1693 1249 1717 ΚΑΙ
1281 1694 1506 1717 [ῈΝΝΔΙΟΤΔΤΟΥ
1530 1692 1689 1722 ΒΔΣΙΔΕΩΣ,

953 1752 1023 1774 ΠΡΟΣ
1034 1751 1179 1776 ΡΩΜΔΝΟΝ

711 1811 771 1833 TON
795 1808 953 1833 ΘΕΟΣΤΕΦΗ
986 1809 1114 1833 ΒΔΣΙΛΕΔ
1142 1809 1193 1833 ΚΔΙ
1224 1811 1294 1834 NON
1318 1810 1428 1838 ΑΥΤΟΥ,

501 1878 580 1905 Ὅσα
597 1877 645 1904 δεῖ
655 1877 802 1912 γίνεσθαι,
821 1875 874 1904 τοῦ
894 1876 1031 1911 μεγάλου
1044 1875 1093 1903 καὶ
1106 1875 1230 1910 ὑψηλοῦ
1246 1875 1401 1908 ,ϐασιλέως
1413 1875 1472 1903 τῶν
1489 1874 1639 1912 Ῥωμαίων

852 1923 1022 1958 μέλλοντος
1049 1922 1270 1957 φοσσατεῦσαι.

918 2078 1227 2111 CONS’l‘ANTlNI

562 2171 595 2194 IN
616 2171 750 2193 CHRISTO
771 2171 904 2194 ETERNO
926 2173 1007 2196 REGE
1023 2174 1112 2198 REGIS
1132 2174 1346 2204 ROMANORUII,
1366 2174 1440 2197 FILH
1459 2174 1583 2204 LEONIS,

738 2233 915 2254 CELEBERRIIH
934 2235 969 2254 Ετ
988 2235 1176 2256 BAPIENTISSIHI
1193 2237 1382 2263 IMPERATOBIS,

580 2302 624 2326 QUI
638 2302 725 2321 FILIUS
742 2300 814 2322 ειςΑτ
829 2302 936 2329 BASILII,
952 2303 1103 2324 FORTISSIII
1112 2305 1147 2324 ΕΤ
1160 2305 1358 2326 GENEROSISSIII
1378 2306 1566 2332 llPEBATOﬂlS,

962 2371 1003 2392 AD
1028 2370 1185 2393 ROMANUM

652 2430 672 2452 Δ
688 2430 748 2454 1)Εο
771 2430 964 2453 ΟΟΗΟΝΔΤΠΜ
980 2431 1204 2454 ΙΜΡΕΒΑΤΟΚΕΜ
1221 2432 1259 2454 ET
1274 2432 1380 2455 FILIUM
1394 2432 1491 2455 SUUM.

299 2478 501 2518 Obseruando
523 2487 549 2515 rt
563 2483 693 2524 agenda,
712 2484 835 2525 quando
855 2485 1028 2523 imperator
1047 2485 1259 2516 Romanorum
1272 2487 1425 2526 fossatum
1442 2494 1531 2526 agere
1548 2494 1602 2516 seu
1618 2485 1653 2515 in
1679 2488 1784 2516 castra
1800 2487 1849 2517 ire

842 2538 873 2563 et
893 2534 927 2564 in
944 2533 984 2564 iis
999 2535 1121 2565 versari
1141 2534 1286 2566 decrevit.

294 2654 374 2692 263
388 2654 467 2687 Audi,
481 2653 528 2687 liii,
543 2659 684 2681 sermones
700 2652 785 2687 patris
801 2652 850 2684 tui,
875 2651 915 2679 ait
935 2651 1044 2679 Salomo
1060 2656 1083 2686 Β

1073 2657 1083 2684 ι
1134 2653 1246 2686 Ἄκουε,
1262 2653 1314 2686 uis,
1340 2653 1436 2687 λόγους
1450 2653 1553 2688 πατρός
1568 2661 1628 2686 σου,
1643 2652 1769 2688 Σολομῶν
1780 2662 1821 2679 σοι
1837 2662 1889 2680 πα-

264 2702 310 2729 tibi
325 2701 494 2737 praecipiens.
519 2698 649 2732 Quamvis
668 2697 742 2725 ettim
772 2705 787 2724 a
810 2695 900 2727 multis
922 2697 1046 2732 accipere

1100 2697 1291 2733 ρακελεύεται·
1306 2697 1381 2733 παρὰ
1397 2697 1503 2725 πολλῶν
1526 2697 1579 2734 γὰρ
1595 2697 1724 2730 ἀχούσεις
1733 2698 1767 2725 τὰ
1780 2698 1889 2735 δέοντα,

764 2756 858 2784 .IOAN.
873 2755 944 2784 JAC.
959 2755 1084 2785 REISKII
1097 2755 1385 2784 COMMENTARIUS.

294 2810 350 2845 (57)
369 2807 597 2845 0rdinarius__hi_c
615 2811 675 2834 erat
707 2804 800 2832 titulus
827 2805 1039 2845 Byzanlittorutn
1095 2803 1313 2845 phristigratiee
1334 2803 1438 2845 debere
1461 2807 1490 2831 et
1517 2804 1588 2845 ejus,
1615 2808 1644 2830 ut
1672 2804 1777 2845 aeterni
1792 2803 1889 2845 regise

259 2838 461 2878 imperatorum,
477 2845 505 2870 in
522 2842 636 2874 Christo,
653 2845 750 2869 mento
767 2848 835 2874 rege,
851 2838 896 2866 ita;
913 2839 1042 2878 quano-
1096 2839 1157 2878 loco
1180 2843 1209 2878 et
1232 2839 1509 2878 ntandato_regua_re.
1531 2839 1618 2878 minus
1629 2844 1689 2878 erat
1710 2840 1742 2878 ἐκ
1757 2838 1827 2878 Θεοῖς
1845 2839 1888 2866 vel

261 2873 330 2909 τωὶι.
342 2886 396 2913 quo
410 2873 535 2907 volebant
555 2873 656 2910 dicere,
677 2883 705 2904 se
725 2873 832 2904 omnem
849 2875 1038 2903 auctoritatem
1095 2875 1124 2900 ἐν
1139 2873 1208 2908 Θιῷ,
1224 2881 1303 2909 quem
1317 2874 1423 2910 titulum
1439 2875 1591 2902 minoribus
1602 2874 1770 2909 principibus
1783 2873 1890 2901 tribue-
