2054 3146
213 159 280 191 ίύίῦ

718 160 974 191 CONSTANTINI
991 160 1327 190 PORPHYRUGENJTI

1774 159 1845 190 ΜιΞῦ

214 215 330 243 moniale
358 215 495 249 importat.
513 214 583 241 Sunt
600 219 740 241 autem'ea
758 216 824 242 luce.
844 215 1002 248 Explicatur

1056 213 1206 248 δεσπότας),
1231 215 1372 248 ἐξέρχεται
1389 214 1402 239 ὀ
1427 212 1605 248 πριιπόσιτος
1627 213 1697 247 μετᾶ
1722 215 1769 240 καὶ
1793 213 1843 239 τοῦ

212 269 261 296 per
284 261 383 296 gradus
403 267 558 296 magnanrm
572 268 585 286 a
599 267 705 287 summo
720 260 803 294 gradu
822 261 854 287 ad
880 261 1003 288 intimum

214 313 299 341 usque
314 305 475 340 epeuchium
489 312 536 332 seu
550 310 635 339 tapes,
647 312 728 339 super
741 312 794 339 quo
813 305 912 332 domini
927 312 1005 339 pero-

212 355 304 378 rantes
329 354 412 378 stant.
439 349 508 376 Hinc
522 355 614 377 autem
629 354 657 376 et
672 349 756 381 illiue,
769 357 783 376 a
799 351 893 376 dextra
908 355 1005 384 nempe

210 404 235 425 et
251 405 265 424 a
277 397 399 429 sinistra,
412 401 486 424 stant
499 397 524 422 in
543 398 640 422 seriem
656 395 779 422 collocati
791 403 805 422 a
819 396 906 430 primo
917 395 1003 429 gradu

212 443 245 468 ad
262 442 382 468 intimum
406 447 493 474 usque
516 445 643 467 asecreue
664 444 690 467 et
709 439 820 472 notarii,
843 439 923 467 verba
948 439 999 467 d0—

179 514 182 516 .
213 487 278 514 mini
297 486 449 521 excepturi.
467 486 494 513 ln
511 487 598 521 primo
618 491 707 513 autem
726 487 810 521 gradu
831 487 864 513 ad
882 487 1003 513 dextram

215 532 372 559 orientalem
386 536 490 566 partem
507 536 582 558 stant
598 531 733 566 logotheta
746 535 773 558 et
795 531 1003 566 protoaseeretis

183 572 187 588 ⁴
212 582 238 604 et
253 577 466 611 protonotarius.
480 577 587 604 interea
604 577 667 604 dum
689 577 790 604 domini
811 577 850 604 sic
865 577 892 604 in
907 584 1004 612 magno

213 623 333 650 triclinio
349 623 612 655 maguaurzesedent,
626 627 812 656 exspectantes
821 627 1001 656 opportunum

213 668 365 703 prodeundi
393 673 509 702 tempus,
535 672 625 695 astant
642 667 708 703 ipsis
725 667 883 694 cubicularii
909 675 1003 695 oruan

212 719 240 742 et
255 713 405 749 maglabitae
424 718 450 740 et
465 713 574 741 hetmria
590 719 617 740 et
636 714 884 748 chrysotriclinitm.
908 714 1003 741 Omni-

212 761 265 788 bus
278 766 368 787 autem
392 760 568 795 comparatis,
594 759 677 786 intrat
692 760 852 795 praepositus
869 766 895 788 et
909 762 1004 788 adorat.

215 807 356 834 dominum
379 810 454 833 certo
479 805 595 840 quodam
613 810 689 840 gestu
717 812 796 840 caput
812 806 947 834 inclinans
961 814 1004 833 sa-

212 858 330 887 gumque
356 859 434 878 suum
464 851 588 879 manibus
622 851 743 879 nonnihil
780 852 915 879 attollens.
946 851 1003 885 Quo

211 898 274 924 dato
289 897 376 931 signo,
397 896 522 931 protinus
539 897 661 932 exsurgit
683 898 808 924 dominus
824 905 1003 933 egressusque

212 948 288 970 extra
315 943 450 970 cancellos
468 948 521 970 stat
538 943 564 969 in
592 950 698 970 summo
713 944 797 978 gradu
816 951 897 978 super
914 944 1002 971 orario

213 989 252 1016 ibi
270 996 408 1023 expanso;
425 989 605 1024 protinusque
619 989 652 1016 ad
671 994 767 1016 nulum
789 989 924 1024 pra-positi
941 990 1005 1017 dicit

213 1033 303 1060 omnis
326 1035 440 1068 populus
456 1033 662 1068 polyehronium
687 1042 735 1062 seu
757 1040 849 1062 votum
873 1036 1005 1064 diuturnm

212 1083 241 1106 et
254 1086 389 1113 prosperze
404 1079 474 1107 vitae.
492 1079 609 1107 Reddite
627 1081 747 1113 silentio,
770 1082 865 1115 incipit
879 1083 1005 1109 dominus

215 1132 353 1159 perorare.
371 1125 428 1158 Quo
445 1125 486 1153 sic
499 1126 533 1152 ad
550 1126 658 1154 teleiam
674 1135 720 1154 seu
733 1127 937 1162 perfectionem,
952 1128 1004 1158 Vel,

212 1171 286 1206 quod
302 1171 371 1198 idem
391 1176 443 1204 est,
461 1172 494 1199 ad
519 1172 605 1200 stasiu
627 1180 672 1200 seu
688 1181 810 1208 pausam,
828 1175 914 1202 delato
943 1175 1006 1210 [hoc

213 1222 258 1244 est
291 1224 418 1245 sermone
444 1215 540 1253 linito]
563 1222 634 1244 tacet
660 1218 718 1252 ipse
743 1219 869 1253 quidem;
893 1220 1005 1254 populus

217 1267 308 1290 autem
325 1264 462 1298 praepositi
489 1269 554 1290 nutu
573 1264 692 1290 monitus
711 1265 807 1292 recitat
830 1266 1004 1297 cantieulum,

214 1316 269 1344 quo
292 1309 400 1344 longam
428 1309 478 1343 ipsi
505 1309 587 1336 vitam
616 1314 644 1337 et
665 1309 731 1337 felix
754 1311 896 1346 imperium
919 1320 934 1339 a
951 1313 1005 1339 Deo

214 1361 352 1391 precatur.
371 1355 409 1382 Eo
424 1356 512 1389 linito,
527 1357 618 1391 signat
640 1357 790 1392 imperatur
811 1357 936 1391 populum
953 1362 1004 1390 ter,

215 1407 242 1429 et
260 1403 376 1437 primum
403 1402 511 1436 quidem
541 1409 633 1429 coram
663 1410 692 1430 se
723 1403 749 1429 in
777 1403 866 1430 medio
891 1408 1004 1437 stantes,

216 1447 342 1482 deinceps
361 1447 393 1474 ad
406 1448 540 1479 dextram,
559 1452 585 1475 et
603 1448 709 1475 tandem
735 1449 768 1475 ad
792 1449 941 1476 sinistram.
959 1448 1005 1476 llis

177 1507 179 1510 ‹
214 1494 344 1528 peractis,
377 1498 551 1521 revertuntur
576 1494 675 1521 domini
703 1495 736 1521 ad
762 1496 882 1528 easdem,
907 1496 1004 1530 quibus

213 1541 292 1564 antea
319 1537 456 1570 sederant,
482 1538 562 1565 sellas
578 1545 686 1570 aureas,
712 1539 802 1574 ibique
825 1539 960 1574 resident;
978 1545 1001 1566 et

213 1584 304 1612 statim
333 1585 464 1620 incipiunt
492 1585 591 1612 milites
615 1585 646 1612 ad
666 1585 812 1612 aritlunum
839 1586 1005 1620 pertinentes

213 1635 357 1658 consuetas
375 1630 466 1657 laudes
481 1630 582 1658 dicere.
596 1630 708 1658 Interim
723 1631 861 1666 digressus
873 1632 906 1659 ab
922 1633 1006 1667 impe-

213 1682 305 1704 ratore
318 1677 478 1711 praepositus
491 1677 594 1711 reliqua
606 1677 713 1704 ordinat
731 1678 862 1706 discessui
878 1686 1004 1706 necessa-

212 1722 253 1749 ria
265 1727 293 1749 et
317 1729 452 1757 congrua;
470 1723 591 1756 magistri
618 1731 714 1758 nempe
734 1729 760 1751 et
786 1724 893 1758 patricii
910 1729 938 1752 et
963 1731 1006 1752 se-

213 1773 322 1795 natores
337 1768 457 1795 seriatim
473 1769 626 1796 consistunt
643 1769 670 1796 in
686 1769 788 1797 laterali
808 1770 913 1804 porticu
932 1770 1004 1797 siui—

212 1818 276 1841 stra:
314 1814 490 1841 occidentalis
521 1815 617 1849 plagm,
652 1815 824 1842 dominorum
861 1816 1004 1844 adventum

212 1863 413 1892 exspectantes.
431 1859 660 1894 316‘0muibus
675 1859 744 1887 bene
761 1861 1004 1896 ordinatis,iugre-

213 1904 286 1931 ditur
302 1911 397 1931 rursus
415 1904 586 1939 prmpositus,
601 1905 752 1940 aderatque
774 1906 899 1935 dominos
915 1908 1005 1940 modo,

214 1957 268 1984 quo
294 1950 373 1984 paulo
404 1954 467 1978 ante
497 1950 625 1984 diximus,
652 1952 786 1986 simrulque
813 1953 852 1980 sic
879 1955 1006 1980 admonet

216 1996 307 2028 tacite,
323 2002 416 2030 parata
430 1997 486 2032 jam
503 1997 595 2025 omnia
615 2005 684 2025 esse.
703 1998 824 2034 Surgunt
837 2007 901 2034 ergo
916 2000 1005 2027 domi-

217 2042 243 2069 ui
259 2043 393 2076 protinus,
414 2049 441 2070 et
457 2048 597 2071 transeunt
611 2052 659 2079 per
675 2045 812 2073 sinistram
827 2046 930 2080 plagam
946 2054 1006 2082 gra-

216 2089 298 2116 duum
323 2089 478 2124 dictamque
501 2097 549 2125 per
576 2091 721 2126 porticum,
752 2099 803 2126 qua
830 2092 950 2126 magistri
977 2097 1005 2120 et

214 2134 322 2169 patricii
344 2135 505 2170 ordiuisque
517 2136 647 2163 senatorii
664 2137 713 2164 viri
728 2140 818 2170 stant;
833 2142 860 2164 et
870 2138 909 2164 sic
925 2144 1004 2172 porro

213 2189 264 2216 per
280 2186 396 2216 portam.
411 2190 471 2217 qua
487 2183 520 2210 ad
537 2182 682 2210 triclinium
702 2183 900 2210 eanditatorum
918 2183 1001 2215 ducit,

1055 259 1106 294 τῆς
1124 260 1318 291 καταστάσεως
1334 260 1402 295 πρὸς
1421 260 1451 285 τὸ
1474 259 1634 295 εὐτρεπίσαι
1651 259 1713 290 τούς
1728 268 1755 285 τε
1772 260 1844 294 ἀση-

1056 305 1160 339 κρήτας
1179 304 1233 339 (25)
1248 305 1294 331 καὶ
1310 305 1408 336 πάντα,
1421 305 1471 331 ὅσα
1495 306 1510 339 ἡ
1536 304 1665 338 συνήθεια
1679 303 1744 338 ἔχει.
1768 305 1845 330 ’Λνω

1056 352 1109 387 γὰρ
1135 352 1189 378 τῶν
1213 350 1368 386 γραδηλίων
1394 351 1475 386 μέχρι
1498 351 1546 378 τοῦ
1564 351 1721 377 τελευταίου
1739 350 1846 377 τίθεται

1055 397 1194 432 ἐπεύχιον,
1214 398 1242 423 ἐν
1253 394 1274 430 ᾦ
1294 397 1417 424 ἵστανται
1433 398 1456 423 οἱ
1478 395 1626 423 δετιπόται·Δ
1648 396 1722 422 ἐνθεν
1738 396 1766 422 δὲ
1790 397 1845 422 κᾶ-

1056 444 1141 474 κείσε,
1154 443 1236 477 ἤγουν
1250 442 1326 475 δεξιὰ
1340 443 1387 469 καὶ
1397 443 1538 477 ἀριστερὰ,
1551 443 1634 478 ἧγουν
1644 442 1698 468 ἀπὸ
1708 441 1754 468 τοῦ
1766 442 1846 476 πρώ-

1055 497 1102 515 του
1118 489 1265 524 γραδηλίου
1281 488 1363 524 μέχρι
1377 488 1423 514 τοῦ
1447 488 1614 519 τελευταίου,
1639 487 1763 514 ῖστανται
1787 496 1848 514 στι-

1056 532 1136 568 χηόδν
1148 533 1174 559 οἶ
1187 541 1215 559 τε
1230 533 1386 568 ἀσηκρῆται
1401 532 1448 559 καὶ
1460 533 1579 568 νοτάριοι
1600 532 1745 567 μέλλοντες
1761 533 1846 559 ἐκλα-

1056 578 1150 605 6έσθαι
1170 578 1204 605 τὰ
1224 579 1277 605 ὑπὸ
1292 578 1338 605 τοῦ
1354 578 1484 613 βασιλέως
1498 577 1740 613 ὀημηγορούμενα.
1768 578 1846 604 Ἀνω

1054 624 1084 651 δὲ
1110 625 1149 655 είς
1168 623 1199 650 τὸ
1221 623 1330 659 πρῶτον
1354 623 1500 659 γραδήλιον
1517 624 1545 649 ἐν
1567 623 1606 657 τῷ
1628 623 1695 658 προς
1710 623 1846 653 ἀνατολὰς

1054 670 1136 704 δεξιῷ
1165 670 1242 705 μέρει
1271 670 1395 697 ἵστανται
1411 670 1424 696 ὅ
1439 678 1468 696 τε
1489 669 1636 703 λογοθέτης
1660 668 1708 695 καὶ
1736 668 1848 703 πρῶτος

1055 717 1216 752 ἀσηκρήτης
1237 717 1283 742 καὶ
1298 717 1311 742 6
1329 716 1555 751 πρωτονοτὰριος.
1581 715 1691 748 Ἰστέον,
1714 715 1766 746 ὅτι,
1790 714 1848 740 τῶν

1054 761 1193 788 δεσποτῶν
1209 761 1410 796 καθεζομένων,
1426 761 1608 796 παρίστανται
1623 761 1649 787 οῖ
1662 769 1691 786 τε
1711 761 1757 787 τοῦ
1779 769 1847 787 κου-

1056 804 1199 831 σουκΑείου
1215 805 1314 836 πάντες
1326 805 1373 831 καὶ
1387 806 1411 831 oi.
1425 805 1471 831 τοῦ
1490 805 1640 839 pra-{latebo
1657 806 1702 831 καὶ
1712 805 1761 839 τῆς
1771 805 1848 831 ἑται-

1057 851 1132 886 ρείας
1145 851 1204 886 ἄμα
1218 851 1265 877 καὶ
1278 851 1332 877 τῶν
1347 850 1614 885 χρυσοτρικλινιτῶν.
1633 851 1697 876 Ὀτε
1713 850 1741 876 δὲ
1757 851 1848 876 πάντα

1056 897 1145 928 καλῶς
1159 897 1386 930 εὐτρεπισοῶσιν,
1400 898 1555 932 εἰσέρχεται
1567 898 1580 924 ὁ
1597 897 1784 933 πραιπόσιτος,
1797 898 1850 924 καὶ

1057 944 1214 978 προσκυνεῖ,
1229 943 1435 978 σχηματοειδῶς
1453 951 1512 973 πως
1527 942 1577 978 τὴν
1597 942 1717 976 κεφαλὴν
1733 942 1849 968 ὑποκλε-

1055 1000 1108 1018 νων
1132 992 1179 1018 καὶ
1196 993 1256 1022 ταῖς
1275 991 1353 1026 χερσὶ
1380 991 1499 1025 μετρίως
1524 989 1662 1024 κουφίζων
1688 989 1718 1016 τὸ
1745 989 1848 1016 ἑαυτοῦ

1056 1038 1160 1072 σαγίον,
1175 1038 1222 1064 καὶ
1233 1037 1335 1068 εὐθέως
1351 1036 1509 1063 ἀνίστανται
1522 1036 1546 1063 oi
1559 1036 1698 1067 δεσπόται,
1711 1036 1756 1067 καὶ
1770 1034 1851 1069 ἐξερ-

1056 1084 1164 1119 χόμενοι
1191 1082 1242 1115 ἔξω
1271 1082 1318 1109 τοῦ
1343 1082 1496 1116 καγκέλλου
1522 1082 1645 1108 ἵστανται
1671 1081 1726 1108 ἄνω
1748 1081 1787 1112 εἰς
1815 1081 1849 1106 τὸ

1058 1129 1164 1165 πρῶτον
1182 1129 1339 1164 γραδὴλιον,
1355 1129 1383 1153 ὲν
1398 1124 1420 1161 ᾧ
1446 1128 1492 1154 καὶ
1511 1128 1542 1154 τὸ
1562 1126 1690 1161 ὲπεύχιον
1708 1127 1848 1161 ἦπλωται,

1055 1176 1103 1202 καὶ
1127 1175 1228 1206 εὐθέως
1254 1174 1298 1201 διὰ
1325 1173 1460 1209 νεύματος
1487 1173 1534 1200 τοῦ
1563 1172 1745 1208 πραιποσίτου
1771 1172 1848 1206 λέγει

1057 1221 1130 1252 ἅπας
1153 1222 1167 1247 ὀ
1185 1220 1248 1251 λαὸς
1276 1219 1464 1254 πολυχρόνιον.
1492 1219 1549 1245 Καὶ
1573 1219 1642 1254 μετὰ
1670 1219 1702 1245 τὸ
1733 1219 1848 1252 σιγῆσαι

1056 1267 1161 1297 πάντας
1174 1266 1286 1301 ἄρχεται
1302 1265 1470 1300 δημηγορεῖν
1487 1266 1501 1292 6
1522 1264 1659 1301 βασιλεύς.
1683 1265 1793 1299 Ίστέον,
1803 1266 1848 1291 ὅτι

1056 1311 1102 1338 τοῦ
1130 1312 1260 1346 βασιλέως
1283 1311 1517 1346 δημηγοροῦντος,
1544 1312 1615 1338 κατὰ
1639 1311 1756 1342 τελείαν.
1784 1313 1848 1345 ﬁte:

1058 1358 1163 1388 στάσιν,
1182 1357 1233 1392 τῆς
1248 1357 1334 1392 αὐτῆς
1351 1357 1524 1393 δημηγορίας
1538 1358 1602 1393 σιγᾷ
1617 1357 1666 1392 μὲν
1677 1358 1691 1383 6
1707 1357 1848 1392 βασίλεὶις,

1055 1404 1069 1430 6
1084 1404 1112 1430 δὲ
1123 1403 1185 1434 λαὸς
1198 1403 1241 1430 διὰ
1251 1403 1386 1438 νεύματος
1400 1404 1446 1430 τοῦ
1460 1404 1641 1438 πραιποσίτου
1656 1404 1747 1438 λέγει’
1763 1413 1772 1429 ι
1791 1404 1848 1430 [Ιο-

1056 1450 1195 1484 λυχρὸνιον
1206 1450 1312 1484 ποιήσει
1328 1450 1385 1484 (24)
1396 1451 1410 1476 6
1420 1449 1485 1481 Θεὸς
1498 1449 1546 1485 τὴν
1561 1449 1699 1484 βασιλείαν
1708 1449 1783 1483 ὑμῶν
1793 1450 1826 1476 ⁸⁸,
1834 1459 1844 1474 ι

1056 1495 1112 1521 Καὶ
1129 1495 1196 1529 μετᾶ
1212 1494 1242 1520 τὸ
1259 1494 1405 1529 πληρῶσαι
1417 1494 1461 1521 τὸν
1475 1494 1538 1520 λαὸν
1554 1494 1770 1528 κατασφραγίζει
1785 1494 1848 1528 τρί-

1057 1547 1101 1567 τον
1118 1541 1132 1567 6
1149 1539 1285 1575 βασιλεὺς,
1302 1539 1396 1574 μέσον.
1408 1538 1483 1572 δεξιὰ
1500 1540 1548 1566 καὶ
1561 1539 1704 1575 ἀριστερά.
1724 1538 1778 1565 Καὶ
1794 1537 1847 1565 εἷθ’

1058 1585 1144 1618 οὕτως
1158 1585 1378 1620 ὑποστρέψαντες
1395 1585 1420 1613 oi
1429 1585 1558 1612 δεσπόται
1572 1585 1733 1617 καθέζονται
1746 1586 1774 1611 ὲν
1788 1586 1848 1616 τοῖς

1058 1633 1168 1668 χρυσοῖς
1189 1633 1292 1658 τούτων
1315 1631 1441 1662 σελλίοις,
1466 1631 1534 1658 ὅπου
1559 1631 1606 1658 καὶ
1629 1631 1772 1666 πρότερον,
1797 1631 1848 1657 καὶ

1058 1678 1160 1709 εὐθέως
1183 1677 1311 1713 ἄρχονται
1331 1678 1466 1712 εῠςρημεῖν
1490 1678 1514 1703 οἱ
1540 1677 1587 1703 τοῦ
1615 1677 1733 1712 ἀριθμοῦ
1761 1677 1847 1710 τρὶ-ἐξ

1058 1722 1152 1754 ἔθους,
1176 1722 1222 1748 καὶ
1249 1723 1263 1748 6
1285 1721 1464 1756 πραιπόςιτος
1487 1721 1666 1757 ἐξερχόμενος
1690 1721 1848 1756 εὐτρεπίζει

1058 1769 1148 1795 πάντα
1170 1767 1259 1799 καλῶς
1271 1776 1280 1782 “
1298 1768 1322 1794 οί
1337 1767 1392 1802 γὰρ
1413 1768 1559 1803 μάγιστροι
1576 1769 1623 1794 καί
1643 1768 1782 1801 πατρίκιοι
1798 1767 1848 1793 καὶ

1059 1814 1236 1848 συγκλητικοὶ
1255 1814 1379 1840 ἵστανται
1393 1813 1438 1840 διὰ
1460 1813 1508 1840 τοῦ
1525 1813 1640 1848 πλαγίου
1660 1813 1775 1848 ἐμϐόλου
1797 1813 1847 1839 τοῦ

1059 1860 1126 1895 πρὶς
1142 1860 1218 1886 δύσιν
1233 1860 1378 1894 ἀριστεροῦ
1400 1860 1510 1894 μέρους,
1527 1859 1699 1895 ἐκδεχόμενοι
1724 1859 1772 1895 τὴν
1791 1860 1846 1886 τῶν

1057 1904 1194 1932 δεσποτῶν
1219 1904 1321 1938 ἄφιξιν.
1344 1905 1398 1932 Καὶ
1422 1906 1465 1932 ὅτε
1492 1906 1580 1932 πάντα
1599 1905 1689 1937 καλῶς
1715 1906 1846 1941 εὐτρεπι-

1059 1951 1168 1983 σθῶσιν,
1184 1951 1339 1986 είσέρχιται
1357 1953 1371 1978 6
1386 1951 1576 1987 πραιπόσιτος,
1592 1952 1639 1978 καὶ
1655 1952 1847 1986 προσκυνήσας

1056 1997 1095 2033 τῷ
1114 1999 1306 2033 προειρημένῳ
1323 1999 1452 2033 σχήματι,
1470 1998 1572 2030 εὐθέως
1593 1998 1753 2026 ἀνίστανται
1767 1999 1792 2025 ai
1805 1998 1847 2024 δε-

1057 2043 1165 2075 σπόται,
1192 2044 1238 2071 καὶ
1256 2044 1410 2080 διέρχονται
1434 2045 1478 2072 διὰ
1495 2045 1542 2071 τοῦ
1566 2045 1714 2080 ἀριστεροῦ
1744 2045 1846 2079 μέρους

1056 2090 1109 2117 τῶν
1122 2090 1275 2126 γραδηλίων
1292 2092 1339 2118 καὶ
1353 2092 1399 2118 τοῦ
1414 2092 1542 2126 ἐμϐόλου,
1562 2092 1592 2118 ἐν
1602 2089 1624 2125 ᾧ
1641 2092 1763 2118 ἵστανται
1775 2092 1845 2118 οἵτε

1057 2137 1203 2174 μὰγιστροι
1218 2138 1265 2164 καὶ
1278 2138 1419 2172 πατρίκιοι
1437 2138 1484 2164 καὶ
1500 2138 1687 2173 συγκλητικοὶ.
1703 2138 1750 2164 καὶ
1765 2136 1847 2173 ἐξέρε-

1056 2192 1149 2219 χονται
1164 2183 1208 2210 διὰ
1223 2183 1272 2219 τῆς
1285 2183 1438 2218 ἐξαγούσης
1453 2182 1541 2218 πύλης
1560 2184 1581 2199 “
1597 2184 1637 2215 εἰς
1649 2182 1694 2209 τὸν
1707 2183 1844 2218 τρίκλινον

213 2228 315 2263 egressi
346 2233 460 2264 pergunt
488 2228 562 2261 illuc,
584 2234 612 2256 et
634 2229 706 2257 illinc
734 2229 925 2257 continuantes
955 2236 1003 2264 per

1056 2229 1109 2256 τῶν
1122 2229 1297 2262 κανδιδάτων,
1319 2229 1365 2255 καὶ
1379 2228 1434 2263 ἀπὸ
1453 2228 1508 2255 τῶν
1523 2229 1615 2255 ἐκεῖσε
1631 2229 1783 2265 διέρχονται
1799 2229 1845 2256 διά

215 2273 354 2306 excubita,
375 2281 423 2309 per
438 2274 558 2306 scholas,
573 2281 621 2309 per
642 2275 752 2310 chytum
778 2274 897 2307 chalccs,
919 2273 1001 2302 deve-

215 2318 292 2346 niunt
309 2319 343 2346 ad
359 2324 482 2347 sanctqu
499 2325 608 2354 puteum
624 2319 683 2356 [seu
698 2320 814 2355 phialam
829 2321 857 2348 S.
871 2321 1001 2356 Sophim].

216 2364 254 2392 lbi
279 2364 430 2393 accendunt
449 2372 554 2398 cereos,
573 2371 599 2393 et
614 2371 777 2393 venerantur
803 2370 925 2394 sanctum
953 2375 1004 2401 pu-

217 2417 300 2443 teum,
316 2419 466 2447 magnaque
492 2411 518 2438 in
537 2417 623 2446 porta,
642 2419 702 2447 qua:
719 2412 792 2440 illinc
816 2412 843 2439 in
861 2413 1004 2440 ecclesiam

216 2457 302 2489 ducit.
319 2458 439 2485 occurrit
466 2459 519 2493 ipsi
539 2459 694 2493 patriarcha
707 2459 742 2487 ibi
758 2459 819 2490 loci,
844 2459 889 2487 ubi
910 2465 1003 2486 sancta

217 2511 285 2530 crux
317 2503 457 2531 adoratmu
493 2505 646 2539 exponitur.
677 2504 783 2533 Domini
811 2505 1003 2540 patriarcham,

1054 2285 1085 2303 τε
1103 2276 1158 2302 τῶν
1181 2276 1345 2309 ἐξκουὸίτων
1372 2276 1420 2303 καὶ
1435 2276 1489 2302 τῶν
1510 2275 1612 2311 σχολῶν
1632 2277 1680 2303 καὶ
1695 2276 1743 2303 τοῦ
1759 2276 1844 2311 χυτοῦ

1053 2323 1102 2357 τῆς
1118 2322 1233 2357 χαλκῆς,
1257 2322 1303 2348 καὶ
1317 2322 1484 2357 ἀπέρχονται
1499 2322 1581 2357 μέχρι
1598 2321 1645 2348 τοῦ
1660 2322 1738 2355 ἁγίου
1755 2322 1843 2357 φρέα-

1053 2377 1109 2400 τος.
1126 2369 1244 2394 Κὰκείσε
1267 2367 1398 2398 ἇπτοντες
1422 2368 1524 2403 κηροὺς
1546 2369 1593 2394 καὶ
1611 2368 1797 2403 ἀσπαζόμενοι
1812 2369 1844 2394 τὸ

1054 2414 1132 2448 ἅγιον
1150 2414 1249 2449 φρέαρ,
1266 2413 1372 2449 ὑπαντᾷ
1394 2413 1504 2445 τούτους
1524 2413 1538 2439 6
1555 2414 1725 2449 πατριάρχης
1738 2415 1777 2445 εἰς
1791 2414 1844 2448 τὴν

1054 2460 1142 2495 πύλην
1163 2460 1212 2495 τὴν
1230 2459 1352 2495 μεγάλην
1374 2461 1425 2494 τὴν
1442 2460 1606 2494 είσάγουσαν
1629 2461 1683 2486 ἀπὸ
1699 2459 1745 2486 τοῦ
1763 2460 1843 2494 ἁγίου

1060 2506 1186 2540 φρέατος,
1200 2506 1229 2532 ἐν
1251 2502 1273 2540 ᾧ
1293 2507 1367 2541 τόπῳ
1385 2507 1424 2538 εἰς
1446 2506 1631 2542 προσκύνησιν
1652 2507 1754 2534 τίθεται
1770 2509 1783 2534 6
1800 2507 1844 2534 τί-

864 2565 908 2592 γι
914 2565 981 2592 [ωε
1003 2564 1148 2592 LECTION
1154 2565 1204 2592 ES.

253 2611 275 2626 ”
291 2611 446 2645 ποιήσει-
461 2610 537 2646 ὑμῶν
552 2619 606 2638 cm.
623 2611 666 2644 IL,
678 2613 737 2640 cod.
751 2613 826 2645 ποιή.

867 2613 886 2628 ¹¹
903 2613 998 2647 ποίλης
1009 2613 1070 2640 cod.

723 2682 818 2710 JOAN.
826 2681 894 2710 JAC.
919 2682 1042 2710 REISKII
1062 2684 1311 2713 CO.\l.\lE.\"l'AlllU
1318 2687 1346 2713 S.

250 2741 306 2776 (Ξῦ)
323 2741 361 2769 Illi
380 2749 476 2775 nempe
492 2739 714 2776 taehygraphicis
728 2739 798 2766 notis
813 2740 940 2776 excipere
954 2741 1001 2767 de-

215 2776 316 2804 ln-liaut
339 2784 491 2804 sermonem
521 2775 562 2803 an
586 2776 750 2809 imperatore
775 2775 1000 2809 pronuntiatum;

215 2811 268 2836 vid.
289 2811 369 2844 paulo
383 2817 440 2845 post
457 2812 475 2838 ll
489 2812 516 2839 9.

251 2846 310 2881 (‘25)
320 2846 387 2873 Cod.
406 2847 481 2881 ποιή.
507 2846 564 2873 Non
588 2845 681 2873 dubito
697 2844 722 2872 id
736 2845 924 2879 compendium
938 2853 1000 2873 esse

217 2878 336 2907 I'ottuula:
357 2878 477 2909 usitatae;
502 2881 678 2916 πολυχρόνιον
697 2878 830 2916 ποίη-πεζά
856 2882 923 2912 θεὸς
950 2882 998 2916 τὴν

1057 2741 1196 2776 βασιλείαν
1208 2743 1294 2778 ὑμῶν.
1311 2742 1412 2770 Auctor
1423 2742 1584 2777 apographi,
1599 2742 1742 2773 Draudius.
1759 2743 1844 2769 dede-

1056 2781 1098 2804 rat
1121 2778 1236 2813 ποίημα.
1256 2778 1282 2804 In
1299 2778 1402 2804 L-ttiuis
1429 2779 1489 2804 dedi
1511 2778 1623 2813 aliquid,
1651 2778 1722 2810 quod
1748 2779 1842 2812 ἐπαμ-

1056 2813 1205 2853 φοτερίζει,
1219 2817 1245 2840 ct
1269 2813 1341 2840 illam
1358 2813 1437 2840 simul
1461 2818 1540 2847 atque
1565 2814 1634 2841 hanc
1656 2813 1841 2847 conjecturam

1055 2854 1192 2882 cxprmut.
