2054 3146
255 177 323 210 H335

746 174 1003 205 CONSTANTINI
1026 173 1151 203 PORPII
1157 174 1307 204 YROGEX
1316 175 1367 204 ΙΤΙ

1815 173 1888 204 1C3}

252 242 325 261 num
346 233 403 260 init.
421 232 449 259 Si
466 239 514 265 per
523 231 615 259 sinum
631 230 714 258 maris
732 230 836 258 domini
858 235 1042 262 revertantur,

1097 230 1195 264 τρόπον
1210 230 1362 264 εἰρήκαμεν
1381 229 1431 264 τὴν
1455 228 1556 255 τούτων
1571 228 1673 262 ἄῇιξιν.
1709 230 1819 262 Ίστέον,
1831 231 1888 262 ὅτι,

253 284 358 307 intrant
382 280 501 312 ipsorum
531 285 563 304 ex
583 277 708 304 mandato
731 277 758 304 iu
781 276 940 303 dromonem
958 275 1040 302 simul

251 334 312 354 eum
329 325 394 360 ipsis
406 329 539 360 quotquot
555 324 604 359 ipsi
631 323 767 350 voluerint
778 323 962 357 jusserintque
978 327 1042 356 pro-

251 379 344 398 cerum
359 378 392 398 eo
404 371 447 398 die
459 377 552 397 secum
567 369 681 404 epulari.
697 368 796 395 Mensis
812 368 981 402 Septembris
995 368 1042 394 die

250 416 383 450 vigesimo
410 419 487 442 sexto
516 414 642 441 similiter
665 413 820 440 celebratur
847 412 977 438 memoria
1009 411 1040 438 S.

250 460 362 488 Joannis
382 459 523 494 Theologi,
551 458 669 486 dominis
689 466 721 484 eo
739 458 782 484 die
806 457 839 483 ad
857 457 1040 484 venerabilem

251 506 310 541 ejus
335 505 489 537 ecclesiam,
505 512 565 538 qua:
593 505 618 531 itt
645 503 767 538 dihippio
788 508 840 534 est,
864 503 1039 530 abeuntibus.

251 552 385 579 Kalendis
401 551 503 578 mensis
521 550 682 577 Novembris
707 549 844 583 peragitur
859 549 940 575 simili
959 549 1041 576 modo

252 597 381 625 memoria
395 597 445 624 SS.
458 598 670 631 Auargyrorum,
683 595 800 622 dominis
811 595 844 621 ad
858 595 1039 621 venerabilem

251 650 346 670 eorum
379 643 540 673 ecclesiam,
566 649 625 676 qua:
656 641 682 667 in
701 645 788 668 tractu
815 640 856 667 vel
875 640 1041 667 monasterio

251 689 376 717 Basilisci
391 695 445 720 est,
461 689 634 715 abeuntibus.
656 687 756 714 Iliensis
774 686 890 720 Augusti
905 687 948 713 die
964 687 1039 719 vige-

251 737 322 763 simo
337 743 408 762 unum
429 734 553 762 similiter
581 734 736 761 celebratur
754 733 884 760 memoria
901 733 1038 766 tit-capita-

253 781 334 808 tionis
347 780 375 808 S.
383 780 495 808 Joannis
505 779 778 814 Przerursm-is,325
790 779 907 806 dominis
917 779 950 805 ad
960 785 1040 805 vene-

251 828 364 853 randam
378 827 439 860 ejus
452 826 548 857 aedem,
567 832 627 858 quze
653 825 678 851 in
697 824 863 851 monasterio
878 823 965 850 Studii
987 827 1039 855 εει.

247 871 413 899 abeuntibus
431 872 525 898 eodem
541 871 605 903 ritu,
621 878 700 905 quem
717 870 744 896 in
761 869 891 897 memoria
908 876 954 895 seu
970 868 1040 896 festo

1097 275 1158 301 πλοῖ
1189 275 1414 310 ὑποστρεφόντων
1437 275 1492 301 τῶν
1516 274 1666 307 δεσποτῶν,
1688 275 1766 307 δσους
1790 275 1823 301 ἂν
1840 284 1889 302 κε-

1095 318 1227 344 λεύσωσιν
1244 311 1451 354 συνεστιαθῆναι
1476 319 1533 345 τῶν
1563 320 1712 355 ἀρχόντων,
1729 322 1762 356 τῇ
1783 321 1889 348 τούτων

1095 364 1221 391 κελεύσει
1250 366 1468 400 συνεισέρχονται
1497 366 1588 397 αὐτοῖς
1617 367 1658 397 εις
1683 367 1728 393 τὸν
1753 367 1887 402 δρόμονα.

1095 410 1169 444 Μηνὶ
1187 411 1366 445 Σεπτεμϐρίῳ
1395 410 1442 443 κς’
1478 411 1580 444 ἰστέον,
1603 412 1644 438 ὅτι
1671 412 1771 446 ὁμοίως
1795 414 1889 440 ἐπιτε-

1094 455 1181 483 λεῖται
1199 457 1247 484 καὶ
1263 459 1278 492 ἡ
1298 458 1392 492 μνήμη
1416 456 1463 483 τοῦ
1480 458 1558 490 ἁγίου
1580 458 1702 485 Ἰωάννου
1727 458 1775 485 τοῦ
1787 459 1888 486 Θεολύ-

1095 510 1155 536 γου,
1171 502 1225 528 τῶν
1242 503 1380 530 δεσποτῶν
1392 504 1527 530 ἀπιόντων
1549 505 1578 530 ὲν
1594 504 1632 539 τῷ
1651 505 1792 540 σεδασμὶῳ
1802 505 1888 532 αὑτοὸ

1094 548 1151 583 ναῷ
1163 548 1201 583 τῷ
1217 549 1245 575 ὲν
1260 549 1298 584 τῷ
1316 549 1439 584 διιππίῳ.
1465 550 1540 584 Μηνὶ
1567 550 1716 585 Νοεμϐρίῳ
1738 549 1761 576 α’
1786 551 1886 582 ἰστέον,

1094 595 1134 622 ὅτι
1158 595 1258 630 ὁμοίως
1280 595 1445 622 ἐπιτελεῖται
1475 597 1522 623 καὶ
1546 597 1562 631 ή
1588 597 1682 631 μνήμη
1717 596 1772 623 τῶν
1799 597 1889 630 ἁγίων

1101 641 1284 676 ’Δναργύρων,
1301 642 1355 669 τῶν
1375 642 1513 669 δεσποτῶν
1529 643 1665 669 ἀπιόντων
1689 643 1729 673 εις
1746 642 1792 669 τὸν
1807 642 1888 676 ἅγιον

1094 687 1183 717 αὐτῶν
1199 688 1261 714 ναὸν
1279 689 1319 719 εις
1331 688 1364 715 τὰ
1385 689 1558 716 Βασιλῂτκου.
1582 689 1656 723 Μηνὶ
1670 688 1818 724 Αὐγούστῳ
1843 688 1887 716 κδ’

1096 733 1193 766 ἰστέον,
1213 734 1255 760 ὅτι
1286 734 1386 769 ὁμοίως
1402 735 1566 761 ἐπιτελεῖται
1579 735 1626 761 καὶ
1639 736 1655 768 ἡ
1683 735 1819 770 Ἀποτομὴ
1837 735 1888 762 τοῧ

1095 779 1173 813 ἁγίου
1210 781 1334 807 Ἰωάννου
1378 781 1424 807 τοῦ
1453 781 1628 817 Προδρόμου,
1662 782 1717 808 τῶν
1748 782 1889 808 δεσποτῶν

1095 827 1229 853 ἀπιόντων
1256 828 1284 854 ὲν
1306 828 1346 862 τῷ
1370 828 1440 863 ἁγίῳ
1457 828 1539 854 αὐτοῦ
1556 828 1613 863 ναῷ
1642 829 1682 859 είς
1702 828 1738 855 τὰ
1761 828 1888 855 Στουδίου

1095 872 1166 898 κατὰ
1189 873 1236 899 τὸν
1266 873 1458 909 προρρηθέντα
1486 873 1570 900 τύπον
1600 874 1629 899 ὲν
1660 875 1693 909 τῇ
1724 875 1818 909 μνήμῃ
1837 874 1888 900 τοῦ

246 917 281 944 ‘S.
302 916 519 944 Panteleemonis
546 922 629 950 supra
659 914 845 948 exposuimus.
870 913 937 940 Nam
966 917 1038 940 totus

1097 919 1174 952 ἁγίου
1197 919 1426 954 Παντελεήμονος.
1455 920 1494 955 Τῇ
1530 920 1616 946 ἔωθεν
1643 920 1696 954 γὰρ
1721 921 1888 955 προέρχεται

251 968 362 990 senatus
381 962 407 989 in
423 962 620 996 scaratnangiis
634 961 760 988 convenit
773 967 852 986 mane
865 960 890 986 itt
904 963 1042 986 monaste-

244 1008 321 1034 rium
347 1007 457 1040 Stttdii;
484 1007 662 1042 magistrique
677 1011 705 1033 et
727 1005 835 1040 patricii
861 1010 889 1032 et
910 1004 1042 1033 ollicziales

253 1057 326 1080 stant
337 1057 415 1080 extra
433 1057 552 1088 portam,
567 1059 628 1087 quae
644 1052 677 1079 ad
691 1059 766 1079 mare
784 1052 912 1086 respicit;
930 1052 1041 1078 cubicu-

243 1097 308 1125 ‘Inm
325 1103 414 1125 autetu
431 1103 458 1125 et
483 1098 589 1125 basilici
609 1103 636 1125 et
654 1098 806 1132 maglabitae
834 1102 861 1125 et
886 1097 998 1124 hetteria
1015 1101 1042 1124 et

239 1144 548 1179 tarchontogennemata
569 1149 642 1171 stant
660 1144 684 1170 in
707 1148 797 1177 portu,
813 1144 860 1170 ubi
878 1145 972 1170 dromo
993 1151 1042 1178 ap-

244 1190 339 1226 pellit.
351 1189 476 1217 Mouachi
490 1195 580 1217 autem
594 1189 665 1216 illius
678 1189 834 1216 monasttrii
849 1194 922 1216 stant
934 1190 960 1216 itt
973 1190 1043 1216 serie

254 1237 372 1270 gemina.
403 1236 497 1263 dextra
526 1236 704 1269 sinistraque,
727 1235 761 1262 ab
786 1235 830 1262 illa
859 1235 920 1262 inde
943 1236 1041 1262 extima

254 1289 330 1317 porta
343 1290 429 1318 usque
443 1283 477 1310 ad
495 1288 611 1318 portum.
632 1282 660 1309 ltt
692 1290 745 1316 quo
763 1282 928 1317 appelleutes
941 1282 1042 1308 domini

248 1335 314 1356 eum
342 1329 436 1356 eodem
463 1328 594 1355 comitatu
619 1332 648 1355 et
672 1327 766 1355 eodem
787 1329 893 1359 ordine,
909 1335 988 1362 quem
1016 1327 1043 1354 in

255 1373 385 1401 memoria
400 1373 429 1401 S.
454 1373 673 1401 Pantcleemonis
698 1373 828 1406 diximus,
850 1373 1009 1408 egressique
1028 1379 1044 1399 e

255 1426 336 1451 nave,
355 1419 508 1454 procedunt
525 1419 552 1446 in
568 1419 699 1454 obsequio
711 1418 826 1446 cubiculi
843 1422 870 1445 et
886 1418 1044 1452 maglabita-

251 1473 314 1492 rum
332 1470 358 1492 et
377 1466 497 1499 heterize,
511 1465 727 1500 prtecedentibus
743 1465 901 1492 monasterii
917 1463 1043 1491 Studiani

254 1510 406 1545 hegumeno
422 1511 590 1538 tlutribulum
605 1510 713 1538 fumans
735 1515 846 1545 gerente
862 1515 889 1538 et
903 1509 1044 1537 monachis

252 1564 317 1585 cum
332 1557 418 1584 cereis
435 1557 604 1584 ardentibus.
627 1556 766 1589 Dominos,
784 1562 812 1583 ut
838 1558 870 1583 ad
894 1564 953 1583 eatn
979 1564 1041 1591 por-

255 1607 312 1630 tam
329 1603 593 1637 appropinquarunt.
611 1602 638 1629 iu
652 1610 704 1637 qua
721 1607 794 1630 stant
808 1602 942 1636 magistri,
960 1603 1040 1637 patri-

253 1648 290 1675 cii
306 1653 333 1674 et
360 1647 500 1680 ofﬁciales,
527 1647 644 1674 adorant
671 1647 697 1674 hi
713 1647 795 1674 humo
813 1647 995 1681 procidentes,
1018 1652 1047 1674 et

256 1692 366 1720 relevati
399 1697 603 1726 prosequuntur
622 1699 673 1718 eos
699 1691 791 1718 iidem.
823 1690 870 1717 Sic
895 1696 1046 1726 praeeuntes

254 1737 356 1765 domini
375 1745 425 1772 per
437 1737 537 1764 atrium
551 1737 703 1763 ascendunt
717 1741 746 1763 et
762 1741 902 1763 transeunt
927 1736 1047 1770 porticus

256 1792 316 1819 qua:
336 1784 372 1811 ibi
392 1787 465 1813 sunt.
479 1788 507 1810 et
526 1784 566 1810 sic
583 1783 746 1817 perveniunt
771 1783 796 1809 in
814 1783 937 1809 dextram
953 1783 1047 1808 orien-

256 1829 335 1856 talem
354 1834 457 1862 partem
475 1828 631 1860 narthecis,
647 1827 692 1854 ubi
718 1834 782 1861 saga
807 1834 854 1852 sua
879 1834 947 1853 auro
970 1831 1045 1860 septa

258 1875 383 1907 induunt,
406 1879 434 1901 et
450 1881 581 1900 accensos
600 1873 685 1906 llguut
710 1879 824 1903 cereos;
843 1879 979 1906 porroque
1004 1871 1046 1897 in-

258 1922 344 1949 terius
365 1929 418 1947 una
433 1928 494 1946 cttm
508 1918 694 1946 sacerdotibus
708 1917 789 1954 [intra
804 1917 905 1953 navim]
921 1922 1046 1952 pergunt,

258 1966 304 1994 ubi
322 1973 416 1993 rursus
441 1972 537 1992 cereos
559 1964 721 1992 accendunt.
738 1964 797 1996 Quo
826 1963 906 1995 fat-to,
923 1964 1048 1998 protinus

259 2011 289 2038 [lt
312 2011 441 2038 introitus
456 2009 515 2046 [seu
537 2009 644 2036 initium
660 2009 743 2036 divini
759 2007 869 2044 cilicii];
888 2009 1047 2043 praepositus

261 2056 427 2084 lhuribulum
440 2056 523 2082 tradit
540 2054 696 2090 imperatori
709 2054 822 2085 seniori,
837 2055 882 2088 qui
903 2054 929 2080 id
949 2058 1047 2082 tenens

260 2103 401 2134 incensat;
417 2102 478 2128 inde
491 2105 606 2135 pergunt
622 2100 655 2127 ad
667 2099 791 2126 dextram
805 2104 908 2133 partem
922 2099 1047 2131 tribuum,

259 2148 304 2175 ubi
322 2152 403 2182 caput
421 2147 508 2174 sant-ti
532 2145 713 2173 Prmcursoris
732 2145 884 2180 expositum
899 2150 941 2172 est
955 2153 962 2178 ;
977 2145 1048 2179 quod

260 2193 382 2228 religiose
396 2192 515 2220 venerati
536 2196 637 2218 exeunt
655 2191 680 2218 in
706 2192 894 2223 metatoriam,
919 2191 990 2225 quod
1011 2191 1047 2218 ibi

258 2245 310 2273 est,
327 2243 430 2267 exuunt
451 2239 651 2273 scaramangia,
667 2239 782 2266 induunt
793 2238 908 2270 colobia,
927 2237 1049 2271 trajet-ta-
1065 2251 1086 2278 D

258 2294 311 2321 que
325 2291 401 2320 parte
416 2285 586 2316 feminarum,
603 2284 756 2311 consistunt
771 2285 797 2311 in
810 2284 903 2311 dextra
920 2284 1045 2311 orientali

258 2332 336 2367 plaga
354 2332 480 2363 hematis,
500 2331 710 2364 accenduntque
740 2331 776 2359 ibi
803 2339 897 2360 cereos
911 2339 958 2365 pro
974 2332 1048 2358 exei-

259 2379 355 2413 pienda
371 2378 400 2405 S.
420 2377 556 2412 Evangelii
575 2377 702 2405 lectione.
718 2377 783 2405 Dein
797 2383 897 2405 exeunt
911 2385 1004 2405 rursus
1021 2379 1048 2405 in

257 2423 419 2450 viridarium
445 2423 515 2458 quod
530 2422 566 2450 ibi
580 2428 634 2454 est.
646 2423 696 2450 sub
707 2431 759 2458 qtto
771 2423 881 2450 mistum
896 2424 1044 2457 celebrant,

261 2469 389 2496 adhibitis
404 2470 565 2503 proceribus
582 2476 631 2504 pro
651 2469 739 2497 lubitu
761 2469 883 2500 delectis.
903 2471 1046 2497 monachis

261 2515 366 2541 interea
394 2515 489 2546 pocula
506 2518 533 2542 et
546 2515 630 2550 dapes
654 2515 886 2542 ministrantibus.
913 2515 975 2542 Post
990 2517 1048 2542 mi-

260 2564 331 2586 stum
348 2559 453 2586 ﬁnitum
467 2563 592 2594 surgunt,
601 2565 628 2587 et
639 2567 687 2595 per
698 2560 832 2592 eamdem,
845 2567 897 2594 qua
908 2565 1047 2592 venerant,

750 2617 847 2645 JOAN.
868 2617 939 2645 JAC.
955 2617 1080 2646 REISKII

296 2677 352 2713 (Η)
369 2677 479 2715 διεμίιιιιΔ
490 2677 541 2705 hoc
556 2678 692 2715 iucodice
706 2679 752 2706 τοῦ
772 2680 913 2715 κράματος
931 2680 978 2706 καὶ
999 2679 1047 2705 τοῦ

258 2714 440 2750 κραματίςειν
465 2713 495 2750 lit
512 2714 623 2750 mentio.
642 2714 689 2741 Est
704 2713 797 2742 autem
811 2716 905 2750 κράμα
931 2721 958 2742 et
981 2717 1050 2741 miz-

258 2747 505 2785 tnm‘dejejunatio,
521 2747 706 2785 jetttacultttm
718 2754 746 2776 et
771 2747 882 2776 mixture
910 2750 1048 2785 κραματί-

259 2784 326 2816 ζειν,
354 2785 527 2818 ό‹·]ο]υιιυι·ο;
547 2784 603 2811 vid.
636 2785 673 2810 Du
692 2784 783 2819 Cauge
800 2793 825 2812 v.
852 2784 984 2817 Mizlum,
1003 2785 1046 2812 ubi

261 2821 343 2845 umlta
356 2820 434 2851 hujus
448 2818 655 2853 signiﬁcationis
668 2819 790 2853 exempla
804 2820 902 2846 attulit.
919 2820 1049 2847 Solebant

261 2861 358 2888 nempe
372 2853 456 2880 Graeci
471 2853 556 2888 jejuni
573 2855 606 2881 atl
623 2854 833 2881 celebrationem
850 2855 932 2882 divini
958 2855 1049 2882 cultus

261 2892 288 2914 et
314 2888 402 2915 missae
419 2889 554 2923 pracipue
579 2890 725 2923 accedere;
753 2889 815 2924 quia
833 2890 920 2917 cibum
939 2897 1048 2924 gustare

1093 963 1169 990 nam
1193 964 1210 998 ὴ
1224 962 1374 997 σύγκλητος
1390 963 1443 990 ἀπὸ
1464 965 1683 999 σκαραμαγγίων
1697 966 1737 997 εἰς
1753 966 1787 992 τὰ
1805 965 1889 991 Στου-

1092 1009 1159 1036 δίου.
1188 1008 1243 1035 Καὶ
1259 1009 1283 1035 οἱ
1298 1009 1347 1043 μὲν
1363 1009 1506 1044 μάγιστροι
1528 1010 1575 1036 καὶ
1590 1010 1730 1045 πατρίκιοι
1745 1011 1792 1037 καὶ
1804 1012 1888 1045 6am:-

1093 1054 1193 1080 κιάλιοι
1213 1054 1336 1080 ἵστανται
1353 1054 1405 1086 ἔξω
1425 1055 1475 1089 τῆς
1487 1056 1554 1090 πρὸς
1568 1056 1706 1083 θάλασσαν
1723 1057 1843 1092 πόρτης’
1859 1057 1889 1083 οξ

1092 1100 1121 1126 δὲ
1148 1100 1195 1126 τοῦ
1217 1100 1409 1127 κουϐουκλείου
1433 1102 1480 1128 καὶ
1508 1102 1532 1128 ol
1560 1101 1697 1136 βασιλικοὶ
1719 1103 1768 1129 καὶ
1791 1103 1816 1129 οἱ
1835 1102 1888 1129 τοῦ

1095 1145 1245 1179 μαγλαὸίου
1264 1146 1310 1172 καὶ
1326 1146 1376 1181 τῆς
1394 1147 1531 1181 ἑταιρείας
1547 1147 1593 1173 καὶ
1616 1147 1652 1173 τὰ
1669 1148 1889 1183 ἀρχοντογεννή-

1097 1194 1168 1225 μᾱτα
1189 1191 1228 1222 εἰς
1245 1191 1290 1217 τὸν
1305 1191 1402 1226 ὅρμον,
1424 1191 1488 1218 ἔνθα
1505 1193 1519 1218 ό
1534 1191 1643 1227 δρόμων
1662 1193 1744 1228 ὁρμᾷ.
1776 1193 1887 1224 Ἱστέον.

1094 1236 1133 1262 ’ότι
1149 1236 1173 1262 oi
1193 1235 1244 1270 τῆς
1265 1236 1349 1271 μονῆς
1377 1236 1494 1268 άόϐάδες
1509 1238 1562 1264 ἀπὸ
1578 1238 1628 1272 τῆς
1643 1238 1748 1273 πόρτης
1767 1238 1820 1270 ἕως
1836 1239 1887 1265 τοῦ

1095 1281 1180 1316 ὅρμου
1195 1281 1318 1307 ἵστανται
1335 1281 1461 1316 στιχηδὸν
1475 1282 1549 1317 δεξιᾷ
1560 1283 1608 1309 καὶ
1621 1284 1764 1319 ἀριστερᾷ.
1780 1284 1840 1310 Τῶν
1856 1283 1888 1310 δῦ

1094 1325 1232 1352 δεσποτῶν
1252 1325 1315 1352 πλοῖ
1342 1327 1498 1361 ἐρχομένων
1527 1328 1597 1354 κατὰ
1623 1328 1669 1354 τὸν
1696 1328 1889 1364 προρρηθέντα

1094 1370 1180 1397 τύπον
1195 1370 1244 1397 τοῦ
1257 1370 1335 1404 ἁγίου
1351 1371 1572 1408 Παντελεήμονος
1585 1374 1632 1400 καὶ
1644 1373 1694 1408 τῆς
1709 1374 1772 1408 νηὸς
1787 1373 1889 1400 ἐκϐάν-

1095 1425 1159 1447 των,
1179 1415 1370 1451 δηριγεύονται
1388 1417 1440 1444 ὑπό
1454 1426 1483 1445 τε
1497 1417 1543 1444 τοῦ
1562 1417 1755 1446 κουὸουκλείου
1771 1419 1888 1446 καὶτῶν

1097 1461 1274 1497 μαγλαὸιτῶν
1297 1462 1345 1488 καὶ
1368 1462 1422 1489 τῶν
1445 1464 1495 1498 τῆς
1521 1463 1678 1499 ἑταιρείας,
1699 1464 1822 1498 δηλονότι
1836 1464 1888 1491 τοῦ

1096 1507 1249 1542 ἡγουμένου
1267 1508 1506 1543 προπορευομένου
1523 1509 1592 1543 μετὰ
1611 1509 1746 1544 θυμιατοῦ
1769 1510 1816 1536 καὶ
1837 1509 1889 1537 ἀϐ-

1097 1552 1184 1579 σάδων
1199 1555 1268 1587 μετὰ
1281 1553 1384 1588 κηρῶν.
1413 1553 1475 1580 Τῶν
1503 1554 1530 1580 δὲ
1559 1554 1697 1582 δεσποτῶν
1717 1556 1889 1591 πλησιασάν-

1096 1607 1150 1625 των
1168 1601 1200 1633 τῇ
1225 1599 1322 1635 περτῃ.
1346 1599 1410 1626 ἔνθα
1431 1601 1552 1627 ἵστανται
1577 1602 1603 1628 οἵ
1624 1610 1654 1628 τε
1678 1602 1889 1637 μάγιστροικαὶ

1098 1644 1238 1679 πατρίκιοι
1250 1645 1296 1671 καὶ
1313 1645 1490 1680 ὸζρφικιά).ιοι,
1505 1646 1650 1673 πίπτουσιν
1663 1647 1687 1674 oi
1703 1647 1780 1674 αὐτοὶ
1798 1656 1887 1680 προσ-

1098 1691 1242 1722 κυνοῦντες
1269 1692 1331 1723 τοὺς
1359 1691 1505 1724 δεσπότας,
1536 1693 1582 1719 καὶ
1613 1693 1790 1728 ἀνιστάμενοι
1822 1702 1887 1720 συν-

1097 1736 1289 1762 ακολουθοῦσιν
1300 1736 1412 1762 ὄπισθεν
1429 1737 1528 1764 αὐτῶν.
1548 1738 1579 1764 Οἱ
1595 1738 1622 1764 δὲ
1639 1739 1766 1765 δεσπόται
1781 1747 1888 1774 προπο-

1098 1779 1239 1814 ρευόμενοι
1254 1779 1298 1806 διὰ
1314 1780 1360 1806 τοῦ
1376 1781 1488 1816 ὲεαέρου
1503 1782 1674 1817 ἀνέρχονται,
1703 1784 1749 1810 καὶ
1769 1784 1813 1810 διὰ
1830 1785 1889 1811 τῶν

1098 1826 1186 1851 ἐκεῖσε
1202 1825 1367 1852 διαδατικῶν
1385 1827 1554 1862 εξσέρχονται
1574 1829 1619 1855 διὰ
1641 1828 1688 1855 τοῦ
1703 1829 1771 1865 πρὸς
1789 1830 1889 1857 ἀνατο-

1098 1869 1147 1904 λὴν
1161 1871 1248 1902 δεξιοῦ
1263 1871 1363 1905 μέρους
1376 1871 1421 1898 τοῦ
1435 1872 1582 1908 νάρθηκος,
1596 1875 1708 1901 κάκεῖσε
1724 1876 1889 1911 περιϐαλλό-

1101 1925 1175 1949 μενοι
1190 1917 1224 1942 τὰ
1238 1917 1344 1944 ἑαυτῶν
1359 1919 1622 1954 χρυσοπερίκλειστα
1638 1921 1731 1954 σαγία,
1753 1922 1889 1949 ἅπτουσιν

1099 1962 1214 1996 κηροὺς,
1240 1963 1286 1988 καὶ
1311 1963 1494 1990 είσοδεύουσιν
1523 1965 1593 1998 μετὰ
1625 1965 1680 1992 τῶν
1709 1967 1822 2001 ἱερέων,
1839 1968 1889 1994 καὶ

1099 2007 1180 2033 πάλιν
1202 2007 1335 2035 ἅπτουσιν
1349 2009 1461 2044 κηρούς,
1480 2010 1591 2042 Ἰστέον,
1608 2011 1649 2038 ὅτι
1664 2011 1764 2044 εὐθέως
1780 2013 1888 2047 γίνεται

1099 2053 1115 2087 ὴ
1131 2053 1232 2084 εἴσοδος
1249 2056 1299 2089 τῆς
1311 2054 1491 2090 λειτουργίας,
1509 2057 1556 2082 καὶ
1572 2057 1624 2083 ὑπὸ
1635 2057 1681 2083 τοῦ
1705 2059 1890 2094 πραιποσῑτου

1099 2099 1189 2125 λαὸὼν
1217 2100 1230 2126 ὁ
1251 2100 1359 2134 πρῶτος
1388 2100 1514 2134 βασιλεὺς
1537 2101 1688 2136 θυμιατὺν,
1716 2102 1812 2139 θυμιᾷ,
1840 2105 1891 2131 καὶ

1099 2144 1174 2180 δεξιᾷ
1188 2145 1234 2171 τοῦ
1253 2145 1375 2180 βήματος
1392 2146 1536 2181 ἐρχόμενοι
1564 2147 1688 2182 (κάκεῖσε
1703 2149 1757 2184 γὰρ
1776 2149 1891 2184 πρόκει-

1101 2191 1173 2226 ταιή
1189 2191 1235 2217 τοῦ
1258 2192 1417 2226 Προδρόμου
1443 2193 1508 2226 ἁγία
1532 2193 1627 2228 κάρα),
1647 2195 1780 2221 ἅπτουσιν
1798 2196 1891 2222 ἐκεῖσε

1101 2238 1211 2272 κηροὺς,
1237 2238 1282 2263 καὶ
1307 2238 1409 2272 ταύτην
1437 2239 1617 2271 ἀσπάζονται,
1646 2241 1693 2266 καῖ
1712 2241 1891 2276 ἐξερχόμενοι

1101 2284 1269 2318 εἰσέρχονται
1288 2284 1327 2315 εἰς
1349 2284 1379 2310 τὲ
1400 2285 1489 2311 ἐκεῖσε
1515 2285 1697 2321 μητατώριον,
1724 2287 1771 2313 καὶ
1788 2287 1892 2314 ἐκϐάλ-

1100 2329 1190 2354 λουσιν
1205 2328 1238 2354 τὰ
1254 2328 1459 2363 σκαραμάγγια,
1475 2330 1521 2356 καὶ
1537 2330 1761 2365 περιϐαλλόμενοι
1779 2332 1892 2360 att-126m

1103 2372 1289 2407 εἰσερχόμενοι
1319 2373 1442 2399 ἵστανται
1474 2374 1513 2405 εἰς
1539 2374 1585 2400 τὸν
1608 2376 1769 2411 γυναικίτην
1792 2378 1832 2408 εἰς
1861 2378 1893 2404 τὸ

1099 2417 1188 2450 δεξιὸν
1219 2419 1286 2453 πρὸς
1316 2419 1448 2449 ἀνατολὰς
1479 2419 1561 2454 μέρος
1595 2420 1641 2446 τοῦ
1674 2420 1813 2456 βήματος,
1842 2423 1893 2449 καὶ

1101 2463 1232 2490 ἅπτουσιν
1245 2466 1347 2499 κηροὺς
1363 2467 1402 2495 εἰς
1418 2466 1466 2501 τὴν
1482 2467 1528 2492 τοῦ
1553 2467 1721 2501 Εὑαγγελίου
1744 2468 1891 2500 ἀκρόασιν.

1103 2510 1158 2537 Εἶθ’
1176 2512 1261 2543 οὕτως
1279 2512 1451 2547 ἐξερχόμενοι
1477 2514 1517 2544 εἰς
1537 2513 1567 2539 τὸ
1583 2514 1671 2540 ἐκεῖσε
1688 2514 1893 2550 ἀναδενδράδων

1103 2557 1304 2594 κριματίζουσι
1315 2558 1370 2593 (Μ)
1386 2558 1446 2593 μεθ’
1458 2555 1494 2584 ὧν
1510 2558 1541 2585 ἂν
1556 2559 1722 2586 κελεύςωςιν
1741 2561 1892 2595 ἀρχόντων,

1102 2615 1388 2644 COMMENTARIUS.

1102 2683 1166 2705 ante
1193 2682 1331 2714 sumptam
1352 2677 1570 2714 communionem
1599 2685 1647 2712 pro
1663 2685 1760 2714 magno
1770 2678 1895 2714 crimine

1102 2714 1211 2740 habent.
1227 2713 1266 2739 Ne
1279 2713 1360 2747 igitur
1375 2712 1455 2741 nimis
1470 2713 1514 2738 ditt
1527 2712 1675 2747 jejunando
1693 2712 1753 2740 sese
1765 2713 1892 2748 fatigent.

1102 2749 1200 2779 solent,
1227 2753 1371 2782 antequam
1391 2755 1424 2774 ex
1450 2748 1564 2774 ecclesia
1593 2748 1736 2779 decedant,
1756 2749 1894 2776 buccellas

1102 2783 1178 2818 panis
1195 2783 1297 2817 aliquot
1311 2787 1338 2809 et
1356 2783 1410 2808 viui
1435 2783 1570 2818 poculum,
1591 2790 1638 2809 seu
1664 2784 1742 2814 meri.
1759 2791 1805 2810 seu
1821 2791 1892 2815 aqua

1102 2819 1190 2850 mixti,
1211 2825 1258 2845 seu
1278 2817 1458 2847 aromatibus.
1475 2825 1535 2852 qua:
1563 2817 1651 2844 Latini
1678 2818 1820 2851 scquiores
1845 2819 1890 2852 pi-

1100 2859 1202 2886 gmenta
1223 2852 1392 2887 appellabant
1413 2853 1479 2888 (vid.
1508 2852 1546 2878 Du
1562 2853 1652 2887 Gange
1670 2853 1696 2878 h.
1715 2854 1762 2887 v.),
1787 2854 1893 2879 conditi

1099 2894 1126 2916 et
1146 2889 1250 2915 fructus
1265 2889 1369 2916 horzeos
1384 2893 1464 2923 atque
1483 2887 1613 2915 dnlciaria
1628 2888 1653 2914 in
1670 2889 1790 2922 porticus
1803 2888 1893 2916 eccle-
