2070 3144
152 169 216 205 11M

547 172 596 203 DE
610 171 840 203 CERIMONIIS
851 172 964 203 AULIE
983 172 1206 203 ΒΥΖΑΝΤιΝιΕ
1226 172 1301 203 LiB.
1324 172 1366 203 II.

1710 172 1778 204 1ὶ42

151 225 268 263 μούλλων
284 226 314 259 ἐξ
327 227 506 263 ἀντιστρόφου
522 228 643 255 τιθέασιν
659 228 715 264 (65)
735 230 759 256 οἱ
778 229 940 264 κατέχοντες

996 236 1052 256 rum
1070 229 1217 263 captivum,
1247 228 1297 256 sub
1319 228 1403 263 pedes
1435 228 1619 263 imperatoris.
1651 228 1684 256 Et
1716 234 1779 256 tunc.

150 272 215 300 αὐτὰ
230 272 376 304 ταεεῶται.
394 273 450 300 Καὶ
468 274 548 306 εὐθὺς
563 274 717 309 προκύπτει
730 275 744 302 ὁ
765 275 871 310 ψάλτης
888 275 935 302 καὶ⁸

149 319 218 353 λέγει
233 319 416 354 προκείμενον
431 328 439 336 ·
457 329 466 345 ‹
485 320 533 352 Τίς
555 320 622 352 Θεὸς
649 321 746 355 μέγας,
774 321 811 353 ὡς
837 322 851 347 ὁ
871 321 935 352 Θεὸς

149 364 239 400 ἡμῶνς
259 364 294 390 Σὺ
307 362 332 390 sl
345 364 359 390 ὁ
374 363 440 396 Θεὸς
455 365 469 391 ὁ
487 364 571 392 ποιῶν
588 365 737 400 θαυμάσια.
749 375 757 391 ι
778 363 834 392 EIO'
850 365 936 397 οὕτως

148 410 249 444 γίνεται
264 409 394 445 ήμεγάλη
413 411 509 446 ὲκτενὴ
521 411 573 442 ἓως
585 410 632 437 τοῦ
650 419 657 428 ⁸
688 421 697 437 ι
719 410 866 444 ’Υποτάξαι
885 411 937 438 ὑπὸ

149 456 206 487 τοὺς
221 455 305 487 πόδας
312 455 402 482 αὐτῶν
411 456 500 483 πάντα
510 456 607 492 ἐχθρὸν
616 457 663 484 καὶ
686 458 824 493 πολέμιον,
842 467 852 484 ι
870 457 938 492 κρά-

148 503 237 534 ζοντος
255 502 302 529 τοῦ
311 502 375 529 λαοῦ
394 506 419 538 μ’
437 503 493 539 (66)
510 503 541 530 τό
560 511 566 518 ·
583 513 593 529 ι
607 504 706 539 Κύριε,
719 504 841 540 ἐλέησον,
861 514 870 530 ι
888 506 938 532 καὶ

148 547 222 579 αὖθις
238 548 447 582 κεφαλοκλισιας
460 550 610 586 γενομένης
620 551 667 578 καὶ
692 549 740 578 τοῦ
765 552 937 588 πατριάρχου

147 594 278 628 λέγοντος,
291 603 300 620 ι
311 595 372 621 Ὅτι
385 596 508 631 ἐλεήμων
518 596 565 623 καὶ
572 596 763 632 φιλάνθρωπος
771 596 838 629 Θεὸς
847 597 938 632 ὑπάρ-

147 647 212 673 χεις.
220 649 228 665 ι
241 640 288 666 καὶ
298 640 331 668 τὰ
339 639 414 675 ἑξῆς,
424 641 582 670 ἀνίστανται
594 643 619 669 οἱ
630 642 736 678 δέσμιοι
747 642 792 669 καὶ
799 642 828 669 ὃν
839 643 919 669 πατεῖ
926 644 939 670 ό

150 683 284 718 βασιλεὺς,
317 684 365 711 καὶ
393 685 584 720 ὀπισθοφανῶς
608 687 761 720 ἀπάγουσιν
778 687 878 720 αὐτοὺς
893 689 940 715 καὶ

150 728 259 756 ἱστῶσιν
274 731 303 757 ὲν
316 726 338 764 ᾧ
356 730 432 766 τόπῳ
448 731 568 759 ἵσταντο.
581 733 612 759 Ol
642 732 671 759 δὲ
685 732 812 768 δημῶται
824 734 878 761 τῶν
893 734 940 761 δύο

147 775 248 810 μερῶν,
267 776 313 802 καὶ
327 777 352 803 οἱ
367 777 413 804 τοῦ
429 777 562 813 ἀριθμοῦ,
579 778 626 805 καὶ
639 779 664 805 oi
676 778 726 814 τῆς
738 779 882 815 βασιλικῆς
895 780 941 807 οὐ-

146 821 204 854 σίας
238 822 344 855 ἐλάται,
358 823 405 849 καὶ
419 824 443 849 oi
455 823 687 858 ψάλταιῐστανται
705 825 776 852 κατὰ
794 825 879 852 τύπον
894 827 942 853 ἀν-

146 869 225 903 τικρὺ
237 868 291 894 τῶν
305 867 452 902 δεσποτῶν,
469 869 593 905 δηλονότι
607 870 707 904 ἔξωθεν
726 871 777 905 τῆς
798 879 941 898 κιονοττα-

992 274 1107 308 imponit
1120 274 1270 310 imperator
1290 275 1386 308 pedem
1407 282 1484 302 suum
1502 275 1626 302 dextrum
1655 274 1714 310 ejus
1736 283 1781 302 ra-

992 319 1038 353 piti
1056 329 1061 346 :
1080 323 1262 354 protoslratur
1285 323 1374 347 autem
1402 319 1516 354 imponit
1531 319 1650 355 jacentis
1679 319 1778 347 cervici

993 365 1098 391 hastam
1113 364 1292 399 imperiaiem,
1312 371 1393 399 quam
1412 365 1469 399 ipse
1485 365 1633 400 imperator
1647 372 1695 392 sua
1712 371 1781 400 quo-

991 418 1044 445 que
1054 410 1149 438 dextra
1167 411 1393 446 comprehensam
1417 416 1499 439 tenet.
1517 411 1556 439 Eo
1576 412 1659 445 facto,
1678 411 1781 438 cadunt

992 457 1082 484 caeteri
1103 456 1201 491 captivi
1225 463 1320 484 oumes
1351 457 1475 491 protinus
1503 457 1529 484 in
1557 462 1657 484 terram
1686 459 1781 493 proni;

992 502 1132 537 hastaque
1149 507 1176 529 et
1188 501 1324 529 iiammuia
1342 503 1463 536 ipsorum
1489 502 1600 530 humum
1619 510 1714 530 versus
1740 503 1782 529 in-

993 547 1092 575 clinata
1107 548 1281 575 invertnntur
1307 548 1333 575 in
1354 554 1436 583 caput
1453 556 1467 576 a
1483 548 1671 576 cohortalibus
1690 548 1783 575 militi-

993 594 1054 625 bus,
1068 593 1113 628 qui
1129 593 1174 620 illa
1200 597 1301 621 tenent.
1322 593 1421 621 Statim
1454 599 1519 622 tunc
1549 594 1672 629 procedit
1705 599 1783 621 extra

994 640 1106 667 chorum
1125 647 1203 667 suum
1224 647 1294 668 unus
1317 645 1470 673 cantorum,
1498 645 1524 668 et
1544 641 1702 676 pronuntiat
1720 648 1784 675 pro-

994 685 1110 721 positum
1130 684 1187 721 [seu
1207 686 1307 714 dictum
1321 686 1460 714 ePsalmis
1474 686 1610 714 Davidicis
1620 691 1782 721 excerptum

995 732 1121 765 praesenti
1134 730 1207 758 actui
1225 730 1388 767 congruum]
1406 740 1413 759 :
1432 740 1441 757 ι
1469 730 1537 764 Quis
1568 736 1610 758 est
1641 730 1713 758 Deus
1728 738 1786 758 ma—

995 782 1073 810 gnus,
1090 779 1120 802 ut
1136 775 1206 804 Deus
1223 776 1338 804 noster?
1355 776 1394 803 Tu
1415 783 1444 804 es
1469 777 1540 804 Deus
1566 776 1669 804 faciens
1696 777 1780 803 mira-

995 821 1070 849 bilia.
1089 830 1099 847 ι
1115 821 1179 849 Post
1192 822 1250 849 ba‘c
1263 822 1334 851 dicta
1362 822 1393 849 iit
1414 827 1526 850 extensa
1561 830 1668 858 niagnn,
1698 822 1786 849 donec

996 868 1172 902 perveniatur
1191 867 1224 897 ad
1250 868 1356 896 verba:
1379 877 1389 894 ι
1417 869 1507 896 Donec
1532 868 1701 904 supposuerit
1735 867 1786 895 sub

147 912 268 944 5E1;105
297 913 386 946 δεξιοῦ
417 915 519 950 μέρους
544 915 599 942 τῶν
628 915 778 949 δεσποτῶν,
808 916 854 942 ἐπὶ
882 917 942 948 ταῖς

996 915 1076 948 pedes
1090 913 1209 948 ipsorum
1230 921 1339 942 omnem
1358 914 1498 942 inimicum
1517 920 1545 942 et
1572 919 1706 942 artnatum
1736 921 1785 948 ag<

144 959 236 984 ἐκεῖσε
253 958 369 988 λιθίναις
386 961 498 994 μικραῖς
513 960 694 995 ἀναὸἀθραις,
706 962 754 988 καὶ
776 961 821 988 διὰ
835 962 940 997 νεύμα-

145 1012 188 1035 τος
222 1003 269 1030 τοῦ
302 1005 484 1040 πραιποσίτου
513 1007 644 1041 ἄρχονται
670 1007 806 1042 εὐφημεῖν
829 1007 937 1040 οὕτως’

149 1057 156 1072 l
179 1047 270 1073 Πολλὰ
289 1048 323 1073 τὰ
338 1048 386 1084 ἐτη
402 1048 455 1075 τῶν
472 1049 615 1085 βασιλέων,
634 1060 643 1077 ι
659 1054 695 1085 γ’.
720 1061 729 1077 ι
754 1052 783 1079 'U
806 1053 880 1080 δεῖνα
895 1053 944 1080 καὶ

144 1094 157 1118 ὁ
168 1092 243 1119 δεῖνα
266 1093 393 1128 μεγάλων
405 1094 537 1129 βασιλέων
554 1097 602 1122 καὶ
622 1097 832 1133 αὐτοκρατόρων
849 1098 935 1125 πολλὰ

145 1138 177 1164 τὰ
198 1137 259 1171 ἔτη,
278 1147 287 1164 ι
307 1142 343 1173 γ’.
370 1148 378 1164 ι
400 1138 614 1176 Θεοπροὸλήτων
643 1141 776 1176 βασιλέων
796 1142 880 1169 πολλὰ
910 1142 944 1169 τὰ

144 1183 202 1218 ἐτη,
219 1193 228 1208 ι
239 1183 273 1218 γ’.
285 1193 293 1210 ι
305 1184 533 1221 Θεοκυόερνήτων
545 1186 677 1222 βασιλέων
691 1189 816 1216 πολλὰτὰ
824 1189 871 1225 ἐτη
885 1199 894 1216 ι
906 1189 941 1223 γ’.

145 1227 383 1264 Κοσμοσυστάτων
404 1230 535 1266 βασιλέων
547 1232 634 1260 πολλὰ
650 1234 683 1260 τὰ
698 1234 759 1269 ἐτη,
781 1244 790 1261 ι
804 1237 838 1269 γ’.
859 1245 868 1261 ι
890 1236 945 1262 Κο-

146 1275 330 1311 σμοποϐήτων
347 1275 494 1312 βασιλέων,
522 1287 532 1305 ι
545 1281 579 1313 γ’.
592 1288 602 1304 ‹
625 1280 836 1316 Ἀνδρειοτάτων
869 1282 946 1317 βασι-

146 1321 218 1348 λέων
234 1322 321 1349 πολλὰ
335 1322 370 1350 τὰ
384 1323 443 1359 ἔτη,
465 1332 474 1350 ι
493 1327 529 1359 γ’.
547 1334 556 1350 ι
575 1325 844 1362 Νικητῶνβασιλέων
861 1328 947 1355 πολλᾶ

145 1368 179 1394 ei
193 1368 254 1403 ἐτη,
275 1378 284 1395 ι
302 1367 337 1403 τ.
357 1378 367 1395 ι
389 1369 612 1406 Ἐχορελέγκτων
643 1371 775 1407 βασιλέων
803 1373 888 1400 πολλὰ
912 1373 947 1400 τὰ

144 1413 208 1448 ἐτη.
224 1423 234 1439 ι
251 1413 285 1448 γ’.
300 1424 308 1440 ι
322 1415 510 1442 Πλουτοποιῶν
519 1415 651 1451 βασιλέων
665 1418 751 1445 πολλὰ
766 1419 800 1446 τὰ
814 1419 872 1453 ἔτη,
885 1429 893 1446 ι
910 1423 945 1454 γ’.

145 1468 155 1485 ι
168 1459 336 1495 Ὁρθοδόξων
348 1460 482 1495 βασιλέων
495 1461 581 1489 πολλὰ
596 1463 628 1489 τὰ
644 1463 705 1498 ἐτη,
728 1468 765 1498 γ’.
784 1475 792 1490 ι
809 1465 856 1492 Υἱὲ
867 1465 945 1500 Θεοῦ,

143 1505 225 1540 ζωὴν
234 1506 338 1538 αὐτοῖς,
351 1515 360 1531 ι
370 1509 405 1540 γ’.
415 1515 425 1532 ι
434 1507 481 1534 Υἱὲ
493 1507 574 1541 Θεοῦ,
585 1509 803 1543 συμϐασίλευσον
816 1510 919 1544 αὐτοῖς,
935 1521 943 1537 ι

148 1554 187 1584 γ’.
225 1560 233 1576 ι
252 1550 301 1577 Υἱὲ
323 1550 405 1584 Θεοῦ,
436 1552 550 1588 χάρισαι
573 1554 640 1589 ἡμῖν
658 1554 761 1588 αὐτοῖς,
777 1565 786 1581 ι
805 1555 839 1590 γ’.
871 1566 880 1582 ι
900 1557 947 1583 Υἱὲ

995 966 1159 995 gressorem.
1180 969 1190 986 ι
1210 959 1315 987 interea
1331 961 1412 988 iterat
1426 961 1550 996 populus,
1568 967 1617 995 per
1643 960 1784 987 intervalla

995 1006 1176 1041 quadraginta
1201 1005 1308 1034 vicibus
1329 1006 1473 1034 clamans:
1493 1015 1503 1032 ‹
1522 1007 1606 1041 Kyrie
1631 1005 1751 1037 elcison;
1773 1013 1783 1031 ι

996 1059 1089 1079 rursus
1103 1051 1132 1078 iit
1145 1051 1234 1079 oratio
1250 1059 1312 1079 eum
1331 1051 1422 1079 vultus
1438 1059 1533 1079 Versus
1551 1057 1651 1079 terram
1668 1050 1787 1078 declina-

997 1098 1090 1131 tione;
1107 1098 1262 1132 patriarcha
1281 1098 1361 1125 verba
1378 1097 1534 1132 pronuntiat
1553 1105 1560 1124 :
1579 1106 1588 1122 ε
1610 1095 1678 1129 Quia
1702 1095 1786 1123 mise-

995 1145 1083 1172 ricors
1096 1149 1123 1172 et
1148 1145 1288 1172 hominum
1312 1151 1407 1172 amans
1422 1143 1493 1171 Deus
1522 1151 1562 1176 es,
1587 1152 1595 1169 ι
1629 1147 1657 1170 et
1676 1147 1787 1170 caetera.

996 1189 1072 1219 Tunc
1089 1196 1233 1226 resurgunt
1258 1191 1356 1226 captivi
1371 1195 1481 1222 eterra,
1501 1194 1527 1218 et
1542 1189 1587 1216 ille
1602 1196 1711 1223 quoque
1727 1189 1784 1222 pri-

996 1236 1109 1271 marius,
1136 1244 1216 1272 quem
1242 1237 1390 1272 imperator
1419 1235 1516 1268 caleat,
1544 1239 1670 1269 retroque
1684 1232 1744 1261 illos
1759 1234 1785 1260 in

996 1282 1110 1318 vestigia
1137 1290 1187 1310 sua
1215 1282 1290 1310 vultu
1315 1283 1442 1310 irretorto
1473 1281 1610 1308 abducunt
1638 1279 1712 1312 illuc,
1742 1279 1788 1306 ubi

997 1329 1072 1364 prius
1087 1328 1211 1356 collocati
1227 1328 1347 1356 fuerant.
1360 1327 1507 1363 Populares
1523 1326 1664 1354 ambarum
1687 1324 1787 1353 factio-

997 1382 1061 1401 num
1079 1379 1106 1402 et
1120 1375 1222 1402 milites
1233 1374 1344 1401 arithmi
1360 1378 1387 1401 et
1402 1380 1542 1401 sacrorum
1566 1379 1714 1407 corporum
1740 1379 1787 1398 ve-

997 1424 1087 1448 ctores
1104 1420 1222 1455 remiges
1236 1423 1263 1447 et
1279 1423 1417 1454 cantores,
1434 1423 1539 1446 stantes
1562 1425 1577 1445 θ
1605 1418 1717 1452 regione
1740 1416 1789 1444 do-

999 1467 1146 1499 minorum,
1179 1473 1275 1501 nempe
1291 1471 1368 1493 extra
1390 1472 1482 1493 aream
1511 1464 1645 1492 columntc
1660 1471 1674 1490 a
1693 1464 1788 1490 dextra

998 1516 1075 1546 parte
1091 1511 1275 1544 dominorum,
1298 1512 1323 1539 in
1340 1511 1436 1547 positis
1452 1511 1486 1538 ibi
1502 1511 1594 1546 parvis
1614 1509 1705 1538 saxeis
1725 1517 1788 1545 gra-

999 1558 1088 1591 dibus,
1105 1557 1249 1593 iucipiunt,
1267 1563 1331 1585 nutu
1356 1557 1492 1593 praepositi
1509 1557 1652 1590 admeniti,
1669 1555 1786 1584 sicJau-

143 1594 230 1628 Θεοῦ,
243 1596 307 1628 τοὺς
323 1597 436 1631 χρόνους
456 1598 546 1625 αὐτῶν
561 1598 694 1635 πλήθυνε,
719 1610 728 1626 ι
741 1604 793 1633 γ’.‹
811 1601 858 1628 Υἱὲ
867 1601 946 1636 Θεοῦ,

1001 1603 1079 1631 dibus
1093 1608 1120 1631 et
1142 1603 1382 1631 benedictionibus
1407 1604 1600 1637 imperatorem
1634 1603 1762 1637 prosequi
1783 1611 1790 1629 :

145 1642 305 1669 ἐπάκουσον
319 1643 408 1678 ἡμῶν,
425 1653 434 1669 ι
447 1643 483 1678 γ’.
498 1653 508 1670 ι
521 1644 603 1677 Αὔξει
619 1646 635 1679 ή
646 1646 737 1678 πίστις
752 1646 807 1673 τῶν
821 1647 949 1682 Χριστια-

146 1689 214 1722 νῶν,
236 1698 245 1714 ι
265 1687 299 1723 γ’.
323 1698 332 1715 ι
352 1689 433 1722 Αὔξει
451 1691 468 1726 ἡ
493 1691 616 1725 βασιλεία
628 1692 682 1719 τῶν
698 1693 854 1728 Ῥωμαίων,
875 1703 884 1719 ι
908 1694 943 1728 γ’.

149 1745 158 1761 ι
180 1735 296 1770 Αὕξειή
325 1735 386 1772 νίκη
413 1737 460 1764 καὶ
483 1737 596 1772 εὐτυχία
624 1738 680 1765 τῶν
708 1738 861 1775 Ῥωμαίων,
880 1749 889 1764 ι
909 1739 944 1774 γ’.

149 1792 158 1808 ι
181 1781 265 1815 Αὔξει
281 1783 297 1818 η
312 1783 422 1818 ἀνδρεία
435 1783 483 1811 τοῦ
494 1784 560 1811 λαοῦ
575 1785 690 1821 Κυρίου,
713 1795 722 1812 ι
739 1785 775 1820 γ’.
812 1796 823 1812 α
849 1787 946 1822 Ἡμεῖς

148 1829 242 1856 δοῦλοι
270 1830 324 1857 τῶν
350 1830 495 1865 βασιλέων,
513 1830 548 1866 γ’.
567 1841 576 1858 ι
603 1831 633 1858 '0
655 1832 729 1858 δεῖνα
757 1832 804 1859 καὶ
836 1833 850 1859 ὀ
871 1833 946 1860 δεῖνα

1004 1659 1013 1676 ι
1031 1649 1104 1678 Multi
1122 1651 1177 1678 sint
1196 1651 1258 1677 anni
1276 1651 1489 1685 imperatorum;
1511 1658 1520 1675 ›
1539 1655 1580 1676 ter
1595 1648 1660 1677 illud
1678 1649 1789 1676 iterant.

1004 1695 1102 1724 (illius
1118 1701 1146 1724 et
1167 1696 1267 1723 illiusa
1289 1697 1343 1724 Deo
1362 1697 1388 1723 in
1411 1704 1472 1724 eam
1499 1695 1658 1732 dignitatem
1681 1698 1791 1722 evecto-

1002 1750 1061 1770 rum
1080 1743 1274 1778 imperatorum
1296 1743 1372 1770 multi
1391 1743 1444 1770 sint
1457 1744 1531 1771 anni.
1553 1752 1561 1768 ι
1581 1742 1669 1769 Etiam
1686 1742 1737 1768 boc
1751 1745 1792 1767 ter

1001 1788 1114 1816 iterant.
1131 1798 1140 1814 ι
1157 1789 1178 1816 A
1199 1789 1253 1816 Deo
1265 1790 1478 1825 gubernatorum
1505 1793 1532 1816 et
1554 1786 1791 1823 gubernandorum

1001 1834 1196 1870 impte'atorum
1214 1836 1290 1862 multi
1313 1836 1368 1863 sint
1395 1835 1480 1868 anni;
1501 1843 1509 1860 ι
1526 1839 1567 1861 ter
1586 1841 1711 1869 quoque;
1729 1832 1791 1860 item

645 1900 742 1929 JOAN.
760 1901 831 1931 JAC.
848 1901 974 1931 REISKH
988 1904 1280 1933 COMMENTARIUS.

185 1958 245 1992 (65)
259 1957 380 1986 inversio
394 1965 533 1986 armorum
557 1964 585 1986 et
605 1959 805 1986 ﬂammulorum
831 1967 878 1987 seu
897 1960 945 1988 iia-

148 1994 297 2026 heilorum,
316 1993 341 2020 id
354 1998 394 2021 est
405 1995 557 2027 signorum,
576 1994 747 2028 significabat
761 1995 860 2028 partim
877 2003 941 2029 pro-

150 2029 301 2057 fessionem
324 2032 352 2055 et
373 2029 538 2063 agnitionem
568 2029 720 2063 superioris
748 2030 811 2056 ηονί
829 2030 943 2063 domini,

148 2064 192 2090 cui
211 2063 296 2090 veluti
313 2063 340 2090 in
355 2063 538 2091 obedientiam
551 2063 595 2090 illa
610 2063 826 2095 inclinabantur,
840 2066 940 2098 partim

148 2098 376 2134 degradationem
393 2099 493 2126 veteris
516 2099 618 2134 domini
642 2103 670 2125 et
683 2099 876 2126 rescissionem
897 2107 943 2127 sa-

149 2133 287 2161 cramenti
309 2133 361 2168 ipsi
374 2134 438 2160 olim
456 2133 581 2168 prastiti.
600 2133 638 2160 Ita
661 2134 726 2161 olim
746 2140 805 2167 post
826 2139 942 2161 mortem

149 2169 269 2203 Augusti
283 2168 309 2194 in
324 2169 384 2195 novi
397 2168 605 2203 inauguratione
619 2169 826 2196 invertebantur
841 2173 944 2196 etster-

151 2204 293 2231 nebantur
308 2203 382 2230 humi
398 2204 474 2237 signa
494 2208 520 2231 et
541 2204 636 2234 hastae.
653 2203 741 2230 donec
758 2211 829 2232 novo
845 2211 942 2231 renun-

152 2241 221 2265 tiato
234 2245 330 2265 rursus
343 2239 522 2273 erigerentur.
540 2239 694 2266 luversione
715 2239 758 2265 illa
774 2239 939 2273 proﬁteban-

152 2279 197 2301 tur
212 2273 327 2305 milites,
346 2273 536 2307 imperatorem
550 2281 580 2301 se
595 2281 647 2301 non
661 2274 764 2301 trahere
780 2283 786 2301 :
806 2275 942 2302 erectione

151 2315 244 2336 autem
269 2309 439 2335 testabantur
459 2316 557 2336 recens
581 2309 668 2336 eiecto
689 2315 892 2336 sacramentum
914 2317 944 2337 se

151 2345 247 2371 dicere
262 2343 422 2377 debitosque
436 2344 554 2371 honores
571 2344 711 2372 exhibere.
739 2343 844 2372 Pariter
872 2345 898 2371 in
915 2352 944 2371 re

152 2379 286 2414 praesenti
303 2376 528 2406 Saracenicorum
544 2379 681 2414 signorum
695 2384 723 2407 et
742 2376 882 2406 hastarum
904 2380 943 2406 in-

151 2414 282 2441 Vcrsione
295 2414 509 2447 signiﬁcabatur,
526 2414 678 2442 Saracenos
695 2415 728 2441 ab
738 2415 811 2442 illius
824 2415 945 2442 dominio

153 2449 261 2475 solutos
273 2456 343 2481 esse,
362 2449 405 2476 cui
421 2449 484 2476 olim
500 2450 533 2476 ad
552 2450 601 2476 ista
616 2450 691 2481 signa
717 2450 797 2476 iidem
814 2450 945 2477 condixc-

154 2486 206 2511 rint
222 2493 229 2511 :
247 2485 388 2511 erectione
406 2490 496 2511 autem
515 2491 562 2511 eos
578 2485 611 2511 ad
640 2484 726 2512 Graeci
758 2485 943 2518 imperatoris,

153 2520 271 2547 victoris
290 2519 341 2551 sui,
355 2519 503 2546 dominium
517 2519 633 2548 transire
648 2520 726 2554 eique
741 2525 943 2547 sacramentum

155 2555 250 2582 dicere
263 2560 290 2581 et
305 2561 400 2588 parere
413 2555 491 2581 velle.
513 2555 589 2588 Apud
606 2555 718 2582 Latinos
732 2562 841 2589 quoque
854 2555 944 2582 medio

155 2598 214 2616 arvo
230 2590 257 2617 in
275 2589 469 2625 degradatione
483 2590 611 2618 nobilium
632 2590 738 2617 feloniae
752 2591 943 2616 damnatorum

156 2632 211 2652 non
229 2630 334 2652 tantum
352 2625 420 2651 bona
435 2629 461 2651 et
479 2625 590 2653 libertas
606 2625 671 2660 ipsis
683 2625 829 2659 liberisque
844 2626 945 2652 adime-

156 2660 271 2692 bantur,
290 2661 337 2688 sed
351 2661 432 2687 etiam
446 2661 472 2687 in
489 2661 547 2694 ejus
561 2661 599 2687 rei
618 2660 844 2695 signiﬁcationem
868 2668 944 2688 arma

157 2695 330 2730 proditorum
354 2695 460 2729 publice
480 2695 687 2723 invertebantur
701 2703 748 2723 seu
767 2695 944 2723 reversaban-

158 2737 223 2764 tur;
239 2738 265 2758 ν.
283 2730 321 2757 Du
340 2730 429 2764 Cange
442 2739 465 2758 v.
481 2730 562 2757 Arma
576 2736 715 2758 reversam.

194 2765 255 2802 (66)
271 2766 419 2802 Battologia
442 2766 484 2792 illa
506 2767 603 2800 sacpius
617 2767 738 2802 eamdem
752 2766 896 2802 formulam
918 2766 944 2793 in

158 2800 233 2828 votis
248 2803 280 2827 ad
300 2801 382 2827 Deum
398 2802 511 2829 iterandi
529 2802 562 2828 ab
577 2802 693 2828 ecclesia
708 2800 801 2828 Graeca
812 2807 836 2827 et
851 2801 945 2829 Latina

161 2837 195 2862 ml
211 2835 453 2863 Mnhammedanos
468 2837 596 2864 manavit.
611 2837 667 2870 Qua
681 2837 713 2864 de
726 2844 754 2864 re
771 2836 837 2863 alias
849 2838 944 2871 agendi

161 2871 240 2898 luens
264 2872 328 2898 erit.
347 2871 440 2898 Simile
466 2878 560 2899 nostro
577 2873 635 2899 loco
655 2873 719 2898 illud
734 2878 773 2899 est
799 2872 825 2899 in
845 2871 944 2898 littuali

162 2906 289 2936 iiomano
315 2906 468 2934 Cassiuemi
492 2908 560 2942 apud
587 2908 758 2936 Mabillonum
786 2917 792 2934 τ
814 2907 833 2932 Α
862 2907 944 2934 medio

996 1961 1078 1988 not-tis
1097 1966 1268 1989 concurrente
1285 1962 1381 1995 populo
1397 1966 1491 1988 exeunt
1507 1970 1564 1988 cum
1593 1960 1693 1987 ieiunia
1708 1960 1743 1986 ad
1759 1960 1790 1988 S.

997 1996 1115 2023 Mariam
1133 1998 1270 2027 minorem.
1283 1997 1418 2024 mundatis
1433 2005 1478 2028 per
1492 1997 1561 2023 viam
1574 1997 1671 2030 plateis
1689 2000 1715 2030 et
1732 2004 1792 2030 ans-

995 2032 1082 2064 pcnsis
1099 2041 1144 2065 per
1158 2033 1250 2058 domos
1265 2032 1379 2058 lucernis
1398 2032 1483 2066 illique
1497 2032 1525 2058 in
1539 2032 1664 2065 gradibus
1681 2029 1710 2056 S.
1729 2029 1791 2066 Mn-

996 2066 1043 2092 riu:
1059 2066 1177 2100 deposita
1195 2067 1274 2093 icona
1299 2068 1384 2093 omnis
1401 2064 1496 2092 chorus
1515 2064 1632 2092 virorum
1648 2073 1678 2091 ac
1697 2064 1792 2100 πριιίὶι-

995 2098 1098 2126 rum—4
1111 2110 1163 2127 una
1180 2109 1240 2128 noce
1255 2109 1301 2132 per
1327 2109 1463 2127 numerant
1484 2100 1578 2126 dicunt
1594 2099 1690 2126 centies
1709 2098 1792 2133 Κριτία

994 2135 1102 2166 eleison,
1123 2136 1219 2162 centies
1242 2135 1346 2162 Christe
1371 2136 1481 2166 eleiaon,
1505 2136 1569 2160 item
1590 2135 1689 2161 centies
1707 2133 1792 2168 lt'yrie

994 2169 1102 2196 eleison.
1114 2171 1218 2197 Concii.
1231 2170 1351 2197 Vasense
1370 2178 1415 2197 an.
1432 2170 1484 2197 52‘.)
1509 2170 1591 2202 (apud
1604 2169 1641 2195 Du
1654 2168 1786 2202 Caugium

996 2204 1086 2231 Gloss.
1105 2205 1163 2231 Lat.
1190 2213 1215 2232 v.
1236 2204 1367 2240 Kyrt'eles)
1381 2212 1390 2230 :
1410 2204 1443 2230 Et
1457 2205 1519 2238 quia
1533 2209 1585 2240 tam
1599 2204 1625 2230 in
1641 2204 1714 2240 sede_
1726 2211 1791 2240 ario-

996 2241 1100 2273 atatica,
1117 2249 1196 2274 quam
1213 2237 1292 2267 etiam
1309 2237 1435 2274 perlatas
1450 2239 1591 2266 orientales
1608 2244 1684 2274 atque
1699 2237 1791 2265 Italia-

995 2276 1144 2309 prouincias
1160 2275 1245 2302 dulcis
1260 2279 1283 2302 et
1304 2275 1414 2301 nimium
1427 2275 1556 2301 salutaris
1574 2275 1736 2300 consuetudo
1752 2279 1789 2299 est

995 2310 1158 2342 intromissa,
1176 2315 1203 2337 ut
1220 2310 1302 2345 Kyrie
1324 2310 1421 2337 eleiaon
1440 2310 1603 2345 frequentius
1619 2317 1679 2335 rum
1695 2309 1790 2344 grandi

996 2345 1092 2380 affectu
1111 2350 1134 2372 et
1149 2344 1348 2380 compunctione
1361 2346 1476 2376 dicatur,
1486 2344 1592 2376 'ptru-uit
1611 2344 1691 2370 etiam
1705 2345 1790 2374 nobis,

997 2387 1023 2406 ut
1041 2381 1067 2407 in
1079 2381 1200 2407 omnibus
1216 2381 1331 2408 eaclesiis
1350 2380 1447 2406 nostris
1472 2380 1523 2406 ista
1545 2385 1600 2405 tam
1617 2384 1708 2405 sancta
1734 2386 1793 2405 rou-

996 2416 1106 2442 ruetudo
1124 2420 1147 2443 et
1163 2416 1197 2442 ad
1214 2418 1373 2442 matutinum
1401 2421 1424 2442 et
1443 2415 1477 2441 ad
1493 2415 1588 2440 missas
1603 2419 1627 2440 et
1644 2414 1678 2439 ad
1702 2422 1791 2441 rente-

1002 2459 1058 2477 ram
1080 2451 1133 2478 Dea
1150 2451 1263 2485 propitio
1276 2450 1481 2477 inti-omittatur.
1497 2449 1525 2476 S.
1544 2448 1660 2485 AuguSI.
1679 2448 1729 2485 Ep.
1741 2448 1788 2485 lii.

996 2491 1109 2513 creteras
1138 2483 1209 2513 inter
1244 2486 1456 2513 acclamationes
1486 2492 1500 2511 a
1529 2483 1642 2511 notariis
1668 2483 1792 2510 ecclesia‘

996 2527 1124 2556 exceptas
1139 2522 1165 2548 in
1183 2520 1260 2548 Actis
1271 2519 1452 2556 ordinationis
1468 2519 1559 2556 Eradii
1585 2519 1643 2556 haec
1670 2518 1755 2556 refert
1781 2526 1789 2545 :

996 2554 1091 2590 dignus
1106 2560 1154 2586 est.
1170 2556 1262 2590 justus
1282 2560 1331 2588 est,
1348 2555 1446 2581 dictum
1462 2554 1570 2590 vicies._
1581 2554 1643 2581 bene
1666 2554 1790 2590 meritus,

997 2587 1059 2618 bene
1075 2587 1237 2628 dignus-est,
1256 2587 1356 2628 dictum
1375 2590 1523 2625 quinquies.
1554 2587 1608 2628 Sed
1627 2589 1689 2628 quid
1723 2595 1791 2628 opus

997 2623 1173 2660 estexempla
1195 2626 1286 2662 aliena
1311 2623 1407 2658 citare,
1435 2623 1496 2652 cum
1513 2625 1599 2662 codex
1628 2623 1794 2662 uester_t_ibi-

998 2669 1052 2694 qua
1066 2657 1161 2688 eorum
1176 2661 1282 2688 abunde
1298 2666 1436 2695 suggerat,
1453 2668 1567 2687 monens
1579 2659 1648 2685 hanc
1664 2657 1791 2695 veljiiam

999 2691 1143 2723 formulam
1159 2696 1240 2723 toties
1251 2696 1294 2723 vel
1312 2691 1393 2723 toties
1412 2695 1497 2731 fuisse
1521 2695 1675 2731 recitatum.
1701 2691 1793 2731 Mana—

997 2732 1036 2758 vit
1053 2733 1104 2758 huc
1118 2739 1149 2758 ex
1169 2732 1252 2758 veteri
1269 2739 1344 2758 more
1367 2731 1451 2758 curiae
1474 2730 1603 2756 Romana:
1620 2729 1792 2762 imperatori-

998 2767 1048 2793 bus
1062 2767 1240 2793 acciamandi.
1256 2766 1429 2801 Spississime
1440 2766 1511 2801 enim
1525 2764 1622 2801 legitur
1637 2763 1662 2788 in
1676 2763 1792 2801 scripto-

998 2803 1073 2828 ribus
1085 2801 1153 2829 ilisl.
1166 2797 1294 2836 Augusta:
1306 2803 1363 2829 luec
1378 2801 1416 2828 vel
1429 2800 1473 2826 illa
1486 2797 1791 2836 actaisioappellabant

999 2841 1066 2869 tum,
1096 2838 1167 2871 quod
1201 2831 1366 2871 posteriores
1397 2837 1501 2866 laudes,
1527 2831 1614 2871 (Γιτὼεί
1642 2831 1795 2871 εὐφημίας)

998 2867 1078 2899 toties
1106 2867 1186 2907 atque
1201 2867 1289 2900 Itoties
1307 2872 1391 2899 fuisse
1419 2871 1500 2898 dictu.
1519 2870 1571 2897 rid.
1588 2876 1611 2895 θ.
1634 2876 1659 2894 r.
1685 2877 1711 2903 p.
1733 2867 1796 2901 601,
